1911 3110
173 89 223 115 ato
714 82 759 125 oe
779 80 958 111 MARTYRIO
979 78 1103 112 SANCTI
1122 81 1278 112 zcuorus.
1392 122 1393 125 η
1770 85 1810 113 σεο

169 144 366 173 Veronensium
381 143 553 171 traditionem
569 142 734 178 objiciuntur
756 140 891 169 diluemus
904 140 973 168 infe-
986 139 1013 170 A
1026 141 1112 168 sancti
1132 139 1212 175 hujus
1225 140 1354 181 Prasuiis
1367 140 1504 177 recolitur.
1517 140 1583 181 Cum
1604 148 1671 169 vero
1686 142 1809 178 antiquum

1029 185 1148 227 ofﬁcium
1163 195 1217 215 non
1234 182 1363 222 viderim,
1377 187 1430 215 hoc
1443 180 1580 216 afﬁrmare
1596 195 1650 215 non
1661 187 1754 215 ausim.
1770 189 1811 216 Er-

1030 237 1068 261 tat
1085 234 1110 260 in
1127 234 1224 262 eodem
1248 234 1378 262 Archirio
1403 234 1477 262 aliud
1493 242 1544 263 ms.
1559 234 1594 262 de
1608 234 1714 262 Divinis
1725 233 1812 265 Ofﬁciis

1029 279 1159 307 Ecclesiae
1179 280 1362 308 Pistoriensis
1372 282 1510 310 recentius
1523 289 1556 309 eo
1571 280 1607 309 de
1620 289 1676 317 quo
1692 282 1810 317 superius.

1029 325 1057 352 ln
1074 327 1125 353 hoc
1133 327 1205 354 enim
1220 327 1373 362 diSponitur
1379 328 1446 356 ordo
1456 327 1542 356 Ofﬁcii
1555 335 1605 364 pro
1613 327 1697 356 Festo
1706 327 1734 356 S.
1743 327 1813 356 Fran-

1010 372 1109 413 ρίξοίλ
1130 372 1326 413 intibam—tn
1348 373 1513 413 suum!!!
1535 373 1812 413 επρςιῄπωέὶῐίξειι

1028 466 1239 494 mammarum
1251 466 1433 502 conscriptiﬁi
1449 466 1505 495 est."
1516 466 1575 495 ﬁoc
1589 466 1682 502 itaiiie
1691 466 1811 495 reclittius

1029 521 1080 541 ms.
1094 512 1219 541 Ofﬁcium
1231 513 1400 541 solummodo
1415 517 1491 541 notat
1504 521 1554 549 pro
1568 514 1725 542 Festivitate
1736 514 1762 543 S.
1771 514 1811 542 Ze-

1029 559 1108 587 nonis
1131 566 1226 587 mense
1243 559 1395 587 Decembri.
1409 560 1446 587 De
1457 560 1586 596 martyrio
1601 565 1705 588 tantum
1716 562 1745 588 ad
1760 552 1812 588 Ves-

1025 600 1109 643 peras
1134 611 1162 635 et
1187 604 1294 635 Laudes
1320 607 1460 641 meminit;
1489 607 1534 635 ubi
1561 608 1664 646 indicat
1694 608 1810 643 Hymnum

1028 652 1154 681 Prwrulis
1169 653 1277 688 Sancti,
1292 653 1320 681 in
1337 662 1391 689 quo
1403 654 1433 681 S.
1444 654 1563 682 Zenonis
1577 654 1732 690 Martyrium
1747 663 1810 683 com-

1029 706 1195 729 memoratur
1206 701 1270 738 (vid.
1287 702 1313 729 in
1324 710 1382 737 cap.
1396 701 1439 737 i):
1453 701 1585 737 reliquttm
1610 709 1677 729 vero
1691 700 1811 736 Ofﬁcium,

1028 753 1055 776 et
1078 747 1158 775 Missa
1175 748 1209 775 de
1229 749 1387 776 confessot'e
1416 748 1543 783 pontiﬁce
1565 751 1616 776 est.
1635 748 1690 776 Hoc
1707 755 1812 784 namque

1029 795 1110 823 Festo
1125 795 1267 824 Ordinatio
1283 796 1312 823 S.
1329 795 1446 823 Zenonis
1465 795 1630 824 celebratur.
1657 795 1684 822 lu
1705 796 1754 823 alio
1768 803 1810 823 ms.

172 194 239 227 rius,
257 200 316 227 cap.
334 190 360 218 6.

493 226 608 254 CAPUT
623 225 656 254 Il.

227 289 395 317 Monumenta
412 287 535 315 Ecclesia
551 286 722 314 Pistoriensis
746 285 776 314 S.
792 284 922 313 Zenonem

397 335 539 371 Μανίῳ-θυι
556 334 745 360 demonstrant.

276 378 380 421 Cdl‘q‘
390 381 778 421 Ecclpiqfisl-icnsis‘lqurc
788 379 897 421 mss.
906 378 974 418 Mar—

275 385 331 418 .edr-
390 383 452 419 Eccl
487 381 564 421 iuris
608 381 683 409 iensi
717 388 778 417 qua:
848 378 974 418 sSMar—

275 376 612 510 imaginth
493 426 496 427 ⁷
617 390 763 501 ηετῷπ,
766 380 881 500 .gde
894 422 977 498 {ignea

275 486 350 504 urna
388 482 522 507 atrouum,
534 483 577 502 mu
593 494 599 501 .
611 480 636 502 to
652 470 686 501 lit‘
712 470 743 506 ᾖ,
761 473 803 501 col
843 472 905 499 dum
932 475 977 497 us—

255 468 636 507 imuiiilmroﬁuni,intimo
652 468 743 506 litiio,
761 468 905 501 coladum
918 468 977 498 sus—

174 527 295 560 ceperit,
328 525 422 554 Nam
450 524 538 558 potius
563 527 652 556 potest
680 530 759 556 quam
782 518 975 548 demonstrari.

156 605 158 607 _
173 571 269 610 Εμιςιῑ
292 572 360 604 (ψιιὶ
379 570 477 603 .loscph
497 569 617 596 Dondori
634 568 642 604 (
657 567 731 594 Picta
746 568 772 594 di
787 567 879 595 Pistoit

158 613 246 658 ἱάξιᾲξ
263 615 529 655 Chiesaliuttedrale)
548 614 671 649 qumdam
689 614 795 657 notitia,
820 620 871 647 qua
886 610 977 639 innui-

169 664 287 699 tui‘post
302 663 464 690 miraculum
481 661 601 692 Athesis,
617 661 730 702 quisuis
747 660 870 705 aquislad
885 659 976 685 valvas

96 706 100 716 ³
142 713 144 715 ⁷
169 710 296 737 Ecclesiae
321 710 348 735 Β.
368 709 487 735 Zenonis
506 707 621 734 Vcronm
639 707 779 739 substitit,
807 706 976 740 nequeintus

123 776 125 778 -
167 757 289 789 effluxit,
307 756 425 789 conpisse
445 754 626 781 l’istorieuscs
640 753 712 781 hunc
725 753 754 780 S.
771 752 914 787 praesulem
930 759 978 779 ve-

153 800 156 802 ’
172 801 261 829 nerari
280 810 286 827 :
303 805 330 828 et
346 800 511 841 procedente
527 806 650 835 tempore
676 801 702 827 in
719 804 864 835 patronum
887 799 976 826 electo

276 389 331 418 .dr'
390 389 452 419 licet
487 389 564 421 utris
608 389 683 409 'lCllSi
717 389 778 417 qua:

47 498 51 508 ,-
81 498 97 503 μ
160 477 161 482 “
192 500 198 505 .
255 468 356 504 ηυξ-ηπ·λῖ
388 469 686 507 atrouuni,mu.tolit
712 470 782 506 o,ct

105 596 121 604 ,μ

118 613 126 646 ,Ξ

62 692 75 704 ’κ
86 687 119 704 κλ⁴

39 367 266 389 ΔΜ».,.Α...
304 385 309 389 .
345 376 397 389 αι.

1827 387 1843 424 s‘

1829 444 1843 472 ξ

169 839 968 882 ecclesiamCatbcdralemipsiusnoministitulodecorasse.
984 839 1009 869 Β
1024 842 1050 869 in
1080 843 1176 871 eodem
1211 843 1338 871 Archivio
1378 843 1478 878 pariter
1503 847 1662 876 asservato,
1694 842 1765 878 cujus
1785 843 1812 870 ti-

167 894 358 929 Perantiquam
396 900 461 920 vero
494 893 577 920 fuisse
600 893 669 921 lianc
696 892 766 919 tituli
794 892 973 919 mutationem

171 940 197 966 in
214 939 337 967 Ecclesia
352 938 510 966 Pistoriensi
524 946 558 965 ex
574 937 765 972 Martyrologio
794 942 822 965 et
836 936 972 964 Kalenda-

168 987 209 1014 rio
230 985 397 1020 dignoseitur
409 1006 416 1019 ,
438 992 497 1020 quae
512 985 539 1012 in
553 989 660 1023 vetusto
674 983 768 1011 codice
784 991 836 1011 ms.
851 982 973 1010 Archivii

167 1033 277 1068 capituli
290 1033 414 1068 ejusdem
428 1032 599 1060 Cathcdralis
614 1032 749 1058 habentur
762 1030 843 1058 simul
859 1037 922 1057 cum
937 1030 971 1056 li-

170 1080 220 1107 bro
241 1079 380 1107 canonicos
407 1079 469 1107 vitae
491 1079 570 1114 jussu
591 1078 722 1106 Ludovici
736 1077 782 1105 Pii'
797 1076 972 1112 imperatoris

169 1128 243 1155 edito
264 1128 290 1154 in
312 1126 663 1160 conventuepiscoporum
689 1123 853 1159 Aquisgrani
879 1123 973 1150 habito

165 1182 237 1201 anno
249 1174 301 1201 8l6
313 1195 320 1206 ,
336 1178 366 1201 ut
379 1173 457 1199 initio
476 1171 599 1206 ejusdem
618 1170 681 1198 libri
707 1170 804 1205 legitur
827 1169 973 1206 (Baronius

164 1224 255 1247 tamen
271 1222 342 1246 hunc
354 1223 521 1246 conventum
535 1217 611 1252 ponit
629 1223 700 1243 anno
713 1215 789 1251 817).
808 1215 865 1243 Hoc
878 1215 904 1242 in
918 1215 969 1242 Ca-

166 1265 290 1294 lendario
306 1265 340 1292 de
362 1264 391 1292 S.
408 1264 521 1291 Zenone
534 1267 655 1298 martyre
672 1261 700 1289 ﬁt
716 1262 819 1289 mentio
836 1265 971 1296 tamquam

165 1311 245 1346 hujus
260 1310 384 1348 ecclesia:
391 1310 520 1343 Patrono,
530 1314 559 1335 ut
572 1308 687 1335 inferius
702 1307 974 1339 videbimus.Quem-

169 1354 330 1388 admodum.
356 1361 384 1384 et
396 1357 423 1383 in
439 1356 494 1383 alio
519 1363 572 1383 ms.
600 1355 671 1389 quod
688 1353 845 1381 inscribitur
858 1353 928 1380 Ordo
942 1353 974 1381 de

88 1398 119 1424 >
151 1402 267 1437 “Divinis
286 1401 390 1439 Ofﬁciis
413 1402 554 1429 secundant
574 1400 742 1428 Pistoriensis
772 1399 896 1427 Ecclesia;
910 1408 972 1427 con-

75 2515 83 2528 τ’

95 2376 98 2383 ,

91 2495 104 2525 ἑ,

165 1449 342 1482 suetudinem,
359 1448 437 1483 cujus
458 1452 621 1475 vetustatem
645 1447 709 1474 licet
734 1446 871 1481 conjicere
891 1454 923 1474 ex
939 1446 970 1473 ti-

168 1495 224 1523 tulo
235 1495 269 1522 de
282 1494 503 1522 reconciliatione
519 1494 708 1528 pcenitentium
723 1493 757 1521 ab
772 1493 907 1529 Episcopo
919 1501 972 1528 pu-

167 1581 261 1615 au‘teni
270 1596 297 1615 vt
313 1586 351 1615 id.
365 1586 534 1618 Decembris,
548 1586 606 1614 haec
617 1585 652 1614 de
664 1586 746 1614 Festo
757 1585 786 1614 S.
797 1586 913 1614 Zenonis
930 1586 969 1613 lc-

165 1639 275 1670 guntur.
293 1634 327 1661 In
344 1633 424 1661 Festo
447 1633 479 1661 S.
496 1632 612 1660 Zenonis
634 1632 746 1660 Patroni
772 1633 854 1660 nostri
880 1638 969 1660 nostra

164 1681 283 1710 Ecclesia
296 1680 413 1707 devotius
427 1684 450 1706 et
463 1680 609 1707 accuratius
623 1687 703 1714 quam
719 1680 746 1706 in
757 1679 816 1706 aliis
828 1677 970 1706 Festivita-

163 1727 232 1754 tibus
245 1727 407 1754 soleinnizat.
422 1726 619 1754 Pistoriensem
635 1733 700 1752 vero
710 1725 861 1753 Ecclesiam
876 1725 904 1753 S.
917 1726 969 1756 Ze-

138 1774 140 1776 ’
164 1780 262 1800 nonem
278 1776 415 1807 tamquam
440 1776 589 1807 martyrem
605 1771 723 1806 antiquis
741 1772 909 1805 temporibus
924 1779 971 1799 ve-

163 1957 267 1985 sitia'S.
284 1957 396 1984 Zenonis
413 1956 522 1984 Patroni
545 1957 627 1984 nostri
656 1956 809 1984 Veronensis
833 1957 968 1992 martyris.

167 2003 250 2030 Sexto
270 2007 358 2029 tamen
381 2002 443 2029 ldus
456 2002 615 2030 Decembris
639 2003 679 2030 sic
695 2003 809 2030 habetur
827 2004 852 2030 in
872 2003 970 2031 eodem

164 2042 339 2084 Kalendario.
356 2048 451 2075 Natale
464 2048 495 2077 S.
507 2048 620 2075 Zenonis
634 2048 744 2076 Patroni
759 2050 852 2077 nostri.
870 2051 897 2077 In
914 2051 969 2078 alio

167 2102 220 2122 ms.
236 2095 313 2129 cujus
334 2101 417 2129 supra.
428 2094 593 2122 mentionem
609 2094 724 2122 fecimus
739 2116 746 2128 ,
763 2095 835 2130 quod
849 2096 969 2131 inscrip-

135 2145 148 2149 “’
167 2146 223 2169 tum
232 2146 274 2174 est
287 2149 293 2167 :
308 2140 379 2167 Ordo
391 2141 529 2168 deDivinis
542 2141 639 2177 ()ﬂiciis
650 2142 968 2171 secundumPistoriensis

167 2187 293 2216 Erclesite
316 2188 536 2215 consuetudinem.
558 2189 643 2217 Sexto
667 2189 730 2216 ldus
752 2191 909 2218 Decembris
934 2191 967 2218 ad

136 2272 138 2274 η
167 2234 289 2266 Laudes,
307 2238 333 2261 et
350 2233 375 2260 in
400 2233 525 2267 Vesperi:
544 2234 689 2262 adnotatur
704 2235 824 2271 Hymnus
843 2236 969 2264 Prwsulis

1025 889 1099 917 tulus
1119 894 1188 917 est:
1216 889 1291 916 Liber
1321 889 1484 924 Hymnorum
1513 894 1537 916 et
1563 888 1676 916 Kalend.
1705 888 1811 916 Ecclesia

1028 934 1192 962 Pistoriensis
1205 956 1212 968 ,
1239 935 1296 962 hzec
1311 933 1453 962 'habenlur
1470 943 1477 961 :
1497 934 1577 962 Sexto
1597 934 1662 962 ldus
1680 927 1811 962 Decemliris

1027 982 1057 1009 S.
1073 981 1185 1009 Zenonis
1196 982 1319 1017 episcopi.
1332 981 1425 1009 Mense
1435 989 1499 1010 vero
1510 981 1602 1017 a‘prilis
1612 980 1677 1008 tiihil
1687 981 1719 1008 de.
1731 980 1756 1008 S.
1768 980 1810 1007 Ze-

1026 1035 1108 1055 none.
1121 1027 1150 1054 In
1162 1027 1320 1067 supradicto
1330 1027 1520 1065 Martyrologio
1533 1035 1584 1055 ms.
1597 1027 1717 1062 ejusdem
1729 1027 1811 1055 Archi-

1024 1075 1076 1107 vii,
1093 1075 1165 1110 quod
1182 1079 1209 1102 ut
1222 1082 1267 1102 ex
1284 1074 1392 1103 Sanctis
1407 1075 1551 1102 recensitis
1564 1074 1707 1109 coajicitur
1724 1074 1753 1101 ad
1768 1073 1809 1101 de-

1024 1123 1125 1150 cimum
1141 1123 1270 1150 saeculum
1284 1122 1468 1157 conscriptum
1483 1126 1535 1155 est,
1547 1126 1624 1149 sexto
1638 1121 1700 1149 Idus
1714 1121 1809 1149 decem-

1013 1169 1082 1197 bris
1096 1169 1129 1197 ita
1142 1169 1240 1204 legitur
1252 1178 1259 1197 :
1270 1168 1369 1196 Eodem
1380 1161 1527 1199 die.t\"atali
1536 1168 1566 1197 S.
1578 1169 1690 1196 Zenonis
1710 1168 1809 1203 episcopi

982 2223 1010 2253 D

169 2280 274 2312 Sancti,
290 2279 367 2317 cujus
394 2286 475 2321 supra
500 2285 603 2314 partem
630 2281 773 2309 retulimus
790 2283 858 2318 (cap.
876 2282 915 2317 1),
941 2282 988 2310 ἰη-

166 2334 219 2362 quo
244 2326 405 2361 martyrium
421 2325 450 2353 S.
467 2325 586 2365 Zenonis
606 2332 845 2356 commemoratur.
869 2328 969 2357 Totum

135 2371 136 2374 “
165 2379 231 2401 vero
244 2372 362 2400 ofﬁcium
379 2377 420 2399 est
434 2372 468 2399 de
482 2371 640 2400 confessore
667 2374 805 2408 pontifice.
819 2372 855 2401 At
876 2374 902 2402 in
918 2374 977 2404 Fe-.

167 2424 209 2446 sto
221 2417 321 2447 thermis
332 2418 434 2455 Aprilis
445 2419 603 2453 autiphonre
610 2420 643 2446 ad
651 2419 756 2450 Laudes
766 2421 800 2449 de
807 2421 977 2458 Martyribus

166 2470 289 2500 tempore
298 2464 421 2492 Pascltztli
432 2470 569 2498 notantur,
579 2465 683 2493 scilicet
691 2467 781 2495 Sancti
788 2469 835 2500 tui,
843 2469 965 2496 Domine.

150 2508 204 2539 {Ad
219 2511 380 2539 Benedictum
398 2511 547 2546 antiphonn
562 2511 713 2546 Acceptum,
728 2520 788 2547 qua:
803 2519 844 2541 est
856 2514 966 2550 propria

164 2559 191 2586 S.
202 2556 335 2589 Zenonis.
346 2560 391 2586 .vel
404 2558 462 2585 Lux
471 2562 613 2594 perpetua,
627 2566 687 2592 quae
700 2564 740 2586 est
749 2560 782 2588 de
791 2561 965 2596 Martyrihus.
994 2557 998 2562 ’

163 2605 203 2635 Ad
215 2605 333 2633 Primam
348 2603 495 2639 autiphonu
512 2604 544 2631 In
569 2605 711 2632 cmicstibur
726 2607 822 2641 regnis,
915 2614 965 2642 pa-

163 2652 230 2679 riter
239 2657 282 2678 cst
292 2651 326 2679 de
341 2652 478 2679 eonnnuui
491 2643 639 2686 Martyrum
657 2656 778 2686 tempore
791 2653 920 2686 paschali.
934 2654 964 2681 In

160 2697 289 2733 Vesper-is
304 2698 450 2733 antiphona
464 2697 557 2725 Sancti
573 2697 623 2730 tui,
644 2697 806 2731 Domine,de
826 2700 962 2727 communi

161 2743 305 2778 Martyrum
332 2749 454 2779 tempore
471 2743 602 2779 paschali.
620 2744 649 2771 In
665 2743 726 2771 aliis
741 2743 907 2778 Antiphontis
932 2750 962 2773 et

161 2788 349 2824 ltcspnusoriis
375 2798 434 2825 quae
456 2798 490 2818 cx
506 2790 660 2828 historias.
678 2790 797 2818 Zenonis
812 2790 960 2819 desumun-

159 2837 217 2870 tur,
232 2843 319 2882 neque
339 2834 450 2871 integrae
471 2830 609 2876 ponunttu
622 2855 630 2870 ,
659 2835 772 2865 forsitan
798 2836 959 2874 martyrium

1025 1220 1049 1242 et
1065 1216 1229 1250 confessoris.
1246 1215 1414 1250 Duodecimn
1428 1223 1492 1243 vero
1506 1215 1567 1242 Kal.
1582 1214 1644 1242 Maii
1659 1215 1722 1242 nihil
1738 1214 1809 1241 hahe-

1026 1264 1069 1288 tur
1084 1262 1109 1288 in
1125 1264 1200 1289 textu
1213 1261 1247 1289 de
1262 1261 1344 1289 Festo
1358 1261 1387 1289 S.
1402 1261 1527 1289 Zenonis.
1542 1261 1569 1288 ln
1593 1261 1711 1296 margine
1732 1265 1808 1288 tamen

1025 1308 1134 1335 diverso
1164 1312 1315 1336 atramento
1334 1312 1362 1336 et
1383 1308 1462 1343 longe
1480 1308 1625 1336 recentiori
1648 1308 1808 1336 charactere:

1025 1354 1094 1383 Item
1110 1355 1198 1382 eodem
1221 1356 1262 1382 die
1278 1354 1454 1392 DepositioS.
1466 1355 1578 1383 Zenonis
1593 1354 1730 1390 Episcopi,
1746 1360 1806 1382 eL...

1026 1401 1138 1429 Patroni
1152 1402 1234 1429 nostri
1248 1410 1256 1428 :
1269 1401 1315 1429 ubi
1329 1406 1390 1437 post
1405 1402 1517 1429 verbum
1529 1406 1553 1429 et
1564 1401 1740 1437 interponitur
1754 1401 1809 1428 citra

1025 1448 1150 1484 quaedam
1173 1448 1328 1485 signiﬁcans
1344 1448 1516 1484 Confessoris.
1531 1450 1565 1477 At
1588 1457 1647 1476 rasa
1665 1449 1762 1476 videtur
1775 1448 1809 1475 lit-

1027 1500 1084 1523 tera
1099 1495 1144 1523 ubi
1160 1495 1226 1523 cifra
1238 1500 1291 1529 est,
1307 1500 1334 1523 et
1349 1500 1376 1523 ut
1394 1499 1459 1531 puto
1474 1495 1521 1528 M..
1536 1503 1598 1531 quae
1612 1495 1732 1532 Martyris
1746 1495 1807 1522 dice-

155 1542 238 1581 _blice
255 1540 384 1578 facienda
402 1540 468 1568 feria
482 1540 577 1575 quinta
598 1540 624 1567 in
641 1540 723 1567 Comm
738 1539 861 1572 Domini;
882 1540 908 1566 in
936 1546 970 1567 eo
982 1532 1006 1564 C
1024 1542 1080 1573 bat,
1098 1542 1161 1577 quia
1184 1542 1260 1569 locus
1274 1546 1403 1577 angustus
1428 1546 1513 1569 totum
1529 1534 1808 1577 verbum-Confmoiii

1023 1588 1104 1615 scribi
1127 1587 1237 1616 minime
1250 1588 1412 1623 patiebatur.
1429 1587 1529 1616 Cifram
1541 1588 1694 1624 appositam
1706 1588 1806 1616 dixerim

1023 1634 1057 1662 ab
1068 1634 1159 1669 aliquo
1175 1635 1221 1670 qui
1235 1634 1264 1663 S.
1280 1634 1417 1663 Zenonem
1431 1634 1615 1663 confessorem
1631 1634 1746 1670 putabat.

1059 1680 1131 1708 Idem
1144 1681 1291 1709 observare
1303 1681 1367 1709 licet
1379 1682 1405 1709 in
1421 1681 1475 1709 alio
1495 1681 1687 1718 Martyrologio
1706 1689 1752 1709 ms.
1765 1689 1806 1708 sa-

1023 1727 1085 1755 culo
1100 1727 1219 1761 decimo,
1236 1728 1308 1763 quod
1330 1727 1438 1755 Pistorii
1455 1732 1530 1756 extat
1552 1727 1578 1755 iit
1599 1723 1704 1763 publica
1719 1727 1805 1755 Biblio-

1024 1774 1102 1802 theca
1127 1774 1206 1801 almte
1229 1773 1326 1801 domus
1348 1774 1504 1809 Sapientiae,
1519 1773 1546 1801 iti
1565 1782 1619 1808 quo
1645 1774 1685 1801 sic
1700 1773 1805 1808 legitur:

164 1823 286 1846 iteratam
308 1826 370 1846 esse
385 1825 428 1854 .ex
443 1818 538 1848 iisdem
554 1824 621 1845 mss.
636 1821 754 1844 constat.
771 1816 837 1845 Nam
856 1817 884 1844 in
900 1825 970 1851 praes
1024 1822 1116 1849 Pridie
1127 1821 1192 1849 Idus
1204 1813 1496 1857 Aprilis................
1510 1826 1534 1848 et
1548 1820 1707 1857 Confessoris
1724 1820 1807 1847 Eodem

164 1865 236 1893 dicto
250 1864 413 1892 Kalendario
439 1871 491 1891 ms.
509 1864 538 1891 Μ
558 1863 620 1890 Kal.
643 1863 723 1896 Maii,
738 1871 792 1898 quo
806 1863 850 1890 die
872 1863 879 1889 ξ

1026 1871 1065 1898 die
1084 1870 1115 1898 S.
1131 1870 1244 1897 Zenonis
1257 1871 1371 1907 episcopi
1385 1891 1391 1903 ,
1406 1871 1451 1905 qui
1472 1871 1538 1897 inter
1559 1870 1687 1906 procellas
1704 1876 1807 1906 peruecti-

150 1925 152 1927 -
167 1911 245 1939 nonis
258 1911 379 1941 natalitia
391 1910 611 1942 celebrabantur,
629 1909 686 1937 lucc
706 1910 843 1938 habentur
857 1919 863 1937 :

1026 1917 1101 1944 tionis
1117 1911 1484 1945 Veronensem.............;..
1509 1916 1666 1947 Valeriani.
1689 1923 1711 1945 et
1729 1915 1807 1944 Urbem

1023 1964 1177 1992 mirabiliter
1191 1965 1256 1991 rexit
1266 1986 1274 1998 ,
1289 1969 1312 1991 et
1328 1970 1443 2002 tempore
1458 1964 1570 1992 Gallieni
1589 1965 1777 2001 imperatorum,
1787 1966 1807 1989 et

1023 2011 1097 2038 turba
1117 2004 1315 2047 pa...ganorum
1333 2012 1366 2038 ad
1385 2011 1464 2046 ﬁdem
1487 2011 1610 2038 conuenit
1628 2019 1638 2038 :
1658 2015 1738 2038 tamen
1760 2010 1806 2045 ejus

1024 2057 1151 2091 depositio
1175 2057 1318 2084 celebratur
1346 2049 1452 2085 Pistorii
1474 2065 1512 2085 xu
1527 2057 1590 2085 Kal.
1613 2057 1690 2085 Maii.
1712 2056 1743 2083 Et
1760 2056 1807 2091 ejus

1023 2103 1145 2130 solemnis
1161 2102 1299 2130 Festiuttas
1319 2110 1344 2130 rt
1370 2103 1414 2129 Id.
1433 2103 1598 2137 Decembris,
1620 2109 1648 2130 ut
1667 2102 1703 2130 ibi
1715 2102 1805 2134 dicitur.

1024 2149 1112 2178 Verba
1127 2156 1150 2178 et
1166 2150 1326 2187 Confessoris
1340 2151 1445 2185 adjecta
1460 2156 1520 2178 sunt
1535 2150 1645 2179 diverso
1667 2150 1808 2178 charactere

1023 2203 1049 2224 et
1062 2201 1225 2230 atramento,
1242 2197 1319 2224 sicuti
1336 2200 1365 2224 et
1378 2197 1423 2224 illa
1439 2196 1571 2225 Valeriani
1591 2201 1626 2225 et.
1648 2196 1712 2225 Post
1724 2201 1807 2223 nomen

1023 2242 1139 2271 Gallieni
1156 2240 1246 2270 rasum
1272 2249 1312 2270 est
1334 2243 1434 2278 aliquid
1458 2248 1534 2270 tanto
1561 2243 1670 2278 spatio,
1693 2247 1807 2278 quantum

1024 2293 1087 2325 apte
1107 2288 1179 2324 capit
1201 2282 1259 2318 hinc
1274 2289 1354 2317 verba
1369 2310 1376 2322 ,
1392 2290 1517 2324 martyrio
1527 2293 1665 2316 coronatus
1684 2294 1720 2316 est
1731 2309 1737 2321 ,
1752 2294 1807 2323 quo-

1024 2343 1086 2363 rum
1098 2336 1158 2363 loco
1170 2335 1228 2372 haec
1243 2335 1338 2364 eodem
1352 2335 1462 2363 diverso
1475 2335 1634 2363 charactere
1648 2339 1710 2362 sunt
1721 2335 1806 2368 scripta

1026 2381 1235 2416 Imperatorum,
1262 2386 1287 2408 et
1313 2381 1387 2408 turba
1404 2389 1471 2417 pa...
1498 2381 1602 2416 reliqua
1640 2387 1703 2408 vero
1724 2377 1806 2408 eodem

1024 2427 1185 2456 charactere
1206 2428 1232 2455 in
1251 2428 1383 2462 margine.
1397 2427 1473 2461 Quod
1487 2431 1577 2454 autem
1599 2427 1726 2454 rasasint
1737 2424 1806 2454 verba

1024 2474 1149 2510 martyrio
1163 2478 1300 2503 coronatus
1316 2478 1364 2506 est,
1380 2478 1435 2500 tum
1448 2480 1483 2500 ex
1494 2472 1582 2507 spatio
1594 2473 1701 2506 ahraso,
1716 2477 1764 2500 tum
1775 2477 1805 2498 ex

1022 2527 1056 2547 eo
1071 2520 1142 2555 quod
1161 2520 1272 2548 verbum
1294 2519 1448 2556 confessoris
1467 2518 1672 2554 superadditum
1692 2518 1742 2551 sit,
1757 2516 1805 2545 evi-

1022 2566 1119 2594 denter
1135 2570 1217 2601 patet.
1505 2569 1510 2572 '
1527 2568 1534 2572 ‘
1563 2589 1567 2592 ι

1060 2612 1108 2643 Hic
1120 2620 1185 2639 vero
1197 2620 1273 2640 error
1288 2612 1412 2647 irrepsit.
1433 2612 1495 2647 quia
1519 2611 1668 2640 solemnior
1690 2608 1805 2639 festivitas

1021 2657 1051 2685 S.
1068 2657 1186 2685 Zenonis
1202 2666 1227 2685 vt
1246 2658 1306 2686 Idus
1330 2658 1487 2686 Decembris
1503 2658 1619 2686 Verona:
1635 2657 1805 2692 agebatur,et

1022 2702 1130 2730 Pistorii
1152 2711 1225 2731 nunc
1247 2712 1354 2739 quoque
1370 2704 1474 2739 agitur;
1489 2704 1535 2740 qui
1557 2704 1616 2731 dies
1637 2701 1804 2732 Ordinationis

1020 2753 1078 2781 est,
1093 2754 1120 2776 et
1135 2748 1260 2776 Officium
1276 2750 1372 2785 legitur
1384 2750 1418 2778 de
1432 2751 1590 2778 confessorc
1608 2751 1729 2786 pontiﬁce
1746 2754 1804 2782 pra:-

1020 2793 1112 2820 scrtim
1129 2793 1242 2821 Verona:
1254 2815 1261 2827 ,
1282 2795 1343 2827 ubi,
1357 2799 1386 2822 ut
1398 2795 1526 2823 observat
1546 2796 1664 2823 Donduri
1677 2794 1751 2831 (Lac.
1764 2792 1802 2818 ti!-

1017 2846 1079 2874 cap.
1107 2838 1197 2878 ἱμάς
1219 2841 1351 2876 martyrio
1368 2840 1401 2877 Si
1412 2840 1532 2869 Zenonis
1556 2841 1629 2869 nulla
1654 2841 1681 2868 lit
1703 2837 1800 2867 mentio-

1835 2162 1854 2176 κ.
