3822 6220
196 189 262 244 (ιζῖ
278 196 291 244 Ι

190 399 317 454 sulis
347 402 528 457 Sancti
551 411 1079 466 commemorabatur
1105 416 1419 484 martyrium
1443 419 1499 471 S.
1525 420 1780 488 Zenonis,

189 504 241 546 ct
273 511 414 552 nunc
442 516 656 570 quoque
708 503 759 558 in
790 503 1048 562 Oratione
1088 515 1144 562 et
1182 508 1528 567 Lccrionibus
1560 515 1786 570 secundi

189 583 467 644 Nocturni.
501 593 569 646 At
613 594 752 650 hanc
780 596 1176 656 correctionem
1222 602 1419 660 fecisse
1455 607 1780 663 crediderim

187 679 418 752 aliquem
449 685 764 742 Ofticiorum
814 689 1072 746 Ecclesia:
1114 692 1465 752 Pistoriensis
1493 699 1735 767 ignarum
1761 743 1778 769 ,

179 775 338 870 ’jns
366 775 634 854 ignoratio
655 794 719 860 ex
744 771 810 837 eo
831 773 1424 870 crignosci_tur.......‘i
1439 788 1701 847 Valeriani
1729 803 1780 847 et

179 848 182 852 ι
233 851 236 854 ν
250 789 338 843 jus
366 784 634 854 ignoratio
655 794 719 860 ex
744 796 810 837 eo
831 786 1359 870 cognoscitur......,1
1397 784 1404 788 ’
1439 788 1701 847 Valeriani
1729 803 1775 847 et

172 784 324 948 ἔξω
357 858 518 932 νᾶὺα
548 869 726 930 addita
759 890 773 926 :
806 874 869 929 Et
883 791 1775 953 {temporeGallieu-‘tperturum,

186 945 228 1008 et
255 959 407 1012 turba
437 959 773 1032 Paganorum
815 967 886 1030 ad
925 945 1106 1024 Fidem
1129 945 1421 1042 converti:
1446 992 1569 1031 cum
1611 993 1775 1050 supe-

184 1049 416 1108 rioribus
457 1056 679 1112 minime
701 1059 1029 1116 coluereant.
1059 1065 1171 1132 Qua
1196 1067 1339 1122 enim
1371 1071 1581 1124 ratione
1611 1072 1692 1126 bis
1724 1073 1775 1128 in

182 1154 322 1195 anno
357 1143 495 1198 idem
541 1148 760 1205 Festum
802 1154 1184 1211 celebrandum
1228 1159 1295 1213 sit
1337 1161 1390 1214 in
1437 1163 1630 1218 eadem
1675 1165 1778 1220 Ec-

181 1233 343 1290 clesia
369 1277 382 1298 ,
416 1237 605 1308 utique
636 1257 742 1296 non
783 1255 1012 1300 constat.
1059 1247 1341 1306 Diversum
1373 1268 1503 1324 ergo
1530 1252 1651 1311 esse
1682 1256 1777 1311 de-

182 1322 268 1379 bet
298 1325 521 1382 Festum
569 1334 776 1388 mensis
819 1333 1022 1404 Aprilis
1049 1353 1076 1392 a
1111 1339 1274 1394 Festo
1323 1322 1527 1399 mensis
1556 1347 1774 1402 Decem-

180 1415 321 1483 bris;
360 1433 556 1493 nempe
583 1422 687 1479 hoc
725 1426 1127 1496 Ordinationis,
1163 1433 1293 1488 illud
1325 1436 1562 1516 Natalis;
1599 1455 1776 1510 neque

181 1518 382 1564 tantum
429 1515 534 1568 ritu
563 1517 996 1576 solemoiori’vel
1028 1523 1206 1578 minus
1251 1515 1483 1582 solemni
1515 1531 1774 1601 distingui

179 1602 394 1659 debent.
443 1610 622 1674 Quare
663 1625 947 1680 perperam
987 1614 1266 1671 adnotavit
1302 1636 1314 1670 :
1349 1618 1482 1690 Ejus
1533 1622 1775 1680 solemnis

2015 1692 2040 1707 υ
2208 1692 2470 1698 -W-.-___
2501 1692 2552 1701 --
2602 1692 2716 1716 ,νυν

118 1723 122 1726 -
179 1692 452 1752 Festivitas
489 1715 544 1754 vr
575 1699 707 1756 Idus
735 1700 1063 1774 Decembris,
1097 1719 1205 1764 etc.
1253 1708 1350 1762 llic
1395 1726 1546 1767 error
1577 1729 1642 1769 ex
1674 1730 1775 1770 ms.
1810 1719 1856 1779 B
1887 1728 2010 1785 mus
2061 1733 2257 1802 Aprilis
2289 1752 2303 1790 ;
2337 1733 2536 1804 Eodem
2573 1740 2656 1794 die
2693 1742 2752 1798 S.
2787 1743 2858 1799 ze

179 1788 391 1861 irrepsu
425 1794 474 1847 in
501 1796 682 1867 aiiqua
712 1799 1096 1872 Martyrologia
1125 1805 1264 1875 typis
1295 1804 1438 1862 edita
1459 1851 1473 1873 ,
1503 1817 1560 1862 ut
1583 1809 1770 1867 videre

179 1892 256 1937 est
285 1884 336 1937 in
394 1885 610 1954 publica
657 1899 710 1944 et
747 1891 1079 1960 amplissima
1131 1895 1456 1961 bibliotheca
1510 1899 1773 1958 Eminen-

180 1975 368 2030 tissimi
413 1975 720 2035 Cardinalis
765 1981 993 2043 Fahroni
1022 1988 1326 2057 sumptibus
1373 1990 1586 2047 Pistorli
1639 2010 1772 2050 con-

180 2078 375 2123 structa
400 2111 415 2136 ,
453 2072 510 2125 in
533 2089 635 2142 qua
665 2088 975 2133 asservatur
1014 2079 1449 2154 Martyrologium
1482 2086 1774 2145 Florentia:

181 2162 380 2218 editqu
414 2179 578 2236 opera
616 2167 883 2225 Francisei
914 2171 983 2227 de
1019 2166 1416 2232 Bonaccursiis'
1436 2195 1578 2236 anno
1609 2182 1771 2252 1486,

179 2250 355 2324 inquo
383 2256 453 2312 de
473 2256 534 2312 S.
564 2258 780 2316 Zenone
804 2262 881 2316 sic
912 2280 924 2317 :
966 2262 1143 2320 Pridie
1171 2266 1295 2322 ldus
1321 2269 1608 2338 Aprilis....
1638 2250 1773 2329 Item

180 2347 238 2401 S.
262 2346 484 2403 Zenonis
526 2350 823 2408 Veronensis
844 2357 1068 2426 episcopi
1120 2369 1168 2412 et
1196 2361 1539 2431 confessoris,
1571 2367 1659 2438 qui
1682 2369 1775 2420 tri-

178 2438 264 2493 bus
283 2444 431 2494 annis
472 2443 735 2499 Valeriani
768 2457 815 2523 et
842 2447 1062 2504 Gallieni
1090 2451 1194 2520 fide
1231 2455 1568 2525 clarissimus,
1600 2477 1770 2515 .sanc-

177 2533 314 2586 ritate
334 2537 642 2607 conspicuus
673 2538 862 2594 Christi
894 2541 1080 2596 Fidem
1102 2547 1242 2616 genti
1264 2564 1374 2602 sure
1394 2549 1773 2616 ferventissime

178 2627 470 2694 pra’dicauit
494 2672 510 2695 ,
543 2641 589 2684 et
621 2643 860 2704 ntagnam
899 2637 1096 2691 turbam
1136 2657 1456 2710 paganorum
1485 2645 1553 2698 ad
1586 2645 1771 2703 Fidem

178 2719 370 2776 Christi
423 2726 686 2780 convertit.
743 2726 934 2784 Tamen
986 2729 1259 2788 Festivitas
1316 2739 1431 2807 ejus
1479 2739 1770 2796 celebratur

173 2824 312 2867 sexto
341 2812 466 2869 Idus
491 2815 810 2875 Decembris.
841 2821 1023 2878 Mense
1051 2835 1230 2878 autem
1267 2827 1576 2882 Decembris
1611 2831 1680 2885 ita
1715 2834 1766 2888 in

175 2894 359 2961 eodem
390 2909 772 2982 Martyrologio
800 2930 814 2967 :
847 2930 901 2968 νι
930 2915 1059 2970 ldus
1091 2914 1388 2973 Decembris
1427 2921 1572 2991 apud
1607 2922 1767 2978 Vero-

172 3015 286 3051 nam
313 2998 372 3054 8.
400 3000 625 3056 Zenonis
648 3006 872 3076 ejusdem
901 3006 1040 3060 urbis
1064 3009 1296 3076 episcopi
1353 3021 1398 3064 et
1450 3016 1764 3085 confessoris

172 3093 319 3146 totius
339 3097 626 3150 sanctitatis
652 3098 766 3151 viri.
798 3098 896 3154 Ubi
928 3100 1060 3156 nihil
1082 3101 1147 3155 de
1176 3101 1337 3159 Festo
1367 3104 1758 3173 Ordinationis,
1788 3113 1832 3174 C

171 3183 219 3236 in
252 3202 355 3254 quo
382 3189 512 3242 satis
542 3183 730 3260 aperte
774 3191 942 3262 liquet
973 3195 1348 3252 Ordinationis
1373 3239 1386 3261 .
1437 3210 1491 3254 et
1539 3202 1760 3271 Deposi-

172 3276 327 3331 tioois
355 3321 366 3339 .
399 3295 492 3334 seu
525 3273 769 3353 maityrii
802 3283 959 3340 Festa
1003 3288 1290 3353 confundi,
1323 3307 1443 3362 qua:
1474 3295 1676 3364 optime
1705 3298 1756 3351 in

167 3365 537 3443 Martyrologio
579 3374 824 3429 Romano
865 3388 918 3432 et
984 3380 1106 3434 aliis
1134 3381 1555 3449 distinguuntur.
1605 3387 1759 3443 Licet

169 3458 322 3530 igitur
339 3464 396 3518 in
427 3468 703 3523 veteribus
736 3473 1104 3527 monumentis
1149 3476 1306 3544 hujus
1351 3477 1604 3535 Ecclesiae
1634 3482 1755 3538 Pis-

169 3557 409 3611 toriensis
428 3559 676 3616 confusio
707 3565 1009 3632 reperiatur
1035 3567 1083 3620 in
1112 3567 1305 3623 Officio
1329 3569 1386 3626 S.
1419 3571 1652 3628 Zenonis
1687 3576 1755 3631 de

167 3647 265 3703 ritu
297 3653 546 3723 martyris
618 3662 674 3709 et
697 3655 1053 3723 confessoris,
1089 3650 1266 3714 tamen
1308 3662 1590 3719 evidenter
1625 3681 1751 3722 con-

163 3738 263 3794 Stat
312 3759 526 3814 semper
579 3746 744 3801 illum
776 3757 1043 3818 tamquam
1071 3761 1364 3824 martyrem
1407 3755 1572 3810 fuisse
1605 3758 1752 3813 habi-

165 3843 306 3901 tum;
343 3837 412 3890 ita
459 3848 514 3892 ιιι
537 3841 854 3894 continuata
902 3844 1119 3898 traditio
1159 3845 1228 3900 de
1254 3846 1512 3919 Martyrio
1558 3849 1616 3904 S.
1651 3851 1750 3906 Ze-

161 3931 307 3986 nonis
338 3932 739 3989 evidentissime
767 3935 1192 4005 demonstretur,
1220 3957 1338 4012 quae
1361 3944 1562 4017 nostris
1585 3945 1745 4001 etiam

159 4025 482 4093 temporibus
512 4036 848 4096 perseverat.

595 4103 607 4110 ’
769 4121 1120 4180 CAPUTIH.

157 4209 386 4268 Externis
406 4216 796 4272 auctoritatibus
821 4217 1063 4286 probatur
1083 4218 1391 4291 Martyrium
1417 4223 1475 4279 S.
1499 4224 1742 4281 Zenonis.

220 4296 441 4362 Sanctus
467 4309 762 4381 Gregorius
784 4311 1011 4381 Magnus
1029 4311 1166 4369 libro
1189 4317 1346 4368 tertio
1371 4316 1740 4388 Dialogorum,

153 4404 317 4467 capite
345 4405 784 4494 illaalii-acutum
831 4423 1054 4463 narrans
1102 4407 1249 4464 fluvii
1280 4409 1498 4469 Athesis
1533 4415 1587 4469 S.
1641 4417 1742 4473 Ze-

1337 209 1426 264 ΠΕ
1469 210 1824 271 MARTYRIO
1867 216 2114 278 SANCTI
2156 224 2466 286 ZENONIS.

194 303 410 362 Pistorii
443 303 593 379 vero,
621 319 677 366 ut
703 327 860 384 supra
875 280 1315 387 'observavimus,
1339 323 1391 377 in
1418 325 1618 393 hymno
1646 327 1788 382 Prw-

1837 889 1847 942 ζ
1882 885 2004 943 ldus
2030 885 2331 960 Decembri

1822 1033 1830 1046 .,
1879 980 2044 1038 etesia
2075 1002 2286 1057 quoque
2329 990 2691 1066 Frisingcnsis
2735 1012 3005 1075 tamquam
3044 1011 3370 1086 Episcopum
3419 1035 3476 1079 et

3277 293 3297 313 .
3360 247 3476 313 eae

1814 331 1866 390 Α
1893 331 2039 390 addit
2068 346 2121 392 et
2142 344 2469 412 confessoris.
2522 324 2788 420 llabanus,
2824 371 2981 426 quem
3009 362 3177 419 refert
3207 366 3475 436 Papebro-

1883 422 2060 490 chius,
2098 429 2164 484 de
2190 431 2245 484 S.
2273 434 2488 492 Zenone
2518 438 2630 496 haec
2659 443 2848 501 habet:
2876 449 3073 507 Eadem
3087 457 3169 511 die
3190 459 3241 514 in
3265 459 3480 519 Ciuitate

1897 513 2129 587 Vcrontr,
2167 521 2347 580 Passio
2369 529 2432 582 S.
2463 530 2687 588 Zenonis
2714 537 2979 612 Martyris.
3018 548 3111 603 Die
3133 566 3261 608 vero
3286 565 3475 612 octava

1885 605 2197 667 Decembris
2245 636 2260 671 :
2302 617 2368 672 In
2409 621 2619 678 Civitate
2659 626 2870 688 Verona:
2914 634 3103 695 Natale
3148 644 3210 699 S.
3254 646 3476 707 Zenonis

1883 699 2155 773 Martyris.
2190 707 2442 766 Rabanus
2472 727 2649 771 antem
2694 723 2908 792 Scripsit
2951 729 3250 800 imperante
3285 740 3467 799 Ludo-

1881 791 2003 904 yico
2031 794 2150 904 Eio.
2170 798 2458 904 .Neyrt—ts
2484 823 2696 904 githue
2735 791 3057 885 pridie'ldus
3083 791 3503 904 Aprilis—etus!

2383 829 2458 858 ἠδ
2484 829 2696 881 guoque
2735 829 2909 885 pridie
2937 829 3057 877 ldus
3083 829 3300 904 Aprilis,
3332 845 3386 890 et
3415 829 3508 980 ι,

2381 900 2452 952 ‘S.
2493 895 2779 962 “lenonem
2815 920 3104 986 martyrem
3161 909 3312 981 dicit.
3371 917 3444 986 Ec

1880 1086 2170 1148 martyrem
2205 1082 2263 1137 S.
2303 1083 2574 1143 Zenonem
2613 1093 2773 1160 colit,
2807 1099 3033 1178 ut.idem
3074 1082 3473 1175 Papebvrochius

1877 1165 2111 1223 affirmat
2130 1170 2220 1239 (In
2241 1177 2371 1230 actis
2390 1176 2495 1233 SS.
2519 1197 2678 1236 mens.
2701 1165 2918 1256 Aprilis,
2942 1191 3026 1246 die
3049 1194 3133 1261 12,
3154 1165 3206 1251 uc.
3233 1198 3289 1266 2,

1877 1258 2020 1315 Beda
2053 1263 2181 1320 item
2216 1268 2266 1321 in
2299 1269 2680 1346 Martyrologio
2710 1280 2884 1350 pridie
2919 1283 3043 1341 Idus
3072 1258 3293 1360 Aprilis.
3319 1258 3474 1368 Apud

1884 1353 2222 1415 Veroneu'sem
2247 1364 2514 1420 Civitatem
2542 1369 2723 1427 Passio
2756 1375 2814 1429 8.
2850 1377 3074 1437 Zenonis
3103 1390 3378 1459 martyris,
3411 1394 3476 1446 de

1877 1467 1975 1520 quo
2005 1452 2069 1510 Β.
2104 1454 2382 1530 Gregorius
2410 1462 2463 1515 in
2508 1464 2638 1518 libro
2683 1467 3022 1543 Dialogorum
3061 1479 3217 1547 refert
3239 1452 3316 1536 ’γι
3347 1452 3466 1540 ldus

1882 1541 2212 1603 Decembris.
2261 1548 2328 1604 In
2379 1551 2596 1609 Civitate
2655 1541 2856 1615 Verona
2902 1553 3094 1642 Natale
3118 1541 3196 1626 ’8.
3249 1573 3474 1632 Zenonis

1880 1639 2140 1707 martyris.
2196 1639 2471 1698 Usuardus
2498 1656 2567 1701 et'
2602 1649 2716 1716 ipse
2762 1652 2814 1705 in
2866 1639 3248 1733 Martyrologio
3299 1667 3473 1735 pridie

2862 1750 3008 1804 nanis
3051 1751 3296 1826 Episcopi
3317 1800 3332 1826 ,
3386 1763 3475 1831 qui

1885 1820 2018 1876 inter
2068 1827 2324 1893 procellas
2370 1835 2737 1900 persecutionis
2810 1837 3150 1899 Veronensem
3190 1846 3474 1908 Ecclesium

1882 1914 2185 1972 mirabiliter
2215 1923 2372 1990 rexit,
2409 1940 2468 1977 ac
2507 1934 2728 1997 tentpore
2770 1929 2995 1987 Gallieni
3035 1940 3282 2011 martyrio
3325 1961 3474 2000 coro-

1883 2017 2034 2063 natus
2056 2022 2150 2065 est.
2180 2012 2315 2070 Nota
2351 2016 2436 2071 hic
2462 2012 2622 2075 verba
2647 2021 2880 2080 Usuardi
2900 2069 2914 2094 ,
2971 2045 3089 2096 qua:
3129 2034 3317 2110 eadem
3347 2049 3471 2095 sunt

1881 2195 2035 2252 theca
2082 2198 2238 2256 alone
2296 2203 2498 2280 Domus
2544 2206 2834 2279 Sapientiae
2882 2227 3229 2286 asservatur,
3275 2223 3341 2279 de
3366 2240 3472 2296 quo

1879 2288 2116 2347 diximus
2161 2296 2338 2365 capite
2367 2301 2635 2371 secundo,
2672 2304 2761 2360 ubi
2806 2307 2874 2364 de
2924 2310 3094 2380 ipsius
3123 2330 3228 2370 ms.
3257 2332 3470 2375 correc-

1881 2382 2046 2451 tione,
2081 2401 2174 2442 seu
2207 2391 2382 2457 potius
2407 2391 2793 2464 depravatione
2818 2384 3045 2470 egimus,
3078 2408 3220 2477 quod
3252 2420 3472 2468 senten-
3505 2416 3519 2430 ‘

1880 2475 2008 2532 tiam
2057 2489 2295 2538 nostram
2341 2487 2669 2559 confirmat,
2719 2491 2896 2549 deleta
2934 2475 3143 2556 scilicet
3194 2503 3358 2562 fuisse
3406 2508 3460 2563 in

1875 2570 2066 2628 eodem
2109 2590 2209 2630 ms.
2246 2579 2406 2633 verba
2442 2581 2552 2648 illa,
2585 2581 2840 2658 Martyrio
2887 2602 3162 2658 coronatus
3205 2609 3296 2652 est.
3322 2599 3468 2655 Van-

1873 2663 2154 2723 delhertus
2185 2669 2235 2723 in
2281 2685 2380 2725 suo
2406 2672 2786 2748 Martyrologio
2825 2684 3049 2751 metrico
3091 2703 3144 2742 v1
3192 2688 3316 2746 ldus
3364 2691 3468 2749 De;

1873 2756 2110 2814 cembris
2139 2760 2472 2820 sicfcecinit
2513 2765 2703 2838 (Apud
2759 2771 3095 2848 Duc/teriam,
3125 2791 3163 2836 t.
3215 2799 3246 2840 ν
3293 2783 3470 2856 Spiri-

1876 2848 2034 2922 legii)
2071 2868 2083 2903 :

2121 2944 2222 2994 Has
2241 2948 2632 3024 gpoque‘lenon
2657 2954 2808 3009 habet
2831 2960 3090 3024 conjuncto

2243 3009 2420 3075 Martyr
2444 3013 2648 3067 honore.

1937 3089 2071 3146 ltem
2104 3091 2296 3149 Petrus
2326 3095 2610 3156 Galesinus
2632 3103 2684 3159 in
2716 3109 2858 3163 notis
2885 3113 3059 3182 pridie
3104 3116 3226 3175 ldus
3255 3121 3460 3192 Aprilis

1867 3179 1982 3237 haec
2042 3185 2210 3242 refert
2248 3205 2259 3240 :
2300 3181 2363 3244 S.
2391 3189 2615 3248 Zenonis
2641 3179 2969 3272 episcopi—et
3013 3179 3371 3282 ntartyris,'ut
3401 3235 3464 3274 ea:
3510 3223 3521 3271 ῖ

1865 3270 1929 3328 8.
1961 3273 2199 3346 Gregorii
2252 3283 2552 3340 testimoniis
2606 3299 2765 3368 atque
2804 3270 2868 3349 ea:
2909 3301 3048 3354 omni
3091 3270 3457 3383 miirtyroloyio

1847 3359 2084 3434 'constat,
2118 3370 2272 3435 idque
2299 3371 2537 3440 pluribus
2561 3365 2848 3438 ostenditur
2867 3391 2918 3441 in
2943 3391 3103 3458 libro,
3130 3359 3442 3464 quine'SiS'.

1862 3457 2134 3531 Episwpis
2169 3462 2547 3525 Veronensibus
2576 3489 2737 3546 nuper
2756 3478 2811 3531 in
2835 3479 2997 3535 lucem
3022 3485 3187 3542 editus
3209 3469 3454 3551 est-Hoc

1859 3548 1970 3617 ipso
1993 3553 2075 3607 die
2105 3553 2413 3628 Martyrium
2439 3578 2451 3615 ;
2477 3577 2530 3616 vr
2551 3562 2682 3620 Idus
2713 3567 3005 3628 Decembris
3023 3576 3295 3638 Ordinatio
3329 3603 3348 3640 :
3379 3548 3454 3644 xit
3518 3627 3522 3630 ~

1859 3639 2126 3698 It'alendas
2165 3643 2320 3702 Junii
2373 3651 2644 3709 tranSlatio
2705 3657 2922 3717 Veronce
2969 3669 3266 3729 celebratur.
3317 3678 3452 3750 Ejus

1867 3731 2036 3790 Vitaa
2080 3736 2338 3796 Coronato
2366 3743 2607 3802 'Nolario
2651 3756 2941 3827 conscripta
2981 3759 3130 3818 Lobii
3175 3779 3331 3824 extat.
3357 3731 3448 3829 ᾖα

1855 3836 2102 3894 ρναιιενεα
2143 3832 2252 3900 lege
2294 3831 2526 3895 Surium.
2575 3839 2930 3903 Constantius
2956 3849 3192 3912 Felicius
3245 3861 3297 3916 in
3347 3879 3448 3920 suo

1850 3919 2180 3980 Kalendar'to
2225 3928 2397 3997 pridie
2424 3931 2548 4008 ldus
2576 3936 2780 4023 Aprilis
2822 3948 3110 4002 vernacula
3143 3951 3325 4024 lingua
3367 3959 3446 4015 sic

1851 4015 2038 4085 habet,
2086 4021 2228 4090 quod
2277 4039 2374 4078 nos
2427 4027 2591 4084 latine
2636 4021 2910 4090 reddimus
2957 4039 3174 4099 :Zenon
3235 4047 3449 4108 Verouce

1841 4109 2118 4178 'episcOpus
2145 4127 2340 4186 ntartyr
2357 4119 2452 4172 sub
2478 4117 2716 4180 Gallieno
2749 4127 3077 4199 imperatore.
3113 4139 3178 4193 Et
3209 4159 3258 4198 γι
3312 4146 3438 4205 ldus

1849 4201 2162 4260 Decembris
2197 4226 2209 4262 :
2249 4208 2426 4266 Zenon
2494 4213 2804 4277 Veronensis
2844 4228 3117 4299 episcopus
3173 4240 3438 4299 miraculis

1846 4296 2125 4352 admodum
2155 4303 2326 4357 clarus
2349 4316 2578 4378 tempore
2602 4309 2830 4369 Gallieni
2862 4318 3191 4391 imperatoris
3219 4332 3398 4400 ﬂoruit
3417 4381 3446 4404 ,ἢ

1835 4393 1993 4475 cujus
2036 4392 2199 4462 filiam
2236 4413 2269 4450 a
2298 4394 2543 4456 Dwmone
2578 4404 2895 4464 liberavtrat.
2941 4411 3110 4472 Caute
3154 4392 3314 4490 igitur
3354 4392 3438 4482 le:

152 4508 337 4548 nonem
367 4486 655 4569 martyrem
689 4496 856 4552 dicit:
889 4501 1044 4568 Apud
1075 4501 1414 4559 Veronensem
1441 4506 1616 4561 urbem
1635 4511 1732 4579 flu-

1885 4486 2050 4541 endus
2076 4487 2149 4543 De
2182 4491 2346 4557 Astc,
2377 4495 2464 4562 qni
2509 4497 2651 4566 prid.
2683 4499 2807 4557 ldus
2834 4503 3038 4573 Aprilis
3069 4510 3120 4564 in
3163 4486 3272 4570 suis
3319 4519 3433 4575 Dis-

150 4594 254 4639 otus
289 4589 485 4643 Athesis
506 4607 810 4646 excrescens
849 4593 918 4646 ad
943 4591 1007 4648 Β.
1053 4593 1276 4652 Zenonis
1318 4607 1560 4673 martyris
1588 4613 1738 4674 atque

151 4680 396 4748 pontificis
428 4681 714 4738 Ecclesium
748 4687 882 4739 venit
905 4704 924 4740 :
954 4689 1102 4759 cujus
1143 4689 1392 4747 Ecclesia:
1427 4695 1549 4750 dum
1573 4710 1736 4754 essent

140 4770 312 4838 jaaute
349 4787 536 4841 apertae
558 4817 574 4840 ,
602 4791 738 4844 aqua
765 4777 818 4830 in
867 4794 980 4848 eam
1005 4781 1218 4836 minime
1260 4785 1488 4840 intravit.
1535 4789 1733 4845 Paulus

147 4851 303 4916 etiam
335 4863 620 4933 Diacoous,
654 4867 724 4923 de
753 4867 934 4925 Gestis
961 4871 1444 4944 Langobardorum
1467 4868 1603 4937 libro
1623 4894 1731 4940 ter-

147 4952 237 5018 tio,
266 4968 378 5026 cap.
405 4958 497 5026 '23,
527 4971 842 5032 martyrem,
870 4975 922 5020 et
943 4965 1060 5034 ipse
1085 4967 1345 5039 afﬁrmat,
1372 4972 1440 5028 de
1466 4978 1728 5035 miraculo

144 5043 352 5103 Athesis
391 5065 559 5122 agens
584 5069 599 5111 ;
625 5050 904 5110 Destructa
940 5069 1062 5138 sunt
1087 5061 1294 5129 itinera,
1324 5063 1588 5138 dissipata!
1612 5075 1753 5132 sunt'

145 5135 233 5190 ait:
253 5181 267 5204 ,
302 5135 605 5215 tantumque
623 5145 826 5202 Athesis
859 5134 1055 5235 ﬂuuius.
1083 5162 1205 5208 tunc
1233 5134 1486 5226 excrevit,
1514 5170 1566 5213 ut
1594 5163 1732 5216 circa

1839 4582 2239 4648 ceptationihus
2290 4585 2341 4638 in
2391 4586 2826 4664 Martyrologium
2875 4597 3174 4658 Rotnanum
3216 4608 3435 4668 adducit

1839 4671 2096 4729 Feliciunt
2128 4689 2180 4732 et
2230 4676 2567 4748 Galesinum,
2595 4692 2785 4756 utpote
2809 4691 2898 4758 qui
2920 4692 2978 4748 S.
3009 4693 3280 4754 Zenonem
3306 4719 3431 4759 con-

1837 4763 2100 4838 fessorem
2146 4785 2250 4825 non
2305 4779 2595 4845 martyrem
2635 4786 3060 4850 nuncupaverint
3105 4807 3316 4859 :quare
3363 4798 3432 4852 ti-

1836 4859 2090 4916 mendum
2114 4871 2198 4918 est
2241 4881 2308 4919 ne
2361 4871 2417 4919 et
2450 4867 2648 4922 iualiis
2676 4874 2990 4946 auctoribus
3019 4878 3305 4940 afferendis
3331 4888 3430 4943 lat-

1837 4952 1975 5008 Iator
2001 4997 2013 5020 ,
2049 4956 2207 5011 sicuti
2239 4959 2290 5012 in
2319 4959 2401 5012 his
2431 4958 2656 5014 fallitur.
2702 4963 2919 5021 Falsum
2952 4980 3036 5026 est
3087 4976 3231 5032 enim
3278 4985 3423 5052 quod

1835 5046 1966 5103 dicit
1998 5067 2009 5101 :
2039 5047 2170 5102 Item
2203 5048 2460 5120 Vuitf'ord,
2496 5050 2753 5123 Bellinus,
2780 5053 3076 5132 Galesinus,
3109 5077 3157 5121 et
3190 5046 3421 5131 Felicius

1833 5154 2005 5194 omnes
2033 5158 2136 5194 uno
2162 5157 2246 5195 ore
2284 5142 2603 5200 buceinando
2636 5147 2696 5202 S.
2730 5149 2988 5210 Zenonem
3012 5161 3307 5236 episcopum
3327 5209 3341 5232 ,
3372 5181 3421 5225 et

143 5227 405 5290 Basilicam
436 5237 497 5295 B.
531 5239 756 5298 Zenonis
791 5227 1061 5317 martyris,
1093 5264 1208 5316 aute
1237 5261 1383 5306 extra
1420 5251 1728 5312 Veronensis
1828 5233 2634 5334 cf’_"lf“ﬂ"-'_"'gQumj‘l'enm"
2668 5255 2790 5298 esse
2815 5260 2845 5300 ³
2873 5250 3122 5318 veritam
3148 5272 3213 5312 cx
3247 5277 3420 5334 nuper

143 5325 277 5380 urbis
308 5346 473 5388 muros
524 5335 624 5390 sita
677 5347 782 5404 est,
815 5355 974 5409 usque
1021 5342 1090 5394 ad
1133 5345 1422 5414 superiores
1467 5352 1723 5418 fenestras

143 5436 267 5490 aqua
296 5426 594 5500 pertingeret
617 5445 635 5483 :
658 5430 777 5485 licet
806 5430 869 5484 Β.
916 5430 1200 5504 Gregorius
1239 5449 1351 5506 post
1388 5437 1533 5510 Papa
1555 5442 1720 5510 scrip-

142 5516 255 5567 serit
297 5515 348 5568 in
381 5522 609 5574 eamdem
653 5521 934 5577 Basilicam
973 5541 1160 5593 aquam
1196 5528 1403 5582 minime
1454 5531 1714 5588 introisse.

143 5605 541 5682 Manuscriptum
601 5615 1010 5682 Modoctiense,
1075 5628 1131 5672 ut
1186 5619 1510 5680 Muratorius
1567 5635 1718 5699 notat

151 5698 292 5764 (lter.
325 5701 494 5760 Ital.t.
526 5722 562 5772 ι,
597 5726 720 5780 pag.
754 5708 894 5780 447)
929 5709 998 5765 ad
1054 5710 1185 5766 illud
1215 5715 1432 5770 verbum
1461 5720 1717 5790 martyris

1824 5326 2000 5380 allatis
2026 5324 2260 5383 Galesiai
2290 5341 2340 5384 et
2373 5329 2557 5388 Felicii
2589 5336 2770 5393 verbis
2801 5339 2926 5398 licet
2951 5360 3262 5418 agnoscere.

2439 5445 2669 5507 CAPUT
2710 5453 2798 5508 IV.

1898 5529 2120 5586 Romani
2160 5533 2522 5614 Martyrologii
2560 5549 2834 5604 auctoritas
2874 5550 3121 5626 Martyris
3160 5579 3342 5622 nomen

2331 5635 2391 5691 S.
2433 5637 2630 5694 Zenoni
2667 5643 2911 5702 decernit.

1899 5707 2194 5781 lli‘omnes
2215 5769 2230 5796 ,
2263 5743 2399 5798 quos
2431 5745 2591 5803 supra
2618 5739 3027 5815 recensuintus,
3061 5760 3185 5807 ante
3219 5753 3417 5815 Bottia-
