3822 6220
287 223 394 279 625

1359 222 1445 278 DE
1485 220 1847 278 MARTYRIO
1884 183 2129 281 SANCTI
2170 225 2482 284 ZENONIS.

3493 233 3594 288 625

283 355 414 394 num
468 336 904 409 Martyrologium
957 348 983 387 a
1039 335 1265 391 Summo
1313 335 1570 405 pontifice
1619 335 1885 406 Gregorio
1912 340 1965 399 Α
1991 337 2250 410 Remigii:
2271 341 2391 396 Non
2418 344 2580 398 multo
2605 354 2719 414 post
2739 344 2791 398 in
2818 360 2940 416 pace
2967 353 3194 415 receptus
3217 354 3313 397 est.
3345 345 3435 399 illa
3466 361 3608 426 quo:

287 432 442 490 XIII.
476 428 815 485 emendatum
843 427 910 481 de
951 428 1209 496 martyrio
1241 426 1297 480 S.
1332 426 1566 482 Zenonis
1600 437 1886 484 testantur.

287 524 485 593 Eisque
526 521 664 575 idetn
705 518 1153 590 Martyrologium
1193 520 1498 584 consentit,
1547 522 1598 576 in
1639 538 1744 594 quo
1787 521 1893 577 fes-

286 626 399 670 tum
441 611 680 684 martyrii
710 627 740 666 a
773 611 909 666 festo
939 612 1300 667 ordinationis
1332 615 1388 668 S.
1423 613 1660 669 Zenonis
1690 615 1892 686 optime

284 707 650 779 distinguitur.
683 704 865 762 Pridie
897 721 1128 778 namque
1159 707 1282 763 ldus
1312 707 1516 780 Aprilis
1546 708 1620 763 ita
1646 709 1717 765 de
1749 710 1891 765 Mar-

281 803 422 874 tyrio
465 799 520 856 S.
578 798 852 854 Zenonis:
894 798 1131 866 Veronae,
1177 799 1365 855 Passio
1413 801 1476 857 S.
1520 801 1743 857 Zenonis
1786 802 1894 873 epi-

288 893 453 964 scopi,
485 893 572 962 qui
602 893 736 946 inter
763 893 1016 962 procellas
1059 895 1430 966 persecutionis
1451 910 1564 950 eam
1607 895 1891 949 Ecclesium

279 987 413 1039 mira
435 985 725 1039 constantia
751 986 1086 1059 gubernavit,
1120 995 1169 1042 et
1211 985 1436 1042 Gallieni
1479 997 1710 1058 tempore
1742 986 1889 1040 Mar-

281 1078 415 1148 tyrio
455 1087 730 1131 comitatus
771 1087 866 1131 est.
909 1078 1077 1133 Sexto
1121 1076 1248 1133 Idus
1283 1078 1638 1134 Decembris:
1675 1076 1891 1133 Verona:

232 1204 238 1212 α
284 1171 557 1226 Ordinatio
607 1170 669 1227 S:
725 1171 950 1227 Zenonis
1000 1174 1250 1244 episcopi.
1306 1163 1676 1246 Martyrologii
1729 1173 1889 1244 hujus

279 1265 572 1321 auctoritas
589 1264 731 1336 apud
753 1281 940 1336 arquos
965 1264 1178 1335 judices
1199 1266 1332 1320 satis
1357 1281 1478 1320 esse
1505 1265 1752 1322 deberet.
1781 1265 1858 1321 Ne
1874 1293 1889 1307 -

254 1357 482 1434 minem
522 1357 792 1428 siquidem
834 1356 969 1429 fugit
1007 1357 1304 1413 Romanam
1347 1357 1686 1426 Ecclesium,
1728 1367 1890 1429 caput

279 1458 337 1506 et
367 1450 684 1520 magistram
712 1458 1035 1505 caeterarum
1069 1449 1303 1505 maxima
1335 1465 1486 1506 usam
1516 1465 1736 1522 semper
1766 1465 1890 1506 esse

276 1544 503 1600 solertia
534 1545 588 1598 in
624 1543 960 1613 inquirendis
989 1554 1290 1615 martyrum
1323 1544 1493 1620 actis;
1527 1544 1828 1616 iisdemque
1858 1560 1888 1599 a

277 1636 495 1693 rudium
553 1635 830 1692 hominum
878 1645 935 1693 et
975 1635 1354 1694 haereticorum
1409 1638 1687 1693 erroribus
1715 1638 1888 1692 vindi-

1996 445 2099 500 que
2139 432 2192 486 in
2236 433 2444 488 duobus
2487 435 2570 489 his
2596 435 2873 490 codicibus
2903 435 3183 490 diversitas
3217 437 3460 490 notanda
3492 449 3588 492 est.

1993 524 2126 580 Nam
2166 528 2216 581 in
2260 528 2446 585 codice
2485 529 2739 586 Remensi
2781 530 2974 601 legitur
3014 531 3070 585 S.
3105 529 3381 586 Zenonem
3428 532 3596 588 fuisse

1995 620 2306 676 ordinatum
2367 624 2681 693 episcopum
2729 623 3158 690 Veronensium,
3230 624 3298 682 de
3341 642 3443 696 qua
3495 628 3596 682 0r-

1995 712 2274 769 dinatione
2323 714 2376 768 in
2435 717 2624 772 codice
2671 717 2916 773 Abbatice
2958 718 3357 776 S.-Salvatoris
3397 720 3593 778 Montis

1994 807 2193 862 Atniati
2221 807 2360 876 apttd
2393 807 2678 879 Ugltellttm
2709 811 2856 868 nulla
2887 812 2943 866 ﬁt
2972 814 3200 870 mentio.
3231 813 3350 869 Vita
3379 829 3596 886 quoque

1995 899 2053 952 S.
2078 898 2310 954 Zenonis
2328 942 2341 965 ,
2361 917 2482 970 qua:
2503 917 2530 955 a
2557 901 2832 959 Coronato
2857 907 3163 974 conscripta
3187 908 3402 972 dicitur,
3434 925 3594 980 quam

1996 989 2254 1061 Ugltellus
2298 991 2505 1059 refert,
2548 995 2616 1049 ab
2657 1013 2718 1051 ea
2775 997 3049 1068 discrepat
3093 1015 3214 1070 qua:
3244 1002 3384 1070 apud
3422 1002 3592 1070 Pape-

1992 1083 2274 1138 brocltinm
2317 1086 2511 1156 legitur
2552 1088 2570 1158 (
2593 1099 2716 1145 tom.
2770 1107 2842 1156 tt,
2890 1108 3050 1146 mens.
3088 1093 3284 1164 Aprilis
3328 1095 3411 1149 die
3464 1095 3591 1166 12).

1992 1175 2169 1241 Quare
2182 1175 2561 1259 Tillemontius
2573 1181 2772 1237 nullius
2800 1185 3141 1240 auctoritatis
3168 1186 3308 1241 hanc
3337 1187 3592 1244 Coronati

1992 1267 2459 1346 elucubrationem
2493 1280 2674 1342 putat,
2707 1275 2852 1346 quod
2893 1277 3094 1337 certius
3135 1278 3379 1334 redditur
3411 1297 3478 1336 ex
3507 1282 3593 1336 di-

1992 1362 2270 1428 versitate,
2294 1381 2472 1435 .qttam
2505 1366 2556 1420 in
2591 1368 2862 1438 praedictis
2898 1371 3111 1428 duobus
3134 1389 3266 1428 mss.
3309 1375 3589 1430 adnotavi-

1991 1468 2131 1508 mus.
2153 1453 2278 1510 "Non
2311 1457 2538 1512 multum
2586 1459 2767 1530 itaque
2814 1459 3142 1520 Combelisio
3189 1464 3464 1522 ﬁdendum
3502 1467 3595 1538 qui

1991 1545 2205 1604 codices
2224 1563 2353 1604 mss.
2383 1549 2454 1606 de
2476 1551 2594 1607 Vita
2615 1552 2681 1626 .S.
2709 1553 2943 1611 Zenonis
2969 1571 2997 1609 a
3018 1557 3291 1614 Coronato
3320 1559 3594 1630 descripta

1994 1655 2102 1694 non
2129 1641 2405 1698 altsimiles
2436 1659 2558 1701 esse
2587 1645 2750 1713 dicit;
2785 1663 2908 1706 nam
2934 1657 2989 1704 et
3016 1648 3242 1706 inferius
3267 1652 3592 1721 videbimus,

280 1729 489 1786 candis.
524 1728 640 1795 Qua
671 1729 831 1798 plane
861 1728 1083 1784 solertia
1113 1743 1330 1798 semper
1352 1728 1479 1785 licet
1507 1729 1750 1784 Romana
1778 1729 1882 1786 Ec-
1914 1735 1961 1796 Β
1990 1748 2112 1789 eum
2147 1736 2202 1789 in
2227 1735 2533 1793 referendis
2566 1741 2876 1796 auctoribus
2908 1757 3010 1797 non
3041 1745 3176 1800 satis
3207 1753 3411 1800 tutum.
3447 1746 3598 1802 lianc

278 1823 442 1880 clesia
490 1839 585 1877 usa
635 1824 739 1890 sit;
789 1824 841 1878 in
887 1822 1272 1894 Martyrologio
1318 1830 1499 1878 tamen
1542 1821 1886 1878 emendando

275 1918 607 1974 exactiorem
640 1917 889 1989 praestitit
919 1931 1103 1972 curam
1127 1957 1142 1984 ,
1173 1925 1232 1971 ut
1263 1917 1314 1970 in
1346 1917 1498 1998 brevi
1527 1917 1706 1974 eidem
1738 1917 1882 1972 Mar-

278 2009 546 2082 tyrologio
575 2007 824 2079 apposito
853 2008 1082 2078 ipsemet
1110 2016 1341 2064 testatur
1369 2006 1700 2080 Gregorius:
1731 2024 1886 2065 nem-

279 2118 346 2174 pe
386 2104 562 2173 ipsum
605 2101 1052 2175 Martyrologium
1091 2101 1429 2168 Romanum,
1465 2121 1486 2154 r
1514 2101 1791 2158 nonnullis
1830 2104 1883 2158 in

277 2198 414 2254 locis
471 2196 818 2252 librariorum
893 2204 951 2253 et
1033 2181 1494 2269 typograpltorntn
1551 2197 1883 2270 negligentia

277 2288 604 2346 mendosum
633 2304 729 2361 per
753 2289 903 2344 viros
925 2288 1166 2345 eruditos
1195 2289 1260 2344 ad
1286 2289 1446 2345 fidem
1469 2290 1738 2358 historias,
1764 2290 1886 2362 qua:

277 2397 462 2438 rerum
501 2391 807 2453 gestarum,
841 2397 1234 2453 personarum,
1269 2383 1508 2439 locorum
1529 2428 1543 2450 ,
1581 2394 1883 2455 temporum

278 2476 542 2532 varietate
564 2476 898 2542 continetur,
928 2475 1182 2531 adhibitis
1207 2475 1372 2530 etiam
1399 2476 1680 2533 codicibus
1706 2485 1888 2533 vetus-

277 2572 507 2628 tioribus
569 2583 734 2643 atque
803 2570 1264 2626 emendatioribtts
1308 2580 1615 2628 correctum
1658 2571 1880 2628 fuisse.)

279 2668 437 2736 Quod
468 2678 649 2724 autem
681 2668 848 2739 aliqui
880 2667 1077 2724 veteris
1109 2667 1334 2722 Romani
1366 2667 1737 2739 Martyrologii
1768 2683 1888 2722 auc-

269 2763 504 2835 toritate
544 2763 602 2818 S.
632 2762 906 2817 Zenonem
950 2777 1055 2816 non
1099 2761 1424 2832 Martyrem,
1467 2761 1563 2817 sed
1589 2762 1885 2817 Confessu-

276 2873 394 2915 rem
423 2857 591 2914 fuisse
618 2865 881 2913 conentur
907 2870 1152 2911 asserere
1191 2870 1284 2910 eos
1322 2871 1505 2911 errare
1552 2855 1605 2909 in
1641 2856 1888 2926 rejieien-

278 2952 366 3008 dis
384 2951 684 3008 contrariis
707 2948 1105 3021 objectionibus
1135 2948 1602 3005 demontrabimus
1633 2948 1770 3022 (cap.
1805 2948 1882 3022 7).

282 3045 352 3101 Et
393 3060 526 3102 sane
557 3045 762 3108 ,mirum
803 3053 887 3099 est
926 3028 1189 3114 quosdam
1214 3085 1227 3108 ,
1273 3044 1362 3112 qui
1404 3044 1546 3098 inter
1575 3040 1886 3099 Catltolicos

284 3152 643 3194 connumerar

279 3231 426 3302 gium
459 3238 565 3284 tam
597 3228 788 3285 leviter
815 3227 1065 3291 eil'utire,
1090 3228 1161 3282 ita
1205 3236 1263 3283 ut
1303 3227 1478 3298 ipsum
1521 3227 1717 3284 nullius
1743 3227 1882 3298 apud

286 3337 346 3380 se
385 3336 506 3379 esse
549 3320 887 3378 auctoritatis
926 3319 1234 3377 ostendant.

911 3451 1139 3510 CAPUT
1181 3452 1244 3507 V.

283 3573 452 3639 Quam
495 3569 651 3640 ﬁdem
694 3576 951 3623 mereatur
995 3566 1119 3622 Vita
1169 3566 1232 3622 S.
1285 3544 1509 3622 Zenonis
1551 3583 1582 3621 a
1628 3566 1882 3650 Coronato

348 3663 573 3735 quodam
621 3659 843 3716 Notario
884 3660 1197 3731 conscripta,
1226 3659 1279 3713 in
1317 3675 1417 3730 qua
1465 3659 1526 3714 S.
1559 3658 1699 3714 Zeno
1746 3658 1884 3714 Con-

355 3759 516 3830 fessar
555 3756 768 3810 dicitur.
797 3752 800 3755 ’

351 3873 424 3930 iis
453 3887 570 3946 quae
600 3871 934 3943 objiciuntur
963 3868 1400 3942 respondendum
1434 3869 1484 3924 in
1519 3884 1780 3940 prtesens.
1815 3869 1885 3925 Et

282 3970 520 4041 primum
547 3968 615 4024 de
643 3968 877 4040 quodam
907 3963 1182 4021 Coronato
1211 3963 1432 4042 Notario
1459 3963 1724 4034 agendum
1749 4005 1764 4031 ,
1792 3964 1883 4036 qui

284 4065 346 4121 S.
388 4064 638 4120 Zenonis-
663 4064 862 4127 vitam,
905 4061 1025 4115 rudi
1067 4059 1209 4131 stylo
1250 4058 1565 4114 describens
1605 4057 1671 4113 de
1716 4059 1884 4128 ipsius

286 4168 466 4216 morte
485 4158 603 4213 hare
623 4155 786 4213 habet
807 4175 820 4212 :
844 4155 943 4212 Dei
967 4157 1221 4210 voluntate
1247 4155 1448 4225 quando
1472 4155 1665 4226 placuit
1685 4155 1739 4208 in
1761 4171 1884 4225 pace

282 4261 516 4324 receptus
543 4260 637 4324 est.
668 4250 744 4305 Ita
772 4248 911 4319 apud
937 4247 1240 4319 Ughellum.
1271 4247 1442 4321 (Tom.
1466 4255 1497 4300 ν
1523 4245 1792 4312 ltal.sac.,
1821 4247 1884 4303 de

289 4346 546 4402 Veronen.
575 4342 679 4414 Ep.
707 4360 760 4397 η.
787 4341 843 4408 8,
873 4342 926 4395 in
953 4341 1040 4394 ait.
1071 4340 1132 4396 S.
1165 4339 1320 4409 Zen.)
1351 4341 1426 4395 De
1456 4340 1560 4395 hoc
1611 4340 1883 4396 Coronato

284 4437 653 4511 meminerunt
691 4435 852 4490 etiam
895 4432 1000 4488 PP.
1044 4431 1490 4502 Congregationis
1530 4431 1588 4488 S.
1620 4432 1786 4487 Mauri
1829 4433 1880 4488 in

1991 1827 2240 1884 eamdem
2271 1829 2528 1886 Coronati
2553 1832 3012 1890 elucubrationem
3031 1836 3410 1892 Tillemontins
3436 1842 3600 1911 scrip-

1989 1927 2095 1974 tam
2141 1931 2286 1989 putat
2329 1933 2452 1993 post
2483 1924 2890 2013 translationem
2952 1930 3200 1999 corporis
3229 1931 3285 1985 S.
3319 1931 3593 2000 Zenottis,

1986 2027 2109 2083 qua:
2139 2013 2205 2068 ad
2236 2028 2435 2071 annum
2467 2015 2607 2084 805,
2640 2027 2883 2090 tempore
2914 2021 3088 2091 Pipini
3119 2023 3261 2093 regis
3295 2024 3437 2080 facta
3470 2025 3591 2080 fuit.

1930 2130 1956 2183 η
1986 2104 2213 2162 Certum
2237 2121 2363 2164 vero
2391 2108 2523 2165 illud
2549 2118 2633 2165 est
2658 2110 2802 2168 hunc
2823 2110 3150 2168 Coronatum
3175 2115 3456 2170 Notarium
3485 2133 3594 2172 non

1986 2199 2177 2254 eadem
2204 2216 2309 2270 qua
2335 2201 2393 2258 S.
2420 2201 2567 2258 Zeno
2592 2215 2750 2259 aetate
2782 2206 2978 2261 vixisse
3003 2225 3015 2262 :
3041 2217 3225 2263 narrat
3253 2210 3399 2264 enim
3429 2211 3596 2266 mira-

1986 2294 2166 2349 culum
2218 2293 2466 2362 Athesis,
2500 2297 2643 2367 quod
2681 2298 2738 2354 S.
2767 2297 3014 2369 Gregorii
3046 2300 3224 2369 Magni
3255 2302 3598 2372 temporibus

1986 2387 2279 2456 contigisse
2322 2390 2613 2458 trecentis,
2653 2401 2709 2446 et
2741 2393 2972 2462 amplius
3007 2394 3164 2448 annis
3201 2409 3232 2450 a
3272 2396 3330 2452 S.
3375 2395 3600 2454 Zenone

1985 2467 2310 2535 c'ertttmest.
2339 2480 2507 2550 ilujns
2537 2482 2716 2552 itaque
2747 2498 2848 2538 ms.
2877 2489 3079 2539 incerta
3109 2485 3244 2542 fides
3273 2497 3392 2554 est,
3424 2504 3602 2559 neque

1990 2583 2068 2627 tot
2120 2575 2353 2644 antiquis
2396 2584 2450 2629 et
2475 2576 2638 2631 certis~
2670 2579 3068 2645 monumentis,
3103 2594 3223 2648 qua:
3252 2595 3419 2650 supra
3453 2593 3601 2636 retuo

1988 2666 2149 2721 limus
2171 2713 2184 2733 ,
2231 2668 2585 2738 prmferenda.
2621 2668 2759 2736 Quin
2796 2671 2975 2740 potius
3005 2682 3060 2726 ut
3087 2670 3309 2727 dubiam
3343 2673 3602 2744 rejicien-

1988 2760 2109 2815 dam
2144 2775 2266 2816 esse
2311 2763 2554 2833 quisquis
2587 2763 2860 2834 intelligit.

2608 2899 2837 2958 CAPUT
2877 2901 2960 2957 Vl.

1989 3011 2636 3082 Explicatttr-Panvinius,
2684 3017 2771 3084 qui
2802 3016 2933 3070 libro
2963 3027 3150 3086 quarto
3173 3017 3356 3088 Antiq.
3402 3018 3595 3074 Veron.

648 3137 663 3191 ί
712 3135 904 3192 volunt
924 3105 956 3200 "
984 3145 1173 3191 contra
1214 3105 1516 3190 'Ro'mamlm
1562 3136 1879 3209 Martyrom.
1910 3125 1955 3188 ρ
2058 3106 2182 3159 dicit
2200 3131 2218 3170 ,-
2245 3105 2530 3161 Ecclesium
2560 3106 2903 3162 Veronensem
2929 3109 3213 3179 antiquitus
3243 3108 3306 3165 S.
3338 3108 3605 3165 lenonem

2060 3213 2160 3251 non
2199 3197 2418 3281 coluisse
2458 3200 2534 3253 uti
2569 3198 2888 3271 Martyrent:
2927 3210 2972 3254 et
3017 3201 3284 3272 Aloysiunt
3317 3200 3604 3273 Lippoma-

2061 3307 2182 3344 itum
2213 3291 2438 3360 primum
2478 3291 2667 3362 fuisse,
2711 3293 2798 3361 qui
2829 3290 3077 3363 Ofﬁcium
3107 3291 3169 3347 S.
3200 3293 3428 3349 Zenonis
3457 3305 3602 3350 tam-

2057 3399 2210 3452 quam
2239 3379 2514 3452 Pontiﬁci‘s
2543 3380 2792 3453 Martyris
2821 3381 3156 3437 ordinauerit.

2060 3495 2306 3551 Pam/inii
2345 3495 2682 3551 Veronensis
2726 3497 3104 3552 auctoritatem
3149 3497 3411 3567 Dupinius
3433 3498 3603 3555 ’l‘ille-

1985 3592 2220 3645 tnontius
2273 3597 2327 3644 et
2373 3589 2463 3644 alii
2501 3597 2688 3645 contra
2741 3589 2799 3645 S.
2829 3588 3064 3645 Zenonis
3103 3589 3426 3663 Martyrium
3464 3606 3596 3648 sen-

1986 3684 2180 3740 tientes
2209 3684 2495 3755 plurimum
2523 3683 2770 3746 laudant,
2805 3699 2965 3754 quam
2995 3682 3085 3741 hic
3110 3697 3173 3739 ex
3210 3683 3440 3754 Ughello
3463 3699 3596 3742 sus-

1903 3844 1906 3852 ι
1985 3780 2230 3850 cepimus
2258 3777 2657 3847 explicandam.
2685 3774 2920 3834 (Verum
2951 3777 3207 3849 quoniam
3239 3777 3328 3849 (ut
3356 3778 3594 3849 opinor)

1984 3871 2051 3927 de
2075 3869 2315 3943 Martyrii
2343 3885 2542 3941 genere
2567 3884 2675 3925 non
2700 3876 3007 3937 constaret,
3038 3869 3599 3940 Eeelesia~Veronen-;

1983 3967 2060 4021 sis
2097 3965 2164 4019 ab
2205 3964 2361 4020 initio
2396 3979 2566 4035 usque
2600 3962 2667 4018 ad
2705 3971 2888 4018 nostra
2918 3963 3116 4018 srecula
3142 3962 3594 4018 anniversariam

1984 4061 2051 4115 de
2080 4074 2146 4114 eo
2173 4067 2445 4129 tamquam
2471 4056 2542 4112 de
2572 4055 2825 4127 pontifice
2852 4056 3166 4112 confessore
3194 4070 3600 4112 commemora-

1985 4153 2188 4208 tionem
2212 4151 2358 4207 fecit.
2389 4151 2602 4205 Primus
2628 4149 2886 4221 Aloysius
2913 4148 3278 4220 Lippomanus
3307 4148 3596 4205 Veronen-

1984 4245 2062 4300 sis
2083 4245 2392 4316 episc0pus,
2422 4242 2748 4298 testimoniis
2775 4257 2893 4312 qua:
2917 4257 3083 4310 supra
3107 4243 3265 4297 retuli
3296 4231 3595 4308 adductus,

1979 4328 2173 4401 nostro
2201 4347 2443 4407 tempore
2468 4336 2587 4405 ejus
2616 4335 2917 4390 solemnem
2951 4335 3270 4412 memoriam
3307 4346 3591 4405 tamquam

1975 4430 2255 4501 pontificis
2283 4430 2535 4502 martyris
2565 4429 2618 4484 in
2650 4428 2894 4485 Ecclesia
2924 4428 3231 4503 Veronensi
3273 4428 3387 4484 ﬁeri
3428 4428 3598 4492 insti-

285 4531 553 4602 Operibus
580 4530 638 4586 S.
669 4527 858 4583 Hilarii
888 4526 940 4581 itt
972 4524 1340 4591 admonitione
1366 4525 1431 4579 ad
1458 4525 1656 4580 Psalm.
1685 4542 1881 4591 cxxw,
1911 4523 1966 4586 D
1993 4525 2108 4579 tuit.
2139 4543 2156 4576 ι
2181 4524 2325 4578 Idem
2365 4537 2609 4578 asserere
2646 4521 2987 4595 Cardinalem
3031 4521 3304 4578 Valerium
3346 4523 3399 4578 in
3440 4522 3597 4581 libro

283 4621 438 4693 cujus
479 4617 927 4678 commentarium
971 4616 1039 4672 de
1078 4616 1188 4671 vita
1216 4614 1275 4671 S.
1302 4614 1533 4671 ZenOnis
1564 4615 1718 4670 initio
1748 4633 1882 4687 ope-

283 4731 404 4772 rum
441 4715 685 4786 ejusdem
725 4711 783 4768 S.
818 4710 1056 4784 episcotti
1097 4710 1148 4764 in
1195 4709 1518 4765 bibliotheca
1563 4710 1618 4765 S.
1650 4710 1882 4782 Remigii

286 4809 492 4872 servari
517 4808 706 4862 dicunt
734 4805 835 4860 hoc
863 4804 1180 4873 inscriptum
1209 4801 1398 4857 titulo:
1436 4801 1616 4857 Sermo
1652 4801 1878 4857 Venera-

291 4902 403 4956 bilis
450 4899 694 4955 Coronati
736 4897 949 4954 Notarii
993 4896 1055 4950 de
1094 4897 1196 4949 vita
1237 4894 1299 4951 S.
1334 4894 1560 4949 Zenonis
1590 4897 1811 4967 episcopi
1839 4907 1886 4951 et

243 4981 247 4986 ’
285 4996 613 5066 confessoris.
643 4994 701 5050 In
726 5008 833 5063 quo
861 5005 1112 5046 sermone
1139 4988 1459 5062 prtedicatur
1482 4987 1619 5042 Zeno
1646 5005 1677 5041 a
1704 4991 1880 5046 matris

286 5098 432 5143 utero
453 5087 827 5156 sanctiﬁcatus.
856 5085 920 5138 Et
959 5082 1026 5139 de
1066 5082 1180 5153 ejus
1210 5091 1384 5137 morte
1413 5083 1492 5137 sic
1520 5099 1532 5134 :
1569 5081 1691 5136 Non
1720 5085 1879 5138 multo

284 5191 396 5253 post
435 5183 486 5234 in
526 5197 649 5252 pace
688 5189 920 5249 receptus
958 5186 1056 5233 est.
1099 5174 1429 5251 Opusculum
1471 5175 1572 5231 ltoc
1601 5193 1666 5232 ex
1696 5177 1882 5233 codice

198 5273 201 5276 ’
289 5273 464 5328 tedino
494 5273 738 5327 Abbatia:
777 5271 835 5327 S.
869 5266 1162 5326 Salvatoris
1199 5267 1394 5322 Montis
1422 5269 1622 5324 Antiati
1656 5269 1878 5326 totidem

285 5364 575 5434 exscripsit
603 5363 784 5429 verbis
811 5361 1070 5432 Ughcllus
1091 5402 1106 5424 ,
1135 5369 1186 5414 et
1214 5359 1269 5413 in
1298 5375 1364 5414 eo
1391 5359 1522 5413 nihil
1554 5361 1762 5429 penitus
1793 5363 1885 5416 lta-

270 5453 379 5527 bet
401 5455 468 5510 de
495 5454 923 5510 sanetiftcatione
951 5452 1009 5507 S.
1039 5451 1274 5508 Zenonis
1304 5451 1357 5506 in
1388 5458 1544 5506 utero
1575 5454 1797 5507 matris:
1831 5464 1886 5510 et

283 5528 398 5615 ipsa
423 5547 586 5602 verba
611 5547 680 5603 de
702 5546 846 5600 illius
881 5545 1030 5601 obitu
1060 5545 1298 5609 variant,
1333 5554 1392 5601 ut
1423 5545 1566 5616 apud
1599 5544 1884 5616 Ugltellu'm

236 5625 239 5630 ’
283 5639 468 5695 videre
493 5649 580 5695 est
599 5639 718 5694 loco
741 5652 902 5707 supra
928 5638 1114 5705 citato,
1139 5637 1228 5692 ubi
1255 5638 1334 5694 sic
1358 5637 1583 5708 legitur:
1615 5638 1692 5693 De
1713 5641 1885 5694 volun-

283 5741 383 5789 tate
412 5732 615 5803 quando
647 5731 839 5802 placuit
875 5732 928 5785 in
964 5747 1087 5802 pace
1115 5744 1344 5801 receptus
1374 5744 1466 5788 est.
1509 5733 1569 5789 In
1597 5733 1787 5792 codice
1816 5733 1870 5789 S.

1981 4618 2050 4674 de
2073 4617 2400 4673 Prtesulibus
2424 4614 2832 4691 Veronensibus
2858 4614 2988 4670 folio
3015 4615 3107 4680 l5,
3132 4624 3361 4671 testatur
3391 4613 3457 4670 de
3485 4615 3596 4672 As-

1983 4723 2054 4768 te.
2077 4711 2169 4778 ,At
2195 4711 2502 4767 Cardinalis
2532 4711 2781 4766 Valerius
2813 4712 2865 4766 in
2895 4710 3233 4768 dedicatoria
3272 4727 3500 4784 operum
3529 4715 3595 4771 S.

1984 4806 2219 4862 Zenonis
2249 4803 2477 4867 SixtuV
2525 4815 2837 4874 nuncupata
2878 4805 2936 4860 S.
2966 4804 3243 4861 Zenonem
3289 4792 3595 4880 martyrem

1984 4899 2116 4954 dicit
2140 4940 2153 4961 .
2184 4908 2240 4955 et
2270 4897 2322 4952 in
2351 4896 2543 4953 eodem
2577 4896 2726 4951 libro
2757 4898 2855 4954 SS.
2887 4899 3271 4969 episcoporum
3298 4899 3599 4958 Veronen-

1986 4992 2125 5047 sium
2151 5033 2163 5055 ,
2194 5000 2251 5044 ttt
2277 4999 2424 5061 patet
2454 5006 2523 5045 ex
2549 4989 2710 5045 Pt-tro
2736 4989 2992 5046 Galesino
3011 5034 3026 5058 ,
3055 5007 3217 5060 quem
3245 5009 3406 5065 supra
3431 5005 3600 5051 retu-

1986 5084 2150 5138 limus
2188 5081 2336 5156 (cap.
2369 5084 2473 5152 5),
2531 5081 2674 5137 idem
2726 5081 2982 5138 affirmat.
3026 5082 3351 5154 lpse.,etiam
3392 5084 3604 5141 l’anvi—

1988 5177 2107 5230 nius
2136 5175 2193 5230 S.
2227 5175 2498 5230 Zenonem
2527 5185 2823 5246 martyrem
2857 5175 3078 5244 probat,
3115 5175 3242 5233 licet
3282 5177 3334 5232 in
3364 5192 3428 5232 ea
3455 5193 3600 5235 sen-

1988 5270 2155 5324 tentia
2203 5267 2398 5333 fuerit,
2446 5275 2505 5322 ut
2550 5267 3165 5338 putaverit'Eeclesiam
3213 5269 3598 5329 Veronensem

1989 5362 2234 5418 Officium
2267 5361 2321 5418 S.
2353 5360 2586 5416 Zenonis
2624 5371 2896 5431 tamquam
2939 5360 3271 5419 confessoris
3311 5362 3599 5433 pontiﬁcis

1988 5455 2283 5526 antiquitus
2307 5453 2632 5511 celebrasse.
2676 5454 2790 5512 Hoc
2815 5471 2882 5511 ex
2913 5453 3163 5509 Panvinii
3203 5452 3381 5528 verbis
3424 5453 3597 5526 Depi-

1989 5548 2130 5614 nius,
2159 5547 2610 5604 etTillemontius
2636 5563 2744 5603 non
2768 5549 3148 5611 observarunt,
3176 5546 3273 5603 sed
3299 5545 3355 5602 id
3378 5547 3596 5618 solum,

1987 5642 2127 5711 quod
2150 5658 2262 5698 sua)
2290 5642 2529 5713 ipsorum
2557 5644 2845 5699 sententiae
2871 5641 3048 5706 favet,
3071 5640 3350 5713 opinatam
3378 5642 3603 5704 scilicet

1983 5734 2158 5806 quoad
2211 5735 2422 5792 titulum
2465 5733 2805 5792 Confessoris
2854 5732 3205 5793 traditionem
3251 5729 3603 5796 Veronensis
