3822 6220
226 371 230 374 .
248 326 340 382 ϐἓὲἱ

1322 332 1412 388 DE
1451 332 1812 392 MARTYRIO
1849 334 2094 394 SANCTI
2133 338 2442 398 ZENONIS.

3411 345 3515 404 626

248 444 472 501 Ecclesiae
491 489 505 512 ,
539 447 610 502 ab
641 462 702 502 ea
733 446 837 503 ﬁde
867 447 1260 512 desciscentes,
1293 463 1412 518 quae
1441 450 1486 504 si
1517 449 1688 515 desit,
1720 467 1822 506 nu-
1849 452 1896 514 Α
1924 453 2182 510 Ecclesiae
2210 455 2341 511 nihil
2367 465 2450 511 est
2478 455 2619 528 quod
2645 457 2918 527 dicamus;
2957 460 3044 517 die
3073 477 3306 534 namque
3327 474 3516 519 octava

247 550 311 596 tat
347 544 516 608 omnis
555 543 799 598 historia:
832 537 1050 598 veritas.
1083 542 1212 598 Haec
1241 551 1420 598 tamen
1453 544 1682 613 quaestio
1723 544 1820 599 'in-

245 647 408 705 specta
437 652 542 693 ms.
573 637 802 715 veritate
829 635 985 693 facile
1010 637 1348 693 dissolvitur.
1379 636 1513 692 Nam
1537 653 1602 692 cx
1643 636 1816 693 Vero-

246 733 435 798 neusis,
476 747 581 788 nec
620 748 726 787 non
764 731 1114 797 Pistoriensis
1155 731 1421 788 Ecclesiae
1453 732 1820 788 monumentis

242 841 384 895 supra
413 825 606 882 relatis
640 832 796 898 (cap.
852 827 878 882 1
924 836 974 881 et
1021 821 1091 897 2)
1140 842 1205 882 ex
1236 822 1433 896 iisque
1477 825 1821 897 p0tissimum

242 934 346 988 qua:
375 916 758 976 Pistoriensem
789 905 1093 976 Ecclesiam
1122 935 1152 974 a
1187 919 1479 987 Veronensi
1521 928 1818 975 mutuatam

239 1026 349 1066 esse
374 1011 703 1091 credendum
733 1022 850 1078 est,
879 1010 1085 1084 liquido
1113 1021 1326 1066 constat
1356 1013 1409 1067 in
1443 1011 1815 1078 Lectionibus,

243 1105 288 1160 in
327 1105 530 1177 Hymno
578 1115 635 1167 et
678 1106 731 1161 in
769 1103 1097 1175 Antiphonis
1136 1105 1450 1177 Martyrium
1489 1105 1546 1162 8.
1580 1105 1819 1172 Zenonis

241 1198 664 1252 commemorari.
692 1196 888 1253 Verum
917 1196 1138 1276 quidem
1163 1207 1247 1253 est
1274 1199 1536 1269 reliquum
1565 1196 1817 1253 Officium
1842 1215 1853 1227 κ

242 1291 504 1346 Festorum
533 1291 594 1348 S.
625 1291 857 1348 Zenonis
884 1307 950 1348 ex
976 1293 1250 1348 communi
1278 1293 1650 1368 confessorum
1684 1306 1818 1362 pon-

239 1383 421 1439 tiﬁcum
459 1383 769 1444 ordinatum
809 1376 1033 1461 fuisse;'
1058 1396 1113 1442 et
1151 1375 1220 1442 ita
1259 1395 1404 1458 patet
1449 1386 1706 1442 confundi
1746 1386 1819 1442 ri-

241 1485 339 1532 tum
366 1477 430 1533 de
457 1489 697 1552 martyre
722 1487 776 1536 et
803 1479 1119 1537 conlessore
1149 1481 1202 1536 in
1232 1482 1417 1537 Ofﬁcio
1442 1536 1447 1541 ,
1471 1482 1527 1549 8.
1557 1481 1814 1546 Zenonis,

238 1586 294 1628 ea
322 1570 450 1627 forte
476 1571 551 1629 de
576 1587 738 1629 causa
757 1613 771 1638 ,
798 1575 920 1644 quia
951 1589 1072 1629 cum
1102 1574 1361 1631 solemnis
1389 1575 1677 1642 festivitas,
1706 1584 1813 1630 tam

238 1664 364 1732 apud
391 1664 735 1736 Veronenses
785 1681 944 1736 quam
974 1667 1113 1737 apud
1141 1667 1504 1724 Pistorienses
1531 1655 1603 1722 de
1624 1667 1684 1724 8.
1717 1666 1818 1721 Ze-

237 1773 366 1813 none
394 1774 446 1813 vi
477 1757 603 1814 ldus
631 1758 946 1814 Decembris
965 1800 979 1821 ,
1011 1759 1102 1828 qui
1153 1757 1270 1814 dies
1299 1757 1668 1813 Ordinationis
1696 1766 1778 1814 est
1797 1799 1812 1825 ,

1921 548 2226 604 decembris
2249 550 2555 607 celebratur
2580 551 2772 609 festum
2789 554 3144 612 ordinationis
3166 557 3226 613 8.
3255 557 3514 624 Zenonis,

1920 640 1996 694 uti
2026 641 2355 698 confessoris
2385 645 2687 714 pontiﬁcis,
2723 662 2832 702 non
2879 649 3040 706 modo
3069 650 3380 720 Mediolani,
3413 651 3510 707 sed
3558 663 3564 669 ‘

1921 742 1976 788 et
2006 733 2322 797 Veronte,et
2341 737 2650 806 Pistorii,et
2679 739 2835 797 Pisis.
2856 741 2932 797 Ita
2963 753 3018 800 et
3044 746 3112 802 de
3150 745 3407 803 cathedra
3451 745 3510 804 8.

1921 824 2064 879 Petri
2097 835 2206 900 turn
2234 825 2493 894 Romana,
2515 838 2623 884 tum
2651 831 2984 890 Autiochena
3015 836 3233 893 Festum
3262 838 3510 895 celebra-

1922 926 2008 973 tur
2035 918 2239 988 absque
2267 919 2369 974 ulla
2401 923 2674 979 mentione
2705 928 2966 998 martyrii.
3000 929 3053 984 In
3087 931 3287 986 Missali
3314 924 3504 988 tamen

1920 1012 2285 1068 Ambrosiano
2302 1013 2456 1082 jussu
2484 1014 2760 1072 Frederici
2783 1019 3067 1076 cardinalis
3099 1022 3377 1081 Borromei
3401 1026 3520 1079 ΑΝ

1920 1104 2254 1177 chiepiscopi
2300 1095 2716 1178 MediOlaneusis
2745 1106 2912 1179 edito,
2943 1126 3132 1169 octava
3172 1116 3259 1173 die
3288 1117 3505 1173 decem-

1919 1197 2030 1254 bris
2053 1197 2247 1253 festum
2279 1198 2663 1269 Conceptionis
2696 1201 2755 1255 Β.
2781 1201 2957 1258 Μετίτε
2985 1205 3204 1277 virginis
3246 1208 3499 1275 habetur,

1916 1304 2038 1344 cum
2067 1285 2587 1346 commemoratione
2618 1291 2676 1347 8.
2720 1292 2967 1360 Zenonis,
3002 1306 3056 1352 et
3085 1299 3138 1351 in
3168 1299 3504 1355 orationibus

1918 1382 1974 1438 S.
2009 1382 2158 1449 Zeno
2184 1395 2388 1456 martyr
2413 1392 2469 1438 et
2515 1382 2762 1454 pontifex
2793 1384 3007 1441 dicitur.
3050 1387 3202 1455 Quod
3226 1387 3427 1455 autem,
3456 1400 3516 1447 ut

1918 1473 2298 1531 Tillemontius
2345 1475 2576 1532 afﬁrmat
2621 1477 2677 1531 in
2727 1476 2925 1534 Missali
2971 1478 3331 1537 Ambrosiano
3375 1483 3507 1538 anni

1922 1569 2256 1640 1560,4nulla
2304 1569 2395 1624 ﬁat
2421 1572 2870 1626 commemoratio
2908 1570 2977 1628 de
3007 1574 3288 1644 martyrio,
3317 1575 3512 1650 mirum

1920 1679 2028 1718 non
2057 1672 2158 1732 est,
2208 1674 2330 1719 eum
2353 1674 2409 1720 et
2441 1663 2686 1732 Veronae,
2719 1675 2776 1720 ut
2802 1679 2964 1734 supra
3011 1664 3150 1738 (cap.
3183 1665 3240 1735 l)
3267 1680 3338 1721 ex
3371 1666 3509 1722 Don-

1919 1756 2077 1823 dorio
2100 1750 2425 1825 notavimus,
2455 1759 2524 1813 de
2549 1757 2809 1830 martyrio
2829 1757 2885 1814 8.
2917 1757 3150 1814 Zenonis
3173 1758 3224 1812 in
3250 1758 3386 1814 festo
3415 1774 3506 1813 or-
3572 1833 3575 1836 _
3600 1772 3604 1776 ·

236 1851 618 1915 celebraretur,
645 1859 1048 1917 unumtantum
1072 1849 1309 1906 ofﬁcium
1333 1849 1541 1905 duabus
1560 1848 1820 1905 festivita-
1849 1845 1897 1904 B
1923 1851 2216 1906 dinationis
2240 1850 2358 1922 ejus
2387 1852 2557 1906 altum
2585 1851 2882 1906 silentium.
2913 1851 3067 1906 Nunc
3095 1851 3163 1906 de
3194 1851 3514 1924 Martyrolo—

241 1944 367 1999 tibus
393 1943 544 1999 rudis
569 1943 1338 2016 antiquitasaccommodavit,
1373 1943 1443 1997 ita
1471 1950 1530 1997 ut
1558 1943 1818 1998 memoria

237 2040 460 2109 martyrii
485 2040 544 2095 S.
571 2038 809 2095 Zenonis
840 2025 999 2096 unice
1027 2047 1338 2096 servaretur
1367 2038 1418 2093 in
1447 2037 1816 2104 Lectionibus,

237 2131 453 2204 llymno,
483 2121 814 2203 Antiphouis
836 2175 851 2200 ,
885 2141 940 2188 et
970 2131 1190 2187 forsitan
1223 2132 1274 2186 in
1305 2130 1586 2196 Oratione,
1615 2145 1734 2199 qute
1763 2129 1815 2184 in

236 2237 407 2282 nostro
447 2228 612 2282 etiam
660 2227 842 2282 ofﬁcio
887 2228 1166 2282 immutata
1207 2241 1313 2282 non
1352 2224 1565 2281 videtur
1594 2224 1646 2279 in
1678 2238 1818 2296 prte-

231 2331 382 2382 sens,
456 2333 580 2373 cum
662 2318 887 2373 multam
942 2333 1050 2386 prae
1106 2332 1166 2372 se
1215 2316 1353 2372 ferat
1395 2315 1812 2386 antiquitatem.

235 2409 335 2466 Hoc
381 2411 543 2482 igitur
593 2413 912 2482 praestitisse
966 2412 1332 2481 Lippomanus
1379 2409 1643 2466 dicendus
1693 2418 1811 2466 est:

231 2505 500 2561 sustulisse
542 2505 753 2561 scilicet
793 2505 932 2560 hanc
965 2503 1140 2560 Ofﬁcii
1182 2503 1554 2562 confusionem
1578 2546 1593 2569 ,
1637 2511 1691 2559 et
1723 2518 1813 2560 re-

232 2597 349 2653 licto
388 2600 491 2654 ritu
529 2599 873 2655 Oonfessoris
913 2593 1200 2653 Pontificis
1226 2614 1321 2669 pro
1350 2598 1437 2653 die
1467 2597 1628 2654 Festo
1657 2596 1817 2652 Ordi-

233 2693 484 2761 nationis,
529 2694 694 2748 ritum
743 2692 908 2747 totius
955 2691 1238 2748 Olﬁcii‘de
1276 2691 1541 2747 Pontiﬁce
1580 2691 1815 2763 Martyre

232 2802 320 2857 pro
345 2786 502 2842 Festo
531 2787 781 2843 Natalitio
806 2787 864 2844 8.
892 2787 1126 2843 Zenonis
1153 2785 1291 2857 prid.
1318 2786 1442 2842 ldus
1466 2786 1667 2858 Aprilis
1693 2787 1814 2842 des-

232 2880 436 2935 tinasse.
482 2881 619 2936 lllud
664 2881 844 2936 autem
883 2890 1090 2936 certum
1138 2889 1223 2935 est
1267 2891 1394 2936 ante
1422 2879 1812 2951 Lippomanum

225 2969 431 3050 Festum
475 2973 838 3031 Ordinationis
885 2989 940 3028 vr
991 2973 1110 3028 ldus
1168 2972 1479 3029 Decembris
1519 2972 1815 3028 solemnius

228 3069 472 3124 celebrari
515 3069 734 3124 solitum
774 3068 1044 3123 Veronae:
1087 3077 1210 3136 post
1248 3066 1642 3135 Lippomanum
1683 3081 1812 3120 vero

228 3164 594 3218 solemuiorem
637 3162 1009 3219 FeStivitatem
1040 3161 1139 3216 ‘die
1196 3160 1403 3217 Natalis
1443 3175 1538 3216 seu
1571 3161 1812 3232 martyrii

1920 1943 2010 2014 gio
2037 1943 2282 1998 Roinano
2304 1942 2587 1999 dicendum
2613 1951 2714 2000 est.
2746 1944 2986 2012 Quaestio
3012 1953 3193 2000 autem
3216 1958 3321 2000 non
3345 1943 3518 2000 estde

1922 2037 2305 2109 Martyrologio
2329 2039 2574 2094 Romano
2600 2038 2908 2111 emendato,
2933 2039 2983 2094 in
3007 2055 3113 2111 quo
3136 2039 3194 2096 S.
3213 2039 3360 2095 Zeno
3372 2053 3517 2094 mar-

1923 2131 2054 2203 tyris
2093 2132 2244 2186 titulo
2281 2131 2591 2197 decoratur,
2620 2132 2715 2188 sed
2750 2132 2818 2189 de
2851 2133 3240 2205 Martyrologio
3270 2131 3517 2188 Romano

1919 2225 2160 2295 antiquo,
2183 2233 2239 2279 ut
2255 2223 2613 2282 Combeﬁsius
2632 2234 2803 2296 putat,
2831 2224 3132 2294 quiMolan'i
3145 2239 3386 2282 errorem
3406 2238 3516 2279 non

1920 2318 2324 2386 animadvertit,
2377 2333 2498 2374 cum
2541 2319 2692 2374 illum
2733 2319 2819 2375 vel
2863 2319 3109 2374 Molanus
3152 2327 3273 2388 post
3310 2317 3513 2373 editum

1918 2410 2148 2467 Usuardi
2171 2407 2611 2484 Martyrologium
2648 2413 2952 2482 agnoverit.
2985 2410 3106 2482 Ipse
3144 2413 3287 2467 enim
3314 2410 3515 2467 fatetur

1920 2506 1972 2562 in
2023 2507 2253 2578 epistola
2281 2507 2346 2562 ad
2377 2507 2636 2563 lectorem
2661 2514 2787 2562 ante
2813 2506 3041 2564 Usuardi
3071 2506 3513 2578 Martyrologium

1918 2617 1976 2656 se
1992 2617 2089 2672 pro
2102 2601 2348 2657 Romano
2358 2602 2740 2674 Martyrologio
2753 2615 2916 2658 'usum
2943 2601 3108 2657 fuisse
3130 2602 3208 2657 Ma
3218 2603 3509 2674 rtyrologio

1918 2692 2113 2748 Bellini
2141 2693 2209 2749 de
2241 2694 2444 2761 Padua,
2479 2709 2656 2764 neque
2675 2681 2844 2751 ullum
2871 2695 3036 2750 alium
3066 2694 3511 2766 Martyrologium

1918 2787 2217 2844 Romanum
2247 2790 2468 2846 vidisse.
2490 2788 2682 2845 Extant
2705 2791 2801 2862 (ait
2832 2791 2968 2864 ipse)
2997 2790 3102 2845 alia
3140 2789 3389 2846 Romanae
3413 2789 3516 2845 Ec-

1917 2882 2088 2936 clesiae
2114 2881 2508 2955 Martyrologia,
2540 2900 2654 2955 qua?
2677 2900 2781 2939 non
2797 2885 2921 2939 vidi.
2941 2885 3072 2941 Cum
3092 2899 3222 2940 vero
3251 2885 3533 2957 Martyrov

1918 2975 2119 3044 logium
2137 2975 2434 3031 Romanum
2450 2985 2692 3046 tempore
2706 2976 2920 3032 Baronii
2934 2976 3139 3032 editum
3154 2977 3398 3042 vidisset,
3419 2993 3519 3033 no-

1917 3069 2295 3132 tationessuas-
2306 3071 2356 3124 in
2375 3070 2673 3126 Usuardum
2688 3071 2930 3126 correxit
2944 3086 3007 3128 ac
3021 3056 3402 3144 Martyrologio
3415 3072 3518 3128 Ro-

1917 3176 2079 3216 mano
2097 3161 2542 3228 accommodavit;
2575 3163 2669 3218 sed
2693 3173 2866 3220 morte
2889 3174 3195 3236 praeventus
3216 3164 3380 3221 edere
3401 3180 3511 3221 non

227 3254 412 3311 ibidem
438 3255 705 3312 celebrari
732 3254 814 3310 his
842 3268 1058 3326 quoque
1083 3247 1297 3322 nostris,
1310 3253 1642 3324 temporibus
1665 3251 1806 3322 prid.
1840 3239 1885 3303 C
1919 3253 2104 3322 potuit.
2134 3253 2205 3307 lta
2238 3263 2462 3309 testatur
2479 3255 2742 3311 Baronius
2773 3257 2824 3312 in
2853 3257 3249 3329 prolegomenis
3276 3257 3343 3314 de
3378 3258 3519 3314 Mar-

226 3346 339 3403 ldus
366 3346 573 3418 Aprilis
601 3347 981 3412 consuevisse;
1012 3354 1068 3399 et
1094 3347 1556 3415 boc'praac’eptum
1589 3343 1753 3399 fuisse
1781 3359 1807 3396 a

229 3441 572 3511 Lippomano,
603 3440 923 3513 putaverim,
956 3423 1015 3493 ut
1041 3435 1693 3510 Martyrium'Slenonis
1719 3451 1812 3492 ce-

227 3534 436 3591 lebriori
489 3536 748 3590 memoria
803 3542 1074 3605 ageretur.
1130 3531 1521 3600 Lippomanum
1580 3545 1813 3600 namque

233 3628 487 3696 primum.
518 3627 681 3683 fuisse
724 3625 815 3697 qui
859 3623 1173 3681 memoriam
1215 3622 1459 3696 Martyrii
1491 3621 1548 3679 S.
1581 3622 1817 3676 Zenonis

227 3723 540 3789 instituerit,
570 3721 718 3776 nullo
741 3729 902 3791 pacto
927 3718 1032 3773 dici
1065 3727 1242 3787 potest
1260 3743 1278 3783 ,-
1304 3732 1424 3771 cum
1454 3717 1505 3772 id
1539 3716 1815 3772 veteribus

227 3815 463 3870 omnibus
510 3812 874 3869 monumentis
915 3811 1257 3866 adversetur.
1291 3808 1404 3864 Non
1438 3824 1568 3879 ergo
1609 3809 1816 3878 primus

227 3892 457 3980 martyrii
488 3908 864 3964 celebritatem
896 3905 1127 3960 instituit
1158 3903 1552 3973 Lippbnianus,
1587 3902 1684 3957 sed
1714 3902 1814 3958 ad—

225 4003 377 4055 mixta
405 4001 660 4057 discrevit
687 3999 876 4056 Ofﬁcia
903 4040 918 4064 ,
949 3995 1370 4052 et'Confessoris
1405 3993 1659 4049 Ofﬁcium
1712 3994 1815 4050 Or-

224 4097 479 4155 dinationi
501 4143 516 4165 ,
543 4098 800 4170 Martyris
825 4095 998 4151 Natali
1029 4095 1084 4150 S.
1117 4091 1352 4148 Zenonis
1379 4090 1607 4146 addixit.

830 4184 1224 4259 CAPUT_VH.

223 4280 294 4336 De
319 4283 686 4355 Martyrologio
705 4283 932 4339 Usuardi
947 4301 978 4336 η
1000 4282 1212 4336 Μοιηηο
1238 4293 1489 4346 correcta,
1514 4292 1560 4334 et
1582 4279 1643 4333 de
1671 4277 1818 4332 Mar-

287 4382 536 4450 tyrologio
557 4381 787 4435 Romano
809 4379 1037 4450 antiquo.
1057 4388 1100 4430 et
1115 4377 1176 4431 de
1191 4378 1314 4430 aliis
1338 4362 1745 4446 Martyroloyiis.

287 4492 529 4547 Molanns
591 4495 641 4548 in
708 4491 1154 4547 adnotationibus
1238 4490 1303 4544 ad
1381 4487 1820 4559 Martyrologium

222 4580 440 4638 Usuardi
476 4585 648 4654 pridie
677 4585 797 4639 ldus
825 4583 1048 4655 Aprilis,
1083 4583 1170 4637 ubi
1213 4581 1281 4636 de
1314 4581 1372 4638 S.
1403 4580 1646 4644 Zenone,
1699 4579 1814 4633 hzec

220 4678 373 4731 verba
404 4677 638 4735 Usuardi
665 4679 884 4733 susmlit
913 4696 926 4731 :
958 4679 1030 4731 Ac
1058 4689 1287 4742 tempore
1313 4673 1538 4729 Gallieni
1559 4673 1811 4744 martyrio

222 4780 483 4825 coronatus
513 4783 607 4827 est.
636 4771 800 4841 Cujus
829 4771 1185 4828 correctionis
1216 4770 1484 4823 rationem
1513 4766 1601 4821 his
1633 4765 1811 4821 verbis

223 4863 390 4925 reddit
416 4885 430 4918 :
463 4862 547 4918 De
582 4863 787 4920 Zenone
811 4863 996 4918 sustuli
1028 4861 1255 4917 Usuardi
1288 4863 1460 4923 verba,
1496 4877 1557 4913 ac
1584 4868 1812 4928 tempore

225 4954 438 5010 Gallieni
459 4960 706 5029 martyrio
741 4967 1015 5012 coronatus
1045 4968 1137 5010 est.
1172 4954 1434 5010 Honorari
1464 4971 1578 5009 eum
1606 4962 1659 5006 ut
1688 4969 1812 5006 con-

224 5049 462 5118 fessorem
507 5061 708 5105 constat
737 5067 800 5105 ea:
847 5051 1083 5106 Romano
1131 5048 1508 5119 Martyrologio
1554 5057 1601 5100 et
1642 5046 1817 5118 ofﬁcio

228 5142 623 5198 Merliolanensis
680 5143 960 5209 Ecclesiae,
1022 5146 1105 5198 die
1195 5153 1373 5197 octava
1421 5141 1699 5195 decembris
1774 5147 1821 5192 et

223 5235 456 5300 aliunde;
494 5247 729 5308 extatque
768 5236 917 5290 Lobii
966 5238 1198 5290 narratio
1246 5235 1547 5289 venerabilis
1576 5231 1820 5288 Coronati

226 5325 642 5384 Christianissimi
685 5333 874 5384 notarii
911 5332 974 5384 de
1011 5329 1126 5384 Vita
1157 5331 1220 5386 S.
1261 5329 1483 5384 Zenonis
1519 5329 1742 5399 episcopi
1774 5335 1822 5380 et

229 5421 550 5492 confessoris.
596 5421 872 5496 Gregorius
915 5422 1117 5475 interim
1157 5424 1306 5476 tertio
1338 5422 1676 5490 Dialogorum
1697 5437 1814 5490 cap.

231 5515 311 5581 i9,
352 5518 427 5572 bis
455 5533 573 5571 eum
597 5527 871 5588 martyrem
909 5517 1175 5578 nominare
1207 5516 1385 5568 maluit
1431 5530 1586 5584 quam
1614 5515 1818 5580 confes-

230 5627 408 5677 sorem,
441 5627 502 5664 eo
531 5611 662 5676 quod
690 5611 822 5663 inter
851 5606 1109 5680 procellas
1138 5607 1508 5678 persecutionis
1534 5607 1697 5658 multa
1743 5606 1816 5658 ri-

230 5704 388 5758 n'liter
419 5705 714 5774 pertulerit;
746 5713 846 5772 qua
877 5704 1050 5758 eadem
1081 5718 1235 5754 causa
1277 5701 1580 5754 Iuvenalem
1616 5715 1815 5770 quoque

231 5794 347 5847 alibi
370 5806 643 5865 martyrem
665 5797 912 5849 nominat.
944 5798 1018 5849 De
1037 5792 1347 5849 narratione
1375 5792 1628 5847 Coronati
1661 5793 1818 5846 nota-

233 5883 291 5938 fii
313 5885 422 5952 jam
464 5886 666 5943 dictum
696 5897 774 5937 est
805 5887 942 5949 (cap.
969 5884 1043 5947 Pi).
1088 5888 1160 5941 De
1188 5885 1370 5940 ofticio
1400 5885 1821 5940 Mediolanensis

1863 3393 1867 3401 .
1917 3346 2180 3424 tyrologio
2210 3345 2453 3401 Romano
2478 3357 2604 3403 ante
2622 3363 2750 3428 suas
2777 3349 3104 3416 notationes,
3137 3349 3312 3420 capite
3347 3364 3513 3404 nono.

1917 3437 2286 3492 Prwterierunt
2306 3440 2439 3492 enim
2457 3437 2729 3494 Molanum
2749 3442 3142 3515 quamplurima
3169 3442 3381 3511 antiqua
3416 3458 3512 3496 ms.

1894 3529 2140 3584 Romani
2172 3529 2537 3614 Martyrologii
2583 3535 2897 3604 exemplaria
2919 3577 2933 3601 ,
2965 3551 3029 3590 ea:
3055 3536 3235 3606 quibus
3260 3536 3519 3602 quodnam

1914 3625 2124 3701 qualeve
2155 3613 2288 3678 esset.
2315 3623 2626 3680 Germanum
2672 3627 2842 3696 ipsum
2870 3626 3162 3681 Romanum
3201 3626 3521 3697 Martyrolo-

1917 3719 2061 3787 gium
2079 3717 2367 3788 intelligere
2386 3719 2572 3772 certius
2596 3720 2862 3788 potuisset.
2895 3717 3200 3774 Tolerabilis
3221 3719 3446 3788 quidem,
3474 3729 3522 3774 et

1916 3809 2062 3862 venia
2091 3810 2274 3880 dignus
2303 3825 2466 3873 error,
2500 3826 2615 3862 cum
2645 3811 2754 3878 ipse
2784 3812 2888 3864 tam
2909 3809 3058 3879 longe
3085 3812 3302 3881 positus,
3332 3827 3392 3864 ea
3424 3826 3517 3864 ne-

1917 3902 2090 3955 scierit
2143 3918 2256 3970 qua:
2281 3902 2381 3967 illi,
2423 3903 2512 3973 qui
2544 3902 2719 3959 Roma:
2745 3913 2936 3974 agunt,
2979 3900 3292 3974 cix‘magno
3323 3903 3518 3969 labore,

1920 3997 2174 4068 pervigili,
2206 3997 2498 4068 diligentia,
2523 4009 2570 4051 et
2594 4014 2793 4053 summa
2814 4005 2934 4052 sunt
2950 3988 3206 4052 industria
3230 3998 3514 4052 consecuti.

1923 4092 2140 4147 Gavisus
2163 4109 2281 4147 vero
2303 4110 2406 4147 non
2434 4094 2756 4162 mediocriter
2779 4095 2876 4169 fui,
2904 4110 3017 4147 cum
3043 4111 3206 4162 nuper
3229 4102 3516 4164 Opportune

1922 4187 2197 4241 admodum
2226 4189 2453 4242 accincta
2471 4192 2587 4261 jam
2609 4189 2676 4241 ad
2706 4189 2981 4242 secundam
2995 4189 3267 4243 editionem
3285 4199 3522 4260 typogra-

1924 4279 2026 4350 pho
2050 4282 2397 4352 conjecturam
2437 4281 2876 4353 suspicionemque
2900 4279 3035 4334 hunc
3055 4297 3218 4334 meam
3248 4296 3310 4334 ea:
3336 4280 3518 4334 litteris

1925 4373 2330 4429 reverendissimi
2368 4373 2590 4428 Domini.
2630 4373 2839 4428 Henrici
2890 4372 3046 4429 Gravi
3083 4375 3305 4447 theoloyi
3342 4371 3516 4426 Lava-

1877 4459 1880 4464 ’
1926 4469 2143 4522 ηἱεηδὶε’
2169 4468 2380 4521 minime
2449 4483 2664 4521 vacuam
2711 4477 2800 4542 aut
2840 4468 3043 4521 inanem
3083 4469 3241 4537 fuisse
3281 4467 3512 4538 cognovi.

1928 4559 2119 4617 Scribit
2139 4562 2182 4616 is
2210 4563 2347 4615 enim
2373 4561 2440 4615 ad
2469 4578 2546 4615 me
2589 4562 3070 4616 reverendissimum
3095 4559 3370 4614 Dominum
3395 4559 3513 4614 Μο-

1919 4657 2094 4710 lanum
2118 4659 2328 4727 accepto
2358 4644 2475 4727 jam
2506 4671 2679 4709 recens
2711 4655 2844 4710 edito
2874 4653 3248 4726 Martyrologio
3280 4652 3515 4707 Romano

1917 4751 2202 4804 natationes
2223 4765 2364 4814 suas,
2387 4765 2513 4819 quas
2540 4749 2592 4801 in
2623 4746 2919 4801 Usuardum
2931 4749 3045 4819 jam
3069 4745 3268 4815 prident
3289 4748 3514 4816 scripse-

1916 4852 1997 4895 rat
2026 4844 2180 4912 probe
2217 4843 2506 4916 recoynitas
2535 4849 2809 4910 auctasque
2836 4839 2995 4893 eidem
3040 4838 3410 4912 Martyroloyio
3439 4849 3516 4892 at-

1917 4947 2228 4994 tetnnerasse
2277 4948 2428 5004 atque
2474 4927 2925 4997 accommodasse;
2983 4931 3072 4986 sed
3101 4943 3148 4987 et
3201 4944 3517 5000 prmanatura

1922 5041 2083 5086 morte
2123 5031 2401 5094 subtracto,
2433 5029 2600 5082 minus
2628 5030 2795 5098 facere
2824 5027 3047 5080 licuisse.
3075 5025 3200 5080 Hinc
3227 5026 3513 5086 Barouius.

1922 5124 2056 5179 lllud
2085 5138 2299 5194 quoque
2325 5129 2409 5176 est
2444 5119 2867 5181 observandum,
2896 5119 3072 5188 ipsum
3111 5120 3316 5174 scilicet
3345 5120 3515 5175 Mola-

1923 5236 2048 5274 num
2079 5222 2128 5274 in
2156 5216 2415 5288 opusculo
2453 5216 2518 5270 dc
2558 5215 2952 5286 Martyrologiis
2997 5213 3269 5269 afllrmare
3323 5215 3514 5270 Eccle-

1923 5316 2056 5370 siam
2108 5326 2387 5368 romanam
2443 5311 2517 5363 uti
2571 5310 2786 5363 solitam
2846 5308 3228 5379 Martyrologio
3283 5306 3514 5363 Usuardi

1928 5419 2105 5475 aucto,
2139 5409 2191 5463 in
2216 5422 2323 5476 quo
2343 5405 2401 5462 8.
2434 5405 2580 5460 Zeno
2604 5416 2848 5473 tempore
2871 5402 3103 5458 Gallieni
3142 5402 3400 5472 martyrio
3430 5415 3521 5455 co-

1934 5513 2154 5560 ronatus
2207 5502 2420 5556 dicitur.
2496 5499 2931 5570 Martyrologium
2993 5512 3124 5566 ergo
3181 5497 3521 5559 Romanum,

1930 5600 2071 5670 quod
2101 5598 2242 5653 idem
2273 5608 2355 5651 est
2381 5612 2450 5652 ex
2476 5597 2648 5666 ipsius
2687 5596 2975 5658 sententia,
3001 5610 3062 5648 ac
3085 5594 3522 5663 Martyrologium

1931 5704 2146 5749 auctum
2177 5691 2408 5748 Usuardi
2455 5691 2514 5746 S.
2547 5691 2817 5745 Zenonem
2852 5697 3141 5759 martyrem
3177 5703 3295 5740 esse
3327 5689 3522 5740 contir-

1929 5798 2057 5851 mat;
2087 5787 2518 5857 Martyrolotzinm
2543 5799 2670 5838 vero
2698 5783 2908 5847 Bellini,
2932 5781 3075 5852 quod
3101 5781 3226 5835 vidit
3255 5781 3517 5847 Molanus,

1940 5882 1998 5936 8.
2059 5880 2336 5933 Zenonem
2386 5877 2754 5931 confessorem
2797 5863 2927 5930 dicit
2953 5890 3002 5928 γι
3046 5874 3167 5928 ldus
3197 5872 3520 5944 decembris.
