3822 6220
145 364 251 420 (~29

1206 358 1691 433 DEgMARTYRlO
1731 357 1980 415 SANCTI
2020 359 2328 415 ZENONIS.

3352 365 3455 420 ('30

141 487 331 534 ctorcs
369 478 554 534 videre
598 476 934 549 potuissent?
966 477 1006 531 Δ
1036 475 1320 531 calumniis
1361 474 1541 543 itaque
1579 472 1744 527 absti'
1777 477 1823 535 Α
1856 473 1987 527 bona
2014 474 2117 542 ﬁde
2146 490 2237 528 nos
2263 492 2569 544 agnoscere,
2602 477 2802 531 nullum
2834 492 2926 533 nos
2956 478 3141 533 habere
3183 494 3455 551 argumen-

142 581 348 635 neant,
407 585 583 641 neque
629 570 823 625 Bedam
889 576 984 622 aut
1030 566 1164 622 alios
1210 565 1466 635 culpent,
1514 564 1560 618 si
1613 564 1748 618 forte

142 661 200 718 8.
234 660 489 734 Gregorii
520 661 838 717 auctoritate
862 650 1028 725 ducti,
1063 658 1119 714 8.
1153 645 1425 712 Zenonem
1454 664 1748 727 martyrem

142 752 409 810 dixerint.
426 745 631 808 'Nonne
654 753 864 807 Verona
890 749 1031 807 Urbs
1056 758 1139 806 est
1164 749 1329 804 Italia:
1350 748 1628 818 prazclara,
1656 764 1749 803 cu—

138 850 229 921 jus
260 850 319 906 S.
356 850 649 905 Patronum
678 847 837 904 facile
876 861 1170 919 agnoscere
1210 848 1420 917 poterat
1456 844 1747 925 Gregorius

142 958 397 998 summus
427 942 694 1007 Pontifex,
721 952 777 997 et
804 942 925 1010 ipse
953 940 1113 995 Italus
1160 935 1467 1005 Romanus,
1499 939 1551 992 in
1584 938 1747 993 rebus

141 1036 313 1091 Italia:
346 1034 777 1099 versatissimus,,
810 1042 919 1087 tum
953 1042 1173 1102 preptcr
1216 1046 1302 1086 res
1335 1030 1501 1094 italia:
1530 1038 1743 1099 gestas,

143 1138 259 1205 tu'm
287 1136 513 1198 prepter
536 1126 763 1181 Romani
808 1125 1151 1195 pontiﬁcatus
1186 1122 1745 1203 administrationem?

145 1220 225 1273 De
274 1218 443 1273 Paulo
495 1220 674 1273 etiam.
712 1217 971 1282 Diacouo,
1021 1217 1114 1287 qui
1160 1216 1218 1272 S.
1272 1216 1547 1271 Zenonem
1596 1229 1744 1283 mar-

142 1322 321 1381 tyrem
350 1310 483 1364 dicit
512 1310 638 1380 quid
663 1309 947 1364 dubitant?
976 1309 1087 1376 Qua
1120 1310 1328 1365 ratione
1359 1314 1546 1378 putant
1572 1308 1744 1376 ipsum

143 1405 472 1459 auctoritate
502 1405 559 1460 S.
592 1404 840 1475 Gregorii
886 1404 1104 1460 ductum
1152 1404 1203 1458 id
1244 1403 1581 1459 afﬁrmasse?
1609 1401 1743 1458 Cum

144 1497 237 1551 ille
266 1498 449 1553 Patria
481 1496 840 1567 Aquileiensis
863 1512 924 1552 ac
980 1496 1238 1552 Desiderii
1268 1495 1741 1567 Langobardorum

144 1591 322 1661 regis,
371 1588 401 1643 a
443 1591 667 1647 secretis
694 1590 1059 1646 Veronensem
1104 1590 1290 1645 urbem
1342 1604 1371 1643 a
1424 1589 1589 1659 Papia
1636 1604 1743 1645 non

142 1682 301 1753 longe
332 1682 623 1737 admodum
652 1682 811 1737 sitam
854 1682 1096 1753 apprime
1135 1681 1396 1737 calluerit.
1431 1680 1565 1736 Nunt
1595 1680 1744 1752 igno-

144 1792 265 1832 rare
294 1776 499 1846 potuit,
529 1792 635 1845 quo
665 1776 809 1831 cultu
836 1776 1129 1830 Patronum
1158 1790 1312 1829 suum
1344 1773 1555 1829 Verona
1594 1775 1739 1829 cole-

1851 571 1959 618 tum
1988 566 2050 621 S.
2082 566 2345 621 Zenonem
2370 578 2597 636 tempore
2618 568 2841 623 Gallieni
2874 570 3049 633 luisse.
3083 566 3315 625 Missalis
3345 571 3454 626 Mc-

1850 656 2183 714 diolanensis
2214 659 2480 727 meminit,
2515 662 2656 715 anno
2697 660 2854 727 1560,
2876 662 3027 728 editi,
3061 662 3148 717 ubi
3182 664 3285 717 ritu
3313 662 3455 717 Con-

1848 749 2074 807 fessoris
2106 752 2325 807 Festum
2366 752 2423 809 S.
2469 754 2705 808 Zenonis
2754 753 3002 809 habetur.
3047 758 3115 811 At
3162 756 3454 812 observare

1850 842 2133 909 debuerat,
2164 847 2337 913 ipsum
2368 846 2585 901 Festum
2615 846 2987 900 Ordinationis
3008 862 3151 914 esse,
3181 863 3285 902 non
3312 864 3455 902 mar-

1850 936 1995 1005 tyrii,
2028 937 2079 990 in
2107 953 2213 1007 quo
2239 938 2399 992 etiam
2432 939 2660 993 Veronae
2683 938 2833 993 nulla
2858 938 2925 992 de
2946 938 3198 1011 Martyrio
3223 943 3280 996 lit
3302 956 3451 995 men-

1850 1026 2069 1093 tio,(lib.
2096 1044 2151 1093 tt,
2182 1045 2297 1099 cap.
2320 1027 2397 1102 Ἰ).
2435 1030 2777 1086 Auctoritale
2800 1031 3054 1087 Coronati
3082 1032 3287 1088 Notarii
3308 1027 3454 1090 Con-

1848 1116 2108 1173 fessorem
2159 1120 2215 1175 S.‘
2263 1120 2533 1176 Zenonem
2589 1123 2798 1192 probat.
2854 1122 3021 1177 Unica
3067 1124 3279 1179 historia
3340 1127 3454 1196 (ait

1849 1210 1988 1281 ipse)
2014 1228 2166 1281 quam
2193 1214 2255 1266 de
2282 1216 2376 1267 hac
2404 1203 2600 1270 Sancto
2629 1216 2897 1281 habemus,
2926 1232 3041 1286 qua:
3076 1226 3191 1286 post
3219 1227 3452 1273 sanctum

1849 1301 2154 1373 Gregorium
2181 1316 2296 1362 ante
2324 1326 2512 1363 nonum
2541 1312 2788 1364 sarculum
2816 1312 3009 1381 scripta
3036 1311 3249 1378 dicitur,
3278 1313 3451 1381 ipsum

1847 1398 1901 1450 in
1932 1415 2056 1466 pace
2095 1400 2340 1469 quievisse
2378 1401 2531 1468 dicit,
2564 1404 2795 1469 nihilque
2822 1419 2915 1474 pro
2960 1402 3093 1458 Fide
3119 1420 3233 1458 eum
3278 1404 3455 1459 tulisse

1849 1499 2047 1543 narrat.
2098 1491 2227 1545 Eam
2261 1493 2542 1548 historiam
2575 1490 2763 1565 postea
2796 1496 3102 1565 improbat,
3149 1486 3273 1552 cum
3306 1499 3356 1552 in
3390 1514 3452 1553 ea

1850 1579 1907 1635 S.
1959 1580 2234 1637 Zenonem
2275 1582 2509 1638 Gallieni
2552 1597 2795 1655 tempore
2836 1587 3038 1641 vixisse
3085 1590 3303 1644 dicitur.
3356 1589 3455 1645 Ut-

1849 1691 2062 1745 cumque
2082 1677 2144 1729 sit
2170 1677 2276 1730 lucc
2300 1678 2402 1730 vita
2423 1696 2455 1731 a
2480 1674 2699 1748 quodam
2723 1678 2979 1734 Coronato
2998 1665 3218 1737 Notario
3246 1700 3451 1755 compo-
3478 1726 3491 1731 ν

1847 1768 1947 1820 sita
1988 1777 2057 1821 tot
2088 1769 2347 1824 erroribus
2388 1770 2649 1835 abundat,
2693 1781 2746 1823 ut
2773 1773 2969 1825 nullius
3008 1776 3330 1829 auctoritatis
3360 1777 3453 1829 Iut-

144 1880 225 1925 ret
269 1868 564 1925 universa?
592 1868 720 1924 Haec
760 1884 857 1939 pro
896 1867 954 1924 8.
981 1867 1226 1938 Gregorii
1271 1866 1619 1931 auctoritate,
1652 1867 1741 1936 qui
1774 1862 1821 1922 B
1850 1862 2011 1916 benda
2037 1864 2121 1917 sit.
2156 1864 2274 1917 Alia
2318 1865 2620 1919 omittimus
2658 1864 2727 1920 de
2757 1864 2956 1935 quibus
3002 1882 3164 1935 supra
3221 1869 3451 1939 egimus.

142 1962 233 2017 lib.
266 1979 325 2017 ut
346 1948 732 2033 Dialogorum,
771 1977 889 2029 cap.
928 1962 1016 2027 19,
1042 1952 1403 2027 8.’Ζεης›ηειη
1447 1968 1739 2031 martyrem

142 2058 363 2129 asserit,
397 2056 541 2112 dicta
569 2056 862 2111 Sulliciant.
897 2056 973 2109 De
998 2070 1064 2109 eo
1092 2068 1243 2118 vero,
1271 2054 1409 2123 quod
1440 2052 1737 2107 Tillemon-

144 2152 246 2205 tius
278 2162 485 2206 temere
507 2150 798 2225 admodum
823 2148 1077 2225 affirmat,
1108 2150 1311 2204 scilicet
1335 2148 1391 2204 S.
1420 2147 1736 2217 Gregorium

142 2255 328 2299 contra
356 2223 636 2301 veritatem
672 2244 933 2310 historiae,
968 2244 1103 2300 alios
1122 2252 1336 2300 sanctos
1359 2245 1621 2315 Martyres
1643 2258 1740 2298 no.

142 2336 396 2404 mittasse,
430 2340 659 2393 senrsitn
689 2337 955 2407 agendum
981 2344 1083 2393 est.
1337 2331 1342 2341 ’

760 2469 987 2526 CAPUT
1025 2469 1119 2525 IX.

148 2584 306 2649 Quam
335 2584 508 2638 leviter
547 2583 822 2653 .Dupinius
860 2594 905 2639 et
949 2584 1340 2649 Tillemontius,
1382 2582 1444 2638 S.
1478 2582 1735 2637 Zenonem

314 2693 415 2731 non
447 2676 731 2748 Martyrem
754 2719 768 2744 ,
800 2678 888 2732 sed
918 2677 1271 2746 Confessorem
1292 2676 1549 2745 jactitent.

214 2788 342 2844 Cum
374 2792 558 2862 itaque
582 2807 643 2846 ea
665 2792 1043 2858 everterimus,
1071 2807 1191 2861 quin
1212 2800 1399 2845 contra
1424 2789 1480 2845 8.
1506 2790 1734 2844 Zenonis

148 2885 453 2954 martyrium
480 2883 833 2953 objiciuntur,
866 2882 1224 2938 admiratione
1250 2883 1461 2952 quidem
1484 2881 1642 2952 digna
1663 2882 1737 2936 vi-

146 2972 314 3040 detur,
350 2975 583 3045 Dupinii,
620 2974 949 3043 'I’illemontii
994 2991 1054 3029 ac
1083 2974 1437 3044 quorumdam
1468 2975 1735 3028 recentio-

147 3058 259 3121 rum
286 3062 565 3134 securitas,
596 3068 685 3139 qui
713 3068 1030 3137 antiquitate
1058 3077 1388 3137 contempta,
1413 3068 1567 3121 novis
1592 3081 1730 3121 sem-

148 3174 240 3228 per
268 3160 607 3230 opinionibus
635 3160 939 3229 prmcipites
960 3160 1350 3215 assentiuntur.
1383 3160 1496 3214 Hoc
1524 3175 1651 3215 vero
1676 3169 1733 3213 ut

1844 1956 2278 2017 Constataittem
2308 1973 2372 2012 ex
2411 1957 2513 2021 his,
2542 1974 2705 2028 quant
2736 1966 2941 2013 temere
2969 1959 3163 2028 spretis
3185 1960 3475 2030 antiquiog

1843 2048 1995 2104 ribus
2049 2051 2361 2106 auctoribus
2418 2061 2473 2106 et
2544 2052 2949 2120 monumentis,
3020 2054 3157 2106 viam
3212 2055 3452 2109 veritatis

1843 2143 2157 2210 obtrudant,
2178 2146 2409 2200 incertas
2436 2145 2813 2201 tantummodo
2835 2154 3166 2213 asserentes,
3182 2145 3452 2216 falsasque

1842 2235 2101 2291 rationes.
2134 2238 2250 2304 Quo
2287 2240 2430 2293 enim
2478 2248 2636 2308 pacto
2682 2239 2803 2308 quis
2846 2238 3005 2293 lidem
3057 2240 3121 2293 iis
3163 2240 3447 2308 adhibeat,

1841 2345 1960 2399 qua:
2007 2331 2215 2386 incerto
2274 2342 2328 2387 et
2374 2333 2573 2387 nullius
2621 2333 2964 2388 auctoritatis
3006 2333 3273 2401 scriptore
3322 2333 3450 2390 aﬂ'c-

1841 2425 2066 2478 rttntur?
2098 2425 2281 2496 anue
2310 2438 2567 2496 spernat,
2602 2444 2720 2496 quae
2753 2426 2929 2497 ipsum
2962 2426 3265 2482 Romanum
3308 2428 3448 2484 Mar-

1842 2516 2165 2587 tyrologium
2186 2559 2199 2581 ,
2233 2517 2376 2571 Beda
2402 2560 2415 2584 ,
2448 2518 2644 2573 Paulus
2677 2518 2981 2585 Diaconus,
3011 2519 3211 2589 aliique
3257 2520 3442 2575 claris-

1839 2608 1960 2661 simi
2006 2619 2255 2663 auctores
2304 2617 2590 2673 testantur,
2638 2625 2868 2679 quorum
2896 2624 3060 2680 opera
3104 2611 3301 2681 ubique
3342 2611 3442 2666 dif-

1837 2700 1955 2754 fusa
1996 2701 2135 2769 justa
2176 2703 2601 2771 reprehensione
2643 2720 2748 2759 non
2805 2705 3142 2770 caruissent,
3172 2706 3217 2760 si
3249 2706 3443 2775 aliquis

1840 2792 1891 2846 in
1921 2794 2000 2847 eis
2041 2808 2195 2848 error
2240 2795 2583 2864 irrepsissct?
2613 2796 2683 2850 At
2728 2798 3063 2851 recentiores
3111 2797 3197 2861 hi,
3247 2798 3334 2866 qui
3378 2813 3437 2851 se

1839 2896 1949 2955 prae
1977 2885 2226 2941 omnibus
2258 2890 2531 2943 veteribus
2576 2904 2771 2958 sapere
2804 2889 2938 2944 falso
2983 2896 3204 2959 putant,
3245 2898 3301 2943 et
3346 2903 3443 2958 pro

1838 2978 1989 3033 libito
2018 2964 2367 3035 auctoritates
2399 2980 2615 3036 easdem
2649 2983 2917 3051 rccipiunt
2972 2993 3025 3035 et
3052 2990 3335 3051 respuunt,
3366 2981 3446 3034 ni-

1836 3071 1941 3124 mia
1972 3070 2229 3126 facilitate
2270 3071 2521 3142 antiquos
2566 3083 2793 3142 carpunt
2840 3082 3179 3148 auctores,a
3211 3086 3441 3141 quorum

1836 3165 2104 3221 sententia
2137 3166 2423 3233 recedere,
2469 3167 2523 3220 in
2558 3168 2639 3222 his
2676 3167 2979 3237 praesertim
3000 3207 3014 3232 ,
3045 3182 3167 3235 qua:
3193 3166 3260 3219 ad
3291 3173 3440 3223 vetc-

148 3252 415 3307 evidenter
442 3267 740 3325 agnoscas,
776 3253 862 3307 hic
889 3267 953 3307 ex
995 3251 1201 3307 Gallico
1232 3267 1486 3307 sermone
1529 3253 1578 3304 in
1610 3251 1732 3305 lati-
1760 3256 1804 3319 C
1840 3275 1951 3313 rem
1983 3260 2261 3314 historiam
2293 3262 2589 3330 pertinent,
2622 3262 2723 3315 nisi
2748 3261 2813 3317 de
2841 3262 3184 3331 apertissimo
3213 3274 3441 3330 arguan-

150 3361 267 3399 nutn
331 3347 569 3416 ipsorum
611 3345 770 3401 eﬂ‘ata
813 3346 1148 3402 exhibemus.
1183 3344 1428 3415 (Dupin,
1480 3343 1728 3399 Biblioth.

152 3435 317 3504 Eccl.,
356 3447 469 3503 t.|,
509 3448 646 3509 part.
684 3456 721 3505 t,
768 3438 922 3492 trium
974 3438 1130 3505 prim.
1186 3435 1390 3507 sa’cul.)
1437 3436 1733 3491 Communis

154 3532 313 3601 Opinio
336 3541 407 3586 est
427 3531 523 3603 (ait
558 3531 821 3603 Dupinus)
852 3520 1121 3603 quemdam
1151 3532 1310 3602 fuisse
1340 3529 1595 3586 Zenonem
1631 3531 1731 3586 Ve-

152 3636 283 3675 rona:
305 3625 616 3691 episcopum,
648 3624 734 3693 qui
762 3624 855 3679 sub
882 3626 1097 3694 imperio
1127 3622 1382 3690 Gallieni,
1420 3622 1731 3695 Martyrium
1822 3644 1828 3649 ’

155 3714 331 3767 tulerit.
364 3714 427 3769 Et
457 3717 556 3787 ipsi
589 3733 847 3771 sermones
874 3719 1081 3788 quidam
1101 3718 1393 3783 tribuuntur
1421 3736 1453 3771 a
1474 3718 1734 3786 Guarino;

155 3809 267 3861 editi
302 3802 544 3863 Vcnetiis'
568 3821 617 3864 et
684 3810 896 3865 Verona:
938 3812 1099 3883 prtelo
1124 3813 1301 3867 excusi
1351 3830 1485 3866 anno
1524 3812 1659 3867 1508
1686 3821 1731 3866 et

158 3900 303 3966 1586,
333 3904 415 3972 qui
453 3914 628 3976 postea
667 3906 722 3959 in
761 3905 1062 3961 bibliotheca
1103 3905 1222 3960 PP.
1258 3909 1399 3978 [uere
1436 3907 1632 3961 inserti.
1668 3907 1732 3958 At

158 3994 299 4065 hujus
334 4000 569 4064 auctoris,
601 4012 751 4065 quem
774 4016 982 4069 prorsus
1012 4001 1285 4067 antiquitas
1307 4001 1555 4071 ignoravit
1577 4000 1732 4067 Opera

158 4088 454 4158 reﬁciuntur.
491 4090 555 4144 Et
598 4093 650 4145 in
692 4091 899 4145 dubium
940 4094 1147 4146 vertitur
1190 4109 1257 4145 an
1313 4094 1468 4164 hujus
1513 4093 1731 4145 nominis

161 4176 427 4251 Episc0pus
462 4182 680 4238 Verona:
722 4186 914 4255 fuerit,
956 4184 1042 4255 qui
1088 4185 1179 4238 sub
1228 4182 1451 4238 Gallieni
1504 4183 1731 4252 Imperio

161 4282 336 4343 ntartyr
360 4277 557 4330 abierit.
590 4276 669 4330 Ad
696 4276 797 4332 hoc
829 4275 1185 4345 probandum,
1214 4275 1347 4330 nihil
1378 4276 1523 4331 aliud
1554 4276 1728 4343 all‘ert,

161 4379 303 4432 quam
344 4368 397 4423 S.
424 4371 695 4425 Ambrosii
726 4369 1010 4439 epistolam
1055 4369 1121 4424 ad
1159 4369 1443 4440 Syagrium
1474 4369 1728 4439 scriptam

165 4457 260 4527 (lib.
283 4476 317 4525 ι,
342 4477 451 4531 cap.
487 4464 599 4533 tl),
632 4465 683 4517 in
712 4479 814 4533 qua
845 4464 976 4518 dicit
998 4463 1064 4517 de
1093 4464 1309 4518 Zenone
1336 4463 1565 4533 quodam
1583 4480 1732 4518 men-

164 4550 342 4607 tionem
371 4554 500 4621 lieri,
532 4556 670 4611 falso
699 4566 873 4610 tamen
903 4556 1107 4627 Syagrii
1136 4557 1440 4611 deccssnre.
1475 4555 1645 4610 All‘ert
1677 4566 1729 4611 et

1840 3367 1924 3412 tur
1969 3374 2186 3425 errore,
2232 3373 2336 3413 non
2383 3361 2516 3414 satis
2561 3369 2761 3426 tutum,
2793 3359 2921 3430 quin
2966 3374 2995 3412 a
3047 3350 3287 3429 periculo
3334 3371 3441 3410 non

1838 3449 1994 3520 longe
2023 3450 2208 3519 procul
2237 3465 2357 3506 esse
2384 3452 2731 3506 crediderim.
3075 3434 3085 3439 ’

2476 3583 2709 3640 CAPUT
2749 3583 2818 3638 Χ.

1837 3699 2219 3753 Eatantinantar
2257 3701 2455 3770 reliqua
2494 3718 2606 3769 qua:
2646 3700 3033 3771 Papebrochius
3076 3699 3235 3769 refert
3274 3697 3442 3770 pridie

1932 3793 2048 3846 idus
2071 3794 2276 3861 aprilis,
2310 3795 2488 3861 quibus
2516 3794 2576 3849 S.
2605 3794 2744 3848 Zeno
2773 3788 3048 3863 Corifessor
3074 3793 3340 3849 asseritur.
3416 3838 3419 3845 ,

1908 3905 2067 3959 Plura
2120 3905 2258 3974 apud
2309 3906 2740 3975 Paprbrocltium
2785 3908 3077 3976 leguntur,
3129 3907 3196 3963 de
3241 3905 3439 3976 quibus

1835 4011 1995 4066 supra
2057 4005 2357 4067 opportune
2401 4001 2773 4054 tractavimus.
2826 4002 2899 4055 De
2942 4001 3153 4055 Bellino
3198 4001 3341 4055 enim
3383 4011 3437 4055 et

1835 4092 2050 4147 Molauo
2073 4094 2303 4162 egimus,
2331 4108 2449 4164 cap.
2481 4095 2534 4157 7,
2566 4097 2692 4148 item
2724 4094 2790 4149 de
2820 4095 3083 4149 Ecclesia:
3110 4093 3438 4149 Veronensis
3484 4110 3493 4119 ·

1837 4186 2149 4253 traditione,
2183 4201 2302 4257 cap.
2334 4188 2387 4241 6.
2418 4187 2496 4242 De
2524 4188 2643 4241 aliis
2669 4203 2790 4257 quin
2822 4196 3031 4243 restant
3056 4187 3141 4241 hic
3167 4187 3435 4249 dicemus.
3489 4206 3516 4243 '.

1837 4288 1893 4332 ut
1934 4280 2113 4333 omnia
2148 4295 2266 4349 qua:
2298 4282 2579 4345 novimus,
2626 4282 3003 4335 discutiamus.
3048 4280 3164 4335 Non
3213 4280 3439 4351 proinde

1835 4373 2033 4427 mirum
2067 4373 2233 4427 videri
2278 4373 2455 4437 debet,
2492 4373 2635 4443 quod
2688 4375 2741 4428 in
2787 4375 3028 4429 Ecclesia
3081 4374 3441 4429 Ambrosiana

1835 4476 1891 4519 et
1939 4466 1991 4519 in
2038 4465 2240 4521 Missali
2284 4467 2525 4536 ejusdem
2570 4468 2827 4522 Ecclesia:
2860 4468 2987 4522 anni
3022 4468 3157 4523 152:7.
3192 4476 3247 4522 et
3278 4467 3436 4532 1560.

1834 4557 1993 4612 sicuti
2021 4568 2074 4612 et
2105 4560 2156 4612 in
2186 4559 2464 4613 Breviario
2487 4558 2544 4614 8.
2574 4560 2721 4615 Zeno
2743 4560 3036 4615 Conlessor
3055 4560 3284 4627 dicatur,
3313 4574 3437 4614 cum

165 4643 339 4701 blolani
368 4655 761 4707 correctionem
788 4666 852 4704 ac
884 4651 1123 4704 Panvinii
1155 4651 1563 4722 Opinionem’dc
1620 4660 1730 4705 tra-
1757 4644 1807 4702 D
1839 4650 1887 4702 in
1918 4652 2107 4705 eadem
2139 4650 2381 4706 Ecclesia
2412 4653 2585 4706 solum
2611 4653 2828 4708 Festum
2860 4654 3228 4709 Ordinationis
3253 4653 3309 4709 S.
3340 4652 3440 4707 Ze-

164 4736 343 4795 ditioue
374 4742 624 4799 Ecclesia:
652 4744 976 4799 Veronensis
1004 4728 1292 4810 de'quibus
1321 4759 1480 4815 supra
1524 4745 1731 4810 egimus

168 4829 265 4899 (lib.
296 4849 357 4900 tt,
388 4852 501 4907 cap.
532 4835 587 4903 6,
620 4836 696 4909 7).
722 4835 907 4903 “Quam
953 4852 1082 4891 vero
1129 4838 1355 4906 turpiter
1395 4836 1601 4891 labatur
1640 4852 1731 4892 ne-

167 4926 320 4993 gando
342 4928 393 4986 8.
419 4930 693 4988 Zenonem
726 4942 965 5000 tempore
995 4930 1224 4986 Gallieni
1261 4930 1488 4985 Verona:
1517 4930 1732 5000 Episco-

158 5016 315 5088 pum,
336 5026 615 5081 manifesto
642 5034 789 5096 patet
826 5040 892 5079 ex
917 5023 1206 5079 Mabillonii
1236 5041 1336 5078 ms.
1372 5040 1531 5094 supra
1562 5026 1732 5079 relato

170 5114 263 5178 (lib.
292 5132 357 5182 tt,
396 5136 508 5188 cap.
555 5120 634 5191 1),
677 5121 769 5191 qui
820 5119 871 5174 in
899 5120 1289 5175 Veronensium
1344 5120 1731 5189 Episcoporum

172 5207 291 5278 albo,
336 5226 520 5269 octavo
568 5215 759 5269 scribit
805 5216 923 5270 loco
951 5214 1246 5269 Zenonem.
1279 5213 1512 5268 Octavus
1554 5226 1734 5267 autem

176 5299 436 5373 EpiSCopus
471 5306 718 5373 Veronae,
755 5307 969 5361 nonnisi
996 5307 1329 5375 temporibus
1357 5306 1584 5362 Gallieni
1613 5323 1737 5361 con-

176 5398 314 5452 venit.
339 5399 713 5454 Tillemontius
745 5415 959 5469 quoque
986 5400 1133 5471 (tom.
1166 5416 1239 5464 tv,
1270 5416 1405 5453 man.
1442 5397 1641 5455 Ecclcs.
1672 5400 1736 5454 de

179 5484 405 5545 Persecnt.
445 5492 740 5557 Valeriani,
778 5503 883 5545 not.
916 5493 970 5563 5)
1002 5493 1265 5547 adductus
1301 5493 1569 5559 rationes,
1603 5507 1737 5562 quas

178 5592 310 5649 supra
342 5584 645 5653 rejet-imus,
684 5585 814 5637 tanti
839 5584 984 5648 facit,
1023 5594 1078 5637 ut
1105 5585 1252 5645 nullo
1285 5587 1388 5638 alio
1420 5568 1576 5654 pacto
1601 5585 1740 5640 hanc

180 5673 291 5725 solvi
316 5678 660 5744 quarstionem
693 5690 854 5744 posse
906 5686 1081 5743 putet,
1114 5691 1273 5743 qualn
1304 5677 1346 5727 si
1380 5675 1433 5728 8.
1466 5675 1738 5729 Ζιειιυιείιηι

187 5769 397 5835 tempore
438 5769 664 5825 Gallieni
708 5785 814 5824 non
848 5770 1049 5825 vixisse
1080 5771 1383 5823 credamus.
1437 5768 1591 5821 Ratio
1615 5772 1743 5839 [aci-

189 5857 267 5911 lior
304 5860 361 5915 ab
403 5862 477 5917 his
513 5862 748 5918 omnibus
787 5861 1171 5933 diﬁicultatibus
1208 5878 1263 5915 se
1304 5861 1589 5915 extricandi
1639 5874 1742 5930 est,

1838 4743 1995 4797 nonis
2022 4752 2231 4814 agatur,
2262 4745 2402 4815 quod
2433 4747 2499 4799 de
2537 4746 2867 4802 Conlessore
2899 4748 3162 4803 Pontilice
3198 4748 3440 4805 celebra-

1837 4844 1939 4899 tur,
1977 4844 2080 4888 tam
2108 4836 2159 4889 in
2186 4836 2429 4891 Ecclesia
2460 4838 2784 4904 Veronensi,
2818 4856 2974 4909 quam
3011 4841 3352 4907 Pistoriensi,
3386 4842 3436 4895 in

1835 4938 2037 4998 qua,ut
2060 4930 2467 4984 observavimus
2492 4932 2630 5003 (cap.
2662 4934 2737 5002 7),
2772 4931 2833 4987 ad
2860 4933 2977 4989 ltrc
3003 4951 3174 5005 usque
3198 4946 3441 5006 tempora

1838 5020 1978 5075 idem
2014 5021 2231 5077 Festum
2264 5022 2363 5076 sub
2388 5024 2543 5078 titulo
2560 5024 2901 5080 COnlcssoris
2927 5027 3200 5082 l’ontilicis
3224 5039 3441 5083 notatur

1839 5115 1888 5168 in
1917 5114 2241 5169 Kalendario
2265 5116 2329 5169 ad
2354 5117 2514 5171 ritum
2546 5116 2911 5172 iudicandum.
2942 5120 3091 5174 Nunc
3118 5131 3297 5175 autem
3326 5122 3439 5191 ipsa

1840 5206 2199 5262 Ambrosiana
2230 5208 2502 5273 Ecclesia,
2536 5221 2591 5262 ut
2635 5210 2819 5265 videre
2849 5222 2929 5266 est
2958 5212 3009 5266 in
3059 5213 3256 5268 Missali
3305 5230 3443 5284 prte-

1838 5299 1985 5353 dicto
2015 5299 2140 5353 anni
2182 5298 2341 5365 “.92,
2372 5302 2426 5354 8.
2458 5300 2730 5355 Zenonem
2775 5314 3068 5374 martyrem
3095 5304 3227 5359 colit
3273 5305 3446 5374 pridie

1844 5394 1967 5449 ldus
1996 5394 2313 5453 Decembris
2338 5412 2349 5447 :
2384 5394 2432 5448 id
2462 5404 2640 5449 autem
2672 5412 2775 5449 non
2810 5396 2925 5451 leve
2955 5407 3039 5451 est
3068 5407 3445 5467 argumentum

1846 5488 1912 5543 ad
1962 5489 2387 5543 conﬁrmandam
2422 5489 2684 5565 martyrii
2731 5489 2790 5545 S.
2837 5490 3072 5545 Zenonis
3116 5492 3392 5547 veritatem
3429 5509 3444 5546 :

1847 5582 1978 5637 Cum
2014 5584 2128 5654 ipsa
2158 5582 2401 5636 Ecclesia
2434 5582 2788 5639 Atubrosiana
2820 5585 2930 5637 suis
2962 5584 3015 5638 in
3046 5586 3236 5640 ritibus
3262 5568 3452 5641 obser-

1852 5678 2039 5729 vandis
2078 5676 2213 5727 adeo
2257 5675 2524 5751 τβΙὶεἰοςιι,
2557 5668 2875 5747 ἱιςιέιηιίψιιι
2926 5676 3158 5729 Missalia
3184 5680 3447 5746 correxit,

1851 5771 1992 5838 quod
2028 5768 2212 5836 utique
2256 5779 2359 5818 non
2390 5764 2638 5831 fecisset,
2673 5765 2772 5818 nisi
2812 5775 2963 5820 certo
2993 5768 3092 5821 sibi
3122 5770 3456 5823 constitisset

1852 5864 1908 5920 8.
1945 5860 2219 5916 Zenonem
2252 5858 2513 5929 martyrio
2543 5868 2882 5914 coronatum.
2929 5859 2983 5914 Si
3014 5874 3145 5918 vero
3188 5860 3245 5918 S.
3277 5839 3485 5918 Zeno:
