  <div class='ocr_page' id='page_1' title='image "/cluster/home/n/w/nwhite01/storage/ocr_20150623/11/uva.x000826576/323.png"; bbox 0 0 3822 6220; ppageno 0'>
   <div class='ocr_carea' id='block_1_1' title="bbox 399 242 1908 320">
    <p class='ocr_par' dir='ltr' id='par_1_1' title="bbox 399 242 1908 320">
     <span class='ocr_line' id='line_1_1' title="bbox 399 242 1908 320; baseline 0.001 -5"><span class='ocrx_word' id='word_1_1' title='bbox 399 242 498 320; x_wconf 73' lang='lat' dir='ltr'><strong>tm</strong></span> <span class='ocrx_word' id='word_1_2' title='bbox 899 252 904 257; x_wconf 84' lang='grc'><em>’</em></span> <span class='ocrx_word' id='word_1_3' title='bbox 1586 263 1673 317; x_wconf 77' lang='lat' dir='ltr'><strong>nr;</strong></span> <span class='ocrx_word' id='word_1_4' title='bbox 1704 260 1908 318; x_wconf 76' lang='lat' dir='ltr'><strong>SANC&#39;I</strong></span> 
     </span>
    </p>
   </div>
   <div class='ocr_carea' id='block_1_2' title="bbox 2171 242 3680 320">
    <p class='ocr_par' dir='ltr' id='par_1_2' title="bbox 2174 255 3680 314">
     <span class='ocr_line' id='line_1_2' title="bbox 2174 255 3680 314; baseline -0.002 -1"><span class='ocrx_word' id='word_1_5' title='bbox 2174 257 2281 313; x_wconf 79' lang='lat' dir='ltr'><strong>NIS</strong></span> <span class='ocrx_word' id='word_1_6' title='bbox 2322 256 2598 314; x_wconf 84' lang='lat' dir='ltr'><strong>EPOCHA</strong></span> <span class='ocrx_word' id='word_1_7' title='bbox 3063 258 3067 262; x_wconf 74' lang='grc'><em>”</em></span> <span class='ocrx_word' id='word_1_8' title='bbox 3605 255 3680 310; x_wconf 68' lang='lat'><strong>63!</strong></span> 
     </span>
    </p>
   </div>
   <div class='ocr_carea' id='block_1_3' title="bbox 400 369 3097 453">
    <p class='ocr_par' dir='ltr' id='par_1_3' title="bbox 400 369 3097 453">
     <span class='ocr_line' id='line_1_3' title="bbox 400 369 3097 453; baseline -0.004 -15"><span class='ocrx_word' id='word_1_9' title='bbox 400 398 526 438; x_wconf 86' lang='lat' dir='ltr'><strong>nem</strong></span> <span class='ocrx_word' id='word_1_10' title='bbox 558 383 615 437; x_wconf 91' lang='lat' dir='ltr'><strong>in</strong></span> <span class='ocrx_word' id='word_1_11' title='bbox 646 379 1046 453; x_wconf 81' lang='lat' dir='ltr'><strong>Martyrologiis</strong></span> <span class='ocrx_word' id='word_1_12' title='bbox 1098 377 1373 449; x_wconf 83' lang='lat' dir='ltr'><strong>aliquibus</strong></span> <span class='ocrx_word' id='word_1_13' title='bbox 1412 385 1465 431; x_wconf 89' lang='lat' dir='ltr'><strong>et</strong></span> <span class='ocrx_word' id='word_1_14' title='bbox 1491 375 1832 443; x_wconf 86' lang='lat' dir='ltr'><strong>Missalibus,</strong></span> <span class='ocrx_word' id='word_1_15' title='bbox 1882 390 2011 430; x_wconf 91' lang='lat' dir='ltr'><strong>con-</strong></span> <span class='ocrx_word' id='word_1_16' title='bbox 2037 377 2094 436; x_wconf 80' lang='grc' dir='ltr'><strong>Α</strong></span> <span class='ocrx_word' id='word_1_17' title='bbox 2481 388 2485 392; x_wconf 66' lang='lat'><strong><em>&#39;</em></strong></span> <span class='ocrx_word' id='word_1_18' title='bbox 2725 369 2949 429; x_wconf 86' lang='lat' dir='ltr'><strong>CAPUT</strong></span> <span class='ocrx_word' id='word_1_19' title='bbox 2982 370 3097 427; x_wconf 72' lang='lat' dir='ltr'><strong>Xl.‘</strong></span> 
     </span>
    </p>
   </div>
   <div class='ocr_carea' id='block_1_4' title="bbox 397 462 3686 543">
    <p class='ocr_par' dir='ltr' id='par_1_4' title="bbox 397 462 3686 543">
     <span class='ocr_line' id='line_1_4' title="bbox 397 462 3686 543; baseline -0.003 -16"><span class='ocrx_word' id='word_1_20' title='bbox 397 475 662 529; x_wconf 81' lang='lat' dir='ltr'><strong>lessorem</strong></span> <span class='ocrx_word' id='word_1_21' title='bbox 686 515 700 539; x_wconf 92' lang='lat'><strong>,</strong></span> <span class='ocrx_word' id='word_1_22' title='bbox 733 487 840 527; x_wconf 90' lang='lat' dir='ltr'><strong>non</strong></span> <span class='ocrx_word' id='word_1_23' title='bbox 887 470 1178 541; x_wconf 82' lang='lat' dir='ltr'><strong>Martyrem</strong></span> <span class='ocrx_word' id='word_1_24' title='bbox 1214 468 1446 539; x_wconf 84' lang='lat' dir='ltr'><strong>legimus</strong></span> <span class='ocrx_word' id='word_1_25' title='bbox 1466 509 1480 532; x_wconf 92' lang='lat'><strong>,</strong></span> <span class='ocrx_word' id='word_1_26' title='bbox 1512 482 1580 523; x_wconf 91' lang='lat' dir='ltr'><strong>eo</strong></span> <span class='ocrx_word' id='word_1_27' title='bbox 1609 466 1750 536; x_wconf 88' lang='lat' dir='ltr'><strong>quod</strong></span> <span class='ocrx_word' id='word_1_28' title='bbox 1782 466 2011 522; x_wconf 85' lang='lat' dir='ltr'><strong>Ordina-</strong></span> <span class='ocrx_word' id='word_1_29' title='bbox 2120 463 2247 533; x_wconf 75' lang='lat' dir='ltr'><strong>Qum</strong></span> <span class='ocrx_word' id='word_1_30' title='bbox 2263 465 2330 520; x_wconf 79' lang='lat' dir='ltr'><strong>de</strong></span> <span class='ocrx_word' id='word_1_31' title='bbox 2352 463 2412 520; x_wconf 89' lang='lat' dir='ltr'><strong>S.</strong></span> <span class='ocrx_word' id='word_1_32' title='bbox 2437 464 2659 520; x_wconf 84' lang='lat' dir='ltr'><strong>Zenonis</strong></span> <span class='ocrx_word' id='word_1_33' title='bbox 2676 465 2921 536; x_wconf 76' lang='lat' dir='ltr'><strong>martyrio</strong></span> <span class='ocrx_word' id='word_1_34' title='bbox 2942 464 3179 543; x_wconf 84' lang='lat' dir='ltr'><strong>superius</strong></span> <span class='ocrx_word' id='word_1_35' title='bbox 3197 464 3398 537; x_wconf 83' lang='lat' dir='ltr'><strong>digesta</strong></span> <span class='ocrx_word' id='word_1_36' title='bbox 3417 472 3561 531; x_wconf 86' lang='lat' dir='ltr'><strong>sunt,</strong></span> <span class='ocrx_word' id='word_1_37' title='bbox 3583 462 3686 517; x_wconf 74' lang='lat' dir='ltr'><strong>breui</strong></span> 
     </span>
    </p>
   </div>
   <div class='ocr_carea' id='block_1_5' title="bbox 398 559 3194 635">
    <p class='ocr_par' dir='ltr' id='par_1_5' title="bbox 398 559 3194 635">
     <span class='ocr_line' id='line_1_5' title="bbox 398 559 3194 635; baseline -0.003 -13"><span class='ocrx_word' id='word_1_38' title='bbox 398 568 563 622; x_wconf 86' lang='lat' dir='ltr'><strong>tionis</strong></span> <span class='ocrx_word' id='word_1_39' title='bbox 592 568 711 635; x_wconf 87' lang='lat' dir='ltr'><strong>ejus</strong></span> <span class='ocrx_word' id='word_1_40' title='bbox 757 564 979 635; x_wconf 86' lang='lat' dir='ltr'><strong>Festum</strong></span> <span class='ocrx_word' id='word_1_41' title='bbox 1025 563 1412 624; x_wconf 82' lang='lat' dir='ltr'><strong>celebraretur,</strong></span> <span class='ocrx_word' id='word_1_42' title='bbox 1459 559 1613 615; x_wconf 68' lang='lat' dir='ltr'><strong>facile</strong></span> <span class='ocrx_word' id='word_1_43' title='bbox 1652 567 1707 614; x_wconf 92' lang='lat' dir='ltr'><strong>et</strong></span> <span class='ocrx_word' id='word_1_44' title='bbox 1736 559 1806 612; x_wconf 92' lang='lat' dir='ltr'><strong>in.</strong></span> <span class='ocrx_word' id='word_1_45' title='bbox 1836 559 2013 627; x_wconf 92' lang='lat' dir='ltr'><strong>diplo—</strong></span> <span class='ocrx_word' id='word_1_46' title='bbox 2636 560 2948 631; x_wconf 87' lang='lat' dir='ltr'><strong>colliguntur</strong></span> <span class='ocrx_word' id='word_1_47' title='bbox 2970 560 3194 632; x_wconf 81' lang='lat' dir='ltr'><strong>epilogo.</strong></span> 
     </span>
    </p>
   </div>
   <div class='ocr_carea' id='block_1_6' title="bbox 399 650 3685 722">
    <p class='ocr_par' dir='ltr' id='par_1_6' title="bbox 399 650 3685 722">
     <span class='ocr_line' id='line_1_6' title="bbox 399 650 3685 722; baseline -0.003 -9"><span class='ocrx_word' id='word_1_48' title='bbox 399 668 548 713; x_wconf 82' lang='lat' dir='ltr'><strong>male</strong></span> <span class='ocrx_word' id='word_1_49' title='bbox 576 657 829 713; x_wconf 84' lang='lat' dir='ltr'><strong>Ludovici</strong></span> <span class='ocrx_word' id='word_1_50' title='bbox 857 658 957 722; x_wconf 87' lang='lat' dir='ltr'><strong>Pii,</strong></span> <span class='ocrx_word' id='word_1_51' title='bbox 994 656 1052 712; x_wconf 92' lang='lat' dir='ltr'><strong>S.</strong></span> <span class='ocrx_word' id='word_1_52' title='bbox 1084 656 1233 711; x_wconf 87' lang='lat' dir='ltr'><strong>Zeno</strong></span> <span class='ocrx_word' id='word_1_53' title='bbox 1259 652 1555 709; x_wconf 77' lang='lat' dir='ltr'><strong>Confessor</strong></span> <span class='ocrx_word' id='word_1_54' title='bbox 1582 652 1687 707; x_wconf 91' lang='lat' dir='ltr'><strong>dici</strong></span> <span class='ocrx_word' id='word_1_55' title='bbox 1718 652 1912 722; x_wconf 90' lang='lat' dir='ltr'><strong>potuit,</strong></span> <span class='ocrx_word' id='word_1_56' title='bbox 1944 666 2010 707; x_wconf 88' lang='lat' dir='ltr'><strong>eo</strong></span> <span class='ocrx_word' id='word_1_57' title='bbox 2188 650 2447 705; x_wconf 83' lang='lat' dir='ltr'><strong>Ecclesiae</strong></span> <span class='ocrx_word' id='word_1_58' title='bbox 2479 650 2839 716; x_wconf 83' lang='lat' dir='ltr'><strong>Veronensis,</strong></span> <span class='ocrx_word' id='word_1_59' title='bbox 2871 651 3029 706; x_wconf 88' lang='lat' dir='ltr'><strong>sicuti</strong></span> <span class='ocrx_word' id='word_1_60' title='bbox 3077 653 3239 706; x_wconf 89' lang='lat' dir='ltr'><strong>etiam</strong></span> <span class='ocrx_word' id='word_1_61' title='bbox 3276 650 3513 721; x_wconf 85' lang='lat' dir='ltr'><strong>insignis</strong></span> <span class='ocrx_word' id='word_1_62' title='bbox 3557 650 3685 719; x_wconf 81' lang='lat' dir='ltr'><strong>hujus</strong></span> 
     </span>
    </p>
   </div>
   <div class='ocr_carea' id='block_1_7' title="bbox 401 741 3685 823">
    <p class='ocr_par' dir='ltr' id='par_1_7' title="bbox 401 741 3685 823">
     <span class='ocr_line' id='line_1_7' title="bbox 401 741 3685 823; baseline -0.003 -19"><span class='ocrx_word' id='word_1_63' title='bbox 401 753 544 822; x_wconf 82' lang='lat' dir='ltr'><strong>quod</strong></span> <span class='ocrx_word' id='word_1_64' title='bbox 573 752 693 821; x_wconf 88' lang='lat' dir='ltr'><strong>ejus</strong></span> <span class='ocrx_word' id='word_1_65' title='bbox 720 753 973 823; x_wconf 78' lang='lat' dir='ltr'><strong>princeps</strong></span> <span class='ocrx_word' id='word_1_66' title='bbox 1002 751 1219 807; x_wconf 81' lang='lat' dir='ltr'><strong>Fesmm</strong></span> <span class='ocrx_word' id='word_1_67' title='bbox 1239 793 1253 817; x_wconf 94' lang='lat'><strong>,</strong></span> <span class='ocrx_word' id='word_1_68' title='bbox 1285 749 1496 804; x_wconf 72' lang='lat' dir='ltr'><strong>scilicet</strong></span> <span class='ocrx_word' id='word_1_69' title='bbox 1520 745 1893 803; x_wconf 85' lang='lat' dir='ltr'><strong>Ordinationis</strong></span> <span class='ocrx_word' id='word_1_70' title='bbox 1924 762 2010 801; x_wconf 86' lang='lat' dir='ltr'><strong>su-</strong></span> <span class='ocrx_word' id='word_1_71' title='bbox 2113 741 2455 799; x_wconf 86' lang='lat' dir='ltr'><strong>Cathedralis</strong></span> <span class='ocrx_word' id='word_1_72' title='bbox 2495 744 2752 799; x_wconf 64' lang='lat' dir='ltr'><strong>Ecclesia:</strong></span> <span class='ocrx_word' id='word_1_73' title='bbox 2782 744 3127 799; x_wconf 71' lang='lat' dir='ltr'><strong>Pistoriensis</strong></span> <span class='ocrx_word' id='word_1_74' title='bbox 3147 786 3162 809; x_wconf 93' lang='lat'><strong>,</strong></span> <span class='ocrx_word' id='word_1_75' title='bbox 3210 744 3523 799; x_wconf 83' lang='lat' dir='ltr'><strong>continuata</strong></span> <span class='ocrx_word' id='word_1_76' title='bbox 3552 741 3685 796; x_wconf 81' lang='lat' dir='ltr'><strong>tradi-</strong></span> 
     </span>
    </p>
   </div>
   <div class='ocr_carea' id='block_1_8' title="bbox 401 834 3686 907">
    <p class='ocr_par' dir='ltr' id='par_1_8' title="bbox 401 834 3686 907">
     <span class='ocr_line' id='line_1_8' title="bbox 401 834 3686 907; baseline -0.003 -5"><span class='ocrx_word' id='word_1_77' title='bbox 401 840 635 902; x_wconf 87' lang='lat' dir='ltr'><strong>lcmnius</strong></span> <span class='ocrx_word' id='word_1_78' title='bbox 659 847 888 902; x_wconf 72' lang='lat' dir='ltr'><strong>Verontc</strong></span> <span class='ocrx_word' id='word_1_79' title='bbox 917 847 1313 907; x_wconf 85' lang='lat' dir='ltr'><strong>celebrabatur,</strong></span> <span class='ocrx_word' id='word_1_80' title='bbox 1344 851 1401 898; x_wconf 89' lang='lat' dir='ltr'><strong>et</strong></span> <span class='ocrx_word' id='word_1_81' title='bbox 1429 843 1515 896; x_wconf 79' lang='lat' dir='ltr'><strong>vix</strong></span> <span class='ocrx_word' id='word_1_82' title='bbox 1546 859 1577 897; x_wconf 88' lang='lat' dir='ltr'><strong>e</strong></span> <span class='ocrx_word' id='word_1_83' title='bbox 1603 841 1804 896; x_wconf 63' lang='lat' dir='ltr'><strong>saeculo</strong></span> <span class='ocrx_word' id='word_1_84' title='bbox 1837 840 2012 894; x_wconf 83' lang='lat' dir='ltr'><strong>ltomi-</strong></span> <span class='ocrx_word' id='word_1_85' title='bbox 2115 835 2221 900; x_wconf 87' lang='lat' dir='ltr'><strong>tio,</strong></span> <span class='ocrx_word' id='word_1_86' title='bbox 2270 845 2561 907; x_wconf 73' lang='lat' dir='ltr'><strong>martyrem</strong></span> <span class='ocrx_word' id='word_1_87' title='bbox 2614 836 2672 891; x_wconf 92' lang='lat' dir='ltr'><strong>S.</strong></span> <span class='ocrx_word' id='word_1_88' title='bbox 2716 834 3000 897; x_wconf 85' lang='lat' dir='ltr'><strong>Zenonem</strong></span> <span class='ocrx_word' id='word_1_89' title='bbox 3044 834 3405 889; x_wconf 86' lang='lat' dir='ltr'><strong>demonstrat.</strong></span> <span class='ocrx_word' id='word_1_90' title='bbox 3456 834 3686 902; x_wconf 69' lang='lat' dir='ltr'><strong>Quamvis</strong></span> 
     </span>
    </p>
   </div>
   <div class='ocr_carea' id='block_1_9' title="bbox 404 930 3686 1011">
    <p class='ocr_par' dir='ltr' id='par_1_9' title="bbox 404 930 3686 1011">
     <span class='ocr_line' id='line_1_9' title="bbox 404 930 3686 1011; baseline -0.002 -18"><span class='ocrx_word' id='word_1_91' title='bbox 404 930 500 994; x_wconf 62' lang='lat' dir='ltr'><strong>nes</strong></span> <span class='ocrx_word' id='word_1_92' title='bbox 533 939 750 994; x_wconf 78' lang='lat' dir='ltr'><strong>Festum</strong></span> <span class='ocrx_word' id='word_1_93' title='bbox 782 940 951 1011; x_wconf 90' lang='lat' dir='ltr'><strong>ipsius</strong></span> <span class='ocrx_word' id='word_1_94' title='bbox 992 938 1229 1010; x_wconf 85' lang='lat' dir='ltr'><strong>Martyrii</strong></span> <span class='ocrx_word' id='word_1_95' title='bbox 1261 931 1529 993; x_wconf 77' lang='lat' dir='ltr'><strong>noverant</strong></span> <span class='ocrx_word' id='word_1_96' title='bbox 1565 933 1849 990; x_wconf 88' lang='lat' dir='ltr'><strong>celebrari.</strong></span> <span class='ocrx_word' id='word_1_97' title='bbox 1900 932 2013 987; x_wconf 80' lang='lat' dir='ltr'><strong>Hoc</strong></span> <span class='ocrx_word' id='word_1_98' title='bbox 2114 933 2256 987; x_wconf 89' lang='lat' dir='ltr'><strong>enim</strong></span> <span class='ocrx_word' id='word_1_99' title='bbox 2288 933 2340 987; x_wconf 92' lang='lat' dir='ltr'><strong>in</strong></span> <span class='ocrx_word' id='word_1_100' title='bbox 2372 932 2546 988; x_wconf 88' lang='lat' dir='ltr'><strong>Festis</strong></span> <span class='ocrx_word' id='word_1_101' title='bbox 2570 932 2626 989; x_wconf 98' lang='grc'><strong>8.</strong></span> <span class='ocrx_word' id='word_1_102' title='bbox 2652 933 2890 989; x_wconf 80' lang='lat' dir='ltr'><strong>Zenonis</strong></span> <span class='ocrx_word' id='word_1_103' title='bbox 2912 933 3270 1000; x_wconf 81' lang='lat' dir='ltr'><strong>celebrandis,</strong></span> <span class='ocrx_word' id='word_1_104' title='bbox 3303 933 3465 998; x_wconf 91' lang='lat' dir='ltr'><strong>ritus,</strong></span> <span class='ocrx_word' id='word_1_105' title='bbox 3497 942 3551 989; x_wconf 89' lang='lat' dir='ltr'><strong>et</strong></span> <span class='ocrx_word' id='word_1_106' title='bbox 3577 933 3686 988; x_wconf 79' lang='lat' dir='ltr'><strong>Mar-</strong></span> 
     </span>
    </p>
   </div>
   <div class='ocr_carea' id='block_1_10' title="bbox 402 1024 3685 1102">
    <p class='ocr_par' dir='ltr' id='par_1_10' title="bbox 402 1024 3685 1102">
     <span class='ocr_line' id='line_1_10' title="bbox 402 1024 3685 1102; baseline -0 -18"><span class='ocrx_word' id='word_1_107' title='bbox 402 1048 533 1087; x_wconf 86' lang='lat' dir='ltr'><strong>vero</strong></span> <span class='ocrx_word' id='word_1_108' title='bbox 560 1032 893 1102; x_wconf 89' lang='lat' dir='ltr'><strong>probabilius</strong></span> <span class='ocrx_word' id='word_1_109' title='bbox 922 1031 1186 1097; x_wconf 86' lang='lat' dir='ltr'><strong>redditur,</strong></span> <span class='ocrx_word' id='word_1_110' title='bbox 1217 1030 1339 1100; x_wconf 88' lang='lat' dir='ltr'><strong>quia</strong></span> <span class='ocrx_word' id='word_1_111' title='bbox 1363 1028 1658 1099; x_wconf 86' lang='lat' dir='ltr'><strong>antiquitus</strong></span> <span class='ocrx_word' id='word_1_112' title='bbox 1685 1028 1737 1081; x_wconf 93' lang='lat' dir='ltr'><strong>in</strong></span> <span class='ocrx_word' id='word_1_113' title='bbox 1769 1025 2011 1094; x_wconf 80' lang='lat' dir='ltr'><strong>Quadra-</strong></span> <span class='ocrx_word' id='word_1_114' title='bbox 2115 1028 2277 1098; x_wconf 85' lang='lat' dir='ltr'><strong>tyris,</strong></span> <span class='ocrx_word' id='word_1_115' title='bbox 2311 1037 2368 1082; x_wconf 90' lang='lat' dir='ltr'><strong>et</strong></span> <span class='ocrx_word' id='word_1_116' title='bbox 2393 1024 2735 1082; x_wconf 87' lang='lat' dir='ltr'><strong>Conlessoris</strong></span> <span class='ocrx_word' id='word_1_117' title='bbox 2764 1027 3033 1082; x_wconf 81' lang='lat' dir='ltr'><strong>admixtus</strong></span> <span class='ocrx_word' id='word_1_118' title='bbox 3062 1025 3256 1097; x_wconf 78' lang='lat' dir='ltr'><strong>fuerit,</strong></span> <span class='ocrx_word' id='word_1_119' title='bbox 3288 1042 3508 1099; x_wconf 83' lang='lat' dir='ltr'><strong>semper</strong></span> <span class='ocrx_word' id='word_1_120' title='bbox 3537 1040 3685 1084; x_wconf 85' lang='lat' dir='ltr'><strong>tamen</strong></span> 
     </span>
    </p>
   </div>
   <div class='ocr_carea' id='block_1_11' title="bbox 401 1117 3683 1197">
    <p class='ocr_par' dir='ltr' id='par_1_11' title="bbox 401 1117 3683 1197">
     <span class='ocr_line' id='line_1_11' title="bbox 401 1117 3683 1197; baseline -0.002 -16"><span class='ocrx_word' id='word_1_121' title='bbox 401 1127 607 1197; x_wconf 82' lang='lat' dir='ltr'><strong>gesima</strong></span> <span class='ocrx_word' id='word_1_122' title='bbox 640 1127 847 1181; x_wconf 91' lang='lat' dir='ltr'><strong>nullum</strong></span> <span class='ocrx_word' id='word_1_123' title='bbox 880 1127 1096 1181; x_wconf 81' lang='lat' dir='ltr'><strong>Festum</strong></span> <span class='ocrx_word' id='word_1_124' title='bbox 1135 1127 1460 1180; x_wconf 82' lang='lat' dir='ltr'><strong>Sanctorum</strong></span> <span class='ocrx_word' id='word_1_125' title='bbox 1509 1121 1907 1183; x_wconf 72' lang='lat' dir='ltr'><strong>celebrabatur,</strong></span> <span class='ocrx_word' id='word_1_126' title='bbox 1955 1128 2012 1174; x_wconf 90' lang='lat' dir='ltr'><strong>ut</strong></span> <span class='ocrx_word' id='word_1_127' title='bbox 2112 1117 2352 1190; x_wconf 83' lang='lat' dir='ltr'><strong>Martyrii</strong></span> <span class='ocrx_word' id='word_1_128' title='bbox 2385 1117 2751 1173; x_wconf 90' lang='lat' dir='ltr'><strong>meminerunt</strong></span> <span class='ocrx_word' id='word_1_129' title='bbox 2783 1118 2865 1172; x_wconf 74' lang='lat' dir='ltr'><strong>ita:</strong></span> <span class='ocrx_word' id='word_1_130' title='bbox 2886 1118 3009 1173; x_wconf 67' lang='lat' dir='ltr'><strong>duae</strong></span> <span class='ocrx_word' id='word_1_131' title='bbox 3040 1117 3338 1187; x_wconf 65' lang='lat' dir='ltr'><strong>Ecclesia),</strong></span> <span class='ocrx_word' id='word_1_132' title='bbox 3379 1136 3497 1190; x_wconf 75' lang='lat' dir='ltr'><strong>qua:</strong></span> <span class='ocrx_word' id='word_1_133' title='bbox 3524 1120 3577 1176; x_wconf 89' lang='lat' dir='ltr'><strong>S.</strong></span> <span class='ocrx_word' id='word_1_134' title='bbox 3606 1119 3683 1175; x_wconf 86' lang='lat' dir='ltr'><strong>Ze-</strong></span> 
     </span>
    </p>
   </div>
   <div class='ocr_carea' id='block_1_12' title="bbox 404 1211 3683 1280">
    <p class='ocr_par' dir='ltr' id='par_1_12' title="bbox 404 1211 3683 1280">
     <span class='ocr_line' id='line_1_12' title="bbox 404 1211 3683 1280; baseline -0.001 -6"><span class='ocrx_word' id='word_1_135' title='bbox 404 1236 469 1274; x_wconf 75' lang='lat' dir='ltr'><strong>cx</strong></span> <span class='ocrx_word' id='word_1_136' title='bbox 503 1219 729 1273; x_wconf 88' lang='lat' dir='ltr'><strong>Coneilii</strong></span> <span class='ocrx_word' id='word_1_137' title='bbox 758 1217 1007 1272; x_wconf 83' lang='lat' dir='ltr'><strong>Toletani</strong></span> <span class='ocrx_word' id='word_1_138' title='bbox 1040 1231 1251 1273; x_wconf 85' lang='lat' dir='ltr'><strong>canone</strong></span> <span class='ocrx_word' id='word_1_139' title='bbox 1279 1229 1423 1269; x_wconf 91' lang='lat' dir='ltr'><strong>anno</strong></span> <span class='ocrx_word' id='word_1_140' title='bbox 1468 1213 1572 1269; x_wconf 61' lang='lat'><strong>(356</strong></span> <span class='ocrx_word' id='word_1_141' title='bbox 1598 1211 1766 1266; x_wconf 85' lang='lat' dir='ltr'><strong>habiti</strong></span> <span class='ocrx_word' id='word_1_142' title='bbox 1807 1211 2011 1280; x_wconf 83' lang='lat' dir='ltr'><strong>colligi-</strong></span> <span class='ocrx_word' id='word_1_143' title='bbox 2116 1227 2314 1268; x_wconf 91' lang='lat' dir='ltr'><strong>nonem</strong></span> <span class='ocrx_word' id='word_1_144' title='bbox 2345 1213 2639 1268; x_wconf 88' lang='lat' dir='ltr'><strong>Patronurn</strong></span> <span class='ocrx_word' id='word_1_145' title='bbox 2695 1229 2851 1269; x_wconf 91' lang='lat' dir='ltr'><strong>suum</strong></span> <span class='ocrx_word' id='word_1_146' title='bbox 2894 1222 3222 1270; x_wconf 79' lang='lat' dir='ltr'><strong>venerantur</strong></span> <span class='ocrx_word' id='word_1_147' title='bbox 3256 1225 3312 1270; x_wconf 90' lang='lat' dir='ltr'><strong>et</strong></span> <span class='ocrx_word' id='word_1_148' title='bbox 3352 1216 3552 1271; x_wconf 87' lang='lat' dir='ltr'><strong>colunt.</strong></span> <span class='ocrx_word' id='word_1_149' title='bbox 3584 1217 3683 1272; x_wconf 71' lang='lat' dir='ltr'><strong>Hec</strong></span> 
     </span>
    </p>
   </div>
   <div class='ocr_carea' id='block_1_13' title="bbox 403 1303 3683 1383">
    <p class='ocr_par' dir='ltr' id='par_1_13' title="bbox 403 1303 3683 1383">
     <span class='ocr_line' id='line_1_13' title="bbox 403 1303 3683 1383; baseline 0.001 -21"><span class='ocrx_word' id='word_1_150' title='bbox 403 1319 493 1363; x_wconf 90' lang='lat' dir='ltr'><strong>tur</strong></span> <span class='ocrx_word' id='word_1_151' title='bbox 526 1310 701 1380; x_wconf 82' lang='lat' dir='ltr'><strong>(Apud</strong></span> <span class='ocrx_word' id='word_1_152' title='bbox 734 1308 1001 1374; x_wconf 76' lang='lat' dir='ltr'><strong>Martene,</strong></span> <span class='ocrx_word' id='word_1_153' title='bbox 1036 1318 1160 1363; x_wconf 86' lang='lat' dir='ltr'><strong>tam.</strong></span> <span class='ocrx_word' id='word_1_154' title='bbox 1195 1324 1248 1370; x_wconf 89' lang='lat' dir='ltr'><strong>v,</strong></span> <span class='ocrx_word' id='word_1_155' title='bbox 1280 1325 1401 1379; x_wconf 75' lang='lat' dir='ltr'><strong>pag.</strong></span> <span class='ocrx_word' id='word_1_156' title='bbox 1432 1303 1560 1377; x_wconf 82' lang='lat'><strong>65):</strong></span> <span class='ocrx_word' id='word_1_157' title='bbox 1595 1304 1748 1358; x_wconf 71' lang='lat' dir='ltr'><strong>Niltil</strong></span> <span class='ocrx_word' id='word_1_158' title='bbox 1778 1304 1840 1357; x_wconf 87' lang='lat' dir='ltr'><strong>de</strong></span> <span class='ocrx_word' id='word_1_159' title='bbox 1867 1304 2009 1358; x_wconf 88' lang='lat' dir='ltr'><strong>Satt-</strong></span> <span class='ocrx_word' id='word_1_160' title='bbox 2116 1304 2331 1358; x_wconf 90' lang='lat' dir='ltr'><strong>traditio</strong></span> <span class='ocrx_word' id='word_1_161' title='bbox 2353 1305 2410 1359; x_wconf 87' lang='grc'><strong>8.</strong></span> <span class='ocrx_word' id='word_1_162' title='bbox 2432 1303 3012 1375; x_wconf 82' lang='lat' dir='ltr'><strong>Gregoriiauctorilate</strong></span> <span class='ocrx_word' id='word_1_163' title='bbox 3036 1306 3258 1374; x_wconf 81' lang='lat' dir='ltr'><strong>probata</strong></span> <span class='ocrx_word' id='word_1_164' title='bbox 3292 1306 3359 1363; x_wconf 85' lang='lat' dir='ltr'><strong>ad</strong></span> <span class='ocrx_word' id='word_1_165' title='bbox 3388 1322 3579 1383; x_wconf 86' lang='lat' dir='ltr'><strong>annum</strong></span> <span class='ocrx_word' id='word_1_166' title='bbox 3599 1309 3683 1364; x_wconf 82' lang='lat'><strong>595</strong></span> 
     </span>
    </p>
   </div>
   <div class='ocr_carea' id='block_1_14' title="bbox 400 1396 3684 1468">
    <p class='ocr_par' dir='ltr' id='par_1_14' title="bbox 400 1396 3684 1468">
     <span class='ocr_line' id='line_1_14' title="bbox 400 1396 3684 1468; baseline 0 -14"><span class='ocrx_word' id='word_1_167' title='bbox 400 1413 597 1455; x_wconf 86' lang='lat' dir='ltr'><strong>ctorttm</strong></span> <span class='ocrx_word' id='word_1_168' title='bbox 620 1401 1048 1466; x_wconf 83' lang='lat' dir='ltr'><strong>solemnitatibus,</strong></span> <span class='ocrx_word' id='word_1_169' title='bbox 1072 1402 1203 1455; x_wconf 89' lang='lat' dir='ltr'><strong>sicut</strong></span> <span class='ocrx_word' id='word_1_170' title='bbox 1233 1416 1295 1454; x_wconf 80' lang='lat' dir='ltr'><strong>ea:</strong></span> <span class='ocrx_word' id='word_1_171' title='bbox 1322 1398 1623 1468; x_wconf 88' lang='lat' dir='ltr'><strong>antiquitate</strong></span> <span class='ocrx_word' id='word_1_172' title='bbox 1642 1397 1863 1467; x_wconf 79' lang='lat' dir='ltr'><strong>regulari</strong></span> <span class='ocrx_word' id='word_1_173' title='bbox 1890 1412 2013 1449; x_wconf 75' lang='lat' dir='ltr'><strong>cau~</strong></span> <span class='ocrx_word' id='word_1_174' title='bbox 2115 1396 2504 1466; x_wconf 89' lang='lat' dir='ltr'><strong>posterioribus</strong></span> <span class='ocrx_word' id='word_1_175' title='bbox 2546 1412 2761 1467; x_wconf 78' lang='lat' dir='ltr'><strong>quoque</strong></span> <span class='ocrx_word' id='word_1_176' title='bbox 2790 1399 3003 1453; x_wconf 68' lang='lat' dir='ltr'><strong>saeculis</strong></span> <span class='ocrx_word' id='word_1_177' title='bbox 3028 1399 3506 1455; x_wconf 72' lang='lat' dir='ltr'><strong>celeber-rimorum</strong></span> <span class='ocrx_word' id='word_1_178' title='bbox 3533 1413 3684 1454; x_wconf 82' lang='lat' dir='ltr'><strong>aucto-</strong></span> 
     </span>
    </p>
   </div>
   <div class='ocr_carea' id='block_1_15' title="bbox 403 1487 3685 1560">
    <p class='ocr_par' dir='ltr' id='par_1_15' title="bbox 403 1487 3685 1560">
     <span class='ocr_line' id='line_1_15' title="bbox 403 1487 3685 1560; baseline 0 -14"><span class='ocrx_word' id='word_1_179' title='bbox 403 1505 509 1547; x_wconf 86' lang='lat' dir='ltr'><strong>tum</strong></span> <span class='ocrx_word' id='word_1_180' title='bbox 531 1505 626 1559; x_wconf 88' lang='lat' dir='ltr'><strong>est,</strong></span> <span class='ocrx_word' id='word_1_181' title='bbox 656 1494 889 1547; x_wconf 71' lang='lat' dir='ltr'><strong>conticuit</strong></span> <span class='ocrx_word' id='word_1_182' title='bbox 919 1492 1189 1548; x_wconf 72' lang='lat' dir='ltr'><strong>celebrari.</strong></span> <span class='ocrx_word' id='word_1_183' title='bbox 1219 1491 1289 1546; x_wconf 87' lang='lat' dir='ltr'><strong>Et</strong></span> <span class='ocrx_word' id='word_1_184' title='bbox 1319 1489 1626 1560; x_wconf 73' lang='lat' dir='ltr'><strong>ltujusmodi</strong></span> <span class='ocrx_word' id='word_1_185' title='bbox 1648 1487 1855 1543; x_wconf 80' lang='lat' dir='ltr'><strong>Canoui</strong></span> <span class='ocrx_word' id='word_1_186' title='bbox 1882 1504 2012 1542; x_wconf 88' lang='lat' dir='ltr'><strong>con—</strong></span> <span class='ocrx_word' id='word_1_187' title='bbox 2115 1504 2233 1543; x_wconf 86' lang='lat' dir='ltr'><strong>rum</strong></span> <span class='ocrx_word' id='word_1_188' title='bbox 2260 1489 2570 1545; x_wconf 86' lang='lat' dir='ltr'><strong>testimonio</strong></span> <span class='ocrx_word' id='word_1_189' title='bbox 2591 1505 2654 1546; x_wconf 86' lang='lat' dir='ltr'><strong>ac</strong></span> <span class='ocrx_word' id='word_1_190' title='bbox 2678 1493 3039 1546; x_wconf 86' lang='lat' dir='ltr'><strong>monumentis</strong></span> <span class='ocrx_word' id='word_1_191' title='bbox 3054 1492 3429 1548; x_wconf 84' lang='lat' dir='ltr'><strong>vetustissimis</strong></span> <span class='ocrx_word' id='word_1_192' title='bbox 3443 1491 3685 1547; x_wconf 76' lang='lat' dir='ltr'><strong>continua-</strong></span> 
     </span>
    </p>
   </div>
   <div class='ocr_carea' id='block_1_16' title="bbox 402 1578 3685 1656">
    <p class='ocr_par' dir='ltr' id='par_1_16' title="bbox 402 1578 3685 1656">
     <span class='ocr_line' id='line_1_16' title="bbox 402 1578 3685 1656; baseline -0.001 -15"><span class='ocrx_word' id='word_1_193' title='bbox 402 1587 593 1641; x_wconf 73' lang='lat' dir='ltr'><strong>ctn-dat</strong></span> <span class='ocrx_word' id='word_1_194' title='bbox 638 1601 742 1641; x_wconf 90' lang='lat' dir='ltr'><strong>ms.</strong></span> <span class='ocrx_word' id='word_1_195' title='bbox 776 1585 938 1656; x_wconf 86' lang='lat' dir='ltr'><strong>hujus</strong></span> <span class='ocrx_word' id='word_1_196' title='bbox 976 1584 1308 1641; x_wconf 76' lang='lat' dir='ltr'><strong>catliedralis</strong></span> <span class='ocrx_word' id='word_1_197' title='bbox 1332 1583 1593 1638; x_wconf 76' lang='lat' dir='ltr'><strong>Ecclesia:</strong></span> <span class='ocrx_word' id='word_1_198' title='bbox 1625 1580 2009 1646; x_wconf 82' lang='lat' dir='ltr'><strong>Pistoriensis,</strong></span> <span class='ocrx_word' id='word_1_199' title='bbox 2118 1590 2221 1635; x_wconf 91' lang='lat' dir='ltr'><strong>tur.</strong></span> <span class='ocrx_word' id='word_1_200' title='bbox 2266 1578 2627 1637; x_wconf 84' lang='lat' dir='ltr'><strong>Conﬁrmatur</strong></span> <span class='ocrx_word' id='word_1_201' title='bbox 2667 1584 2718 1637; x_wconf 90' lang='lat' dir='ltr'><strong>in</strong></span> <span class='ocrx_word' id='word_1_202' title='bbox 2787 1584 2972 1654; x_wconf 88' lang='lat' dir='ltr'><strong>primis</strong></span> <span class='ocrx_word' id='word_1_203' title='bbox 3037 1586 3343 1641; x_wconf 88' lang='lat' dir='ltr'><strong>testimonio</strong></span> <span class='ocrx_word' id='word_1_204' title='bbox 3394 1584 3685 1641; x_wconf 77' lang='lat' dir='ltr'><strong>Venerabilis</strong></span> 
     </span>
    </p>
   </div>
   <div class='ocr_carea' id='block_1_17' title="bbox 404 1662 3683 1751">
    <p class='ocr_par' dir='ltr' id='par_1_17' title="bbox 404 1662 3683 1751">
     <span class='ocr_line' id='line_1_17' title="bbox 404 1662 3683 1751; baseline -0.001 -15"><span class='ocrx_word' id='word_1_205' title='bbox 404 1696 469 1736; x_wconf 77' lang='lat' dir='ltr'><strong>ex</strong></span> <span class='ocrx_word' id='word_1_206' title='bbox 504 1696 677 1751; x_wconf 87' lang='lat' dir='ltr'><strong>coque</strong></span> <span class='ocrx_word' id='word_1_207' title='bbox 710 1680 869 1751; x_wconf 86' lang='lat' dir='ltr'><strong>hujus</strong></span> <span class='ocrx_word' id='word_1_208' title='bbox 911 1690 1114 1735; x_wconf 77' lang='lat' dir='ltr'><strong>nostra:</strong></span> <span class='ocrx_word' id='word_1_209' title='bbox 1142 1679 1402 1733; x_wconf 70' lang='lat' dir='ltr'><strong>Ecclesia:</strong></span> <span class='ocrx_word' id='word_1_210' title='bbox 1438 1676 1728 1746; x_wconf 79' lang='lat' dir='ltr'><strong>antiquitas</strong></span> <span class='ocrx_word' id='word_1_211' title='bbox 1754 1690 2007 1745; x_wconf 89' lang='lat' dir='ltr'><strong>compro-</strong></span> <span class='ocrx_word' id='word_1_212' title='bbox 2116 1674 2273 1730; x_wconf 76' lang='lat' dir='ltr'><strong>Beda:</strong></span> <span class='ocrx_word' id='word_1_213' title='bbox 2300 1718 2313 1741; x_wconf 95' lang='lat'><strong>,</strong></span> <span class='ocrx_word' id='word_1_214' title='bbox 2355 1675 2445 1747; x_wconf 90' lang='lat' dir='ltr'><strong>qui</strong></span> <span class='ocrx_word' id='word_1_215' title='bbox 2502 1676 2641 1732; x_wconf 73' lang='lat' dir='ltr'><strong>circa</strong></span> <span class='ocrx_word' id='word_1_216' title='bbox 2712 1693 2909 1735; x_wconf 87' lang='lat' dir='ltr'><strong>annum</strong></span> <span class='ocrx_word' id='word_1_217' title='bbox 2967 1680 3099 1746; x_wconf 73' lang='lat'><strong>731;</strong></span> <span class='ocrx_word' id='word_1_218' title='bbox 3156 1662 3507 1736; x_wconf 77' lang='lat' dir='ltr'><strong>conﬁrmatur</strong></span> <span class='ocrx_word' id='word_1_219' title='bbox 3566 1679 3683 1736; x_wconf 79' lang='lat' dir='ltr'><strong>Iesu-</strong></span> 
     </span>
    </p>
   </div>
   <div class='ocr_carea' id='block_1_18' title="bbox 404 1768 3681 1844">
    <p class='ocr_par' dir='ltr' id='par_1_18' title="bbox 404 1768 3681 1844">
     <span class='ocr_line' id='line_1_18' title="bbox 404 1768 3681 1844; baseline -0.001 -15"><span class='ocrx_word' id='word_1_220' title='bbox 404 1776 584 1831; x_wconf 78' lang='lat' dir='ltr'><strong>batur.</strong></span> <span class='ocrx_word' id='word_1_221' title='bbox 618 1775 694 1829; x_wconf 86' lang='lat' dir='ltr'><strong>De</strong></span> <span class='ocrx_word' id='word_1_222' title='bbox 724 1775 888 1830; x_wconf 88' lang='lat' dir='ltr'><strong>Festo</strong></span> <span class='ocrx_word' id='word_1_223' title='bbox 925 1790 1158 1844; x_wconf 87' lang='lat' dir='ltr'><strong>namque</strong></span> <span class='ocrx_word' id='word_1_224' title='bbox 1198 1772 1437 1843; x_wconf 87' lang='lat' dir='ltr'><strong>Martyrii</strong></span> <span class='ocrx_word' id='word_1_225' title='bbox 1469 1771 1526 1828; x_wconf 92' lang='grc'><strong>8.</strong></span> <span class='ocrx_word' id='word_1_226' title='bbox 1562 1770 1795 1825; x_wconf 85' lang='lat' dir='ltr'><strong>Zenonis</strong></span> <span class='ocrx_word' id='word_1_227' title='bbox 1825 1784 2013 1825; x_wconf 89' lang='lat' dir='ltr'><strong>mense</strong></span> <span class='ocrx_word' id='word_1_228' title='bbox 2042 1772 2088 1831; x_wconf 91' lang='lat' dir='ltr'><strong>B</strong></span> <span class='ocrx_word' id='word_1_229' title='bbox 2118 1769 2299 1825; x_wconf 91' lang='lat' dir='ltr'><strong>monio</strong></span> <span class='ocrx_word' id='word_1_230' title='bbox 2327 1768 2477 1826; x_wconf 83' lang='lat' dir='ltr'><strong>Pauli</strong></span> <span class='ocrx_word' id='word_1_231' title='bbox 2507 1771 2724 1826; x_wconf 91' lang='lat' dir='ltr'><strong>Diaconi</strong></span> <span class='ocrx_word' id='word_1_232' title='bbox 2748 1813 2763 1837; x_wconf 86' lang='lat'><strong>,</strong></span> <span class='ocrx_word' id='word_1_233' title='bbox 2791 1771 2883 1843; x_wconf 85' lang='lat' dir='ltr'><strong>qui</strong></span> <span class='ocrx_word' id='word_1_234' title='bbox 2923 1784 3043 1843; x_wconf 91' lang='lat' dir='ltr'><strong>post</strong></span> <span class='ocrx_word' id='word_1_235' title='bbox 3068 1774 3312 1839; x_wconf 87' lang='lat' dir='ltr'><strong>elapsum</strong></span> <span class='ocrx_word' id='word_1_236' title='bbox 3356 1788 3549 1827; x_wconf 82' lang='lat' dir='ltr'><strong>annum</strong></span> <span class='ocrx_word' id='word_1_237' title='bbox 3579 1772 3681 1836; x_wconf 60' lang='lat'><strong>77‘;</strong></span> 
     </span>
    </p>
   </div>
   <div class='ocr_carea' id='block_1_19' title="bbox 403 1860 3675 1938">
    <p class='ocr_par' dir='ltr' id='par_1_19' title="bbox 403 1860 3675 1938">
     <span class='ocr_line' id='line_1_19' title="bbox 403 1860 3675 1938; baseline 0 -17"><span class='ocrx_word' id='word_1_238' title='bbox 403 1868 575 1936; x_wconf 82' lang='lat' dir='ltr'><strong>Aprili</strong></span> <span class='ocrx_word' id='word_1_239' title='bbox 604 1868 682 1922; x_wconf 88' lang='lat' dir='ltr'><strong>sic</strong></span> <span class='ocrx_word' id='word_1_240' title='bbox 723 1867 886 1922; x_wconf 81' lang='lat' dir='ltr'><strong>liabet</strong></span> <span class='ocrx_word' id='word_1_241' title='bbox 919 1886 930 1921; x_wconf 91' lang='lat'>:</span> <span class='ocrx_word' id='word_1_242' title='bbox 976 1867 1039 1921; x_wconf 86' lang='lat' dir='ltr'><strong>Si</strong></span> <span class='ocrx_word' id='word_1_243' title='bbox 1068 1866 1282 1920; x_wconf 79' lang='lat' dir='ltr'><strong>Festum</strong></span> <span class='ocrx_word' id='word_1_244' title='bbox 1319 1865 1380 1920; x_wconf 86' lang='grc' dir='ltr'>Β.</span> <span class='ocrx_word' id='word_1_245' title='bbox 1417 1864 1640 1919; x_wconf 75' lang='lat' dir='ltr'><strong>Zenonis</strong></span> <span class='ocrx_word' id='word_1_246' title='bbox 1679 1873 1915 1919; x_wconf 83' lang='lat' dir='ltr'><strong>occurrat</strong></span> <span class='ocrx_word' id='word_1_247' title='bbox 1958 1865 2010 1918; x_wconf 86' lang='lat' dir='ltr'><strong>in</strong></span> <span class='ocrx_word' id='word_1_248' title='bbox 2116 1860 2463 1917; x_wconf 76' lang='lat' dir='ltr'><strong>conﬁrmatur</strong></span> <span class='ocrx_word' id='word_1_249' title='bbox 2514 1865 2823 1920; x_wconf 90' lang='lat' dir='ltr'><strong>testimonio</strong></span> <span class='ocrx_word' id='word_1_250' title='bbox 2873 1866 3267 1933; x_wconf 81' lang='lat' dir='ltr'><strong>Wandelberti,</strong></span> <span class='ocrx_word' id='word_1_251' title='bbox 3302 1868 3391 1938; x_wconf 89' lang='lat' dir='ltr'><strong>qui</strong></span> <span class='ocrx_word' id='word_1_252' title='bbox 3420 1882 3553 1923; x_wconf 85' lang='lat' dir='ltr'><strong>anno</strong></span> <span class='ocrx_word' id='word_1_253' title='bbox 3576 1866 3675 1933; x_wconf 78' lang='lat'><strong>855,</strong></span> 
     </span>
    </p>
   </div>
   <div class='ocr_carea' id='block_1_20' title="bbox 405 1954 3682 2031">
    <p class='ocr_par' dir='ltr' id='par_1_20' title="bbox 405 1954 3682 2031">
     <span class='ocr_line' id='line_1_20' title="bbox 405 1954 3682 2031; baseline 0 -19"><span class='ocrx_word' id='word_1_254' title='bbox 405 1961 580 2030; x_wconf 83' lang='lat' dir='ltr'><strong>aliqua</strong></span> <span class='ocrx_word' id='word_1_255' title='bbox 610 1960 692 2014; x_wconf 84' lang='lat' dir='ltr'><strong>die</strong></span> <span class='ocrx_word' id='word_1_256' title='bbox 722 1960 1161 2031; x_wconf 75' lang='lat' dir='ltr'><strong>Quarlragesimw.</strong></span> <span class='ocrx_word' id='word_1_257' title='bbox 1192 1960 1270 2012; x_wconf 79' lang='lat' dir='ltr'><strong>vel</strong></span> <span class='ocrx_word' id='word_1_258' title='bbox 1292 1960 1343 2012; x_wconf 84' lang='lat' dir='ltr'><strong>in</strong></span> <span class='ocrx_word' id='word_1_259' title='bbox 1373 1959 1458 2014; x_wconf 82' lang='lat' dir='ltr'><strong>die</strong></span> <span class='ocrx_word' id='word_1_260' title='bbox 1477 1957 1908 2025; x_wconf 83' lang='lat' dir='ltr'><strong>Resurrectionis,</strong></span> <span class='ocrx_word' id='word_1_261' title='bbox 1935 1960 2013 2013; x_wconf 86' lang='lat' dir='ltr'><strong>vel</strong></span> <span class='ocrx_word' id='word_1_262' title='bbox 2117 1954 2434 2010; x_wconf 79' lang='lat' dir='ltr'><strong>\‘elcirciter</strong></span> <span class='ocrx_word' id='word_1_263' title='bbox 2454 1955 2776 2011; x_wconf 83' lang='lat' dir='ltr'><strong>ﬂoruerunt.</strong></span> <span class='ocrx_word' id='word_1_264' title='bbox 2813 1958 3083 2014; x_wconf 80' lang='lat' dir='ltr'><strong>Rilhmica</strong></span> <span class='ocrx_word' id='word_1_265' title='bbox 3120 1976 3336 2031; x_wconf 85' lang='lat' dir='ltr'><strong>quoque</strong></span> <span class='ocrx_word' id='word_1_266' title='bbox 3365 1962 3605 2025; x_wconf 85' lang='lat' dir='ltr'><strong>narratio,</strong></span> <span class='ocrx_word' id='word_1_267' title='bbox 3631 1960 3682 2015; x_wconf 87' lang='lat' dir='ltr'><strong>de</strong></span> 
     </span>
    </p>
   </div>
   <div class='ocr_carea' id='block_1_21' title="bbox 402 2048 3683 2123">
    <p class='ocr_par' dir='ltr' id='par_1_21' title="bbox 402 2048 3683 2123">
     <span class='ocr_line' id='line_1_21' title="bbox 402 2048 3683 2123; baseline 0.002 -22"><span class='ocrx_word' id='word_1_268' title='bbox 402 2051 634 2120; x_wconf 84' lang='lat' dir='ltr'><strong>sequenti</strong></span> <span class='ocrx_word' id='word_1_269' title='bbox 663 2051 746 2105; x_wconf 83' lang='lat' dir='ltr'><strong>die</strong></span> <span class='ocrx_word' id='word_1_270' title='bbox 774 2050 957 2119; x_wconf 79' lang='lat' dir='ltr'><strong>Lunw,</strong></span> <span class='ocrx_word' id='word_1_271' title='bbox 992 2052 1069 2105; x_wconf 82' lang='lat' dir='ltr'><strong>vel</strong></span> <span class='ocrx_word' id='word_1_272' title='bbox 1108 2050 1317 2116; x_wconf 82' lang='lat' dir='ltr'><strong>Martis,</strong></span> <span class='ocrx_word' id='word_1_273' title='bbox 1343 2067 1400 2104; x_wconf 88' lang='lat' dir='ltr'><strong>eo</strong></span> <span class='ocrx_word' id='word_1_274' title='bbox 1431 2067 1566 2104; x_wconf 86' lang='lat' dir='ltr'><strong>anno</strong></span> <span class='ocrx_word' id='word_1_275' title='bbox 1594 2049 1727 2103; x_wconf 82' lang='lat' dir='ltr'><strong>nihil</strong></span> <span class='ocrx_word' id='word_1_276' title='bbox 1752 2052 1816 2106; x_wconf 88' lang='lat' dir='ltr'><strong>de</strong></span> <span class='ocrx_word' id='word_1_277' title='bbox 1838 2067 1898 2105; x_wconf 91' lang='lat' dir='ltr'><strong>eo</strong></span> <span class='ocrx_word' id='word_1_278' title='bbox 1931 2056 2008 2121; x_wconf 82' lang='grc' dir='ltr'><strong>[α-</strong></span> <span class='ocrx_word' id='word_1_279' title='bbox 2113 2060 2217 2115; x_wconf 81' lang='lat' dir='ltr'><strong>qua</strong></span> <span class='ocrx_word' id='word_1_280' title='bbox 2233 2061 2391 2115; x_wconf 78' lang='lat' dir='ltr'><strong>supra</strong></span> <span class='ocrx_word' id='word_1_281' title='bbox 2407 2048 2546 2118; x_wconf 88' lang='lat' dir='ltr'><strong>(cap.</strong></span> <span class='ocrx_word' id='word_1_282' title='bbox 2567 2050 2640 2118; x_wconf 83' lang='grc'><strong>1).</strong></span> <span class='ocrx_word' id='word_1_283' title='bbox 2665 2066 2807 2121; x_wconf 68' lang='lat' dir='ltr'><strong>quae,</strong></span> <span class='ocrx_word' id='word_1_284' title='bbox 2835 2062 2890 2105; x_wconf 91' lang='lat' dir='ltr'><strong>ut</strong></span> <span class='ocrx_word' id='word_1_285' title='bbox 2908 2051 3230 2106; x_wconf 85' lang='lat' dir='ltr'><strong>Muratorius</strong></span> <span class='ocrx_word' id='word_1_286' title='bbox 3253 2061 3424 2123; x_wconf 82' lang='lat' dir='ltr'><strong>putat,</strong></span> <span class='ocrx_word' id='word_1_287' title='bbox 3453 2055 3581 2107; x_wconf 79' lang='lat' dir='ltr'><strong>circa</strong></span> <span class='ocrx_word' id='word_1_288' title='bbox 3606 2068 3683 2106; x_wconf 81' lang='lat' dir='ltr'><strong>an-</strong></span> 
     </span>
    </p>
   </div>
   <div class='ocr_carea' id='block_1_22' title="bbox 404 2126 3681 2214">
    <p class='ocr_par' dir='ltr' id='par_1_22' title="bbox 404 2126 3681 2214">
     <span class='ocr_line' id='line_1_22' title="bbox 404 2126 3681 2214; baseline 0.001 -21"><span class='ocrx_word' id='word_1_289' title='bbox 404 2142 589 2197; x_wconf 82' lang='lat' dir='ltr'><strong>rintus.</strong></span> <span class='ocrx_word' id='word_1_290' title='bbox 633 2143 695 2197; x_wconf 83' lang='lat' dir='ltr'><strong>Si</strong></span> <span class='ocrx_word' id='word_1_291' title='bbox 735 2154 907 2198; x_wconf 88' lang='lat' dir='ltr'><strong>autem</strong></span> <span class='ocrx_word' id='word_1_292' title='bbox 935 2126 1171 2197; x_wconf 80' lang='lat' dir='ltr'><strong>occurrat</strong></span> <span class='ocrx_word' id='word_1_293' title='bbox 1214 2144 1297 2196; x_wconf 87' lang='lat' dir='ltr'><strong>die</strong></span> <span class='ocrx_word' id='word_1_294' title='bbox 1326 2141 1601 2209; x_wconf 74' lang='lat' dir='ltr'><strong>Mercurii,</strong></span> <span class='ocrx_word' id='word_1_295' title='bbox 1637 2144 1713 2197; x_wconf 81' lang='lat' dir='ltr'><strong>vel</strong></span> <span class='ocrx_word' id='word_1_296' title='bbox 1752 2143 1805 2196; x_wconf 88' lang='lat' dir='ltr'><strong>in</strong></span> <span class='ocrx_word' id='word_1_297' title='bbox 1838 2142 2009 2212; x_wconf 86' lang='lat' dir='ltr'><strong>aliqua</strong></span> <span class='ocrx_word' id='word_1_298' title='bbox 2114 2154 2238 2193; x_wconf 91' lang='lat' dir='ltr'><strong>num</strong></span> <span class='ocrx_word' id='word_1_299' title='bbox 2266 2139 2387 2204; x_wconf 90' lang='lat'><strong>790,</strong></span> <span class='ocrx_word' id='word_1_300' title='bbox 2404 2139 2716 2197; x_wconf 83' lang='lat' dir='ltr'><strong>elucubrata</strong></span> <span class='ocrx_word' id='word_1_301' title='bbox 2742 2142 2860 2206; x_wconf 82' lang='lat' dir='ltr'><strong>fuit,</strong></span> <span class='ocrx_word' id='word_1_302' title='bbox 2894 2143 3266 2199; x_wconf 81' lang='lat' dir='ltr'><strong>etaRatherio</strong></span> <span class='ocrx_word' id='word_1_303' title='bbox 3284 2144 3681 2214; x_wconf 81' lang='lat' dir='ltr'><strong>Veronensiepi-</strong></span> 
     </span>
    </p>
   </div>
   <div class='ocr_carea' id='block_1_23' title="bbox 403 2229 1912 2306">
    <p class='ocr_par' dir='ltr' id='par_1_23' title="bbox 403 2235 1882 2306">
     <span class='ocr_line' id='line_1_23' title="bbox 403 2235 1882 2306; baseline 0.003 -20"><span class='ocrx_word' id='word_1_304' title='bbox 403 2237 632 2303; x_wconf 81' lang='lat' dir='ltr'><strong>sequenti</strong></span> <span class='ocrx_word' id='word_1_305' title='bbox 678 2237 841 2306; x_wconf 78' lang='lat' dir='ltr'><strong>ipsius</strong></span> <span class='ocrx_word' id='word_1_306' title='bbox 890 2235 1165 2291; x_wconf 73' lang='lat' dir='ltr'><strong>Paschalis</strong></span> <span class='ocrx_word' id='word_1_307' title='bbox 1215 2235 1601 2303; x_wconf 74' lang='lat' dir='ltr'><strong>Ilebdomadw,</strong></span> <span class='ocrx_word' id='word_1_308' title='bbox 1654 2236 1729 2290; x_wconf 71' lang='lat' dir='ltr'><strong>uel</strong></span> <span class='ocrx_word' id='word_1_309' title='bbox 1769 2236 1882 2305; x_wconf 84' lang='lat' dir='ltr'><strong>ipso</strong></span> 
     </span>
    </p>
   </div>
   <div class='ocr_carea' id='block_1_24' title="bbox 2161 2229 3670 2306">
    <p class='ocr_par' dir='ltr' id='par_1_24' title="bbox 2161 2229 3670 2303">
     <span class='ocr_line' id='line_1_24' title="bbox 2161 2229 3670 2303; baseline 0.005 -20"><span class='ocrx_word' id='word_1_310' title='bbox 2161 2244 2299 2300; x_wconf 79' lang='lat' dir='ltr'><strong>:opo,</strong></span> <span class='ocrx_word' id='word_1_311' title='bbox 2325 2231 2376 2285; x_wconf 93' lang='lat' dir='ltr'><strong>in</strong></span> <span class='ocrx_word' id='word_1_312' title='bbox 2412 2229 2723 2301; x_wconf 87' lang='lat' dir='ltr'><strong>Laubiensi,</strong></span> <span class='ocrx_word' id='word_1_313' title='bbox 2745 2233 3007 2291; x_wconf 70' lang='lat' dir='ltr'><strong>Cmnobio</strong></span> <span class='ocrx_word' id='word_1_314' title='bbox 3027 2251 3170 2292; x_wconf 90' lang='lat' dir='ltr'><strong>anno</strong></span> <span class='ocrx_word' id='word_1_315' title='bbox 3198 2237 3306 2293; x_wconf 85' lang='lat'><strong>970</strong></span> <span class='ocrx_word' id='word_1_316' title='bbox 3335 2238 3600 2303; x_wconf 85' lang='lat' dir='ltr'><strong>collocata,</strong></span> <span class='ocrx_word' id='word_1_317' title='bbox 3624 2238 3670 2293; x_wconf 88' lang='lat' dir='ltr'><strong>S.</strong></span> 
     </span>
    </p>
   </div>
   <div class='ocr_carea' id='block_1_25' title="bbox 409 2321 3677 2402">
    <p class='ocr_par' dir='ltr' id='par_1_25' title="bbox 409 2321 3677 2402">
     <span class='ocr_line' id='line_1_25' title="bbox 409 2321 3677 2402; baseline 0.002 -27"><span class='ocrx_word' id='word_1_318' title='bbox 409 2323 615 2379; x_wconf 76' lang='lat' dir='ltr'><strong>Octava:</strong></span> <span class='ocrx_word' id='word_1_319' title='bbox 636 2328 1033 2382; x_wconf 77' lang='lat' dir='ltr'><strong>resurrectionis</strong></span> <span class='ocrx_word' id='word_1_320' title='bbox 1049 2368 1065 2395; x_wconf 89' lang='lat'><strong>,</strong></span> <span class='ocrx_word' id='word_1_321' title='bbox 1095 2338 1201 2381; x_wconf 88' lang='lat' dir='ltr'><strong>tum</strong></span> <span class='ocrx_word' id='word_1_322' title='bbox 1245 2327 1358 2381; x_wconf 87' lang='lat' dir='ltr'><strong>sola</strong></span> <span class='ocrx_word' id='word_1_323' title='bbox 1401 2326 1580 2383; x_wconf 85' lang='lat' dir='ltr'><strong>Oratio</strong></span> <span class='ocrx_word' id='word_1_324' title='bbox 1628 2327 1685 2397; x_wconf 80' lang='lat' dir='ltr'><strong>ﬁt</strong></span> <span class='ocrx_word' id='word_1_325' title='bbox 1727 2327 1789 2381; x_wconf 86' lang='lat' dir='ltr'><strong>de</strong></span> <span class='ocrx_word' id='word_1_326' title='bbox 1814 2336 1870 2381; x_wconf 88' lang='lat' dir='ltr'><strong>eo</strong></span> <span class='ocrx_word' id='word_1_327' title='bbox 1895 2344 2009 2381; x_wconf 87' lang='lat' dir='ltr'><strong>cum</strong></span> <span class='ocrx_word' id='word_1_328' title='bbox 2112 2321 2385 2378; x_wconf 89' lang='lat' dir='ltr'><strong>Zenonem</strong></span> <span class='ocrx_word' id='word_1_329' title='bbox 2405 2323 2695 2397; x_wconf 83' lang='lat' dir='ltr'><strong>Martyrem</strong></span> <span class='ocrx_word' id='word_1_330' title='bbox 2716 2340 2840 2383; x_wconf 89' lang='lat' dir='ltr'><strong>esse</strong></span> <span class='ocrx_word' id='word_1_331' title='bbox 2859 2327 3165 2384; x_wconf 77' lang='lat' dir='ltr'><strong>confirmat.</strong></span> <span class='ocrx_word' id='word_1_332' title='bbox 3190 2328 3607 2402; x_wconf 84' lang='lat' dir='ltr'><strong>Martyrologium</strong></span> <span class='ocrx_word' id='word_1_333' title='bbox 3634 2331 3677 2383; x_wconf 89' lang='lat' dir='ltr'><strong>in</strong></span> 
     </span>
    </p>
   </div>
   <div class='ocr_carea' id='block_1_26' title="bbox 403 2404 3677 2492">
    <p class='ocr_par' dir='ltr' id='par_1_26' title="bbox 403 2404 3677 2492">
     <span class='ocr_line' id='line_1_26' title="bbox 403 2404 3677 2492; baseline 0.002 -21"><span class='ocrx_word' id='word_1_334' title='bbox 403 2434 499 2471; x_wconf 90' lang='lat' dir='ltr'><strong>sua</strong></span> <span class='ocrx_word' id='word_1_335' title='bbox 528 2417 844 2490; x_wconf 77' lang='lat' dir='ltr'><strong>Antiphonti.</strong></span> <span class='ocrx_word' id='word_1_336' title='bbox 877 2418 1047 2490; x_wconf 86' lang='lat' dir='ltr'><strong>(Ordo</strong></span> <span class='ocrx_word' id='word_1_337' title='bbox 1078 2417 1222 2489; x_wconf 77' lang='lat' dir='ltr'><strong>Ofﬁc.</strong></span> <span class='ocrx_word' id='word_1_338' title='bbox 1241 2404 1489 2475; x_wconf 79' lang='lat' dir='ltr'><strong>Ecclesitc</strong></span> <span class='ocrx_word' id='word_1_339' title='bbox 1512 2418 1813 2488; x_wconf 80' lang='lat' dir='ltr'><strong>Pistorien.,</strong></span> <span class='ocrx_word' id='word_1_340' title='bbox 1844 2420 1922 2473; x_wconf 92' lang='lat' dir='ltr'><strong>tit.</strong></span> <span class='ocrx_word' id='word_1_341' title='bbox 1947 2418 2011 2474; x_wconf 84' lang='lat' dir='ltr'><strong>de</strong></span> <span class='ocrx_word' id='word_1_342' title='bbox 2112 2413 2427 2474; x_wconf 85' lang='lat' dir='ltr'><strong>Pistoriensi</strong></span> <span class='ocrx_word' id='word_1_343' title='bbox 2442 2415 2771 2475; x_wconf 81' lang='lat' dir='ltr'><strong>Bibliouieca</strong></span> <span class='ocrx_word' id='word_1_344' title='bbox 2798 2421 2900 2490; x_wconf 78' lang='lat' dir='ltr'><strong>pia:</strong></span> <span class='ocrx_word' id='word_1_345' title='bbox 2921 2420 3121 2477; x_wconf 85' lang='lat' dir='ltr'><strong>Domus</strong></span> <span class='ocrx_word' id='word_1_346' title='bbox 3144 2418 3677 2492; x_wconf 74' lang='lat' dir='ltr'><strong>Sapientim,licetde-</strong></span> 
     </span>
    </p>
   </div>
   <div class='ocr_carea' id='block_1_27' title="bbox 402 2508 3673 2583">
    <p class='ocr_par' dir='ltr' id='par_1_27' title="bbox 402 2508 3673 2583">
     <span class='ocr_line' id='line_1_27' title="bbox 402 2508 3673 2583; baseline 0.002 -26"><span class='ocrx_word' id='word_1_347' title='bbox 402 2508 639 2581; x_wconf 65' lang='lat' dir='ltr'><strong>nepam.</strong></span> <span class='ocrx_word' id='word_1_348' title='bbox 668 2512 730 2565; x_wconf 73' lang='lat' dir='ltr'><strong>s.</strong></span> <span class='ocrx_word' id='word_1_349' title='bbox 761 2510 985 2577; x_wconf 56' lang='lat' dir='ltr'><strong>lenam,</strong></span> <span class='ocrx_word' id='word_1_350' title='bbox 1010 2529 1124 2582; x_wconf 75' lang='grc' dir='ltr'><strong>εαρ,</strong></span> <span class='ocrx_word' id='word_1_351' title='bbox 1159 2512 1243 2583; x_wconf 74' lang='grc'><strong>2,)</strong></span> <span class='ocrx_word' id='word_1_352' title='bbox 1272 2512 1387 2580; x_wconf 71' lang='lat' dir='ltr'><strong>Qua</strong></span> <span class='ocrx_word' id='word_1_353' title='bbox 1409 2512 1478 2567; x_wconf 83' lang='lat' dir='ltr'><strong>de</strong></span> <span class='ocrx_word' id='word_1_354' title='bbox 1499 2526 1659 2567; x_wconf 75' lang='lat' dir='ltr'><strong>causa</strong></span> <span class='ocrx_word' id='word_1_355' title='bbox 1691 2521 1838 2581; x_wconf 70' lang='lat' dir='ltr'><strong>puro,</strong></span> <span class='ocrx_word' id='word_1_356' title='bbox 1864 2511 2008 2581; x_wconf 77' lang='lat' dir='ltr'><strong>quod</strong></span> <span class='ocrx_word' id='word_1_357' title='bbox 2112 2508 2630 2574; x_wconf 67' lang='lat' dir='ltr'><strong>pravatum,sa‘.culo</strong></span> <span class='ocrx_word' id='word_1_358' title='bbox 2646 2510 2931 2565; x_wconf 90' lang='lat' dir='ltr'><strong>undecimo</strong></span> <span class='ocrx_word' id='word_1_359' title='bbox 2948 2511 3198 2567; x_wconf 74' lang='lat' dir='ltr'><strong>elaliente</strong></span> <span class='ocrx_word' id='word_1_360' title='bbox 3213 2511 3270 2570; x_wconf 88' lang='lat' dir='ltr'><strong>S.</strong></span> <span class='ocrx_word' id='word_1_361' title='bbox 3289 2512 3491 2581; x_wconf 86' lang='lat' dir='ltr'><strong>Zenoni</strong></span> <span class='ocrx_word' id='word_1_362' title='bbox 3510 2512 3673 2583; x_wconf 76' lang='lat' dir='ltr'><strong>Marty-</strong></span> 
     </span>
    </p>
   </div>
   <div class='ocr_carea' id='block_1_28' title="bbox 401 2592 3671 2676">
    <p class='ocr_par' dir='ltr' id='par_1_28' title="bbox 401 2592 3671 2676">
     <span class='ocr_line' id='line_1_28' title="bbox 401 2592 3671 2676; baseline 0.001 -23"><span class='ocrx_word' id='word_1_363' title='bbox 401 2601 454 2656; x_wconf 92' lang='lat' dir='ltr'><strong>in</strong></span> <span class='ocrx_word' id='word_1_364' title='bbox 488 2603 597 2657; x_wconf 86' lang='lat' dir='ltr'><strong>alio</strong></span> <span class='ocrx_word' id='word_1_365' title='bbox 628 2619 730 2657; x_wconf 89' lang='lat' dir='ltr'><strong>ms.</strong></span> <span class='ocrx_word' id='word_1_366' title='bbox 762 2602 1107 2671; x_wconf 77' lang='lat' dir='ltr'><strong>Kalendario,</strong></span> <span class='ocrx_word' id='word_1_367' title='bbox 1138 2605 1207 2660; x_wconf 83' lang='lat' dir='ltr'><strong>de</strong></span> <span class='ocrx_word' id='word_1_368' title='bbox 1234 2620 1341 2676; x_wconf 85' lang='lat' dir='ltr'><strong>quo</strong></span> <span class='ocrx_word' id='word_1_369' title='bbox 1365 2607 1526 2661; x_wconf 76' lang='lat' dir='ltr'><strong>etiam</strong></span> <span class='ocrx_word' id='word_1_370' title='bbox 1556 2621 1721 2674; x_wconf 80' lang='lat' dir='ltr'><strong>supra</strong></span> <span class='ocrx_word' id='word_1_371' title='bbox 1741 2647 1757 2672; x_wconf 78' lang='grc'><em>,</em></span> <span class='ocrx_word' id='word_1_372' title='bbox 1784 2605 2006 2661; x_wconf 73' lang='lat' dir='ltr'><strong>Festum</strong></span> <span class='ocrx_word' id='word_1_373' title='bbox 2111 2598 2185 2653; x_wconf 88' lang='lat' dir='ltr'><strong>ris</strong></span> <span class='ocrx_word' id='word_1_374' title='bbox 2207 2614 2403 2654; x_wconf 78' lang='lat' dir='ltr'><strong>nomen</strong></span> <span class='ocrx_word' id='word_1_375' title='bbox 2427 2592 2825 2670; x_wconf 63' lang='lat' dir='ltr'><strong>attribuit.Alia</strong></span> <span class='ocrx_word' id='word_1_376' title='bbox 2852 2605 3227 2675; x_wconf 73' lang='lat' dir='ltr'><strong>insuper,qu.&#39;e</strong></span> <span class='ocrx_word' id='word_1_377' title='bbox 3248 2604 3671 2667; x_wconf 82' lang='lat' dir='ltr'><strong>Pistoriiexstant.</strong></span> 
     </span>
    </p>
   </div>
   <div class='ocr_carea' id='block_1_29' title="bbox 403 2690 1912 2768">
    <p class='ocr_par' dir='ltr' id='par_1_29' title="bbox 403 2692 1912 2768">
     <span class='ocr_line' id='line_1_29' title="bbox 403 2692 1912 2768; baseline 0.001 -18"><span class='ocrx_word' id='word_1_378' title='bbox 403 2692 459 2750; x_wconf 92' lang='lat' dir='ltr'><strong>S.</strong></span> <span class='ocrx_word' id='word_1_379' title='bbox 504 2693 740 2750; x_wconf 90' lang='lat' dir='ltr'><strong>Zenonis</strong></span> <span class='ocrx_word' id='word_1_380' title='bbox 779 2697 831 2750; x_wconf 92' lang='lat' dir='ltr'><strong>in</strong></span> <span class='ocrx_word' id='word_1_381' title='bbox 881 2696 984 2752; x_wconf 82' lang='lat' dir='ltr'><strong>hac</strong></span> <span class='ocrx_word' id='word_1_382' title='bbox 1026 2697 1263 2753; x_wconf 87' lang='lat' dir='ltr'><strong>Ecclesia</strong></span> <span class='ocrx_word' id='word_1_383' title='bbox 1315 2697 1630 2754; x_wconf 83' lang='lat' dir='ltr'><strong>Pistoriensi</strong></span> <span class='ocrx_word' id='word_1_384' title='bbox 1675 2699 1912 2768; x_wconf 78' lang='lat' dir='ltr'><strong>assignat</strong></span> 
     </span>
    </p>
   </div>
   <div class='ocr_carea' id='block_1_30' title="bbox 2163 2690 3672 2768">
    <p class='ocr_par' dir='ltr' id='par_1_30' title="bbox 2168 2690 3672 2762">
     <span class='ocr_line' id='line_1_30' title="bbox 2168 2690 3672 2762; baseline 0.005 -18"><span class='ocrx_word' id='word_1_385' title='bbox 2168 2705 2213 2744; x_wconf 90' lang='lat' dir='ltr'><strong>s.</strong></span> <span class='ocrx_word' id='word_1_386' title='bbox 2252 2690 2636 2749; x_wconf 74' lang='lat' dir='ltr'><strong>Kalendari‘um</strong></span> <span class='ocrx_word' id='word_1_387' title='bbox 2662 2694 2943 2762; x_wconf 86' lang='lat' dir='ltr'><strong>videlicet,</strong></span> <span class='ocrx_word' id='word_1_388' title='bbox 2970 2706 3024 2751; x_wconf 92' lang='lat' dir='ltr'><strong>et</strong></span> <span class='ocrx_word' id='word_1_389' title='bbox 3048 2696 3195 2752; x_wconf 88' lang='lat' dir='ltr'><strong>Ordo</strong></span> <span class='ocrx_word' id='word_1_390' title='bbox 3221 2697 3393 2752; x_wconf 85' lang='lat' dir='ltr'><strong>Divini</strong></span> <span class='ocrx_word' id='word_1_391' title='bbox 3415 2696 3571 2753; x_wconf 74' lang='lat' dir='ltr'><strong>Ofﬁcii</strong></span> <span class='ocrx_word' id='word_1_392' title='bbox 3594 2696 3672 2752; x_wconf 82' lang='lat' dir='ltr'><strong>Ca-</strong></span> 
     </span>
    </p>
   </div>
   <div class='ocr_carea' id='block_1_31' title="bbox 405 2782 3669 2860">
    <p class='ocr_par' dir='ltr' id='par_1_31' title="bbox 405 2782 3669 2860">
     <span class='ocr_line' id='line_1_31' title="bbox 405 2782 3669 2860; baseline 0.002 -20"><span class='ocrx_word' id='word_1_393' title='bbox 405 2784 569 2841; x_wconf 83' lang='lat' dir='ltr'><strong>l‘uerit</strong></span> <span class='ocrx_word' id='word_1_394' title='bbox 597 2804 670 2842; x_wconf 77' lang='lat' dir='ltr'><strong>xn</strong></span> <span class='ocrx_word' id='word_1_395' title='bbox 711 2787 982 2845; x_wconf 84' lang='lat' dir='ltr'><strong>Kalendas</strong></span> <span class='ocrx_word' id='word_1_396' title='bbox 1022 2791 1146 2844; x_wconf 84' lang='lat' dir='ltr'><strong>maii</strong></span> <span class='ocrx_word' id='word_1_397' title='bbox 1169 2832 1183 2855; x_wconf 94' lang='lat'><strong>,</strong></span> <span class='ocrx_word' id='word_1_398' title='bbox 1218 2805 1287 2845; x_wconf 90' lang='lat' dir='ltr'><strong>ne</strong></span> <span class='ocrx_word' id='word_1_399' title='bbox 1333 2789 1543 2846; x_wconf 87' lang='lat' dir='ltr'><strong>scilicet</strong></span> <span class='ocrx_word' id='word_1_400' title='bbox 1570 2790 1643 2846; x_wconf 82' lang='lat' dir='ltr'><strong>ita</strong></span> <span class='ocrx_word' id='word_1_401' title='bbox 1666 2792 2006 2860; x_wconf 60' lang='lat' dir='ltr'><strong>frequenter,</strong></span> <span class='ocrx_word' id='word_1_402' title='bbox 2112 2782 2371 2839; x_wconf 70' lang='lat' dir='ltr'><strong>thedmliﬂ</strong></span> <span class='ocrx_word' id='word_1_403' title='bbox 2401 2783 2563 2852; x_wconf 69' lang='lat' dir='ltr'><strong>huius</strong></span> <span class='ocrx_word' id='word_1_404' title='bbox 2592 2784 2849 2842; x_wconf 65' lang='lat' dir='ltr'><strong>Ecclesia:</strong></span> <span class='ocrx_word' id='word_1_405' title='bbox 2872 2788 3265 2858; x_wconf 69' lang='lat' dir='ltr'><strong>posterioribus</strong></span> <span class='ocrx_word' id='word_1_406' title='bbox 3295 2790 3503 2844; x_wconf 75' lang='lat' dir='ltr'><strong>satculis</strong></span> <span class='ocrx_word' id='word_1_407' title='bbox 3529 2787 3669 2844; x_wconf 87' lang='lat' dir='ltr'><strong>eidem</strong></span> 
     </span>
    </p>
   </div>
   <div class='ocr_carea' id='block_1_32' title="bbox 405 2866 3670 2953">
    <p class='ocr_par' dir='ltr' id='par_1_32' title="bbox 405 2866 3670 2953">
     <span class='ocr_line' id='line_1_32' title="bbox 405 2866 3670 2953; baseline -0.001 -19"><span class='ocrx_word' id='word_1_408' title='bbox 405 2879 489 2934; x_wconf 85' lang='lat' dir='ltr'><strong>vel</strong></span> <span class='ocrx_word' id='word_1_409' title='bbox 518 2879 570 2934; x_wconf 93' lang='lat' dir='ltr'><strong>in</strong></span> <span class='ocrx_word' id='word_1_410' title='bbox 599 2880 1046 2953; x_wconf 86' lang='lat' dir='ltr'><strong>Quadragesima,</strong></span> <span class='ocrx_word' id='word_1_411' title='bbox 1075 2882 1159 2937; x_wconf 87' lang='lat' dir='ltr'><strong>vel</strong></span> <span class='ocrx_word' id='word_1_412' title='bbox 1191 2883 1243 2935; x_wconf 92' lang='lat' dir='ltr'><strong>iu</strong></span> <span class='ocrx_word' id='word_1_413' title='bbox 1269 2881 1612 2937; x_wconf 88' lang='lat' dir='ltr'><strong>solemnitate</strong></span> <span class='ocrx_word' id='word_1_414' title='bbox 1641 2881 1893 2936; x_wconf 80' lang='lat' dir='ltr'><strong>Pascltali</strong></span> <span class='ocrx_word' id='word_1_415' title='bbox 1918 2897 2011 2939; x_wconf 82' lang='lat' dir='ltr'><strong>oc-</strong></span> <span class='ocrx_word' id='word_1_416' title='bbox 2112 2874 2175 2930; x_wconf 68' lang='grc' dir='ltr'><strong>Ι).</strong></span> <span class='ocrx_word' id='word_1_417' title='bbox 2206 2866 2429 2932; x_wconf 60' lang='grc' dir='ltr'><strong>Ρττθέιιιί</strong></span> <span class='ocrx_word' id='word_1_418' title='bbox 2460 2877 2707 2950; x_wconf 77' lang='lat' dir='ltr'><strong>Martyris</strong></span> <span class='ocrx_word' id='word_1_419' title='bbox 2755 2880 2959 2935; x_wconf 90' lang='lat' dir='ltr'><strong>cultum</strong></span> <span class='ocrx_word' id='word_1_420' title='bbox 3006 2880 3341 2951; x_wconf 88' lang='lat' dir='ltr'><strong>impertiunt.</strong></span> <span class='ocrx_word' id='word_1_421' title='bbox 3370 2881 3562 2949; x_wconf 88' lang='lat' dir='ltr'><strong>Quibus</strong></span> <span class='ocrx_word' id='word_1_422' title='bbox 3585 2879 3670 2934; x_wconf 82' lang='lat' dir='ltr'><strong>Ga-</strong></span> 
     </span>
    </p>
   </div>
   <div class='ocr_carea' id='block_1_33' title="bbox 404 2966 3669 3045">
    <p class='ocr_par' dir='ltr' id='par_1_33' title="bbox 404 2966 3669 3045">
     <span class='ocr_line' id='line_1_33' title="bbox 404 2966 3669 3045; baseline 0.001 -22"><span class='ocrx_word' id='word_1_423' title='bbox 404 2981 652 3026; x_wconf 89' lang='lat' dir='ltr'><strong>curreret</strong></span> <span class='ocrx_word' id='word_1_424' title='bbox 708 2980 764 3027; x_wconf 90' lang='lat' dir='ltr'><strong>et</strong></span> <span class='ocrx_word' id='word_1_425' title='bbox 814 2973 1184 3039; x_wconf 74' lang='lat' dir='ltr'><strong>impediretur.</strong></span> <span class='ocrx_word' id='word_1_426' title='bbox 1217 2974 1351 3027; x_wconf 83' lang='lat' dir='ltr'><strong>Cum</strong></span> <span class='ocrx_word' id='word_1_427' title='bbox 1386 2975 1579 3045; x_wconf 83' lang='lat' dir='ltr'><strong>itaque</strong></span> <span class='ocrx_word' id='word_1_428' title='bbox 1610 2973 1828 3028; x_wconf 89' lang='lat' dir='ltr'><strong>Festum</strong></span> <span class='ocrx_word' id='word_1_429' title='bbox 1872 2966 2011 3029; x_wconf 78' lang='lat' dir='ltr'><strong>Mar-</strong></span> <span class='ocrx_word' id='word_1_430' title='bbox 2113 2971 2390 3027; x_wconf 88' lang='lat' dir='ltr'><strong>lesinuset</strong></span> <span class='ocrx_word' id='word_1_431' title='bbox 2420 2970 2655 3027; x_wconf 86' lang='lat' dir='ltr'><strong>Felicius</strong></span> <span class='ocrx_word' id='word_1_432' title='bbox 2685 2972 3069 3044; x_wconf 82' lang='lat' dir='ltr'><strong>Martyrologio</strong></span> <span class='ocrx_word' id='word_1_433' title='bbox 3109 2973 3356 3030; x_wconf 84' lang='lat' dir='ltr'><strong>Romano</strong></span> <span class='ocrx_word' id='word_1_434' title='bbox 3400 2989 3501 3028; x_wconf 91' lang='lat' dir='ltr'><strong>non</strong></span> <span class='ocrx_word' id='word_1_435' title='bbox 3529 2972 3669 3027; x_wconf 82' lang='lat' dir='ltr'><strong>adhuc</strong></span> 
     </span>
    </p>
   </div>
   <div class='ocr_carea' id='block_1_34' title="bbox 401 3054 3675 3139">
    <p class='ocr_par' dir='ltr' id='par_1_34' title="bbox 401 3054 3675 3139">
     <span class='ocr_line' id='line_1_34' title="bbox 401 3054 3675 3139; baseline 0.001 -25"><span class='ocrx_word' id='word_1_436' title='bbox 401 3063 526 3133; x_wconf 87' lang='lat' dir='ltr'><strong>tyrii</strong></span> <span class='ocrx_word' id='word_1_437' title='bbox 555 3063 613 3121; x_wconf 89' lang='grc'><strong>8.</strong></span> <span class='ocrx_word' id='word_1_438' title='bbox 647 3056 881 3118; x_wconf 82' lang='lat' dir='ltr'><strong>Zenonis</strong></span> <span class='ocrx_word' id='word_1_439' title='bbox 914 3065 1085 3135; x_wconf 88' lang='lat' dir='ltr'><strong>pridie</strong></span> <span class='ocrx_word' id='word_1_440' title='bbox 1109 3065 1254 3131; x_wconf 83' lang='lat' dir='ltr'><strong>ldus,</strong></span> <span class='ocrx_word' id='word_1_441' title='bbox 1289 3080 1433 3135; x_wconf 76' lang='lat' dir='ltr'><strong>saepe</strong></span> <span class='ocrx_word' id='word_1_442' title='bbox 1456 3066 1539 3121; x_wconf 87' lang='lat' dir='ltr'><strong>vel</strong></span> <span class='ocrx_word' id='word_1_443' title='bbox 1564 3065 2004 3136; x_wconf 85' lang='lat' dir='ltr'><strong>Quadragesima,</strong></span> <span class='ocrx_word' id='word_1_444' title='bbox 2111 3065 2402 3120; x_wconf 89' lang='lat' dir='ltr'><strong>emendato</strong></span> <span class='ocrx_word' id='word_1_445' title='bbox 2441 3079 2470 3119; x_wconf 90' lang='lat' dir='ltr'><strong>a</strong></span> <span class='ocrx_word' id='word_1_446' title='bbox 2499 3065 2761 3135; x_wconf 78' lang='lat' dir='ltr'><strong>Gregorio</strong></span> <span class='ocrx_word' id='word_1_447' title='bbox 2793 3066 2909 3122; x_wconf 77' lang='lat' dir='ltr'><strong>Xlll</strong></span> <span class='ocrx_word' id='word_1_448' title='bbox 2954 3067 3177 3122; x_wconf 89' lang='lat' dir='ltr'><strong>minime</strong></span> <span class='ocrx_word' id='word_1_449' title='bbox 3224 3066 3569 3139; x_wconf 75' lang='lat' dir='ltr'><strong>refragantur.</strong></span> <span class='ocrx_word' id='word_1_450' title='bbox 3595 3054 3675 3119; x_wconf 84' lang='lat' dir='ltr'><strong>llic</strong></span> 
     </span>
    </p>
   </div>
   <div class='ocr_carea' id='block_1_35' title="bbox 399 3151 3663 3229">
    <p class='ocr_par' dir='ltr' id='par_1_35' title="bbox 399 3151 3663 3229">
     <span class='ocr_line' id='line_1_35' title="bbox 399 3151 3663 3229; baseline 0.002 -23"><span class='ocrx_word' id='word_1_451' title='bbox 399 3156 488 3209; x_wconf 88' lang='lat' dir='ltr'><strong>vel</strong></span> <span class='ocrx_word' id='word_1_452' title='bbox 516 3156 860 3224; x_wconf 86' lang='lat' dir='ltr'><strong>paschalibus</strong></span> <span class='ocrx_word' id='word_1_453' title='bbox 886 3157 1167 3212; x_wconf 87' lang='lat' dir='ltr'><strong>solemniis</strong></span> <span class='ocrx_word' id='word_1_454' title='bbox 1194 3158 1556 3224; x_wconf 86' lang='lat' dir='ltr'><strong>omitteretur,</strong></span> <span class='ocrx_word' id='word_1_455' title='bbox 1592 3157 1675 3212; x_wconf 88' lang='lat' dir='ltr'><strong>vel</strong></span> <span class='ocrx_word' id='word_1_456' title='bbox 1702 3167 1905 3212; x_wconf 88' lang='lat' dir='ltr'><strong>tantum</strong></span> <span class='ocrx_word' id='word_1_457' title='bbox 1938 3157 2005 3213; x_wconf 85' lang='lat' dir='ltr'><strong>de</strong></span> <span class='ocrx_word' id='word_1_458' title='bbox 2034 3151 2078 3213; x_wconf 92' lang='lat' dir='ltr'><strong>C</strong></span> <span class='ocrx_word' id='word_1_459' title='bbox 2110 3172 2343 3229; x_wconf 86' lang='lat' dir='ltr'><strong>namque</strong></span> <span class='ocrx_word' id='word_1_460' title='bbox 2391 3158 2606 3228; x_wconf 90' lang='lat' dir='ltr'><strong>scripsit</strong></span> <span class='ocrx_word' id='word_1_461' title='bbox 2644 3174 2783 3213; x_wconf 89' lang='lat' dir='ltr'><strong>anno</strong></span> <span class='ocrx_word' id='word_1_462' title='bbox 2828 3157 2992 3225; x_wconf 76' lang='grc'><strong>1556,</strong></span> <span class='ocrx_word' id='word_1_463' title='bbox 3040 3160 3134 3214; x_wconf 87' lang='lat' dir='ltr'><strong>ille</strong></span> <span class='ocrx_word' id='word_1_464' title='bbox 3178 3175 3309 3215; x_wconf 89' lang='lat' dir='ltr'><strong>vero</strong></span> <span class='ocrx_word' id='word_1_465' title='bbox 3358 3170 3496 3215; x_wconf 87' lang='lat' dir='ltr'><strong>anno</strong></span> <span class='ocrx_word' id='word_1_466' title='bbox 3540 3158 3663 3214; x_wconf 83' lang='lat' dir='ltr'><strong>l578.</strong></span> 
     </span>
    </p>
   </div>
   <div class='ocr_carea' id='block_1_36' title="bbox 402 3249 3668 3323">
    <p class='ocr_par' dir='ltr' id='par_1_36' title="bbox 402 3249 3668 3323">
     <span class='ocr_line' id='line_1_36' title="bbox 402 3249 3668 3323; baseline 0.001 -20"><span class='ocrx_word' id='word_1_467' title='bbox 402 3264 469 3303; x_wconf 90' lang='lat' dir='ltr'><strong>eo</strong></span> <span class='ocrx_word' id='word_1_468' title='bbox 491 3252 941 3321; x_wconf 87' lang='lat' dir='ltr'><strong>commemoratio</strong></span> <span class='ocrx_word' id='word_1_469' title='bbox 969 3251 1154 3318; x_wconf 83' lang='lat' dir='ltr'><strong>ﬁeret,</strong></span> <span class='ocrx_word' id='word_1_470' title='bbox 1190 3252 1338 3307; x_wconf 92' lang='lat' dir='ltr'><strong>notio</strong></span> <span class='ocrx_word' id='word_1_471' title='bbox 1363 3252 1481 3321; x_wconf 89' lang='lat' dir='ltr'><strong>ejus</strong></span> <span class='ocrx_word' id='word_1_472' title='bbox 1505 3252 1587 3307; x_wconf 80' lang='lat' dir='ltr'><strong>vel</strong></span> <span class='ocrx_word' id='word_1_473' title='bbox 1617 3252 1790 3319; x_wconf 90' lang='lat' dir='ltr'><strong>nulla,</strong></span> <span class='ocrx_word' id='word_1_474' title='bbox 1823 3252 1908 3306; x_wconf 90' lang='lat' dir='ltr'><strong>vel</strong></span> <span class='ocrx_word' id='word_1_475' title='bbox 1933 3251 2003 3306; x_wconf 88' lang='lat' dir='ltr'><strong>ita</strong></span> <span class='ocrx_word' id='word_1_476' title='bbox 2112 3249 2557 3321; x_wconf 74' lang='lat' dir='ltr'><strong>Martyrologium</strong></span> <span class='ocrx_word' id='word_1_477' title='bbox 2583 3250 2815 3322; x_wconf 89' lang='lat' dir='ltr'><strong>denique</strong></span> <span class='ocrx_word' id='word_1_478' title='bbox 2842 3252 3313 3323; x_wconf 23' lang='lat' dir='ltr'><strong>Romanumoanno</strong></span> <span class='ocrx_word' id='word_1_479' title='bbox 3339 3252 3495 3317; x_wconf 73' lang='grc'><strong>1584,</strong></span> <span class='ocrx_word' id='word_1_480' title='bbox 3519 3265 3668 3307; x_wconf 85' lang='lat' dir='ltr'><strong>emen-</strong></span> 
     </span>
    </p>
   </div>
   <div class='ocr_carea' id='block_1_37' title="bbox 400 3340 3661 3415">
    <p class='ocr_par' dir='ltr' id='par_1_37' title="bbox 400 3340 3661 3415">
     <span class='ocr_line' id='line_1_37' title="bbox 400 3340 3661 3415; baseline 0.001 -21"><span class='ocrx_word' id='word_1_481' title='bbox 400 3342 612 3396; x_wconf 85' lang='lat' dir='ltr'><strong>occulta</strong></span> <span class='ocrx_word' id='word_1_482' title='bbox 640 3350 776 3406; x_wconf 86' lang='lat' dir='ltr'><strong>erat,</strong></span> <span class='ocrx_word' id='word_1_483' title='bbox 809 3352 864 3397; x_wconf 92' lang='lat' dir='ltr'><strong>ut</strong></span> <span class='ocrx_word' id='word_1_484' title='bbox 888 3342 1066 3412; x_wconf 88' lang='lat' dir='ltr'><strong>potius</strong></span> <span class='ocrx_word' id='word_1_485' title='bbox 1090 3359 1250 3413; x_wconf 87' lang='lat' dir='ltr'><strong>quam</strong></span> <span class='ocrx_word' id='word_1_486' title='bbox 1276 3344 1480 3415; x_wconf 84' lang='lat' dir='ltr'><strong>Martyr</strong></span> <span class='ocrx_word' id='word_1_487' title='bbox 1500 3340 1791 3398; x_wconf 80' lang='lat' dir='ltr'><strong>Confessor</strong></span> <span class='ocrx_word' id='word_1_488' title='bbox 1817 3343 1889 3398; x_wconf 88' lang='lat' dir='ltr'><strong>ob</strong></span> <span class='ocrx_word' id='word_1_489' title='bbox 1911 3358 2002 3398; x_wconf 83' lang='lat' dir='ltr'><strong>so-</strong></span> <span class='ocrx_word' id='word_1_490' title='bbox 2108 3343 2313 3407; x_wconf 83' lang='lat' dir='ltr'><strong>datum,</strong></span> <span class='ocrx_word' id='word_1_491' title='bbox 2349 3357 2563 3398; x_wconf 90' lang='lat' dir='ltr'><strong>omnem</strong></span> <span class='ocrx_word' id='word_1_492' title='bbox 2613 3343 2830 3398; x_wconf 86' lang='lat' dir='ltr'><strong>sustulit</strong></span> <span class='ocrx_word' id='word_1_493' title='bbox 2873 3343 3155 3400; x_wconf 83' lang='lat' dir='ltr'><strong>dubitandi</strong></span> <span class='ocrx_word' id='word_1_494' title='bbox 3191 3344 3390 3408; x_wconf 87' lang='lat' dir='ltr'><strong>locum.</strong></span> <span class='ocrx_word' id='word_1_495' title='bbox 3421 3353 3476 3400; x_wconf 88' lang='lat' dir='ltr'><strong>et</strong></span> <span class='ocrx_word' id='word_1_496' title='bbox 3498 3343 3661 3413; x_wconf 76' lang='lat' dir='ltr'><strong>Marty-</strong></span> 
     </span>
    </p>
   </div>
   <div class='ocr_carea' id='block_1_38' title="bbox 400 3435 3665 3509">
    <p class='ocr_par' dir='ltr' id='par_1_38' title="bbox 400 3435 3665 3509">
     <span class='ocr_line' id='line_1_38' title="bbox 400 3435 3665 3509; baseline 0.001 -21"><span class='ocrx_word' id='word_1_497' title='bbox 400 3435 720 3489; x_wconf 82' lang='lat' dir='ltr'><strong>lemniorcm</strong></span> <span class='ocrx_word' id='word_1_498' title='bbox 758 3436 930 3505; x_wconf 89' lang='lat' dir='ltr'><strong>ipsius</strong></span> <span class='ocrx_word' id='word_1_499' title='bbox 955 3436 1325 3492; x_wconf 87' lang='lat' dir='ltr'><strong>Ordinationis</strong></span> <span class='ocrx_word' id='word_1_500' title='bbox 1356 3435 1726 3491; x_wconf 87' lang='lat' dir='ltr'><strong>Festivitatem</strong></span> <span class='ocrx_word' id='word_1_501' title='bbox 1768 3452 1795 3489; x_wconf 88' lang='lat' dir='ltr'><strong>a</strong></span> <span class='ocrx_word' id='word_1_502' title='bbox 1829 3436 2003 3491; x_wconf 89' lang='lat' dir='ltr'><strong>Laicis</strong></span> <span class='ocrx_word' id='word_1_503' title='bbox 2108 3453 2222 3494; x_wconf 89' lang='lat' dir='ltr'><strong>rem</strong></span> <span class='ocrx_word' id='word_1_504' title='bbox 2254 3438 2311 3493; x_wconf 95' lang='grc'><strong>8.</strong></span> <span class='ocrx_word' id='word_1_505' title='bbox 2346 3437 2618 3493; x_wconf 89' lang='lat' dir='ltr'><strong>Zenonem</strong></span> <span class='ocrx_word' id='word_1_506' title='bbox 2649 3439 2939 3493; x_wconf 82' lang='lat' dir='ltr'><strong>deﬁnivit:</strong></span> <span class='ocrx_word' id='word_1_507' title='bbox 2973 3439 3045 3493; x_wconf 93' lang='lat' dir='ltr'><strong>ita</strong></span> <span class='ocrx_word' id='word_1_508' title='bbox 3094 3449 3150 3493; x_wconf 90' lang='lat' dir='ltr'><strong>ut</strong></span> <span class='ocrx_word' id='word_1_509' title='bbox 3196 3454 3301 3493; x_wconf 91' lang='lat' dir='ltr'><strong>non</strong></span> <span class='ocrx_word' id='word_1_510' title='bbox 3349 3439 3420 3494; x_wconf 84' lang='lat' dir='ltr'><strong>sit</strong></span> <span class='ocrx_word' id='word_1_511' title='bbox 3463 3452 3585 3509; x_wconf 88' lang='lat' dir='ltr'><strong>opus</strong></span> <span class='ocrx_word' id='word_1_512' title='bbox 3616 3436 3665 3491; x_wconf 88' lang='lat' dir='ltr'><strong>de</strong></span> 
     </span>
    </p>
   </div>
   <div class='ocr_carea' id='block_1_39' title="bbox 398 3525 3666 3603">
    <p class='ocr_par' dir='ltr' id='par_1_39' title="bbox 398 3525 3666 3603">
     <span class='ocr_line' id='line_1_39' title="bbox 398 3525 3666 3603; baseline 0.001 -23"><span class='ocrx_word' id='word_1_513' title='bbox 398 3525 742 3596; x_wconf 86' lang='lat' dir='ltr'><strong>potissimum</strong></span> <span class='ocrx_word' id='word_1_514' title='bbox 771 3528 1064 3584; x_wconf 86' lang='lat' dir='ltr'><strong>diceretur.</strong></span> <span class='ocrx_word' id='word_1_515' title='bbox 1100 3528 1286 3596; x_wconf 88' lang='lat' dir='ltr'><strong>Quoad</strong></span> <span class='ocrx_word' id='word_1_516' title='bbox 1320 3528 1576 3597; x_wconf 84' lang='lat' dir='ltr'><strong>reliquias</strong></span> <span class='ocrx_word' id='word_1_517' title='bbox 1597 3538 1779 3583; x_wconf 88' lang='lat' dir='ltr'><strong>autem</strong></span> <span class='ocrx_word' id='word_1_518' title='bbox 1811 3527 1868 3584; x_wconf 93' lang='lat' dir='ltr'><strong>S.</strong></span> <span class='ocrx_word' id='word_1_519' title='bbox 1899 3527 2001 3583; x_wconf 81' lang='lat' dir='ltr'><strong>Ze-</strong></span> <span class='ocrx_word' id='word_1_520' title='bbox 2105 3532 2236 3585; x_wconf 84' lang='lat' dir='ltr'><strong>Aste</strong></span> <span class='ocrx_word' id='word_1_521' title='bbox 2264 3531 2656 3586; x_wconf 88' lang='lat' dir='ltr'><strong>correctionem</strong></span> <span class='ocrx_word' id='word_1_522' title='bbox 2681 3531 2988 3598; x_wconf 87' lang='lat' dir='ltr'><strong>admittere,</strong></span> <span class='ocrx_word' id='word_1_523' title='bbox 3017 3532 3107 3600; x_wconf 89' lang='lat' dir='ltr'><strong>qui</strong></span> <span class='ocrx_word' id='word_1_524' title='bbox 3135 3532 3564 3603; x_wconf 79' lang='lat' dir='ltr'><strong>Martyrologium</strong></span> <span class='ocrx_word' id='word_1_525' title='bbox 3583 3528 3666 3582; x_wconf 80' lang='lat' dir='ltr'><strong>Ro-</strong></span> 
     </span>
    </p>
   </div>
   <div class='ocr_carea' id='block_1_40' title="bbox 400 3618 3665 3693">
    <p class='ocr_par' dir='ltr' id='par_1_40' title="bbox 400 3618 3665 3693">
     <span class='ocr_line' id='line_1_40' title="bbox 400 3618 3665 3693; baseline 0 -20"><span class='ocrx_word' id='word_1_526' title='bbox 400 3621 560 3676; x_wconf 88' lang='lat' dir='ltr'><strong>nonis</strong></span> <span class='ocrx_word' id='word_1_527' title='bbox 598 3618 974 3687; x_wconf 81' lang='lat' dir='ltr'><strong>Confessoris,</strong></span> <span class='ocrx_word' id='word_1_528' title='bbox 1004 3639 1125 3693; x_wconf 76' lang='lat' dir='ltr'><strong>quae</strong></span> <span class='ocrx_word' id='word_1_529' title='bbox 1155 3633 1306 3677; x_wconf 78' lang='lat' dir='ltr'><strong>extra</strong></span> <span class='ocrx_word' id='word_1_530' title='bbox 1337 3621 1627 3677; x_wconf 89' lang='lat' dir='ltr'><strong>Civitatem</strong></span> <span class='ocrx_word' id='word_1_531' title='bbox 1656 3618 1883 3678; x_wconf 60' lang='lat' dir='ltr'><strong>Veronae</strong></span> <span class='ocrx_word' id='word_1_532' title='bbox 1912 3639 2002 3678; x_wconf 87' lang='lat' dir='ltr'><strong>ve—</strong></span> <span class='ocrx_word' id='word_1_533' title='bbox 2105 3639 2326 3678; x_wconf 91' lang='lat' dir='ltr'><strong>manum</strong></span> <span class='ocrx_word' id='word_1_534' title='bbox 2356 3634 2689 3688; x_wconf 80' lang='lat' dir='ltr'><strong>correctum.</strong></span> <span class='ocrx_word' id='word_1_535' title='bbox 2723 3639 2827 3679; x_wconf 89' lang='lat' dir='ltr'><strong>non</strong></span> <span class='ocrx_word' id='word_1_536' title='bbox 2857 3625 3041 3693; x_wconf 88' lang='lat' dir='ltr'><strong>agnito</strong></span> <span class='ocrx_word' id='word_1_537' title='bbox 3062 3622 3262 3677; x_wconf 82' lang='lat' dir='ltr'><strong>Molani</strong></span> <span class='ocrx_word' id='word_1_538' title='bbox 3290 3638 3498 3689; x_wconf 90' lang='lat' dir='ltr'><strong>errore,</strong></span> <span class='ocrx_word' id='word_1_539' title='bbox 3526 3622 3587 3675; x_wconf 82' lang='lat' dir='ltr'><strong>ita</strong></span> <span class='ocrx_word' id='word_1_540' title='bbox 3608 3619 3665 3674; x_wconf 62' lang='lat' dir='ltr'><strong>le</strong></span> 
     </span>
    </p>
   </div>
   <div class='ocr_carea' id='block_1_41' title="bbox 400 3714 3664 3789">
    <p class='ocr_par' dir='ltr' id='par_1_41' title="bbox 400 3714 3664 3789">
     <span class='ocr_line' id='line_1_41' title="bbox 400 3714 3664 3789; baseline 0.001 -24"><span class='ocrx_word' id='word_1_541' title='bbox 400 3722 680 3782; x_wconf 88' lang='lat' dir='ltr'><strong>nerantur,</strong></span> <span class='ocrx_word' id='word_1_542' title='bbox 712 3714 834 3769; x_wconf 93' lang='lat' dir='ltr'><strong>dico</strong></span> <span class='ocrx_word' id='word_1_543' title='bbox 862 3715 1043 3784; x_wconf 73' lang='lat' dir='ltr'><strong>plures</strong></span> <span class='ocrx_word' id='word_1_544' title='bbox 1070 3715 1236 3770; x_wconf 86' lang='lat' dir='ltr'><strong>fuisse</strong></span> <span class='ocrx_word' id='word_1_545' title='bbox 1264 3715 1322 3770; x_wconf 89' lang='grc'><strong>8.</strong></span> <span class='ocrx_word' id='word_1_546' title='bbox 1349 3714 1599 3771; x_wconf 86' lang='lat' dir='ltr'><strong>Zenones</strong></span> <span class='ocrx_word' id='word_1_547' title='bbox 1623 3714 1996 3783; x_wconf 81' lang='lat' dir='ltr'><strong>Confessores,</strong></span> <span class='ocrx_word' id='word_1_548' title='bbox 2103 3716 2338 3789; x_wconf 83' lang='lat' dir='ltr'><strong>gendum</strong></span> <span class='ocrx_word' id='word_1_549' title='bbox 2361 3717 2564 3771; x_wconf 85' lang='lat' dir='ltr'><strong>voluit:</strong></span> <span class='ocrx_word' id='word_1_550' title='bbox 2593 3716 2718 3771; x_wconf 76' lang='lat' dir='ltr'><strong>Hatc</strong></span> <span class='ocrx_word' id='word_1_551' title='bbox 2740 3716 2869 3783; x_wconf 85' lang='lat' dir='ltr'><strong>adeo</strong></span> <span class='ocrx_word' id='word_1_552' title='bbox 2887 3717 3112 3789; x_wconf 70' lang='lat' dir='ltr'><strong>implexa</strong></span> <span class='ocrx_word' id='word_1_553' title='bbox 3134 3715 3541 3771; x_wconf 80' lang='lat' dir='ltr'><strong>controversiain</strong></span> <span class='ocrx_word' id='word_1_554' title='bbox 3560 3728 3664 3783; x_wconf 72' lang='lat' dir='ltr'><strong>pre-</strong></span> 
     </span>
    </p>
   </div>
   <div class='ocr_carea' id='block_1_42' title="bbox 400 3802 3662 3880">
    <p class='ocr_par' dir='ltr' id='par_1_42' title="bbox 400 3802 3662 3880">
     <span class='ocr_line' id='line_1_42' title="bbox 400 3802 3662 3880; baseline 0.001 -23"><span class='ocrx_word' id='word_1_555' title='bbox 400 3812 459 3858; x_wconf 90' lang='lat' dir='ltr'><strong>ut</strong></span> <span class='ocrx_word' id='word_1_556' title='bbox 485 3821 555 3861; x_wconf 84' lang='lat' dir='ltr'><strong>ex</strong></span> <span class='ocrx_word' id='word_1_557' title='bbox 582 3807 980 3880; x_wconf 79' lang='lat' dir='ltr'><strong>Martyrologiis</strong></span> <span class='ocrx_word' id='word_1_558' title='bbox 1027 3818 1273 3874; x_wconf 88' lang='lat' dir='ltr'><strong>constat,</strong></span> <span class='ocrx_word' id='word_1_559' title='bbox 1316 3823 1491 3878; x_wconf 91' lang='lat' dir='ltr'><strong>neque</strong></span> <span class='ocrx_word' id='word_1_560' title='bbox 1526 3823 1617 3863; x_wconf 88' lang='lat' dir='ltr'><strong>eas</strong></span> <span class='ocrx_word' id='word_1_561' title='bbox 1658 3824 1779 3865; x_wconf 88' lang='lat' dir='ltr'><strong>esse</strong></span> <span class='ocrx_word' id='word_1_562' title='bbox 1815 3808 1871 3865; x_wconf 92' lang='lat' dir='ltr'><strong>S.</strong></span> <span class='ocrx_word' id='word_1_563' title='bbox 1902 3808 2001 3865; x_wconf 87' lang='lat' dir='ltr'><strong>Zc-</strong></span> <span class='ocrx_word' id='word_1_564' title='bbox 2101 3813 2386 3868; x_wconf 76' lang='lat' dir='ltr'><strong>sentiarum</strong></span> <span class='ocrx_word' id='word_1_565' title='bbox 2412 3811 2717 3878; x_wconf 74' lang='lat' dir='ltr'><strong>eliminatur,</strong></span> <span class='ocrx_word' id='word_1_566' title='bbox 2748 3802 3045 3880; x_wconf 77' lang='lat' dir='ltr'><strong>interposito</strong></span> <span class='ocrx_word' id='word_1_567' title='bbox 3074 3810 3339 3879; x_wconf 84' lang='lat' dir='ltr'><strong>saniorum</strong></span> <span class='ocrx_word' id='word_1_568' title='bbox 3358 3808 3561 3879; x_wconf 86' lang='lat' dir='ltr'><strong>placito,</strong></span> <span class='ocrx_word' id='word_1_569' title='bbox 3585 3804 3662 3859; x_wconf 82' lang='lat' dir='ltr'><strong>tul-</strong></span> 
     </span>
    </p>
   </div>
   <div class='ocr_carea' id='block_1_43' title="bbox 400 3899 3659 3973">
    <p class='ocr_par' dir='ltr' id='par_1_43' title="bbox 400 3899 3659 3973">
     <span class='ocr_line' id='line_1_43' title="bbox 400 3899 3659 3973; baseline -0.001 -19"><span class='ocrx_word' id='word_1_570' title='bbox 400 3902 558 3955; x_wconf 89' lang='lat' dir='ltr'><strong>nonis</strong></span> <span class='ocrx_word' id='word_1_571' title='bbox 580 3901 933 3967; x_wconf 79' lang='lat' dir='ltr'><strong>Veronensis,</strong></span> <span class='ocrx_word' id='word_1_572' title='bbox 962 3903 1051 3957; x_wconf 89' lang='lat' dir='ltr'><strong>illa</strong></span> <span class='ocrx_word' id='word_1_573' title='bbox 1075 3912 1319 3973; x_wconf 83' lang='lat' dir='ltr'><strong>excepta,</strong></span> <span class='ocrx_word' id='word_1_574' title='bbox 1355 3918 1515 3972; x_wconf 88' lang='lat' dir='ltr'><strong>quam</strong></span> <span class='ocrx_word' id='word_1_575' title='bbox 1540 3918 1570 3956; x_wconf 89' lang='lat' dir='ltr'><strong>a</strong></span> <span class='ocrx_word' id='word_1_576' title='bbox 1594 3902 1837 3958; x_wconf 82' lang='lat' dir='ltr'><strong>Valterio</strong></span> <span class='ocrx_word' id='word_1_577' title='bbox 1857 3904 1995 3958; x_wconf 84' lang='lat' dir='ltr'><strong>Gcr-</strong></span> <span class='ocrx_word' id='word_1_578' title='bbox 2100 3909 2265 3963; x_wconf 83' lang='lat' dir='ltr'><strong>instar</strong></span> <span class='ocrx_word' id='word_1_579' title='bbox 2286 3905 2485 3960; x_wconf 80' lang='lat' dir='ltr'><strong>Halani</strong></span> <span class='ocrx_word' id='word_1_580' title='bbox 2510 3906 2817 3960; x_wconf 82' lang='lat' dir='ltr'><strong>enuntietur.</strong></span> <span class='ocrx_word' id='word_1_581' title='bbox 2862 3903 3078 3959; x_wconf 76' lang='lat' dir='ltr'><strong>Verontz</strong></span> <span class='ocrx_word' id='word_1_582' title='bbox 3105 3902 3166 3959; x_wconf 90' lang='lat' dir='ltr'><strong>S.</strong></span> <span class='ocrx_word' id='word_1_583' title='bbox 3189 3903 3411 3957; x_wconf 86' lang='lat' dir='ltr'><strong>Zenonis</strong></span> <span class='ocrx_word' id='word_1_584' title='bbox 3431 3899 3659 3972; x_wconf 76' lang='lat' dir='ltr'><strong>Episcopi,</strong></span> 
     </span>
    </p>
   </div>
   <div class='ocr_carea' id='block_1_44' title="bbox 400 3994 3660 4081">
    <p class='ocr_par' dir='ltr' id='par_1_44' title="bbox 400 3994 3660 4081">
     <span class='ocr_line' id='line_1_44' title="bbox 400 3994 3660 4081; baseline -0.002 -32"><span class='ocrx_word' id='word_1_585' title='bbox 400 4009 562 4051; x_wconf 83' lang='lat' dir='ltr'><strong>manu</strong></span> <span class='ocrx_word' id='word_1_586' title='bbox 584 3994 852 4065; x_wconf 86' lang='lat' dir='ltr'><strong>Episcopo</strong></span> <span class='ocrx_word' id='word_1_587' title='bbox 869 3996 1190 4063; x_wconf 86' lang='lat' dir='ltr'><strong>Vcronensi,</strong></span> <span class='ocrx_word' id='word_1_588' title='bbox 1221 4012 1366 4050; x_wconf 90' lang='lat' dir='ltr'><strong>anno</strong></span> <span class='ocrx_word' id='word_1_589' title='bbox 1410 3998 1570 4073; x_wconf 24' lang='lat'><strong>1.038,</strong></span> <span class='ocrx_word' id='word_1_590' title='bbox 1591 3997 1803 4052; x_wconf 88' lang='lat' dir='ltr'><strong>Ulmam</strong></span> <span class='ocrx_word' id='word_1_591' title='bbox 1826 4009 1996 4053; x_wconf 89' lang='lat' dir='ltr'><strong>trans-</strong></span> <span class='ocrx_word' id='word_1_592' title='bbox 2099 4003 2185 4071; x_wconf 86' lang='lat' dir='ltr'><strong>qui</strong></span> <span class='ocrx_word' id='word_1_593' title='bbox 2213 4002 2344 4055; x_wconf 82' lang='lat' dir='ltr'><strong>inter</strong></span> <span class='ocrx_word' id='word_1_594' title='bbox 2365 3999 2620 4068; x_wconf 81' lang='lat' dir='ltr'><strong>procellas</strong></span> <span class='ocrx_word' id='word_1_595' title='bbox 2640 3996 3005 4066; x_wconf 79' lang='lat' dir='ltr'><strong>persecutionis</strong></span> <span class='ocrx_word' id='word_1_596' title='bbox 3025 4002 3140 4050; x_wconf 85' lang='lat' dir='ltr'><strong>eam</strong></span> <span class='ocrx_word' id='word_1_597' title='bbox 3165 3995 3454 4081; x_wconf 71' lang='lat' dir='ltr'><strong>Ecclesium</strong></span> <span class='ocrx_word' id='word_1_598' title='bbox 3476 3994 3608 4057; x_wconf 72' lang='lat' dir='ltr'><strong>res-it,</strong></span> <span class='ocrx_word' id='word_1_599' title='bbox 3626 3999 3660 4043; x_wconf 76' lang='lat' dir='ltr'><strong>et</strong></span> 
     </span>
    </p>
   </div>
   <div class='ocr_carea' id='block_1_45' title="bbox 399 4077 3660 4163">
    <p class='ocr_par' dir='ltr' id='par_1_45' title="bbox 399 4077 3660 4163">
     <span class='ocr_line' id='line_1_45' title="bbox 399 4077 3660 4163; baseline -0.001 -22"><span class='ocrx_word' id='word_1_600' title='bbox 399 4088 563 4145; x_wconf 87' lang='lat' dir='ltr'><strong>latam</strong></span> <span class='ocrx_word' id='word_1_601' title='bbox 595 4088 731 4143; x_wconf 83' lang='lat' dir='ltr'><strong>dixit</strong></span> <span class='ocrx_word' id='word_1_602' title='bbox 776 4088 1117 4143; x_wconf 89' lang='lat' dir='ltr'><strong>llermannus</strong></span> <span class='ocrx_word' id='word_1_603' title='bbox 1158 4089 1484 4145; x_wconf 84' lang='lat' dir='ltr'><strong>Contractus</strong></span> <span class='ocrx_word' id='word_1_604' title='bbox 1530 4089 1764 4163; x_wconf 84' lang='lat' dir='ltr'><strong>(Ugltell.</strong></span> <span class='ocrx_word' id='word_1_605' title='bbox 1811 4101 1939 4145; x_wconf 72' lang='lat' dir='ltr'><strong>tam.</strong></span> <span class='ocrx_word' id='word_1_606' title='bbox 1965 4107 1996 4145; x_wconf 81' lang='grc' dir='ltr'><strong>ν</strong></span> <span class='ocrx_word' id='word_1_607' title='bbox 2100 4092 2263 4145; x_wconf 86' lang='lat' dir='ltr'><strong>multa</strong></span> <span class='ocrx_word' id='word_1_608' title='bbox 2290 4107 2473 4161; x_wconf 79' lang='lat' dir='ltr'><strong>passus</strong></span> <span class='ocrx_word' id='word_1_609' title='bbox 2504 4090 2658 4143; x_wconf 85' lang='lat' dir='ltr'><strong>vitam</strong></span> <span class='ocrx_word' id='word_1_610' title='bbox 2705 4077 2885 4155; x_wconf 73' lang='lat' dir='ltr'><strong>finivit.</strong></span> <span class='ocrx_word' id='word_1_611' title='bbox 2921 4087 2978 4143; x_wconf 87' lang='lat' dir='ltr'><strong>Si</strong></span> <span class='ocrx_word' id='word_1_612' title='bbox 3003 4102 3132 4142; x_wconf 85' lang='lat' dir='ltr'><strong>vero</strong></span> <span class='ocrx_word' id='word_1_613' title='bbox 3161 4088 3213 4141; x_wconf 89' lang='lat' dir='ltr'><strong>in</strong></span> <span class='ocrx_word' id='word_1_614' title='bbox 3258 4077 3521 4158; x_wconf 82' lang='lat' dir='ltr'><strong>aliquibus</strong></span> <span class='ocrx_word' id='word_1_615' title='bbox 3545 4086 3660 4140; x_wconf 84' lang='lat' dir='ltr'><strong>Mar-</strong></span> 
     </span>
    </p>
   </div>
   <div class='ocr_carea' id='block_1_46' title="bbox 398 4176 3657 4255">
    <p class='ocr_par' dir='ltr' id='par_1_46' title="bbox 398 4176 3657 4255">
     <span class='ocr_line' id='line_1_46' title="bbox 398 4176 3657 4255; baseline -0.001 -21"><span class='ocrx_word' id='word_1_616' title='bbox 398 4180 527 4234; x_wconf 87' lang='lat' dir='ltr'><strong>ltat.</strong></span> <span class='ocrx_word' id='word_1_617' title='bbox 562 4198 691 4246; x_wconf 87' lang='lat' dir='ltr'><strong>sac.,</strong></span> <span class='ocrx_word' id='word_1_618' title='bbox 738 4181 800 4233; x_wconf 86' lang='lat' dir='ltr'><strong>de</strong></span> <span class='ocrx_word' id='word_1_619' title='bbox 833 4180 1010 4251; x_wconf 80' lang='lat' dir='ltr'><strong>Episc.</strong></span> <span class='ocrx_word' id='word_1_620' title='bbox 1052 4180 1288 4251; x_wconf 64' lang='lat' dir='ltr'><strong>Veram).</strong></span> <span class='ocrx_word' id='word_1_621' title='bbox 1343 4180 1681 4251; x_wconf 86' lang='lat' dir='ltr'><strong>Quapropter</strong></span> <span class='ocrx_word' id='word_1_622' title='bbox 1722 4183 1995 4252; x_wconf 79' lang='lat' dir='ltr'><strong>sapienter</strong></span> <span class='ocrx_word' id='word_1_623' title='bbox 2100 4183 2379 4255; x_wconf 82' lang='lat' dir='ltr'><strong>tyrologiis</strong></span> <span class='ocrx_word' id='word_1_624' title='bbox 2410 4176 2477 4239; x_wconf 63' lang='lat' dir='ltr'><strong>S.</strong></span> <span class='ocrx_word' id='word_1_625' title='bbox 2499 4181 2647 4235; x_wconf 89' lang='lat' dir='ltr'><strong>Zeno</strong></span> <span class='ocrx_word' id='word_1_626' title='bbox 2676 4179 2968 4235; x_wconf 80' lang='lat' dir='ltr'><strong>Cout‘essor</strong></span> <span class='ocrx_word' id='word_1_627' title='bbox 2991 4188 3196 4233; x_wconf 89' lang='lat' dir='ltr'><strong>tantum</strong></span> <span class='ocrx_word' id='word_1_628' title='bbox 3219 4179 3451 4244; x_wconf 86' lang='lat' dir='ltr'><strong>dicatur,</strong></span> <span class='ocrx_word' id='word_1_629' title='bbox 3481 4176 3657 4233; x_wconf 87' lang='lat' dir='ltr'><strong>bocch</strong></span> 
     </span>
    </p>
   </div>
   <div class='ocr_carea' id='block_1_47' title="bbox 401 4266 3658 4342">
    <p class='ocr_par' dir='ltr' id='par_1_47' title="bbox 401 4266 3658 4342">
     <span class='ocr_line' id='line_1_47' title="bbox 401 4266 3658 4342; baseline -0.002 -15"><span class='ocrx_word' id='word_1_630' title='bbox 401 4273 695 4327; x_wconf 84' lang='lat' dir='ltr'><strong>admodum</strong></span> <span class='ocrx_word' id='word_1_631' title='bbox 768 4273 1197 4341; x_wconf 73' lang='lat' dir='ltr'><strong>l’apcbrochius,</strong></span> <span class='ocrx_word' id='word_1_632' title='bbox 1253 4290 1318 4327; x_wconf 91' lang='lat' dir='ltr'><strong>eo</strong></span> <span class='ocrx_word' id='word_1_633' title='bbox 1351 4273 1494 4342; x_wconf 89' lang='lat' dir='ltr'><strong>quod</strong></span> <span class='ocrx_word' id='word_1_634' title='bbox 1550 4288 1657 4328; x_wconf 92' lang='lat' dir='ltr'><strong>non</strong></span> <span class='ocrx_word' id='word_1_635' title='bbox 1694 4276 1873 4329; x_wconf 90' lang='lat' dir='ltr'><strong>omnia</strong></span> <span class='ocrx_word' id='word_1_636' title='bbox 1929 4275 1997 4330; x_wconf 90' lang='lat' dir='ltr'><strong>de</strong></span> <span class='ocrx_word' id='word_1_637' title='bbox 2098 4274 2132 4329; x_wconf 86' lang='lat'>6</span> <span class='ocrx_word' id='word_1_638' title='bbox 2165 4273 2287 4328; x_wconf 91' lang='lat' dir='ltr'><strong>ldus</strong></span> <span class='ocrx_word' id='word_1_639' title='bbox 2330 4272 2644 4327; x_wconf 86' lang='lat' dir='ltr'><strong>Decembris</strong></span> <span class='ocrx_word' id='word_1_640' title='bbox 2693 4280 2930 4336; x_wconf 87' lang='lat' dir='ltr'><strong>notatur,</strong></span> <span class='ocrx_word' id='word_1_641' title='bbox 2962 4266 3658 4339; x_wconf 25' lang='lat' dir='ltr'><strong>quando.tirdittationis‘fe-</strong></span> 
     </span>
    </p>
   </div>
   <div class='ocr_carea' id='block_1_48' title="bbox 398 4356 3656 4437">
    <p class='ocr_par' dir='ltr' id='par_1_48' title="bbox 398 4356 3656 4437">
     <span class='ocr_line' id='line_1_48' title="bbox 398 4356 3656 4437; baseline -0.002 -16"><span class='ocrx_word' id='word_1_642' title='bbox 398 4366 661 4437; x_wconf 85' lang='lat' dir='ltr'><strong>martyrio</strong></span> <span class='ocrx_word' id='word_1_643' title='bbox 687 4364 744 4420; x_wconf 91' lang='grc'><strong>8.</strong></span> <span class='ocrx_word' id='word_1_644' title='bbox 771 4365 1004 4420; x_wconf 86' lang='lat' dir='ltr'><strong>Zenonis</strong></span> <span class='ocrx_word' id='word_1_645' title='bbox 1035 4372 1386 4419; x_wconf 88' lang='lat' dir='ltr'><strong>monumenta</strong></span> <span class='ocrx_word' id='word_1_646' title='bbox 1414 4375 1692 4435; x_wconf 87' lang='lat' dir='ltr'><strong>comperta</strong></span> <span class='ocrx_word' id='word_1_647' title='bbox 1719 4364 1989 4433; x_wconf 86' lang='lat' dir='ltr'><strong>habuerit,</strong></span> <span class='ocrx_word' id='word_1_648' title='bbox 2097 4378 2238 4423; x_wconf 87' lang='lat' dir='ltr'><strong>stum</strong></span> <span class='ocrx_word' id='word_1_649' title='bbox 2250 4365 2318 4420; x_wconf 90' lang='lat' dir='ltr'><strong>de</strong></span> <span class='ocrx_word' id='word_1_650' title='bbox 2333 4364 2657 4422; x_wconf 78' lang='lat' dir='ltr'><strong>Confessore</strong></span> <span class='ocrx_word' id='word_1_651' title='bbox 2673 4363 2931 4417; x_wconf 82' lang='lat' dir='ltr'><strong>Pontiﬁcc</strong></span> <span class='ocrx_word' id='word_1_652' title='bbox 2949 4362 3270 4428; x_wconf 84' lang='lat' dir='ltr'><strong>celebratur,</strong></span> <span class='ocrx_word' id='word_1_653' title='bbox 3290 4364 3374 4417; x_wconf 85' lang='lat' dir='ltr'><strong>vel</strong></span> <span class='ocrx_word' id='word_1_654' title='bbox 3395 4356 3656 4432; x_wconf 80' lang='lat' dir='ltr'><strong>pridieldus</strong></span> 
     </span>
    </p>
   </div>
   <div class='ocr_carea' id='block_1_49' title="bbox 397 4453 3652 4530">
    <p class='ocr_par' dir='ltr' id='par_1_49' title="bbox 397 4453 3652 4530">
     <span class='ocr_line' id='line_1_49' title="bbox 397 4453 3652 4530; baseline -0.003 -18"><span class='ocrx_word' id='word_1_655' title='bbox 397 4474 426 4512; x_wconf 88' lang='lat' dir='ltr'><strong>a</strong></span> <span class='ocrx_word' id='word_1_656' title='bbox 465 4474 558 4513; x_wconf 90' lang='lat' dir='ltr'><strong>sua</strong></span> <span class='ocrx_word' id='word_1_657' title='bbox 593 4458 765 4512; x_wconf 88' lang='lat' dir='ltr'><strong>voluit</strong></span> <span class='ocrx_word' id='word_1_658' title='bbox 808 4458 1083 4512; x_wconf 88' lang='lat' dir='ltr'><strong>abstinere</strong></span> <span class='ocrx_word' id='word_1_659' title='bbox 1116 4458 1409 4513; x_wconf 85' lang='lat' dir='ltr'><strong>sententia.</strong></span> <span class='ocrx_word' id='word_1_660' title='bbox 1448 4456 1557 4511; x_wconf 87' lang='lat' dir='ltr'><strong>Nos</strong></span> <span class='ocrx_word' id='word_1_661' title='bbox 1595 4458 1768 4512; x_wconf 87' lang='lat' dir='ltr'><strong>omnia</strong></span> <span class='ocrx_word' id='word_1_662' title='bbox 1789 4459 1991 4528; x_wconf 86' lang='lat' dir='ltr'><strong>judicio</strong></span> <span class='ocrx_word' id='word_1_663' title='bbox 2098 4460 2297 4530; x_wconf 84' lang='lat' dir='ltr'><strong>Aprilis</strong></span> <span class='ocrx_word' id='word_1_664' title='bbox 2320 4457 2622 4527; x_wconf 87' lang='lat' dir='ltr'><strong>appositum</strong></span> <span class='ocrx_word' id='word_1_665' title='bbox 2652 4455 2927 4511; x_wconf 87' lang='lat' dir='ltr'><strong>invenitur</strong></span> <span class='ocrx_word' id='word_1_666' title='bbox 2976 4453 3243 4524; x_wconf 87' lang='lat' dir='ltr'><strong>imperitia</strong></span> <span class='ocrx_word' id='word_1_667' title='bbox 3271 4454 3652 4513; x_wconf 87' lang='lat' dir='ltr'><strong>nonnullorum,</strong></span> 
     </span>
    </p>
   </div>
   <div class='ocr_carea' id='block_1_50' title="bbox 395 4536 3649 4624">
    <p class='ocr_par' dir='ltr' id='par_1_50' title="bbox 395 4536 3649 4624">
     <span class='ocr_line' id='line_1_50' title="bbox 395 4536 3649 4624; baseline -0.003 -20"><span class='ocrx_word' id='word_1_668' title='bbox 395 4551 786 4620; x_wconf 85' lang='lat' dir='ltr'><strong>prudentiorum</strong></span> <span class='ocrx_word' id='word_1_669' title='bbox 808 4549 1032 4603; x_wconf 83' lang='lat' dir='ltr'><strong>virorum</strong></span> <span class='ocrx_word' id='word_1_670' title='bbox 1063 4549 1423 4618; x_wconf 86' lang='lat' dir='ltr'><strong>permittimus.</strong></span> <span class='ocrx_word' id='word_1_671' title='bbox 1449 4548 1684 4619; x_wconf 74' lang='lat' dir='ltr'><strong>Suﬂiciat</strong></span> <span class='ocrx_word' id='word_1_672' title='bbox 1711 4549 1991 4604; x_wconf 83' lang='lat' dir='ltr'><strong>ostendisse</strong></span> <span class='ocrx_word' id='word_1_673' title='bbox 2016 4536 2069 4596; x_wconf 87' lang='grc' dir='ltr'><strong>Ῑ)</strong></span> <span class='ocrx_word' id='word_1_674' title='bbox 2095 4551 2185 4624; x_wconf 90' lang='lat' dir='ltr'><strong>qui</strong></span> <span class='ocrx_word' id='word_1_675' title='bbox 2215 4548 2640 4605; x_wconf 83' lang='lat' dir='ltr'><strong>Ordinationiset</strong></span> <span class='ocrx_word' id='word_1_676' title='bbox 2663 4547 2899 4618; x_wconf 84' lang='lat' dir='ltr'><strong>Martyrii</strong></span> <span class='ocrx_word' id='word_1_677' title='bbox 2924 4545 3084 4602; x_wconf 86' lang='lat' dir='ltr'><strong>Festa</strong></span> <span class='ocrx_word' id='word_1_678' title='bbox 3102 4561 3210 4600; x_wconf 93' lang='lat' dir='ltr'><strong>non</strong></span> <span class='ocrx_word' id='word_1_679' title='bbox 3224 4545 3384 4617; x_wconf 87' lang='lat' dir='ltr'><strong>plane</strong></span> <span class='ocrx_word' id='word_1_680' title='bbox 3408 4544 3649 4604; x_wconf 78' lang='lat' dir='ltr'><strong>callentes.</strong></span> 
     </span>
    </p>
   </div>
   <div class='ocr_carea' id='block_1_51' title="bbox 392 4633 3651 4715">
    <p class='ocr_par' dir='ltr' id='par_1_51' title="bbox 392 4633 3651 4715">
     <span class='ocr_line' id='line_1_51' title="bbox 392 4633 3651 4715; baseline -0.002 -18"><span class='ocrx_word' id='word_1_681' title='bbox 392 4644 528 4715; x_wconf 85' lang='lat' dir='ltr'><strong>quod</strong></span> <span class='ocrx_word' id='word_1_682' title='bbox 558 4644 619 4699; x_wconf 87' lang='lat' dir='ltr'><strong>de</strong></span> <span class='ocrx_word' id='word_1_683' title='bbox 640 4644 703 4699; x_wconf 91' lang='lat' dir='ltr'><strong>S.</strong></span> <span class='ocrx_word' id='word_1_684' title='bbox 734 4642 943 4698; x_wconf 82' lang='lat' dir='ltr'><strong>Zenone</strong></span> <span class='ocrx_word' id='word_1_685' title='bbox 964 4643 1214 4713; x_wconf 80' lang='lat' dir='ltr'><strong>scriptum</strong></span> <span class='ocrx_word' id='word_1_686' title='bbox 1235 4642 1542 4713; x_wconf 78' lang='lat' dir='ltr'><strong>reperimus.</strong></span> <span class='ocrx_word' id='word_1_687' title='bbox 1574 4642 1698 4699; x_wconf 62' lang='lat' dir='ltr'><strong>llaec</strong></span> <span class='ocrx_word' id='word_1_688' title='bbox 1730 4642 1837 4698; x_wconf 91' lang='lat' dir='ltr'><strong>ille.</strong></span> <span class='ocrx_word' id='word_1_689' title='bbox 2096 4660 2123 4697; x_wconf 89' lang='lat' dir='ltr'><strong>a</strong></span> <span class='ocrx_word' id='word_1_690' title='bbox 2153 4640 2465 4698; x_wconf 86' lang='lat' dir='ltr'><strong>solemniori</strong></span> <span class='ocrx_word' id='word_1_691' title='bbox 2496 4639 2864 4707; x_wconf 80' lang='lat' dir='ltr'><strong>Ordinationis</strong></span> <span class='ocrx_word' id='word_1_692' title='bbox 2907 4637 3067 4693; x_wconf 80' lang='lat' dir='ltr'><strong>Festo</strong></span> <span class='ocrx_word' id='word_1_693' title='bbox 3089 4637 3432 4694; x_wconf 79' lang='lat' dir='ltr'><strong>Confessoris</strong></span> <span class='ocrx_word' id='word_1_694' title='bbox 3476 4633 3651 4705; x_wconf 84' lang='lat' dir='ltr'><strong>titulum</strong></span> 
     </span>
    </p>
   </div>
   <div class='ocr_carea' id='block_1_52' title="bbox 2096 4728 3649 4800">
    <p class='ocr_par' dir='ltr' id='par_1_52' title="bbox 2096 4728 3649 4800">
     <span class='ocr_line' id='line_1_52' title="bbox 2096 4728 3649 4800; baseline -0.008 -11"><span class='ocrx_word' id='word_1_695' title='bbox 2096 4734 2346 4799; x_wconf 87' lang='lat' dir='ltr'><strong>mutuati,</strong></span> <span class='ocrx_word' id='word_1_696' title='bbox 2372 4731 2621 4789; x_wconf 89' lang='lat' dir='ltr'><strong>eumdem</strong></span> <span class='ocrx_word' id='word_1_697' title='bbox 2650 4745 2864 4800; x_wconf 89' lang='lat' dir='ltr'><strong>quoque</strong></span> <span class='ocrx_word' id='word_1_698' title='bbox 2887 4729 3124 4800; x_wconf 79' lang='lat' dir='ltr'><strong>Martyrii</strong></span> <span class='ocrx_word' id='word_1_699' title='bbox 3175 4729 3339 4786; x_wconf 86' lang='lat' dir='ltr'><strong>Festo</strong></span> <span class='ocrx_word' id='word_1_700' title='bbox 3356 4728 3649 4785; x_wconf 84' lang='lat' dir='ltr'><strong>tribuerunt.</strong></span> 
     </span>
    </p>
   </div>
   <div class='ocr_carea' id='block_1_53' title="bbox 1358 4955 2724 5061">
    <p class='ocr_par' dir='ltr' id='par_1_53' title="bbox 1358 4955 2724 5061">
     <span class='ocr_line' id='line_1_53' title="bbox 1358 4955 2724 5061; baseline -0.003 -21"><span class='ocrx_word' id='word_1_701' title='bbox 1358 4955 2354 5061; x_wconf 80' lang='lat' dir='ltr'><strong>DISSERTATIONES</strong></span> <span class='ocrx_word' id='word_1_702' title='bbox 2448 4955 2724 5037; x_wconf 78' lang='lat' dir='ltr'><strong>DU/E</strong></span> 
     </span>
    </p>
   </div>
   <div class='ocr_carea' id='block_1_54' title="bbox 390 5112 3644 5196">
    <p class='ocr_par' dir='ltr' id='par_1_54' title="bbox 390 5112 3644 5196">
     <span class='ocr_line' id='line_1_54' title="bbox 390 5112 3644 5196; baseline -0.007 0"><span class='ocrx_word' id='word_1_703' title='bbox 390 5136 469 5196; x_wconf 81' lang='lat' dir='ltr'><strong>IN</strong></span> <span class='ocrx_word' id='word_1_704' title='bbox 540 5132 1008 5196; x_wconf 83' lang='lat' dir='ltr'><strong>APPENDICIS</strong></span> <span class='ocrx_word' id='word_1_705' title='bbox 1080 5130 1334 5194; x_wconf 87' lang='lat' dir='ltr'><strong>VICEM</strong></span> <span class='ocrx_word' id='word_1_706' title='bbox 1402 5127 1712 5190; x_wconf 91' lang='lat' dir='ltr'><strong>DUOBUS</strong></span> <span class='ocrx_word' id='word_1_707' title='bbox 1781 5126 2457 5191; x_wconf 64' lang='lat' dir='ltr'><strong>PRIECEDENTIBUS</strong></span> <span class='ocrx_word' id='word_1_708' title='bbox 2527 5126 2782 5190; x_wconf 77' lang='lat' dir='ltr'><strong>LlBRlS</strong></span> <span class='ocrx_word' id='word_1_709' title='bbox 2846 5126 2951 5187; x_wconf 86' lang='lat' dir='ltr'><strong>DE</strong></span> <span class='ocrx_word' id='word_1_710' title='bbox 3018 5118 3510 5187; x_wconf 80' lang='lat' dir='ltr'><strong>SERMONIBUS</strong></span> <span class='ocrx_word' id='word_1_711' title='bbox 3559 5112 3644 5176; x_wconf 85' lang='lat' dir='ltr'><strong>ET</strong></span> 
     </span>
    </p>
   </div>
   <div class='ocr_carea' id='block_1_55' title="bbox 583 5227 3446 5306">
    <p class='ocr_par' dir='ltr' id='par_1_55' title="bbox 583 5227 3446 5306">
     <span class='ocr_line' id='line_1_55' title="bbox 583 5227 3446 5306; baseline -0.003 -10"><span class='ocrx_word' id='word_1_712' title='bbox 583 5235 1016 5297; x_wconf 79' lang='lat' dir='ltr'><strong>MARTYRIO</strong></span> <span class='ocrx_word' id='word_1_713' title='bbox 1047 5236 1108 5295; x_wconf 92' lang='lat' dir='ltr'><strong>S.</strong></span> <span class='ocrx_word' id='word_1_714' title='bbox 1141 5233 1480 5296; x_wconf 79' lang='lat' dir='ltr'><strong>ZENONIS</strong></span> <span class='ocrx_word' id='word_1_715' title='bbox 1505 5230 2112 5306; x_wconf 67' lang='lat' dir='ltr'><strong>SUPERADDITIE,</strong></span> <span class='ocrx_word' id='word_1_716' title='bbox 2151 5229 2524 5292; x_wconf 83' lang='lat' dir='ltr'><strong>AUCTORE</strong></span> <span class='ocrx_word' id='word_1_717' title='bbox 2555 5228 2997 5295; x_wconf 82' lang='lat' dir='ltr'><strong>FRANCISCO</strong></span> <span class='ocrx_word' id='word_1_718' title='bbox 3020 5227 3446 5293; x_wconf 83' lang='lat' dir='ltr'><strong>BONACCHI.</strong></span> 
     </span>
    </p>
   </div>
   <div class='ocr_carea' id='block_1_56' title="bbox 1529 5354 2518 5430">
    <p class='ocr_par' dir='ltr' id='par_1_56' title="bbox 1529 5354 2518 5430">
     <span class='ocr_line' id='line_1_56' title="bbox 1529 5354 2518 5430; baseline -0.001 -13"><span class='ocrx_word' id='word_1_719' title='bbox 1529 5354 2160 5417; x_wconf 78' lang='lat' dir='ltr'><strong>DISSEBTATIO</strong></span> <span class='ocrx_word' id='word_1_720' title='bbox 2202 5355 2518 5430; x_wconf 82' lang='lat' dir='ltr'><strong>PRIMA,</strong></span> 
     </span>
    </p>
   </div>
   <div class='ocr_carea' id='block_1_57' title="bbox 1110 5473 2904 5522">
    <p class='ocr_par' dir='ltr' id='par_1_57' title="bbox 1110 5473 2904 5522">
     <span class='ocr_line' id='line_1_57' title="bbox 1110 5473 2904 5522; baseline 0.001 -4"><span class='ocrx_word' id='word_1_721' title='bbox 1110 5476 1250 5519; x_wconf 79' lang='lat' dir='ltr'><strong>SIVE</strong></span> <span class='ocrx_word' id='word_1_722' title='bbox 1295 5476 1518 5520; x_wconf 74' lang='lat' dir='ltr'><strong>SANCTI</strong></span> <span class='ocrx_word' id='word_1_723' title='bbox 1564 5475 1828 5520; x_wconf 72' lang='grc' dir='ltr'><strong>ΖκΝοΝιε</strong></span> <span class='ocrx_word' id='word_1_724' title='bbox 1873 5473 2156 5518; x_wconf 75' lang='lat' dir='ltr'><strong>EPISCOPI</strong></span> <span class='ocrx_word' id='word_1_725' title='bbox 2204 5474 2588 5521; x_wconf 76' lang='lat' dir='ltr'><strong>VERONENBIS</strong></span> <span class='ocrx_word' id='word_1_726' title='bbox 2632 5476 2904 5522; x_wconf 75' lang='lat' dir='ltr'><strong>EPOCHA.</strong></span> 
     </span>
    </p>
   </div>
   <div class='ocr_carea' id='block_1_58' title="bbox 888 5573 3642 5665">
    <p class='ocr_par' dir='ltr' id='par_1_58' title="bbox 888 5573 3642 5665">
     <span class='ocr_line' id='line_1_58' title="bbox 888 5573 3642 5665; baseline -0.001 -33"><span class='ocrx_word' id='word_1_727' title='bbox 888 5577 1115 5635; x_wconf 82' lang='lat' dir='ltr'><strong>CAPUT</strong></span> <span class='ocrx_word' id='word_1_728' title='bbox 1154 5580 1441 5636; x_wconf 79' lang='lat' dir='ltr'><strong>PRIMUM.</strong></span> <span class='ocrx_word' id='word_1_729' title='bbox 2088 5581 2403 5652; x_wconf 85' lang='lat' dir='ltr'><strong>Martyrium</strong></span> <span class='ocrx_word' id='word_1_730' title='bbox 2434 5581 2490 5638; x_wconf 90' lang='grc'><strong>8.</strong></span> <span class='ocrx_word' id='word_1_731' title='bbox 2526 5581 2762 5639; x_wconf 89' lang='lat' dir='ltr'><strong>Zenonis</strong></span> <span class='ocrx_word' id='word_1_732' title='bbox 2792 5579 3440 5665; x_wconf 67' lang='lat' dir='ltr'><strong>lucubrationibussmcis,</strong></span> <span class='ocrx_word' id='word_1_733' title='bbox 3470 5573 3578 5631; x_wconf 85' lang='lat' dir='ltr'><strong>libri</strong></span> <span class='ocrx_word' id='word_1_734' title='bbox 3616 5584 3642 5623; x_wconf 75' lang='lat' dir='ltr'><strong>a</strong></span> 
     </span>
    </p>
   </div>
   <div class='ocr_carea' id='block_1_59' title="bbox 567 5668 3638 5747">
    <p class='ocr_par' dir='ltr' id='par_1_59' title="bbox 567 5668 3638 5747">
     <span class='ocr_line' id='line_1_59' title="bbox 567 5668 3638 5747; baseline -0 -21"><span class='ocrx_word' id='word_1_735' title='bbox 567 5672 594 5743; x_wconf 59' lang='grc' dir='ltr'>ᾗ</span> <span class='ocrx_word' id='word_1_736' title='bbox 634 5672 676 5726; x_wconf 92' lang='grc'>1.</span> <span class='ocrx_word' id='word_1_737' title='bbox 709 5700 781 5711; x_wconf 93' lang='grc'><strong><em>--</em></strong></span> <span class='ocrx_word' id='word_1_738' title='bbox 806 5668 1000 5725; x_wconf 77' lang='lat' dir='ltr'><strong>lterum</strong></span> <span class='ocrx_word' id='word_1_739' title='bbox 1038 5672 1290 5725; x_wconf 76' lang='lat' dir='ltr'><strong>scribendi</strong></span> <span class='ocrx_word' id='word_1_740' title='bbox 1318 5673 1519 5726; x_wconf 83' lang='lat' dir='ltr'><strong>occasio</strong></span> <span class='ocrx_word' id='word_1_741' title='bbox 1548 5684 1597 5726; x_wconf 91' lang='lat' dir='ltr'><strong>et</strong></span> <span class='ocrx_word' id='word_1_742' title='bbox 1627 5674 1767 5741; x_wconf 79' lang='lat' dir='ltr'><strong>ﬁnis.</strong></span> <span class='ocrx_word' id='word_1_743' title='bbox 2089 5672 2416 5731; x_wconf 86' lang='lat' dir='ltr'><strong>Clarissimis</strong></span> <span class='ocrx_word' id='word_1_744' title='bbox 2438 5675 2579 5731; x_wconf 85' lang='lat' dir='ltr'><strong>Viris</strong></span> <span class='ocrx_word' id='word_1_745' title='bbox 2602 5677 2763 5733; x_wconf 85' lang='lat' dir='ltr'><strong>Petro</strong></span> <span class='ocrx_word' id='word_1_746' title='bbox 2802 5686 2858 5732; x_wconf 91' lang='lat' dir='ltr'><strong>et</strong></span> <span class='ocrx_word' id='word_1_747' title='bbox 2877 5677 3208 5747; x_wconf 81' lang='lat' dir='ltr'><strong>Hieronymo</strong></span> <span class='ocrx_word' id='word_1_748' title='bbox 3235 5671 3479 5729; x_wconf 82' lang='lat' dir='ltr'><strong>Ballerini</strong></span> <span class='ocrx_word' id='word_1_749' title='bbox 3500 5669 3638 5725; x_wconf 71' lang='lat' dir='ltr'><strong>Pres-</strong></span> 
     </span>
    </p>
   </div>
   <div class='ocr_carea' id='block_1_60' title="bbox 462 5758 3635 5842">
    <p class='ocr_par' dir='ltr' id='par_1_60' title="bbox 462 5758 3635 5842">
     <span class='ocr_line' id='line_1_60' title="bbox 462 5758 3635 5842; baseline 0.003 -26"><span class='ocrx_word' id='word_1_750' title='bbox 462 5762 665 5819; x_wconf 73' lang='lat' dir='ltr'><strong>Exacto</strong></span> <span class='ocrx_word' id='word_1_751' title='bbox 703 5765 873 5818; x_wconf 85' lang='lat' dir='ltr'><strong>ferme</strong></span> <span class='ocrx_word' id='word_1_752' title='bbox 929 5762 1148 5819; x_wconf 88' lang='lat' dir='ltr'><strong>biennio</strong></span> <span class='ocrx_word' id='word_1_753' title='bbox 1176 5763 1245 5818; x_wconf 86' lang='lat' dir='ltr'><strong>ab</strong></span> <span class='ocrx_word' id='word_1_754' title='bbox 1267 5763 1426 5819; x_wconf 82' lang='lat' dir='ltr'><strong>editis</strong></span> <span class='ocrx_word' id='word_1_755' title='bbox 1476 5764 1531 5819; x_wconf 90' lang='lat' dir='ltr'><strong>in</strong></span> <span class='ocrx_word' id='word_1_756' title='bbox 1575 5763 1867 5822; x_wconf 86' lang='lat' dir='ltr'><strong>Sermones</strong></span> <span class='ocrx_word' id='word_1_757' title='bbox 1926 5775 1982 5822; x_wconf 89' lang='lat' dir='ltr'><strong>ct</strong></span> <span class='ocrx_word' id='word_1_758' title='bbox 2088 5766 2291 5834; x_wconf 75' lang='lat' dir='ltr'><strong>bvteris</strong></span> <span class='ocrx_word' id='word_1_759' title='bbox 2318 5766 2721 5827; x_wconf 69' lang='lat' dir='ltr'><strong>Veronensibus</strong></span> <span class='ocrx_word' id='word_1_760' title='bbox 2750 5771 2959 5842; x_wconf 79' lang='lat' dir='ltr'><strong>cupiam</strong></span> <span class='ocrx_word' id='word_1_761' title='bbox 2989 5766 3152 5826; x_wconf 83' lang='lat' dir='ltr'><strong>habui</strong></span> <span class='ocrx_word' id='word_1_762' title='bbox 3181 5771 3327 5825; x_wconf 70' lang='lat' dir='ltr'><strong>anno</strong></span> <span class='ocrx_word' id='word_1_763' title='bbox 3374 5765 3502 5825; x_wconf 67' lang='lat'><strong>£759</strong></span> <span class='ocrx_word' id='word_1_764' title='bbox 3546 5758 3635 5815; x_wconf 61' lang='lat' dir='ltr'><strong>Vb‘</strong></span> 
     </span>
    </p>
   </div>
  </div>
