3822 6220
131 339 229 393 6ῖῦ

1539 329 2018 391 DISSI'ZRTATIO.

3315 309 3417 364 654

129 469 268 510 roma
299 455 444 526 typis
479 455 686 509 excusi.
718 452 985 509 Eximium
1018 451 1260 521 profecto
1307 450 1716 517 laboratumqne
1746 448 1798 507 Α
1823 443 2156 510 impietatem
2190 438 2335 506 prior
2376 442 2458 489 est
2506 433 2793 487 insectatus
2816 473 2831 499 ,
2878 442 3110 499 cumque
3157 441 3254 482 suo
3296 441 3420 518 cum

129 564 296 618 opus,
332 564 443 616 quo
496 547 813 616 conquisitis
859 545 1092 615 undique
1140 545 1525 598 vetustioribus
1565 557 1721 603 mss.,

129 639 491 708 adhibitisque
547 636 840 707 aptissimis
888 651 950 690 ac
998 630 1378 690 eruditissimis
1422 632 1728 687 adnotatio-

131 731 282 785 nibus
315 730 624 785 Sermones
680 729 736 784 S.
783 728 1015 789 Zenonis
1046 726 1228 798 (quem
1262 725 1566 795 splendoris
1605 739 1724 793 gra-

129 823 246 877 dum
278 823 402 877 aliis
427 823 482 875 in
512 822 836 877 editiouiltus
870 837 1160 892 numquam
1187 830 1312 874 sunt
1333 819 1536 889 adepti)
1562 817 1722 872 nitori

129 929 220 970 suo
251 901 492 968 restituti
523 956 534 976 .
564 929 771 983 suoque
803 913 1024 969 Auctori
1072 911 1322 967 vindicati
1351 911 1474 982 jure
1504 909 1719 982 quidem

129 1023 188 1062 ac
213 1008 412 1062 merito
439 1006 657 1062 dicendi
685 1016 832 1060 sunt.
867 1005 1086 1063 Summa
1109 1004 1324 1075 quidem
1355 1004 1623 1072 voluptate
1646 1000 1722 1055 af-

130 1101 314 1166 fectus,
347 1101 482 1156 dum
511 1117 615 1156 non
664 1111 771 1156 tam
799 1099 1005 1166 oculos,
1029 1115 1186 1170 quam
1230 1100 1281 1153 in
1312 1097 1438 1153 illud
1471 1085 1718 1153 mentem

129 1199 449 1266 conjiciens,
505 1214 686 1254 rerum
729 1197 975 1253 ordinem
1017 1198 1217 1267 optime
1248 1197 1535 1267 digestum,
1568 1192 1719 1248 latini

130 1291 392 1343 sermonis
421 1289 1011 1361 nitidam‘elegantiam,
1043 1289 1217 1344 omnis
1229 1288 1445 1359 generis
1459 1301 1718 1342 consum-

130 1392 321 1436 malam
363 1382 711 1448 doctrinam,
760 1398 865 1437 non
898 1385 1028 1436 satis
1060 1396 1216 1452 posse
1263 1380 1466 1446 mirari,
1504 1380 1720 1450 gavisus

128 1489 259 1528 sum.
294 1473 430 1528 Cum
467 1490 596 1528 vero
655 1474 929 1543 praeclaris
969 1482 1050 1528 tot
1088 1471 1385 1527 rationibus
1429 1487 1488 1526 ac
1527 1487 1719 1527 monu-

129 1569 320 1622 mentis
348 1567 406 1622 S.
440 1566 650 1621 Zenoni
671 1581 951 1621 sermones
973 1580 1098 1620 suos
1117 1564 1409 1635 adjudicari
1433 1562 1716 1632 conspexi,

127 1660 401 1713 tenuitatis
447 1675 583 1713 ntere
607 1700 623 1723 ,
666 1659 718 1712 in
752 1658 943 1713 iisdem
990 1657 1333 1712 sermonibus
1357 1671 1456 1726 pro
1484 1656 1720 1726 genuino

125 1750 177 1804 S.
209 1751 453 1820 ejusdem
487 1749 664 1804 Patris
719 1749 852 1823 l‘mtu
898 1748 1208 1805 assereudis
1240 1763 1346 1801 non
1378 1747 1593 1817 quidem
1640 1746 1720 1816 pi-

1829 541 2054 587 auctore
2085 528 2432 584 anathemate
2459 524 2719 597 perculit,
2750 523 2918 594 ipsius
2959 535 3175 577 errores
3205 515 3425 575 enumeo

1826 633 1911 678 rat
1958 623 2011 678 in
2047 618 2276 690 epistola
2303 616 2370 673 ad
2403 615 2767 672 Alexandrum
2812 615 3126 684 episcOpum
3158 610 3424 667 Constan-

1785 752 1789 756 -
1829 712 2246 783 tinOpolitanum
2272 728 2286 763 :
2317 709 2417 777 Qui
2444 716 2677 762 assertmt
2708 716 2905 776 tempus
2933 701 3212 775 aliquando
3241 704 3420 776 fuisse,

1826 825 1940 862 cum
1971 822 2074 860 non
2096 811 2226 860 esset
2257 801 2427 875 Filius
2454 799 2551 854 Dei
2567 815 2584 866 ς
2614 808 2788 870 postea
2818 800 3010 870 factum
3038 813 3151 850 cum
3180 813 3278 850 non
3305 804 3424 848 ante

1782 898 1786 902 ’
1824 900 2044 955 extiterit
2069 918 2085 952 :
2111 897 2264 952 talem
2296 897 2456 966 fuisse
2483 902 2612 960 tum,
2637 909 2752 946 cum
2775 895 2943 963 {actus
2964 900 3096 957 erat,
3119 889 3427 960 qualisquis-

1823 1011 1918 1064 que
1945 993 2211 1047 hominum
2237 999 2332 1044 est.
2375 987 2562 1042 Omnia
2591 987 2724 1042 enim
2749 983 2915 1039 Deum
2942 999 3005 1038 ex
3030 982 3196 1038 nihilo
3222 983 3424 1054 fecisse,

1821 1104 1921 1158 qua
1958 1085 2208 1140 sententia
2237 1085 2389 1137 etiam
2421 1078 2621 1134 Filium
2661 1077 2758 1133 Dei
2798 1075 3252 1157 comprehendunt.
3293 1072 3424 1141 Qui-
3501 1114 3504 1115 ν

1823 1181 1914 1236 bus
1939 1182 2092 1235 etiam
2111 1187 2488 1250 consequenter
2516 1174 2738 1238 addunt,
2779 1186 2894 1226 eum
2925 1180 3114 1224 natura
3141 1154 3288 1239 posse
3308 1182 3425 1220 mu-

1822 1278 1922 1330 tari
1951 1274 2170 1333 virtutis.
2197 1284 2244 1326 et
2271 1271 2380 1325 vitii
2414 1284 2649 1341 capacem
2699 1282 2823 1321 esse.
2889 1263 3069 1334 Itaque
3121 1263 3218 1316 hoc
3253 1260 3441 1330 posito.

1820 1386 1934 1424 eum
1964 1385 2026 1423 ea:
2054 1365 2476 1435 nihilofactumL:
2507 1378 2609 1416 non
2637 1360 2771 1413 enim
2788 1369 2994 1424 natura,
3025 1365 3115 1410 aut
3141 1353 3418 1425 quidquam

1823 1476 2009 1534 praeter
2058 1475 2265 1516 steteras
2315 1461 2452 1529 ﬁlios
2507 1455 2744 1510 habuisse
2785 1452 3139 1522 prterogutioce
3180 1446 3416 1519 (nullum

1823 1571 2040 1624 namque
2062 1562 2249 1606 natura
2277 1549 2472 1603 Filium
2501 1548 2594 1602 Dei
2616 1563 2722 1601 esse
2747 1545 3032 1614 afﬁrmant,
3064 1557 3225 1610 neque
3243 1555 3423 1606 querna

1821 1666 1973 1720 quam
2003 1664 2128 1710 esse,
2156 1645 2244 1717 qui
2271 1645 2379 1698 ulla
2409 1658 2528 1697 cum
2555 1657 2613 1696 eo
2641 1640 2955 1710 praprietate
2973 1638 3276 1709 conjunc'tns
3304 1633 3417 1700 sit),

1822 1744 1911 1798 sed
1940 1757 2072 1795 cnm'
2097 1748 2224 1794 esset
2254 1747 2441 1792 natura
2483 1733 2761 1796 mutabilis,
2791 1741 2837 1785 et
2870 1739 3075 1800 prapter
3103 1726 3414 1800 singularem

127 1844 253 1914 guit,
281 1859 442 1913 quam
489 1821 729 1899 viderem
765 1852 926 1898 tautae
953 1842 1276 1916 eruditionis
1315 1811 1558 1895 ubertate
1589 1811 1718 1909 pen-
1753 1839 1794 1896 B
1824 1837 1879 1890 in
1902 1836 2025 1899 vita,
2059 1842 2103 1885 et
2131 1831 2360 1885 maribus
2386 1830 2482 1884 rite
2510 1811 2841 1882 instituendis
2865 1821 3206 1894 diligentiam,
3230 1836 3292 1874 ac
3309 1827 3417 1873 stu-

127 1945 310 1992 satam.
346 1936 572 1992 Haerere
603 1946 782 1991 tamen
817 1937 948 1990 mihi
980 1926 1233 2004 Contigit,
1267 1949 1388 1989 cum
1420 1933 1725 2002 praeclaris:

128 2033 288 2085 simos
347 2031 520 2086 hosce
569 2031 713 2085 viros
765 2031 818 2084 iu
873 2029 1117 2099 ejusdem
1146 2029 1204 2084 S.
1236 2027 1469 2082 Zenonis
1499 2027 1718 2095 Epocha

128 2123 504 2179 constituenda
537 2122 679 2177 aliud
711 2137 740 2176 a
765 2123 935 2177 veteri
963 2121 1176 2191 vulgata
1204 2121 1459 2190 opinione
1487 2118 1592 2190 (cui
1621 2132 1720 2188 ego

128 2232 237 2271 sum
269 2217 633 2288 adstipulatus
662 2215 968 2286 sententim)
1001 2216 1208 2284 opinari
1235 2213 1560 2282 deprehendi
1582 2254 1596 2278 ,
1639 2227 1722 2266 ra-

132 2311 471 2382 tionibusque
505 2325 610 2364 non
639 2310 771 2365 levis
790 2308 1052 2381 ponderis
1076 2323 1224 2361 suam
1252 2307 1722 2378 conﬁrmare_sen-

132 2405 368 2459 tentiam.
427 2404 548 2472 Qua
575 2404 643 2458 de
681 2419 760 2467 re.
797 2415 853 2457 ut
907 2419 934 2456 a
987 2416 1102 2456 mea
1149 2401 1400 2469 Opinione
1451 2415 1555 2453 non
1603 2399 1721 2456 sine

128 2497 321 2566 judicio
347 2496 786 2564 recederem,vel
817 2506 1020 2554 temere
1049 2497 1100 2548 in
1123 2509 1184 2548 ea
1209 2494 1582 2555 consisterem,
1601 2507 1720 2561 qua:

133 2593 192 2648 ad
215 2593 589 2648 difﬁcultatem
611 2594 897 2658 faciebant,
915 2593 1173 2647 attentius
1191 2591 1543 2647 examinanda
1568 2590 1718 2655 duxi,

134 2702 230 2756 quo
252 2683 429 2740 tamen
460 2687 616 2740 exitu
648 2687 867 2740 lectoris
885 2673 1090 2755 judicio
1136 2700 1200 2739 ex
1229 2684 1433 2738 animo
1463 2699 1524 2753 ac
1548 2683 1717 2738 liben-

137 2786 210 2831 ter
239 2778 541 2832 committe.
593 2777 812 2832 Minime
858 2777 987 2830 mihi
1038 2778 1255 2846 quidem
1292 2775 1502 2845 probari
1546 2784 1721 2844 potest

138 2870 253 2924 illud
304 2870 640 2926 Tillemontii
689 2870 974 2925 consilium
1033 2870 1304 2929 mutandie
1358 2868 1422 2922 D.
1488 2867 1720 2922 Zenonis

141 2961 378 3031 Epochzr,
404 2969 463 3016 ut
491 2979 522 3016 a
556 2964 716 3016 variis
735 2961 1160 3017 dubitatioiiihus
1193 2975 1249 3014 se
1275 2961 1518 3027 extricet,
1548 2959 1635 3030 qui
1668 2961 1717 3013 in

138 3065 193 3104 ea
222 3052 553 3120 temporibus
578 3046 805 3108 Gallieni
858 3052 1116 3105 lirntauda
1163 3051 1255 3105 dat
1280 3066 1499 3121 operam
1531 3053 1718 3104 Astro-

139 3145 254 3213 logi,
289 3161 525 3213 namque
563 3154 646 3200 est
687 3145 752 3198 ad
781 3145 1149 3200 Conciliaudos
1173 3145 1505 3214 planetarum
1540 3152 1717 3197 motus

137 3240 342 3293 arbitrio
370 3255 469 3298 suo
499 3249 792 3311 systemata
823 3240 922 3293 sibi
951 3237 1173 3309 lingere.
1228 3238 1481 3292 lllstorici
1507 3237 1709 3291 veroin
1741 3227 1787 3290 C

135 3333 460 3402 antiquorum
491 3332 808 3402 etiarrandis
827 3333 1014 3402 gestis.
1048 3330 1322 3386 veteribus
1350 3331 1713 3385 monumentis

135 3423 274 3478 inniti
303 3467 316 3490 ,
347 3440 470 3496 quae
501 3427 545 3479 si
577 3425 755 3480 desint
781 3467 795 3490 ,
840 3435 1024 3479 ea'sua
1075 3425 1126 3478 in
1187 3424 1518 3479 obscuritate
1546 3424 1714 3478 relin-

132 3531 302 3586 quere.
337 3518 446 3572 Hae
474 3519 636 3588 igitur
667 3527 844 3572 mente
869 3558 883 3582 ,
929 3517 997 3573 de
1029 3528 1269 3587 tempore
1319 3531 1425 3586 quo
1461 3518 1523 3571 D.
1561 3517 1709 3572 Zeno

138 3607 445 3675 Veronensis
480 3611 736 3666 Ecclesia:
780 3602 1151 3679 episcopatum
1177 3609 1361 3679 gessit,
1391 3625 1553 3682 agere
1574 3624 1706 3665 con-

133 3701 284 3768 sdtui.
314 3721 424 3759 non
458 3714 515 3759 ut
536 3703 587 3758 in
623 3718 739 3759 mea
764 3704 1030 3759 sententia
1061 3704 1240 3756 animo
1269 3712 1500 3772 perstcm
1539 3701 1704 3758 oblic-

129 3805 279 3856 tnato,
320 3810 507 3850 verum
541 3807 596 3849 ut
640 3794 692 3848 id
709 3809 717 3812 "
740 3795 1010 3865 experiar,
1041 3809 1106 3848 an
1140 3793 1386 3848 diversas
1434 3794 1557 3848 hinc
1581 3795 1706 3850 inde

129 3888 520 3958 centuriasque
546 3888 782 3942 rationes
812 3887 875 3941 ad
901 3887 1180 3941 veritatem
1209 3902 1465 3941 revocare
1492 3889 1706 3942 contin—

127 3986 201 4044 gat
231 3978 322 4052 (γ.
352 3997 469 4050 cap.
518 3978 552 4034 9
584 3979 647 4031 de
676 3979 932 4048 Martyrio
960 3979 1020 4034 S.
1050 3977 1274 4034 Zenonis
1304 3979 1391 4032 lib.
1423 3979 1502 4048 tt).

127 4088 150 4160 ἓ
177 4089 233 4146 ll.
263 4121 316 4132 —
337 4091 526 4170 Prima
551 4092 684 4145 ratio
716 4090 947 4160 Epochat
977 4092 1036 4146 S.
1067 4090 1290 4146 Zenonis
1333 4093 1538 4146 Arianis
1570 4102 1697 4146 tem-

592 4181 800 4252 poribus
831 4183 1208 4252 posthabendn'.

187 4293 345 4364 Urget
367 4295 588 4367 quidem
621 4303 991 4365 argumentum
1016 4294 1164 4355 illud,
1197 4295 1456 4364 quosdam
1490 4294 1699 4349 scilicet

126 4382 175 4437 S.
198 4385 425 4442 Zenonis
456 4387 749 4443 Sermones
780 4386 891 4441 Arii
926 4401 1139 4441 errores
1166 4387 1454 4455 impetere,
1483 4396 1539 4440 ut
1568 4388 1603 4440 li
1616 4388 1695 4440 rio

131 4482 462 4543 posteriorem
492 4480 767 4536 Zenonem
795 4480 914 4551 quis
959 4479 1264 4544 arbitretur,
1292 4480 1374 4535 vel
1415 4496 1695 4535 sermones

126 4567 232 4625 illos
255 4572 484 4628 Zenonis
513 4589 624 4628 non
666 4588 789 4628 esse
824 4572 1014 4633 fretum
1055 4572 1345 4628 existimet.
1399 4572 1510 4627 Hoc
1541 4572 1692 4626 Emi-

127 4664 452 4721 nentissimus
494 4666 757 4721 Baronius
805 4667 1029 4736 ptllavil,
1064 4665 1192 4719 illud
1233 4665 1518 4720 clarissimi
1568 4664 1688 4718 Bal-

126 4753 303 4810 lerinii.
339 4757 557 4812 Baronii
597 4759 834 4812 rationes
868 4758 1216 4811 refutavimus
1245 4756 1384 4810 libro
1419 4755 1591 4824 primo
1619 4756 1686 4809 de

125 4841 449 4902 Set-itionibus
477 4848 538 4904 S.
573 4847 840 4914 Zenonis,
873 4849 1048 4918 capite
1068 4848 1332 4917 ,septimo.
1367 4848 1441 4901 De
1471 4847 1535 4900 iis
1564 4863 1683 4916 qua:

129 4935 374 4992 uberrime
401 4955 428 4992 a
452 4941 785 4995 doctissimis
810 4938 948 4995 Viris
971 4939 1238 5014 disputata
1266 4982 1281 5005 ,
1324 4949 1488 5009 atque
1518 4938 1684 4992 aduo-

127 5033 218 5079 tata
247 5040 364 5083 sunt
405 5030 697 5085 novissima
729 5032 780 5085 in
820 5032 1058 5087 editione
1087 5031 1387 5088 Veronensi
1416 5031 1679 5101 agendum

127 5118 266 5172 modo
320 5119 557 5186 (Dissert.
605 5124 786 5190 prima:
828 5140 942 5193 cap.
978 5124 1033 5186 2,
1063 5122 1189 5196 ξε).
1247 5125 1356 5178 Arii
1388 5123 1566 5192 itaque
1595 5138 1682 5178 er-

127 5222 257 5261 rores
283 5211 584 5281 prmcipuos
615 5228 922 5277 recensere,
955 5230 1251 5286 eorumque
1278 5215 1534 5284 originem
1563 5230 1688 5284 per-

127 5303 329 5355 scrutari
357 5317 534 5370 Opera':
563 5305 794 5371 pretium
837 5307 970 5361 erit:
1001 5319 1111 5362 tum
1144 5309 1204 5361 D.
1245 5306 1475 5362 Zenonis
1499 5316 1688 5361 eontra

125 5389 319 5446 eosdem
342 5406 552 5448 errores
577 5393 834 5463 allegatas
860 5399 1154 5452 sententias
1184 5397 1433 5455 conferre
1457 5439 1473 5465 ,
1504 5408 1557 5453 ut
1585 5397 1687 5452 hac

127 5481 308 5537 ratione
329 5483 567 5554 opposita
595 5484 748 5554 juxta
794 5501 853 5541 se
885 5488 1058 5556 posita
1091 5489 1350 5547 lucidiore
1377 5489 1684 5547 discrimine

127 5570 485 5632 discernamus.
970 5566 972 5569 ’

426 5693 454 5765 §
496 5693 584 5749 III.
616 5723 687 5735 —
714 5690 825 5747 Arii
854 5711 1050 5748 errores
1075 5697 1345 5767 pracipui.

187 5800 238 5857 s.
269 5789 560 5864 Alexander
600 5806 912 5863 Patria'rch‘a
966 5807 1398 5880 Alexandrinus,
1431 5812 1535 5884 qui
1570 5813 1685 5871 Arii

1823 1931 1963 1983 dium
2007 1940 2107 1982 non
2157 1926 2226 1987 ad
2270 1927 2394 1981 vitia
2424 1926 2712 1994 deflecteret
2743 1963 2757 1987 ,
2815 1920 2976 1974 Deum
3019 1934 3132 1972 eum
3179 1916 3410 1988 elegisse.

1823 2021 2026 2094 (Refert
2055 2019 2338 2087 Theodor.,
2362 2010 2477 2090 cap.
2509 2016 2544 2070 4
2568 2015 2709 2070 Hist.
2745 2009 2908 2084 Ecc.)

1858 2161 1862 2164 -
1895 2133 1922 2205 §
1965 2133 2054 2189 ιν.
2081 2163 2152 2174 ——
2189 2133 2480 2188 Recensitos
2510 2146 2708 2185 errores
2735 2128 2870 2182 unde
2900 2127 3056 2181 Arius
3086 2124 3334 2179 hauserit.

1895 2248 2001 2304 Has
2046 2247 2238 2332 impias
2284 2247 2334 2301 in
2367 2245 2564 2300 Filium
2608 2244 2702 2299 Dei
2734 2229 3098 2311 blasphemias
3121 2253 3230 2294 non
3257 2237 3410 2293 adin-

1822 2342 1968 2395 venit
1996 2330 2176 2404 Arius,
2227 2339 2319 2394 sed
2368 2339 2434 2393 ab
2461 2339 2580 2393 aliis
2604 2334 2998 2405 antiquioribus
3028 2330 3301 2386 htereticis
3322 2338 3418 2387 att-4

1821 2435 1961 2503 cepit
1984 2434 2171 2489 eodem
2197 2431 2575 2489 S.Alexandro
2591 2426 2962 2498 teste.Quippe
2999 2440 3115 2478 cum
3158 2423 3259 2494 ipsi
3300 2413 3411 2477 Sitis

1821 2531 1958 2582 docti
1983 2545 2012 2581 a
2043 2527 2172 2594 Deo,
2205 2537 2252 2582 et
2285 2544 2384 2581 non
2411 2526 2675 2595 ignoretis,
2707 2523 2812 2578 tum
2841 2520 3073 2584 Ebionis,
3105 2529 3153 2573 et
3191 2518 3412 2572 Artemat

1824 2609 2128 2686 doctrinam,
2152 2636 2266 2689 qua:
2311 2628 2411 2686 non
2442 2621 2514 2671 ita
2553 2616 2750 2687 pridem
2775 2631 2946 2669 ueram
2978 2611 3220 2667 Ecclesia
3244 2612 3407 2682 pieta-

1823 2725 1921 2767 tem
1951 2700 2246 2783 0ppugnarc
2289 2713 2438 2780 coepit
2464 2753 2476 2774 ,
2520 2721 2627 2764 tum
2673 2709 2967 2780 pestiferum
2992 2706 3218 2760 studium
3250 2701 3409 2756 Pauli

1824 2803 2150 2859 Samosateni
2180 2802 2424 2872 EpiscOpi
2452 2801 2755 2864 Antiochiaz,
2796 2799 2886 2869 qui
2925 2799 3141 2852 concilio
3180 2796 3414 2850 omnium

1821 2899 2008 2969 ubique
2039 2896 2436 2967 Episcoporum,
2470 2906 2616 2967 atque
2643 2895 2770 2949 adeo
2787 2893 2986 2964 judicio
3013 2889 3259 2945 Ecclesia:
3279 2893 3413 2962 ejec-

1822 3000 2020 3045 tus‘est.
2064 2988 2326 3043 Lucianus
2369 2980 2820 3058 successorem-tus
2850 2984 3130 3038 multorum
3156 2997 3407 3042 annorum

1820 3086 2012 3156 spatio,
2043 3085 2138 3138 hoc
2166 3095 2240 3138 est
2267 3080 2536 3160 tantisper,
2567 3064 2694 3134 dum
2724 3077 3102 3148 tres-EpiscOpi
3131 3075 3265 3130 alius
3295 3072 3406 3144 post

1820 3180 1979 3233 alium
2035 3177 2319 3232 Ecclesium
2362 3177 2509 3230 illam
2551 3191 2730 3230 rexere
2752 3216 2766 3240 ,
2799 3173 3055 3234 exclusus
3085 3171 3147 3224 ab
3175 3167 3408 3235 Ecclesia

1816 3271 2028 3324 mansit.
2073 3267 2302 3323 Istorum
2344 3267 2701 3322 hereticorum
2728 3264 2999 3335 impietatis
3025 3263 3193 3331 fa'ces,
3239 3261 3292 3312 hi
3321 3260 3407 3327 qui

1816 3364 1969 3418 modo
1998 3363 2051 3418 in
2082 3363 2247 3418 lucem
2287 3361 2413 3414 editi
2454 3359 2658 3414 Filium
2679 3357 2776 3412 Dei
2803 3373 2866 3410 ea:
2892 3355 3053 3410 nihilo
3081 3363 3246 3408 ortum
3268 3366 3407 3404 asse—

1814 3467 1956 3524 runt,
1988 3457 2320 3527 quiquesunt
2343 3454 2479 3508 velut
2507 3454 2731 3508 stolones
2760 3441 2948 3505 occulti
2976 3465 3040 3502 ea:
3060 3447 3169 3501 illis
3194 3462 3406 3500 nascen-

1814 3558 1888 3602 tes
1927 3549 2116 3603 animis
2132 3588 2162 3618 ρ,
2194 3548 2495 3620 hauserunt.
2530 3545 2710 3598 Arium
2741 3545 2855 3597 dico
2886 3541 3176 3603 Achillam,
3215 3549 3259 3591 et
3285 3537 3406 3590 reli-

1808 3639 2098 3713 quam'illis
2130 3639 2504 3696 ad/twrentium
2551 3637 2750 3692 turbam
2781 3635 2890 3709 (ln-
2909 3635 3083 3688 eadem
3109 3629 3399 3702 Epistola).

1793 3736 1906 3790 'Cui
1938 3747 1990 3791 et
2016 3735 2073 3791 S.
2111 3735 2437 3788 Athanasius
2479 3731 2870 3810 adstipulaturq
2893 3729 3102 3782 Videtur
3136 3727 3262 3778 mihi
3313 3736 3401 3778 aut

1809 3828 2158 3898 ignorantiam
2187 3827 2375 3880 callide
2416 3827 2657 3899 simulare
2680 3865 2694 3890 ,
2744 3825 2889 3889 quasi
2920 3823 3169 3876 nescirent
3196 3862 3208 3885 ,
3244 3822 3397 3873 etiam

1806 3930 1923 3975 ante
1945 3919 2235 3977 Concilium
2267 3919 2317 3973 Ν
2323 3920 2538 3973 ἱειεηιιηι
2562 3917 2813 3971 Hteresim
2836 3918 2984 3969 istam
3007 3913 3396 3968 abominabilem

1806 4018 1985 4084 fuisse,
2016 4032 2117 4085 quo
2146 4026 2369 4084 tempore
2395 4014 2628 4068 Artemas
2659 4015 2768 4083 eius
2793 4012 3126 4078 fundamenta
3144 4008 3391 4079 jaciebat.

1806 4106 1908 4181 (De
1937 4108 2067 4180 Syn.
2095 4109 2257 4161 Arim.
2286 4119 2333 4162 et
2356 4106 2585 4180 Selene.)

1895 4227 1922 4298 §
1968 4226 2031 4279 V.
2060 4223 2363 4279 -—-'Ebionis
2390 4239 2584 4277 errores
2617 4223 2755 4276 circa
2790 4221 2916 4274 Filii
2947 4220 3281 4273 divinitatem.

1874 4341 2134 4396 Ebionem
2165 4340 2408 4393 neminat
2436 4337 2492 4393 S.
2528 4336 2834 4393 Alexander
2856 4351 2961 4390 non
2988 4348 3253 4403 tamquam
3281 4331 3393 4402 pri-

1800 4452 1987 4499 nmm,
2030 4435 2124 4489 sed
2174 4443 2230 4487 ut
2279 4435 2603 4503 praecipuum
2657 4431 2774 4485 Filii
2822 4430 3118 4487 divinitatis
3150 4427 3380 4481 hostem.

1800 4526 1916 4596 Ipse
1969 4525 2232 4596 siquidem
2283 4524 2545 4590 Corinthi,
2576 4523 2813 4578 Simonis
2865 4521 2999 4590 Magi
3028 4517 3273 4588 discipuli
3331 4525 3386 4571 et

1719 4620 1767 4678 D
1795 4617 2160 4687 apostolorum
2175 4617 2447 4677 eoetauei,
2475 4617 2722 4673 haeresim
2742 4615 2850 4682 jam
2878 4612 3165 4681 collapsam
3191 4610 3383 4664 instau-

1794 4709 1954 4772 ravit,
1993 4708 2435 4777 propagavitque.
2469 4706 2618 4776 (Tilt.
2665 4718 2702 4759 t.
2745 4705 2799 4769 2,
2835 4703 2973 4756 Nota
3005 4719 3083 4771 pr.
3118 4701 3182 4753 de
3209 4698 3382 4772 (λεν-ἰη-

1778 4801 2081 4855 tltithianis.
2111 4800 2307 4854 Theod.
2338 4801 2374 4854 l.
2403 4816 2464 4865 ll,
2493 4802 2665 4852 adver.
2693 4800 2926 4862 hwreses,
2960 4811 3072 4866 cap.
3103 4789 3178 4864 5).
3198 4790 3383 4847 Cerin-

1792 4892 1916 4947 thus
1946 4893 2147 4948 etenim
2178 4891 2361 4947 Jesum
2381 4881 2612 4945 similiter
2653 4907 2714 4943 ac
2743 4888 2945 4943 Hebrwi
2986 4886 3179 4940 dicebat
3201 4893 3380 4937 natum

1787 4995 1898 5038 esse
1926 4985 2206 5039 secundum
2238 4996 2478 5038 naturam
2519 5000 2580 5037 ea:
2609 4985 2714 5037 viro
2754 4992 2802 5035 et
2825 4980 3258 5046 muliere,.nempe
3283 4973 3380 5027 Jo-

1743 5129 1746 5132 .
1794 5076 1922 5146 seph
1949 5065 2008 5128 et.
2037 5074 2242 5141 Maria;
2280 5068 2610 5148 temperantia
2639 5084 2804 5128 autem
2834 5084 2879 5126 et
2914 5071 3142 5145 justitia,
3170 5079 3219 5137 et
3261 5067 3380 5121 aliis

1794 5168 1938 5222 bonis
1959 5170 2282 5236 excelluisse,
2318 5170 2577 5225 Christum
2615 5179 2779 5223 autem
2805 5170 2858 5222 in
2888 5167 3050 5237 specie
3079 5162 3323 5218 columba:
3352 5180 3380 5216 e

1792 5264 2029 5336 supernis
2068 5265 2122 5317 in
2178 5266 2348 5335 ipsum
2391 5267 2738 5328 descendisse,
2780 5275 2826 5317 et
2876 5272 2996 5315 tunc
3038 5260 3194 5313 Deum
3226 5301 3238 5320 ,
3289 5259 3377 5327 qui

1793 5354 2147 5429 ignorabatur.
2174 5359 2428 5428 prodisse,
2453 5371 2497 5413 et
2523 5358 2845 5428 qute'scripta
2875 5365 2988 5408 sunt
3026 5348 3275 5406 miracula
3295 5355 3370 5421 fe-

1790 5449 1942 5514 είδεεὶ
1971 5458 2388 5520 ιεηιροῖεξαηιεηι
2418 5452 2672 5522 passionis
2700 5451 2963 5506 recessisse
2983 5445 3183 5518 quidem
3203 5441 3378 5520 Chiis-

1789 5547 1936 5604 tum,
1968 5540 2146 5594 Iesum
2187 5553 2358 5596 autem
2407 5544 2695 5615 passionem
2748 5527 2953 5595 abiisse.
2987 5537 3184 5592 Eodem
3215 5534 3375 5588 modo

1749 5665 1756 5670 -
1791 5631 1958 5686 Ebion
1984 5648 2132 5687 omne
2163 5633 2366 5688 initium
2397 5633 2524 5687 Filii
2551 5650 2613 5691 ex
2643 5632 2814 5686 Maria
2841 5624 3143 5693 concedens,
3187 5642 3288 5680 non
3311 5641 3374 5679 ea:

1793 5721 1901 5779 Deo
1933 5724 2225 5788 hominem,
2273 5725 2363 5779 sed
2400 5740 2466 5780 ea:
2489 5725 2688 5792 [terniue
2738 5720 2903 5778 Deum
2932 5725 3180 5794 proferat,
3216 5733 3374 5788 neque

1791 5816 2067 5874 subsistens
2104 5828 2258 5873 antea
2285 5853 2300 5884 ,
2337 5816 2476 5887 quod
2504 5807 2842 5886 in’principio
2880 5815 3022 5885 apud
3045 5814 3204 5867 Deum
3236 5809 3374 5866 Deus
