  <div class='ocr_page' id='page_1' title='image "/cluster/home/n/w/nwhite01/storage/ocr_20150623/11/uva.x000826576/325.png"; bbox 0 0 3822 6220; ppageno 0'>
   <div class='ocr_carea' id='block_1_1' title="bbox 434 324 541 378">
    <p class='ocr_par' dir='ltr' id='par_1_1' title="bbox 434 324 541 378">
     <span class='ocr_line' id='line_1_1' title="bbox 434 324 541 378; baseline -0.019 0"><span class='ocrx_word' id='word_1_1' title='bbox 434 324 541 378; x_wconf 69' lang='lat'><strong><em>635</em></strong></span> 
     </span>
    </p>
   </div>
   <div class='ocr_carea' id='block_1_2' title="bbox 1446 323 3665 385">
    <p class='ocr_par' dir='ltr' id='par_1_2' title="bbox 1446 323 3665 385">
     <span class='ocr_line' id='line_1_2' title="bbox 1446 323 3665 385; baseline 0.001 -6"><span class='ocrx_word' id='word_1_2' title='bbox 1446 366 1449 367; x_wconf 47' lang='grc' dir='ltr'><em>ν</em></span> <span class='ocrx_word' id='word_1_3' title='bbox 1537 325 1622 380; x_wconf 82' lang='lat' dir='ltr'><strong><em>DE</em></strong></span> <span class='ocrx_word' id='word_1_4' title='bbox 1650 323 1892 382; x_wconf 79' lang='lat' dir='ltr'><strong><em>SANCTI</em></strong></span> <span class='ocrx_word' id='word_1_5' title='bbox 1932 323 2224 385; x_wconf 79' lang='lat' dir='ltr'><strong><em>ZENONIS</em></strong></span> <span class='ocrx_word' id='word_1_6' title='bbox 2262 327 2531 384; x_wconf 77' lang='lat' dir='ltr'><strong><em>EPOCIIA</em></strong></span> <span class='ocrx_word' id='word_1_7' title='bbox 3592 331 3665 383; x_wconf 59' lang='lat' dir='ltr'><strong><em>(ft;</em></strong></span> 
     </span>
    </p>
   </div>
   <div class='ocr_carea' id='block_1_3' title="bbox 433 438 3666 519">
    <p class='ocr_par' dir='ltr' id='par_1_3' title="bbox 433 438 3666 519">
     <span class='ocr_line' id='line_1_3' title="bbox 433 438 3666 519; baseline 0.002 -24"><span class='ocrx_word' id='word_1_8' title='bbox 433 452 542 517; x_wconf 81' lang='lat' dir='ltr'><strong><em>erat</em></strong></span> <span class='ocrx_word' id='word_1_9' title='bbox 583 440 797 496; x_wconf 85' lang='lat' dir='ltr'><strong><em>Verbum</em></strong></span> <span class='ocrx_word' id='word_1_10' title='bbox 820 480 835 505; x_wconf 87' lang='lat'><strong><em>,</em></strong></span> <span class='ocrx_word' id='word_1_11' title='bbox 900 438 1053 509; x_wconf 84' lang='lat' dir='ltr'><strong><em>Virgo</em></strong></span> <span class='ocrx_word' id='word_1_12' title='bbox 1092 441 1144 493; x_wconf 89' lang='lat' dir='ltr'><strong><em>in</em></strong></span> <span class='ocrx_word' id='word_1_13' title='bbox 1179 455 1331 493; x_wconf 88' lang='lat' dir='ltr'><strong><em>carne</em></strong></span> <span class='ocrx_word' id='word_1_14' title='bbox 1358 441 1672 508; x_wconf 88' lang='lat' dir='ltr'><strong><em>susceperit,</em></strong></span> <span class='ocrx_word' id='word_1_15' title='bbox 1704 441 1793 494; x_wconf 89' lang='lat' dir='ltr'><strong><em>sed</em></strong></span> <span class='ocrx_word' id='word_1_16' title='bbox 1818 455 2021 495; x_wconf 89' lang='lat' dir='ltr'><strong><em>carnem</em></strong></span> <span class='ocrx_word' id='word_1_17' title='bbox 2049 444 2104 505; x_wconf 78' lang='grc' dir='ltr'>Α</span> <span class='ocrx_word' id='word_1_18' title='bbox 2126 442 2207 498; x_wconf 86' lang='lat' dir='ltr'><strong><em>Ad</em></strong></span> <span class='ocrx_word' id='word_1_19' title='bbox 2240 446 2617 515; x_wconf 68' lang='lat' dir='ltr'><strong><em>quaestionem</em></strong></span> <span class='ocrx_word' id='word_1_20' title='bbox 2672 448 2803 502; x_wconf 81' lang='lat' dir='ltr'><strong><em>vero</em></strong></span> <span class='ocrx_word' id='word_1_21' title='bbox 2848 447 3113 519; x_wconf 84' lang='lat' dir='ltr'><strong><em>quintam.</em></strong></span> <span class='ocrx_word' id='word_1_22' title='bbox 3163 446 3317 513; x_wconf 91' lang='lat' dir='ltr'><strong><em>Quod</em></strong></span> <span class='ocrx_word' id='word_1_23' title='bbox 3373 456 3542 502; x_wconf 86' lang='lat' dir='ltr'><strong><em>autem</em></strong></span> <span class='ocrx_word' id='word_1_24' title='bbox 3578 450 3666 502; x_wconf 74' lang='lat' dir='ltr'><strong><em>dicit</em></strong></span> 
     </span>
    </p>
   </div>
   <div class='ocr_carea' id='block_1_4' title="bbox 433 522 2021 605">
    <p class='ocr_par' dir='ltr' id='par_1_4' title="bbox 433 522 2021 605">
     <span class='ocr_line' id='line_1_4' title="bbox 433 522 2021 605; baseline -0.001 -19"><span class='ocrx_word' id='word_1_25' title='bbox 433 534 665 605; x_wconf 80' lang='lat' dir='ltr'><strong><em>genuerit</em></strong></span> <span class='ocrx_word' id='word_1_26' title='bbox 693 548 782 601; x_wconf 80' lang='lat' dir='ltr'><strong><em>per</em></strong></span> <span class='ocrx_word' id='word_1_27' title='bbox 823 530 1055 596; x_wconf 75' lang='lat' dir='ltr'><strong><em>Verbum,</em></strong></span> <span class='ocrx_word' id='word_1_28' title='bbox 1083 531 1204 601; x_wconf 79' lang='lat' dir='ltr'><strong><em>quia</em></strong></span> <span class='ocrx_word' id='word_1_29' title='bbox 1230 522 1285 583; x_wconf 86' lang='lat' dir='ltr'><strong><em>in</em></strong></span> <span class='ocrx_word' id='word_1_30' title='bbox 1325 529 1484 585; x_wconf 87' lang='lat' dir='ltr'><strong><em>Verbo</em></strong></span> <span class='ocrx_word' id='word_1_31' title='bbox 1534 548 1635 585; x_wconf 89' lang='lat' dir='ltr'><strong><em>non</em></strong></span> <span class='ocrx_word' id='word_1_32' title='bbox 1684 541 1837 586; x_wconf 80' lang='lat' dir='ltr'><strong><em>antea</em></strong></span> <span class='ocrx_word' id='word_1_33' title='bbox 1886 532 2021 587; x_wconf 73' lang='lat' dir='ltr'><strong><em>exis-</em></strong></span> 
     </span>
    </p>
   </div>
   <div class='ocr_carea' id='block_1_5' title="bbox 436 621 2022 709">
    <p class='ocr_par' dir='ltr' id='par_1_5' title="bbox 436 621 2022 709">
     <span class='ocr_line' id='line_1_5' title="bbox 436 621 2022 709; baseline -0.001 -32"><span class='ocrx_word' id='word_1_34' title='bbox 436 626 587 679; x_wconf 82' lang='lat' dir='ltr'><strong><em>tentis</em></strong></span> <span class='ocrx_word' id='word_1_35' title='bbox 642 622 902 696; x_wconf 82' lang='lat' dir='ltr'><strong><em>Unigeniti</em></strong></span> <span class='ocrx_word' id='word_1_36' title='bbox 952 621 1051 677; x_wconf 92' lang='lat' dir='ltr'><strong><em>Dei</em></strong></span> <span class='ocrx_word' id='word_1_37' title='bbox 1130 632 1377 677; x_wconf 81' lang='lat' dir='ltr'><strong><em>naturam</em></strong></span> <span class='ocrx_word' id='word_1_38' title='bbox 1439 622 1619 687; x_wconf 86' lang='lat' dir='ltr'><strong><em>dicat,</em></strong></span> <span class='ocrx_word' id='word_1_39' title='bbox 1692 623 1783 677; x_wconf 89' lang='lat' dir='ltr'><strong><em>sed</em></strong></span> <span class='ocrx_word' id='word_1_40' title='bbox 1836 639 2022 709; x_wconf 66' lang='lat' dir='ltr'><strong><em>sonant</em></strong></span> 
     </span>
    </p>
   </div>
   <div class='ocr_carea' id='block_1_6' title="bbox 436 712 2023 786">
    <p class='ocr_par' dir='ltr' id='par_1_6' title="bbox 436 712 2023 786">
     <span class='ocr_line' id='line_1_6' title="bbox 436 712 2023 786; baseline -0.001 -14"><span class='ocrx_word' id='word_1_41' title='bbox 436 712 577 772; x_wconf 77' lang='lat' dir='ltr'><strong><em>uocis</em></strong></span> <span class='ocrx_word' id='word_1_42' title='bbox 609 717 815 771; x_wconf 85' lang='lat' dir='ltr'><strong><em>elatum.</em></strong></span> <span class='ocrx_word' id='word_1_43' title='bbox 869 714 1125 786; x_wconf 85' lang='lat' dir='ltr'><strong><em>Ejusdem</em></strong></span> <span class='ocrx_word' id='word_1_44' title='bbox 1168 716 1395 771; x_wconf 81' lang='lat' dir='ltr'><strong><em>Ehionis</em></strong></span> <span class='ocrx_word' id='word_1_45' title='bbox 1448 730 1689 771; x_wconf 89' lang='lat' dir='ltr'><strong><em>errorem</em></strong></span> <span class='ocrx_word' id='word_1_46' title='bbox 1753 726 1807 771; x_wconf 85' lang='lat' dir='ltr'><strong><em>et</em></strong></span> <span class='ocrx_word' id='word_1_47' title='bbox 1856 716 2023 772; x_wconf 78' lang='lat' dir='ltr'><strong><em>refert</em></strong></span> 
     </span>
    </p>
   </div>
   <div class='ocr_carea' id='block_1_7' title="bbox 437 796 2023 865">
    <p class='ocr_par' dir='ltr' id='par_1_7' title="bbox 437 796 2023 865">
     <span class='ocr_line' id='line_1_7' title="bbox 437 796 2023 865; baseline -0.003 0"><span class='ocrx_word' id='word_1_48' title='bbox 437 796 825 865; x_wconf 79' lang='lat' dir='ltr'><strong><em>Theodoretus.</em></strong></span> <span class='ocrx_word' id='word_1_49' title='bbox 880 808 1155 863; x_wconf 88' lang='lat' dir='ltr'><strong><em>Dominunt</em></strong></span> <span class='ocrx_word' id='word_1_50' title='bbox 1199 809 1376 864; x_wconf 77' lang='lat' dir='ltr'><strong><em>Iesum</em></strong></span> <span class='ocrx_word' id='word_1_51' title='bbox 1418 808 1677 863; x_wconf 78' lang='lat' dir='ltr'><strong><em>Christum</em></strong></span> <span class='ocrx_word' id='word_1_52' title='bbox 1717 809 1915 863; x_wconf 87' lang='lat' dir='ltr'><strong><em>dicebat</em></strong></span> <span class='ocrx_word' id='word_1_53' title='bbox 1958 824 2023 861; x_wconf 74' lang='lat' dir='ltr'><strong><em>ea;</em></strong></span> 
     </span>
    </p>
   </div>
   <div class='ocr_carea' id='block_1_8' title="bbox 433 900 2018 973">
    <p class='ocr_par' dir='ltr' id='par_1_8' title="bbox 433 900 2018 973">
     <span class='ocr_line' id='line_1_8' title="bbox 433 900 2018 973; baseline -0.001 -17"><span class='ocrx_word' id='word_1_54' title='bbox 433 902 626 971; x_wconf 82' lang='lat' dir='ltr'><strong><em>Joseph</em></strong></span> <span class='ocrx_word' id='word_1_55' title='bbox 652 911 699 954; x_wconf 90' lang='lat' dir='ltr'><strong><em>et</em></strong></span> <span class='ocrx_word' id='word_1_56' title='bbox 731 900 901 955; x_wconf 80' lang='lat' dir='ltr'><strong><em>Maria</em></strong></span> <span class='ocrx_word' id='word_1_57' title='bbox 945 917 1055 955; x_wconf 89' lang='lat' dir='ltr'><strong><em>esse</em></strong></span> <span class='ocrx_word' id='word_1_58' title='bbox 1082 911 1278 967; x_wconf 89' lang='lat' dir='ltr'><strong><em>natum,</em></strong></span> <span class='ocrx_word' id='word_1_59' title='bbox 1336 903 1422 973; x_wconf 86' lang='lat' dir='ltr'><strong><em>qui</em></strong></span> <span class='ocrx_word' id='word_1_60' title='bbox 1451 903 1604 956; x_wconf 90' lang='lat' dir='ltr'><strong><em>homo</em></strong></span> <span class='ocrx_word' id='word_1_61' title='bbox 1632 902 1832 972; x_wconf 80' lang='lat' dir='ltr'><strong><em>quidem</em></strong></span> <span class='ocrx_word' id='word_1_62' title='bbox 1870 911 1978 957; x_wconf 88' lang='lat' dir='ltr'><strong><em>erat</em></strong></span> <span class='ocrx_word' id='word_1_63' title='bbox 2004 943 2018 969; x_wconf 92' lang='lat'><strong><em>,</em></strong></span> 
     </span>
    </p>
   </div>
   <div class='ocr_carea' id='block_1_9' title="bbox 435 994 2022 1066">
    <p class='ocr_par' dir='ltr' id='par_1_9' title="bbox 435 994 2022 1066">
     <span class='ocr_line' id='line_1_9' title="bbox 435 994 2022 1066; baseline -0.001 -17"><span class='ocrx_word' id='word_1_64' title='bbox 435 995 525 1049; x_wconf 88' lang='lat' dir='ltr'><strong><em>sed</em></strong></span> <span class='ocrx_word' id='word_1_65' title='bbox 550 996 753 1058; x_wconf 80' lang='lat' dir='ltr'><strong><em>uirtute,</em></strong></span> <span class='ocrx_word' id='word_1_66' title='bbox 804 994 1016 1064; x_wconf 65' lang='lat' dir='ltr'><strong><em>vitesque</em></strong></span> <span class='ocrx_word' id='word_1_67' title='bbox 1042 995 1335 1049; x_wconf 88' lang='lat' dir='ltr'><strong><em>innocentia</em></strong></span> <span class='ocrx_word' id='word_1_68' title='bbox 1364 1002 1413 1048; x_wconf 88' lang='lat' dir='ltr'><strong><em>et</em></strong></span> <span class='ocrx_word' id='word_1_69' title='bbox 1452 994 1743 1066; x_wconf 84' lang='lat' dir='ltr'><strong><em>integritate</em></strong></span> <span class='ocrx_word' id='word_1_70' title='bbox 1780 994 1897 1047; x_wconf 90' lang='lat' dir='ltr'><strong><em>aliis</em></strong></span> <span class='ocrx_word' id='word_1_71' title='bbox 1927 1010 2022 1047; x_wconf 83' lang='lat' dir='ltr'><strong><em>an-</em></strong></span> 
     </span>
    </p>
   </div>
   <div class='ocr_carea' id='block_1_10' title="bbox 426 1085 2021 1166">
    <p class='ocr_par' dir='ltr' id='par_1_10' title="bbox 426 1085 2021 1166">
     <span class='ocr_line' id='line_1_10' title="bbox 426 1085 2021 1166; baseline 0.001 -25"><span class='ocrx_word' id='word_1_72' title='bbox 426 1086 709 1166; x_wconf 73' lang='lat' dir='ltr'><strong><em>tecellebat.</em></strong></span> <span class='ocrx_word' id='word_1_73' title='bbox 733 1085 1052 1157; x_wconf 83' lang='lat' dir='ltr'><strong><em>Carpocras,</em></strong></span> <span class='ocrx_word' id='word_1_74' title='bbox 1078 1103 1235 1157; x_wconf 85' lang='lat' dir='ltr'><strong><em>quem</em></strong></span> <span class='ocrx_word' id='word_1_75' title='bbox 1269 1088 1459 1142; x_wconf 88' lang='lat' dir='ltr'><strong><em>Ehioni</em></strong></span> <span class='ocrx_word' id='word_1_76' title='bbox 1504 1090 1857 1159; x_wconf 82' lang='lat' dir='ltr'><strong><em>posteriorem</em></strong></span> <span class='ocrx_word' id='word_1_77' title='bbox 1893 1086 2021 1142; x_wconf 84' lang='lat' dir='ltr'><strong><em>faci-</em></strong></span> 
     </span>
    </p>
   </div>
   <div class='ocr_carea' id='block_1_11' title="bbox 390 1180 2017 1253">
    <p class='ocr_par' dir='ltr' id='par_1_11' title="bbox 390 1180 2017 1253">
     <span class='ocr_line' id='line_1_11' title="bbox 390 1180 2017 1253; baseline 0 -18"><span class='ocrx_word' id='word_1_78' title='bbox 390 1218 407 1235; x_wconf 89' lang='lat'><strong><em>.</em></strong></span> <span class='ocrx_word' id='word_1_79' title='bbox 434 1195 577 1248; x_wconf 85' lang='lat' dir='ltr'><strong><em>mus,</em></strong></span> <span class='ocrx_word' id='word_1_80' title='bbox 604 1191 659 1235; x_wconf 85' lang='lat' dir='ltr'><strong><em>et</em></strong></span> <span class='ocrx_word' id='word_1_81' title='bbox 688 1181 802 1250; x_wconf 87' lang='lat' dir='ltr'><strong><em>ipse</em></strong></span> <span class='ocrx_word' id='word_1_82' title='bbox 827 1180 1089 1248; x_wconf 77' lang='lat' dir='ltr'><strong><em>Corinthi,</em></strong></span> <span class='ocrx_word' id='word_1_83' title='bbox 1112 1192 1165 1236; x_wconf 91' lang='lat' dir='ltr'><strong><em>et</em></strong></span> <span class='ocrx_word' id='word_1_84' title='bbox 1188 1180 1413 1236; x_wconf 86' lang='lat' dir='ltr'><strong><em>Ehionis</em></strong></span> <span class='ocrx_word' id='word_1_85' title='bbox 1440 1196 1682 1237; x_wconf 90' lang='lat' dir='ltr'><strong><em>errorem</em></strong></span> <span class='ocrx_word' id='word_1_86' title='bbox 1706 1181 2017 1253; x_wconf 75' lang='lat' dir='ltr'><strong><em>amplexus,</em></strong></span> 
     </span>
    </p>
   </div>
   <div class='ocr_carea' id='block_1_12' title="bbox 433 1276 2063 1351">
    <p class='ocr_par' dir='ltr' id='par_1_12' title="bbox 433 1276 2063 1351">
     <span class='ocr_line' id='line_1_12' title="bbox 433 1276 2063 1351; baseline 0.001 -20"><span class='ocrx_word' id='word_1_87' title='bbox 433 1286 491 1331; x_wconf 88' lang='lat' dir='ltr'><strong><em>ut</em></strong></span> <span class='ocrx_word' id='word_1_88' title='bbox 534 1276 818 1347; x_wconf 77' lang='lat' dir='ltr'><strong><em>Augustini</em></strong></span> <span class='ocrx_word' id='word_1_89' title='bbox 859 1278 1042 1333; x_wconf 84' lang='lat' dir='ltr'><strong><em>verbis</em></strong></span> <span class='ocrx_word' id='word_1_90' title='bbox 1078 1286 1303 1333; x_wconf 86' lang='lat' dir='ltr'><strong><em>‘utamur</em></strong></span> <span class='ocrx_word' id='word_1_91' title='bbox 1341 1278 1444 1351; x_wconf 88' lang='lat' dir='ltr'><strong><em>(De</em></strong></span> <span class='ocrx_word' id='word_1_92' title='bbox 1472 1278 1620 1333; x_wconf 74' lang='lat' dir='ltr'><strong><em>liter.</em></strong></span> <span class='ocrx_word' id='word_1_93' title='bbox 1653 1295 1767 1349; x_wconf 84' lang='lat' dir='ltr'><strong><em>cap.</em></strong></span> <span class='ocrx_word' id='word_1_94' title='bbox 1805 1280 1882 1349; x_wconf 91' lang='lat'><strong><em>7).</em></strong></span> <span class='ocrx_word' id='word_1_95' title='bbox 1926 1278 2021 1333; x_wconf 83' lang='lat' dir='ltr'><strong><em>llic</em></strong></span> <span class='ocrx_word' id='word_1_96' title='bbox 2059 1312 2063 1315; x_wconf 97' lang='lat'><strong><em>-</em></strong></span> 
     </span>
    </p>
   </div>
   <div class='ocr_carea' id='block_1_13' title="bbox 432 1369 2021 1445">
    <p class='ocr_par' dir='ltr' id='par_1_13' title="bbox 432 1369 2021 1445">
     <span class='ocr_line' id='line_1_13' title="bbox 432 1369 2021 1445; baseline 0.003 -20"><span class='ocrx_word' id='word_1_97' title='bbox 432 1372 582 1425; x_wconf 86' lang='lat' dir='ltr'><strong><em>etiam</em></strong></span> <span class='ocrx_word' id='word_1_98' title='bbox 608 1369 803 1425; x_wconf 66' lang='lat' dir='ltr'><strong><em>Jesum‘</em></strong></span> <span class='ocrx_word' id='word_1_99' title='bbox 819 1372 1073 1427; x_wconf 82' lang='lat' dir='ltr'><strong><em>hominem</em></strong></span> <span class='ocrx_word' id='word_1_100' title='bbox 1099 1373 1471 1437; x_wconf 85' lang='lat' dir='ltr'><strong><em>tantummodo,</em></strong></span> <span class='ocrx_word' id='word_1_101' title='bbox 1506 1384 1554 1429; x_wconf 86' lang='lat' dir='ltr'><strong><em>et</em></strong></span> <span class='ocrx_word' id='word_1_102' title='bbox 1576 1376 1639 1429; x_wconf 86' lang='lat' dir='ltr'><strong><em>de</em></strong></span> <span class='ocrx_word' id='word_1_103' title='bbox 1661 1384 1875 1445; x_wconf 86' lang='lat' dir='ltr'><strong><em>utroque</em></strong></span> <span class='ocrx_word' id='word_1_104' title='bbox 1896 1391 2021 1429; x_wconf 75' lang='lat' dir='ltr'><strong><em>sexu</em></strong></span> 
     </span>
    </p>
   </div>
   <div class='ocr_carea' id='block_1_14' title="bbox 435 1463 2023 1535">
    <p class='ocr_par' dir='ltr' id='par_1_14' title="bbox 435 1463 2023 1535">
     <span class='ocr_line' id='line_1_14' title="bbox 435 1463 2023 1535; baseline 0.003 -20"><span class='ocrx_word' id='word_1_105' title='bbox 435 1465 638 1532; x_wconf 81' lang='lat' dir='ltr'><strong><em>putasse</em></strong></span> <span class='ocrx_word' id='word_1_106' title='bbox 667 1463 980 1533; x_wconf 81' lang='lat' dir='ltr'><strong><em>perhibetur,</em></strong></span> <span class='ocrx_word' id='word_1_107' title='bbox 1025 1466 1115 1520; x_wconf 87' lang='lat' dir='ltr'><strong><em>sed</em></strong></span> <span class='ocrx_word' id='word_1_108' title='bbox 1143 1465 1402 1534; x_wconf 73' lang='lat' dir='ltr'><strong><em>accepisse</em></strong></span> <span class='ocrx_word' id='word_1_109' title='bbox 1440 1463 1594 1520; x_wconf 85' lang='lat' dir='ltr'><strong><em>talem</em></strong></span> <span class='ocrx_word' id='word_1_110' title='bbox 1622 1466 1845 1519; x_wconf 90' lang='lat' dir='ltr'><strong><em>animam</em></strong></span> <span class='ocrx_word' id='word_1_111' title='bbox 1864 1508 1879 1532; x_wconf 90' lang='lat'><strong><em>,</em></strong></span> <span class='ocrx_word' id='word_1_112' title='bbox 1908 1481 2023 1535; x_wconf 77' lang='lat' dir='ltr'><strong><em>qua:</em></strong></span> 
     </span>
    </p>
   </div>
   <div class='ocr_carea' id='block_1_15' title="bbox 430 1556 1772 1629">
    <p class='ocr_par' dir='ltr' id='par_1_15' title="bbox 430 1556 1772 1629">
     <span class='ocr_line' id='line_1_15' title="bbox 430 1556 1772 1629; baseline 0 -18"><span class='ocrx_word' id='word_1_113' title='bbox 430 1556 579 1611; x_wconf 88' lang='lat' dir='ltr'><strong><em>sciret</em></strong></span> <span class='ocrx_word' id='word_1_114' title='bbox 606 1573 666 1611; x_wconf 92' lang='lat' dir='ltr'><strong><em>ea</em></strong></span> <span class='ocrx_word' id='word_1_115' title='bbox 694 1572 811 1622; x_wconf 76' lang='lat' dir='ltr'><strong><em>ante</em></strong></span> <span class='ocrx_word' id='word_1_116' title='bbox 836 1574 1063 1627; x_wconf 84' lang='lat' dir='ltr'><strong><em>superna</em></strong></span> <span class='ocrx_word' id='word_1_117' title='bbox 1091 1568 1278 1625; x_wconf 89' lang='lat' dir='ltr'><strong><em>essent,</em></strong></span> <span class='ocrx_word' id='word_1_118' title='bbox 1312 1567 1466 1629; x_wconf 84' lang='lat' dir='ltr'><strong><em>atque</em></strong></span> <span class='ocrx_word' id='word_1_119' title='bbox 1493 1560 1772 1614; x_wconf 90' lang='lat' dir='ltr'><strong><em>nuntiaret.</em></strong></span> 
     </span>
    </p>
   </div>
   <div class='ocr_carea' id='block_1_16' title="bbox 710 1650 1763 1741">
    <p class='ocr_par' dir='ltr' id='par_1_16' title="bbox 710 1650 1763 1741">
     <span class='ocr_line' id='line_1_16' title="bbox 710 1650 1763 1741; baseline 0.003 -17"><span class='ocrx_word' id='word_1_120' title='bbox 710 1669 749 1741; x_wconf 61' lang='grc'><strong><em>9·</em></strong></span> <span class='ocrx_word' id='word_1_121' title='bbox 778 1669 866 1727; x_wconf 86' lang='lat' dir='ltr'><strong><em>VI.</em></strong></span> <span class='ocrx_word' id='word_1_122' title='bbox 893 1701 964 1711; x_wconf 90' lang='lat'><strong><em>-—-</em></strong></span> <span class='ocrx_word' id='word_1_123' title='bbox 992 1669 1070 1725; x_wconf 87' lang='lat' dir='ltr'><strong><em>De</em></strong></span> <span class='ocrx_word' id='word_1_124' title='bbox 1100 1671 1328 1740; x_wconf 84' lang='lat' dir='ltr'><strong><em>Artema,</em></strong></span> <span class='ocrx_word' id='word_1_125' title='bbox 1360 1650 1448 1726; x_wconf 86' lang='lat' dir='ltr'><strong><em>seu</em></strong></span> <span class='ocrx_word' id='word_1_126' title='bbox 1474 1670 1763 1727; x_wconf 84' lang='lat' dir='ltr'><strong><em>Artemone.</em></strong></span> 
     </span>
    </p>
   </div>
   <div class='ocr_carea' id='block_1_17' title="bbox 508 1774 2098 1885">
    <p class='ocr_par' dir='ltr' id='par_1_17' title="bbox 508 1774 2098 1885">
     <span class='ocr_line' id='line_1_17' title="bbox 508 1774 2098 1885; baseline -0.002 -43"><span class='ocrx_word' id='word_1_127' title='bbox 508 1786 994 1843; x_wconf 79' lang='lat' dir='ltr'><strong><em>ArtemasEbionis</em></strong></span> <span class='ocrx_word' id='word_1_128' title='bbox 1015 1785 1258 1842; x_wconf 73' lang='lat' dir='ltr'><strong><em>hmresim</em></strong></span> <span class='ocrx_word' id='word_1_129' title='bbox 1276 1801 1380 1842; x_wconf 90' lang='lat' dir='ltr'><strong><em>non</em></strong></span> <span class='ocrx_word' id='word_1_130' title='bbox 1411 1774 1545 1857; x_wconf 83' lang='lat' dir='ltr'><strong><em>ipse,</em></strong></span> <span class='ocrx_word' id='word_1_131' title='bbox 1567 1787 1661 1841; x_wconf 91' lang='lat' dir='ltr'><strong><em>sed</em></strong></span> <span class='ocrx_word' id='word_1_132' title='bbox 1685 1785 2017 1845; x_wconf 85' lang='lat' dir='ltr'><strong><em>Theodotion</em></strong></span> <span class='ocrx_word' id='word_1_133' title='bbox 2052 1826 2098 1885; x_wconf 78' lang='grc' dir='ltr'><strong>Β</strong></span> 
     </span>
    </p>
   </div>
   <div class='ocr_carea' id='block_1_18' title="bbox 434 1878 2018 1959">
    <p class='ocr_par' dir='ltr' id='par_1_18' title="bbox 434 1878 2018 1959">
     <span class='ocr_line' id='line_1_18' title="bbox 434 1878 2018 1959; baseline -0.001 -26"><span class='ocrx_word' id='word_1_134' title='bbox 434 1878 504 1933; x_wconf 89' lang='lat' dir='ltr'><strong><em>ab</em></strong></span> <span class='ocrx_word' id='word_1_135' title='bbox 534 1878 718 1933; x_wconf 89' lang='lat' dir='ltr'><strong><em>inferis</em></strong></span> <span class='ocrx_word' id='word_1_136' title='bbox 758 1879 1050 1936; x_wconf 82' lang='lat' dir='ltr'><strong><em>revocavit.</em></strong></span> <span class='ocrx_word' id='word_1_137' title='bbox 1082 1879 1455 1959; x_wconf 82' lang='lat' dir='ltr'><strong><em>Theodotioue</em></strong></span> <span class='ocrx_word' id='word_1_138' title='bbox 1487 1887 1665 1934; x_wconf 87' lang='lat' dir='ltr'><strong><em>tamen</em></strong></span> <span class='ocrx_word' id='word_1_139' title='bbox 1708 1879 1886 1932; x_wconf 87' lang='lat' dir='ltr'><strong><em>notior</em></strong></span> <span class='ocrx_word' id='word_1_140' title='bbox 1913 1878 2018 1933; x_wconf 86' lang='lat' dir='ltr'><strong><em>Ar—</em></strong></span> 
     </span>
    </p>
   </div>
   <div class='ocr_carea' id='block_1_19' title="bbox 440 1967 2031 2041">
    <p class='ocr_par' dir='ltr' id='par_1_19' title="bbox 440 1967 2031 2041">
     <span class='ocr_line' id='line_1_19' title="bbox 440 1967 2031 2041; baseline -0.001 -17"><span class='ocrx_word' id='word_1_141' title='bbox 440 1979 627 2035; x_wconf 87' lang='lat' dir='ltr'><strong><em>tcmas,</em></strong></span> <span class='ocrx_word' id='word_1_142' title='bbox 654 1971 896 2041; x_wconf 82' lang='lat' dir='ltr'><strong><em>quamvis</em></strong></span> <span class='ocrx_word' id='word_1_143' title='bbox 922 1970 1010 2024; x_wconf 90' lang='lat' dir='ltr'><strong><em>ille</em></strong></span> <span class='ocrx_word' id='word_1_144' title='bbox 1033 1978 1239 2035; x_wconf 88' lang='lat' dir='ltr'><strong><em>auctor,</em></strong></span> <span class='ocrx_word' id='word_1_145' title='bbox 1264 1984 1357 2024; x_wconf 92' lang='lat' dir='ltr'><strong><em>seu</em></strong></span> <span class='ocrx_word' id='word_1_146' title='bbox 1387 1978 1721 2023; x_wconf 83' lang='lat' dir='ltr'><strong><em>restaurator</em></strong></span> <span class='ocrx_word' id='word_1_147' title='bbox 1737 1967 1917 2035; x_wconf 87' lang='lat' dir='ltr'><strong><em>fuerit,</em></strong></span> <span class='ocrx_word' id='word_1_148' title='bbox 1936 1969 2031 2023; x_wconf 89' lang='lat' dir='ltr'><strong><em>hic</em></strong></span> 
     </span>
    </p>
   </div>
   <div class='ocr_carea' id='block_1_20' title="bbox 432 2050 2021 2137">
    <p class='ocr_par' dir='ltr' id='par_1_20' title="bbox 432 2050 2021 2137">
     <span class='ocr_line' id='line_1_20' title="bbox 432 2050 2021 2137; baseline -0.002 -17"><span class='ocrx_word' id='word_1_149' title='bbox 432 2081 550 2120; x_wconf 89' lang='lat' dir='ltr'><strong><em>eam</em></strong></span> <span class='ocrx_word' id='word_1_150' title='bbox 584 2050 896 2136; x_wconf 84' lang='lat' dir='ltr'><strong><em>propagavit</em></strong></span> <span class='ocrx_word' id='word_1_151' title='bbox 922 2063 1076 2137; x_wconf 82' lang='lat' dir='ltr'><strong><em>(Eas.</em></strong></span> <span class='ocrx_word' id='word_1_152' title='bbox 1104 2063 1243 2117; x_wconf 82' lang='lat' dir='ltr'><strong><em>Hist.</em></strong></span> <span class='ocrx_word' id='word_1_153' title='bbox 1275 2062 1314 2115; x_wconf 83' lang='grc' dir='ltr'><strong><em>ι.</em></strong></span> <span class='ocrx_word' id='word_1_154' title='bbox 1355 2078 1408 2129; x_wconf 90' lang='lat' dir='ltr'><strong><em>v,</em></strong></span> <span class='ocrx_word' id='word_1_155' title='bbox 1459 2080 1504 2116; x_wconf 74' lang='grc' dir='ltr'><strong><em>ς.</em></strong></span> <span class='ocrx_word' id='word_1_156' title='bbox 1534 2062 1649 2134; x_wconf 72' lang='lat' dir='ltr'><strong><em>es).</em></strong></span> <span class='ocrx_word' id='word_1_157' title='bbox 1702 2063 1816 2129; x_wconf 80' lang='lat' dir='ltr'><strong><em>Qua</em></strong></span> <span class='ocrx_word' id='word_1_158' title='bbox 1845 2063 1911 2117; x_wconf 88' lang='lat' dir='ltr'><strong><em>de</em></strong></span> <span class='ocrx_word' id='word_1_159' title='bbox 1962 2077 2021 2117; x_wconf 89' lang='lat' dir='ltr'><strong><em>re</em></strong></span> 
     </span>
    </p>
   </div>
   <div class='ocr_carea' id='block_1_21' title="bbox 436 2155 2021 2225">
    <p class='ocr_par' dir='ltr' id='par_1_21' title="bbox 436 2155 2021 2225">
     <span class='ocr_line' id='line_1_21' title="bbox 436 2155 2021 2225; baseline -0.003 -10"><span class='ocrx_word' id='word_1_160' title='bbox 436 2161 489 2215; x_wconf 67' lang='grc' dir='ltr'><strong><em>ὃ.</em></strong></span> <span class='ocrx_word' id='word_1_161' title='bbox 525 2159 829 2215; x_wconf 78' lang='lat' dir='ltr'><strong><em>Alexander</em></strong></span> <span class='ocrx_word' id='word_1_162' title='bbox 872 2160 1074 2213; x_wconf 88' lang='lat' dir='ltr'><strong><em>omisso</em></strong></span> <span class='ocrx_word' id='word_1_163' title='bbox 1104 2157 1477 2212; x_wconf 86' lang='lat' dir='ltr'><strong><em>Theodotione</em></strong></span> <span class='ocrx_word' id='word_1_164' title='bbox 1527 2156 1803 2213; x_wconf 75' lang='lat' dir='ltr'><strong><em>Artemam</em></strong></span> <span class='ocrx_word' id='word_1_165' title='bbox 1864 2155 2021 2225; x_wconf 85' lang='lat' dir='ltr'><strong><em>hujus</em></strong></span> 
     </span>
    </p>
   </div>
   <div class='ocr_carea' id='block_1_22' title="bbox 433 2247 2017 2316">
    <p class='ocr_par' dir='ltr' id='par_1_22' title="bbox 433 2247 2017 2316">
     <span class='ocr_line' id='line_1_22' title="bbox 433 2247 2017 2316; baseline -0.002 -13"><span class='ocrx_word' id='word_1_166' title='bbox 433 2252 658 2307; x_wconf 66' lang='lat' dir='ltr'><strong><em>haeresis</em></strong></span> <span class='ocrx_word' id='word_1_167' title='bbox 702 2258 1027 2305; x_wconf 79' lang='lat' dir='ltr'><strong><em>assertorem</em></strong></span> <span class='ocrx_word' id='word_1_168' title='bbox 1089 2249 1347 2313; x_wconf 88' lang='lat' dir='ltr'><strong><em>nominat,</em></strong></span> <span class='ocrx_word' id='word_1_169' title='bbox 1383 2247 1536 2302; x_wconf 88' lang='lat' dir='ltr'><strong><em>sicuti</em></strong></span> <span class='ocrx_word' id='word_1_170' title='bbox 1579 2255 1634 2301; x_wconf 89' lang='lat' dir='ltr'><strong><em>et</em></strong></span> <span class='ocrx_word' id='word_1_171' title='bbox 1667 2247 2017 2316; x_wconf 78' lang='lat' dir='ltr'><strong><em>Augustinus.</em></strong></span> 
     </span>
    </p>
   </div>
   <div class='ocr_carea' id='block_1_23' title="bbox 431 2339 2023 2416">
    <p class='ocr_par' dir='ltr' id='par_1_23' title="bbox 431 2339 2023 2416">
     <span class='ocr_line' id='line_1_23' title="bbox 431 2339 2023 2416; baseline -0.003 -20"><span class='ocrx_word' id='word_1_172' title='bbox 431 2344 519 2397; x_wconf 87' lang='lat' dir='ltr'><strong><em>lta</em></strong></span> <span class='ocrx_word' id='word_1_173' title='bbox 540 2344 747 2398; x_wconf 74' lang='lat' dir='ltr'><strong><em>hwresis</em></strong></span> <span class='ocrx_word' id='word_1_174' title='bbox 768 2342 1032 2416; x_wconf 80' lang='lat' dir='ltr'><strong><em>cujusdem</em></strong></span> <span class='ocrx_word' id='word_1_175' title='bbox 1054 2342 1336 2395; x_wconf 80' lang='lat' dir='ltr'><strong><em>Artemonii</em></strong></span> <span class='ocrx_word' id='word_1_176' title='bbox 1358 2341 1479 2413; x_wconf 77' lang='lat' dir='ltr'><strong><em>fuit,</em></strong></span> <span class='ocrx_word' id='word_1_177' title='bbox 1500 2339 1587 2395; x_wconf 89' lang='lat' dir='ltr'><strong><em>sed</em></strong></span> <span class='ocrx_word' id='word_1_178' title='bbox 1612 2356 1726 2392; x_wconf 90' lang='lat' dir='ltr'><strong><em>cunt</em></strong></span> <span class='ocrx_word' id='word_1_179' title='bbox 1754 2339 2023 2410; x_wconf 81' lang='lat' dir='ltr'><strong><em>defecisset</em></strong></span> 
     </span>
    </p>
   </div>
   <div class='ocr_carea' id='block_1_24' title="bbox 431 2418 2022 2498">
    <p class='ocr_par' dir='ltr' id='par_1_24' title="bbox 431 2418 2022 2498">
     <span class='ocr_line' id='line_1_24' title="bbox 431 2418 2022 2498; baseline -0.004 -6"><span class='ocrx_word' id='word_1_180' title='bbox 431 2441 717 2493; x_wconf 73' lang='lat' dir='ltr'><strong><em>instaurata</em></strong></span> <span class='ocrx_word' id='word_1_181' title='bbox 737 2446 809 2492; x_wconf 91' lang='lat' dir='ltr'><strong><em>est</em></strong></span> <span class='ocrx_word' id='word_1_182' title='bbox 829 2454 861 2489; x_wconf 91' lang='lat' dir='ltr'><strong><em>a</em></strong></span> <span class='ocrx_word' id='word_1_183' title='bbox 895 2435 1080 2491; x_wconf 85' lang='lat' dir='ltr'><strong><em>Paulo.</em></strong></span> <span class='ocrx_word' id='word_1_184' title='bbox 1119 2435 1318 2490; x_wconf 59' lang='lat' dir='ltr'><strong><em>Haeresi</em></strong></span> <span class='ocrx_word' id='word_1_185' title='bbox 1349 2447 1525 2488; x_wconf 91' lang='lat' dir='ltr'><strong><em>tamen</em></strong></span> <span class='ocrx_word' id='word_1_186' title='bbox 1557 2418 1746 2498; x_wconf 77' lang='lat' dir='ltr'><strong><em>xxxui,</em></strong></span> <span class='ocrx_word' id='word_1_187' title='bbox 1772 2431 2022 2487; x_wconf 86' lang='lat' dir='ltr'><strong><em>&#39;l‘hcodo-</em></strong></span> 
     </span>
    </p>
   </div>
   <div class='ocr_carea' id='block_1_25' title="bbox 432 2523 2022 2599">
    <p class='ocr_par' dir='ltr' id='par_1_25' title="bbox 432 2523 2022 2599">
     <span class='ocr_line' id='line_1_25' title="bbox 432 2523 2022 2599; baseline -0.004 -13"><span class='ocrx_word' id='word_1_188' title='bbox 432 2532 632 2586; x_wconf 90' lang='lat' dir='ltr'><strong><em>tionem</em></strong></span> <span class='ocrx_word' id='word_1_189' title='bbox 662 2530 863 2584; x_wconf 83' lang='lat' dir='ltr'><strong><em>erroris</em></strong></span> <span class='ocrx_word' id='word_1_190' title='bbox 895 2529 1055 2599; x_wconf 86' lang='lat' dir='ltr'><strong><em>hujus</em></strong></span> <span class='ocrx_word' id='word_1_191' title='bbox 1077 2538 1352 2583; x_wconf 84' lang='lat' dir='ltr'><strong><em>auctorem</em></strong></span> <span class='ocrx_word' id='word_1_192' title='bbox 1380 2528 1656 2596; x_wconf 89' lang='lat' dir='ltr'><strong><em>agnoscit.</em></strong></span> <span class='ocrx_word' id='word_1_193' title='bbox 1683 2523 1726 2579; x_wconf 88' lang='grc' dir='ltr'><em>Τ</em></span> <span class='ocrx_word' id='word_1_194' title='bbox 1729 2523 2022 2579; x_wconf 82' lang='lat' dir='ltr'><strong><em>heodotiani</em></strong></span> 
     </span>
    </p>
   </div>
   <div class='ocr_carea' id='block_1_26' title="bbox 429 2616 2020 2695">
    <p class='ocr_par' dir='ltr' id='par_1_26' title="bbox 429 2616 2020 2695">
     <span class='ocr_line' id='line_1_26' title="bbox 429 2616 2020 2695; baseline -0.004 -18"><span class='ocrx_word' id='word_1_195' title='bbox 429 2640 461 2677; x_wconf 89' lang='lat' dir='ltr'><strong><em>a</em></strong></span> <span class='ocrx_word' id='word_1_196' title='bbox 490 2622 840 2677; x_wconf 90' lang='lat' dir='ltr'><strong><em>Theodotione</em></strong></span> <span class='ocrx_word' id='word_1_197' title='bbox 865 2622 1087 2695; x_wconf 87' lang='lat' dir='ltr'><strong><em>quodam</em></strong></span> <span class='ocrx_word' id='word_1_198' title='bbox 1114 2621 1355 2686; x_wconf 86' lang='lat' dir='ltr'><strong><em>instituti,</em></strong></span> <span class='ocrx_word' id='word_1_199' title='bbox 1384 2616 1638 2684; x_wconf 79' lang='lat' dir='ltr'><strong><em>hominem</em></strong></span> <span class='ocrx_word' id='word_1_200' title='bbox 1667 2616 2020 2692; x_wconf 78' lang='lat' dir='ltr'><strong><em>tantummodo</em></strong></span> 
     </span>
    </p>
   </div>
   <div class='ocr_carea' id='block_1_27' title="bbox 432 2696 2017 2783">
    <p class='ocr_par' dir='ltr' id='par_1_27' title="bbox 432 2696 2017 2783">
     <span class='ocr_line' id='line_1_27' title="bbox 432 2696 2017 2783; baseline -0.003 -10"><span class='ocrx_word' id='word_1_201' title='bbox 432 2698 691 2773; x_wconf 84' lang='lat' dir='ltr'><strong><em>Christum</em></strong></span> <span class='ocrx_word' id='word_1_202' title='bbox 736 2696 1043 2771; x_wconf 65' lang='lat' dir='ltr'><strong><em>assererant.</em></strong></span> <span class='ocrx_word' id='word_1_203' title='bbox 1069 2715 1443 2771; x_wconf 88' lang='lat' dir='ltr'><strong><em>Theodorctus</em></strong></span> <span class='ocrx_word' id='word_1_204' title='bbox 1484 2715 1632 2783; x_wconf 88' lang='lat' dir='ltr'><strong><em>prius</em></strong></span> <span class='ocrx_word' id='word_1_205' title='bbox 1672 2717 2017 2770; x_wconf 81' lang='lat' dir='ltr'><strong><em>Artemonem</em></strong></span> 
     </span>
    </p>
   </div>
   <div class='ocr_carea' id='block_1_28' title="bbox 432 2806 2019 2885">
    <p class='ocr_par' dir='ltr' id='par_1_28' title="bbox 432 2806 2019 2885">
     <span class='ocr_line' id='line_1_28' title="bbox 432 2806 2019 2885; baseline -0.002 -21"><span class='ocrx_word' id='word_1_206' title='bbox 432 2812 590 2871; x_wconf 89' lang='lat' dir='ltr'><strong><em>locat,</em></strong></span> <span class='ocrx_word' id='word_1_207' title='bbox 622 2810 774 2878; x_wconf 86' lang='lat' dir='ltr'><strong><em>cujus</em></strong></span> <span class='ocrx_word' id='word_1_208' title='bbox 796 2824 1035 2863; x_wconf 87' lang='lat' dir='ltr'><strong><em>errorem</em></strong></span> <span class='ocrx_word' id='word_1_209' title='bbox 1083 2809 1151 2885; x_wconf 87' lang='lat' dir='ltr'><strong><em>ita</em></strong></span> <span class='ocrx_word' id='word_1_210' title='bbox 1194 2806 1360 2863; x_wconf 83' lang='lat' dir='ltr'><strong><em>refert</em></strong></span> <span class='ocrx_word' id='word_1_211' title='bbox 1394 2826 1407 2862; x_wconf 88' lang='lat'><strong>:</strong></span> <span class='ocrx_word' id='word_1_212' title='bbox 1440 2806 1722 2862; x_wconf 89' lang='lat' dir='ltr'><strong><em>Dominum</em></strong></span> <span class='ocrx_word' id='word_1_213' title='bbox 1747 2806 1803 2860; x_wconf 85' lang='lat' dir='ltr'><strong><em>J.</em></strong></span> <span class='ocrx_word' id='word_1_214' title='bbox 1833 2808 1893 2862; x_wconf 90' lang='lat' dir='ltr'><strong><em>C.</em></strong></span> <span class='ocrx_word' id='word_1_215' title='bbox 1936 2823 2019 2869; x_wconf 85' lang='lat' dir='ltr'><strong><em>sp-</em></strong></span> 
     </span>
    </p>
   </div>
   <div class='ocr_carea' id='block_1_29' title="bbox 430 2890 2016 2973">
    <p class='ocr_par' dir='ltr' id='par_1_29' title="bbox 430 2890 2016 2973">
     <span class='ocr_line' id='line_1_29' title="bbox 430 2890 2016 2973; baseline -0.001 -18"><span class='ocrx_word' id='word_1_216' title='bbox 430 2907 539 2956; x_wconf 87' lang='lat' dir='ltr'><strong><em>tnm</em></strong></span> <span class='ocrx_word' id='word_1_217' title='bbox 561 2902 823 2965; x_wconf 82' lang='lat' dir='ltr'><strong><em>hominem</em></strong></span> <span class='ocrx_word' id='word_1_218' title='bbox 842 2918 949 2956; x_wconf 87' lang='lat' dir='ltr'><strong><em>esse</em></strong></span> <span class='ocrx_word' id='word_1_219' title='bbox 969 2901 1165 2956; x_wconf 87' lang='lat' dir='ltr'><strong><em>dicebat</em></strong></span> <span class='ocrx_word' id='word_1_220' title='bbox 1184 2901 1473 2973; x_wconf 84' lang='lat' dir='ltr'><strong><em>(Artemon)</em></strong></span> <span class='ocrx_word' id='word_1_221' title='bbox 1499 2911 1673 2955; x_wconf 81' lang='lat' dir='ltr'><strong><em>nutum</em></strong></span> <span class='ocrx_word' id='word_1_222' title='bbox 1697 2917 1760 2955; x_wconf 81' lang='lat' dir='ltr'><strong><em>ea:</em></strong></span> <span class='ocrx_word' id='word_1_223' title='bbox 1787 2890 2016 2972; x_wconf 84' lang='lat' dir='ltr'><strong><em>Virgine,</em></strong></span> 
     </span>
    </p>
   </div>
   <div class='ocr_carea' id='block_1_30' title="bbox 433 2978 2023 3068">
    <p class='ocr_par' dir='ltr' id='par_1_30' title="bbox 433 2978 2023 3068">
     <span class='ocr_line' id='line_1_30' title="bbox 433 2978 2023 3068; baseline -0.001 -18"><span class='ocrx_word' id='word_1_224' title='bbox 433 2996 694 3067; x_wconf 84' lang='lat' dir='ltr'><strong><em>prophetis</em></strong></span> <span class='ocrx_word' id='word_1_225' title='bbox 720 3006 885 3050; x_wconf 88' lang='lat' dir='ltr'><strong><em>tamen</em></strong></span> <span class='ocrx_word' id='word_1_226' title='bbox 932 2978 1113 3050; x_wconf 81' lang='lat' dir='ltr'><strong><em>virtute</em></strong></span> <span class='ocrx_word' id='word_1_227' title='bbox 1140 2996 1571 3068; x_wconf 67' lang='lat' dir='ltr'><strong><em>praestantiorem.</em></strong></span> <span class='ocrx_word' id='word_1_228' title='bbox 1603 2995 1738 3049; x_wconf 87' lang='lat' dir='ltr'><strong><em>Tum</em></strong></span> <span class='ocrx_word' id='word_1_229' title='bbox 1769 2994 2023 3050; x_wconf 82' lang='lat' dir='ltr'><strong><em>Theodo-</em></strong></span> 
     </span>
    </p>
   </div>
   <div class='ocr_carea' id='block_1_31' title="bbox 433 3088 2021 3160">
    <p class='ocr_par' dir='ltr' id='par_1_31' title="bbox 433 3088 2021 3160">
     <span class='ocr_line' id='line_1_31' title="bbox 433 3088 2021 3160; baseline -0.002 -15"><span class='ocrx_word' id='word_1_230' title='bbox 433 3100 566 3157; x_wconf 90' lang='lat' dir='ltr'><strong><em>tum,</em></strong></span> <span class='ocrx_word' id='word_1_231' title='bbox 596 3091 662 3145; x_wconf 91' lang='lat' dir='ltr'><strong><em>de</em></strong></span> <span class='ocrx_word' id='word_1_232' title='bbox 684 3105 791 3160; x_wconf 83' lang='lat' dir='ltr'><strong><em>quo</em></strong></span> <span class='ocrx_word' id='word_1_233' title='bbox 818 3091 891 3143; x_wconf 88' lang='lat' dir='ltr'><strong><em>ita</em></strong></span> <span class='ocrx_word' id='word_1_234' title='bbox 919 3089 1173 3145; x_wconf 73' lang='lat' dir='ltr'><strong><em>breviter.</em></strong></span> <span class='ocrx_word' id='word_1_235' title='bbox 1209 3089 1498 3145; x_wconf 84' lang='lat' dir='ltr'><strong><em>Theodotus</em></strong></span> <span class='ocrx_word' id='word_1_236' title='bbox 1527 3088 1831 3144; x_wconf 76' lang='lat' dir='ltr'><strong><em>Bizantinus</em></strong></span> <span class='ocrx_word' id='word_1_237' title='bbox 1852 3091 2021 3144; x_wconf 89' lang='lat' dir='ltr'><strong><em>coria-</em></strong></span> 
     </span>
    </p>
   </div>
   <div class='ocr_carea' id='block_1_32' title="bbox 430 3183 2088 3279">
    <p class='ocr_par' dir='ltr' id='par_1_32' title="bbox 430 3183 2088 3279">
     <span class='ocr_line' id='line_1_32' title="bbox 430 3183 2088 3279; baseline 0 -40"><span class='ocrx_word' id='word_1_238' title='bbox 430 3188 539 3239; x_wconf 82' lang='lat' dir='ltr'><strong><em>rius</em></strong></span> <span class='ocrx_word' id='word_1_239' title='bbox 567 3186 701 3257; x_wconf 87' lang='lat' dir='ltr'><strong><em>idem</em></strong></span> <span class='ocrx_word' id='word_1_240' title='bbox 735 3201 847 3239; x_wconf 88' lang='lat' dir='ltr'><strong><em>cum</em></strong></span> <span class='ocrx_word' id='word_1_241' title='bbox 874 3202 931 3239; x_wconf 94' lang='lat' dir='ltr'><strong><em>eo</em></strong></span> <span class='ocrx_word' id='word_1_242' title='bbox 961 3183 1298 3258; x_wconf 85' lang='lat' dir='ltr'><strong><em>(Artemone)</em></strong></span> <span class='ocrx_word' id='word_1_243' title='bbox 1331 3185 1570 3239; x_wconf 82' lang='lat' dir='ltr'><strong><em>sentiens.</em></strong></span> <span class='ocrx_word' id='word_1_244' title='bbox 1612 3183 1675 3239; x_wconf 82' lang='lat' dir='ltr'><strong><em>Hi</em></strong></span> <span class='ocrx_word' id='word_1_245' title='bbox 1710 3184 1816 3239; x_wconf 89' lang='lat' dir='ltr'><strong><em>duo</em></strong></span> <span class='ocrx_word' id='word_1_246' title='bbox 1840 3184 2011 3239; x_wconf 66' lang='lat' dir='ltr'><strong><em>ltaare—</em></strong></span> <span class='ocrx_word' id='word_1_247' title='bbox 2044 3215 2088 3279; x_wconf 68' lang='grc' dir='ltr'>Ο</span> 
     </span>
    </p>
   </div>
   <div class='ocr_carea' id='block_1_33' title="bbox 433 3277 2017 3346">
    <p class='ocr_par' dir='ltr' id='par_1_33' title="bbox 433 3277 2017 3346">
     <span class='ocr_line' id='line_1_33' title="bbox 433 3277 2017 3346; baseline 0 -15"><span class='ocrx_word' id='word_1_248' title='bbox 433 3277 544 3343; x_wconf 87' lang='lat' dir='ltr'><strong><em>tici,</em></strong></span> <span class='ocrx_word' id='word_1_249' title='bbox 588 3278 671 3333; x_wconf 86' lang='lat' dir='ltr'><strong><em>vel</em></strong></span> <span class='ocrx_word' id='word_1_250' title='bbox 722 3279 964 3333; x_wconf 87' lang='lat' dir='ltr'><strong><em>coetauei</em></strong></span> <span class='ocrx_word' id='word_1_251' title='bbox 1012 3278 1179 3345; x_wconf 89' lang='lat' dir='ltr'><strong><em>fuere,</em></strong></span> <span class='ocrx_word' id='word_1_252' title='bbox 1230 3277 1311 3332; x_wconf 86' lang='lat' dir='ltr'><strong><em>vel</em></strong></span> <span class='ocrx_word' id='word_1_253' title='bbox 1356 3286 1516 3332; x_wconf 58' lang='lat' dir='ltr'><strong><em>aetate</em></strong></span> <span class='ocrx_word' id='word_1_254' title='bbox 1563 3291 1826 3346; x_wconf 79' lang='lat' dir='ltr'><strong><em>Suppares</em></strong></span> <span class='ocrx_word' id='word_1_255' title='bbox 1872 3277 2017 3331; x_wconf 82' lang='lat' dir='ltr'><strong><em>circa</em></strong></span> 
     </span>
    </p>
   </div>
   <div class='ocr_carea' id='block_1_34' title="bbox 431 3371 2017 3443">
    <p class='ocr_par' dir='ltr' id='par_1_34' title="bbox 431 3371 2017 3443">
     <span class='ocr_line' id='line_1_34' title="bbox 431 3371 2017 3443; baseline 0.001 -17"><span class='ocrx_word' id='word_1_256' title='bbox 431 3388 629 3427; x_wconf 90' lang='lat' dir='ltr'><strong><em>annum</em></strong></span> <span class='ocrx_word' id='word_1_257' title='bbox 660 3372 859 3428; x_wconf 89' lang='lat' dir='ltr'><strong><em>Christi</em></strong></span> <span class='ocrx_word' id='word_1_258' title='bbox 893 3373 1017 3429; x_wconf 74' lang='lat'><strong><em>200.</em></strong></span> <span class='ocrx_word' id='word_1_259' title='bbox 1051 3373 1362 3443; x_wconf 82' lang='lat' dir='ltr'><strong><em>Divulgatos</em></strong></span> <span class='ocrx_word' id='word_1_260' title='bbox 1392 3388 1577 3428; x_wconf 90' lang='lat' dir='ltr'><strong><em>eorum</em></strong></span> <span class='ocrx_word' id='word_1_261' title='bbox 1611 3387 1823 3428; x_wconf 84' lang='lat' dir='ltr'><strong><em>errores</em></strong></span> <span class='ocrx_word' id='word_1_262' title='bbox 1854 3371 2017 3428; x_wconf 79' lang='lat' dir='ltr'><strong><em>etiam</em></strong></span> 
     </span>
    </p>
   </div>
   <div class='ocr_carea' id='block_1_35' title="bbox 432 3467 2018 3539">
    <p class='ocr_par' dir='ltr' id='par_1_35' title="bbox 432 3467 2018 3539">
     <span class='ocr_line' id='line_1_35' title="bbox 432 3467 2018 3539; baseline 0 -17"><span class='ocrx_word' id='word_1_263' title='bbox 432 3468 618 3522; x_wconf 79' lang='lat' dir='ltr'><strong><em>Romae</em></strong></span> <span class='ocrx_word' id='word_1_264' title='bbox 644 3467 825 3522; x_wconf 83' lang='lat' dir='ltr'><strong><em>Victor</em></strong></span> <span class='ocrx_word' id='word_1_265' title='bbox 859 3467 996 3539; x_wconf 88' lang='lat' dir='ltr'><strong><em>Papa</em></strong></span> <span class='ocrx_word' id='word_1_266' title='bbox 1027 3470 1370 3523; x_wconf 79' lang='lat' dir='ltr'><strong><em>anathemate</em></strong></span> <span class='ocrx_word' id='word_1_267' title='bbox 1396 3468 1692 3534; x_wconf 77' lang='lat' dir='ltr'><strong><em>damnavit,</em></strong></span> <span class='ocrx_word' id='word_1_268' title='bbox 1722 3481 1842 3523; x_wconf 92' lang='lat' dir='ltr'><strong><em>cum</em></strong></span> <span class='ocrx_word' id='word_1_269' title='bbox 1877 3468 2018 3538; x_wconf 86' lang='lat' dir='ltr'><strong><em>ipso-</em></strong></span> 
     </span>
    </p>
   </div>
   <div class='ocr_carea' id='block_1_36' title="bbox 424 3556 1634 3618">
    <p class='ocr_par' dir='ltr' id='par_1_36' title="bbox 424 3556 1634 3618">
     <span class='ocr_line' id='line_1_36' title="bbox 424 3556 1634 3618; baseline 0 -3"><span class='ocrx_word' id='word_1_270' title='bbox 424 3556 551 3617; x_wconf 77' lang='lat' dir='ltr'><strong><em>rum</em></strong></span> <span class='ocrx_word' id='word_1_271' title='bbox 582 3563 892 3618; x_wconf 86' lang='lat' dir='ltr'><strong><em>auctoribus</em></strong></span> <span class='ocrx_word' id='word_1_272' title='bbox 914 3562 1285 3618; x_wconf 86' lang='lat' dir='ltr'><strong><em>Theodotionc</em></strong></span> <span class='ocrx_word' id='word_1_273' title='bbox 1314 3574 1365 3616; x_wconf 89' lang='lat' dir='ltr'><strong><em>et</em></strong></span> <span class='ocrx_word' id='word_1_274' title='bbox 1392 3564 1634 3616; x_wconf 83' lang='lat' dir='ltr'><strong><em>Artcma.</em></strong></span> 
     </span>
    </p>
   </div>
   <div class='ocr_carea' id='block_1_37' title="bbox 737 3676 1703 3749">
    <p class='ocr_par' dir='ltr' id='par_1_37' title="bbox 737 3676 1703 3749">
     <span class='ocr_line' id='line_1_37' title="bbox 737 3676 1703 3749; baseline 0 -18"><span class='ocrx_word' id='word_1_275' title='bbox 737 3676 764 3749; x_wconf 84' lang='lat'><strong>§</strong></span> <span class='ocrx_word' id='word_1_276' title='bbox 794 3676 901 3731; x_wconf 82' lang='lat' dir='ltr'><strong><em>VII.</em></strong></span> <span class='ocrx_word' id='word_1_277' title='bbox 933 3709 999 3716; x_wconf 98' lang='lat'><strong>—</strong></span> <span class='ocrx_word' id='word_1_278' title='bbox 1030 3677 1109 3733; x_wconf 91' lang='lat' dir='ltr'><strong><em>Dc</em></strong></span> <span class='ocrx_word' id='word_1_279' title='bbox 1137 3677 1311 3731; x_wconf 87' lang='lat' dir='ltr'><strong><em>Paulo</em></strong></span> <span class='ocrx_word' id='word_1_280' title='bbox 1344 3677 1703 3734; x_wconf 84' lang='lat' dir='ltr'><strong><em>Samosateno.</em></strong></span> 
     </span>
    </p>
   </div>
   <div class='ocr_carea' id='block_1_38' title="bbox 501 3794 2017 3863">
    <p class='ocr_par' dir='ltr' id='par_1_38' title="bbox 501 3794 2017 3863">
     <span class='ocr_line' id='line_1_38' title="bbox 501 3794 2017 3863; baseline 0.001 -15"><span class='ocrx_word' id='word_1_281' title='bbox 501 3794 629 3862; x_wconf 72' lang='lat' dir='ltr'><strong><em>Qua:</em></strong></span> <span class='ocrx_word' id='word_1_282' title='bbox 660 3794 728 3850; x_wconf 91' lang='lat' dir='ltr'><strong><em>de</em></strong></span> <span class='ocrx_word' id='word_1_283' title='bbox 751 3794 1029 3863; x_wconf 88' lang='lat' dir='ltr'><strong><em>Cerintho,</em></strong></span> <span class='ocrx_word' id='word_1_284' title='bbox 1058 3795 1286 3861; x_wconf 89' lang='lat' dir='ltr'><strong><em>Ebiouc,</em></strong></span> <span class='ocrx_word' id='word_1_285' title='bbox 1320 3796 1693 3852; x_wconf 85' lang='lat' dir='ltr'><strong><em>Theodotioue</em></strong></span> <span class='ocrx_word' id='word_1_286' title='bbox 1718 3805 1773 3851; x_wconf 88' lang='lat' dir='ltr'><strong><em>ct</em></strong></span> <span class='ocrx_word' id='word_1_287' title='bbox 1800 3797 2017 3851; x_wconf 84' lang='lat' dir='ltr'><strong><em>Artema</em></strong></span> 
     </span>
    </p>
   </div>
   <div class='ocr_carea' id='block_1_39' title="bbox 431 3888 2019 3959">
    <p class='ocr_par' dir='ltr' id='par_1_39' title="bbox 431 3888 2019 3959">
     <span class='ocr_line' id='line_1_39' title="bbox 431 3888 2019 3959; baseline -0.001 -17"><span class='ocrx_word' id='word_1_288' title='bbox 431 3904 525 3958; x_wconf 87' lang='lat' dir='ltr'><strong><em>per</em></strong></span> <span class='ocrx_word' id='word_1_289' title='bbox 552 3888 925 3957; x_wconf 89' lang='lat' dir='ltr'><strong><em>compendium</em></strong></span> <span class='ocrx_word' id='word_1_290' title='bbox 953 3904 982 3942; x_wconf 89' lang='lat' dir='ltr'><strong><em>a</em></strong></span> <span class='ocrx_word' id='word_1_291' title='bbox 1008 3890 1066 3942; x_wconf 91' lang='lat' dir='ltr'><strong><em>D.</em></strong></span> <span class='ocrx_word' id='word_1_292' title='bbox 1089 3889 1387 3959; x_wconf 81' lang='lat' dir='ltr'><strong><em>Augustino</em></strong></span> <span class='ocrx_word' id='word_1_293' title='bbox 1412 3904 1475 3944; x_wconf 91' lang='lat' dir='ltr'><strong><em>ac</em></strong></span> <span class='ocrx_word' id='word_1_294' title='bbox 1503 3888 1850 3944; x_wconf 85' lang='lat' dir='ltr'><strong><em>Theodoreto</em></strong></span> <span class='ocrx_word' id='word_1_295' title='bbox 1877 3888 2019 3942; x_wconf 84' lang='lat' dir='ltr'><strong><em>dicta</em></strong></span> 
     </span>
    </p>
   </div>
   <div class='ocr_carea' id='block_1_40' title="bbox 432 3976 2019 4055">
    <p class='ocr_par' dir='ltr' id='par_1_40' title="bbox 432 3976 2019 4055">
     <span class='ocr_line' id='line_1_40' title="bbox 432 3976 2019 4055; baseline 0.002 -21"><span class='ocrx_word' id='word_1_296' title='bbox 432 3990 577 4048; x_wconf 76' lang='lat' dir='ltr'><strong><em>sunt,</em></strong></span> <span class='ocrx_word' id='word_1_297' title='bbox 608 3980 716 4055; x_wconf 85' lang='lat' dir='ltr'><strong><em>jam</em></strong></span> <span class='ocrx_word' id='word_1_298' title='bbox 760 3978 1077 4035; x_wconf 82' lang='lat' dir='ltr'><strong><em>retulimus:</em></strong></span> <span class='ocrx_word' id='word_1_299' title='bbox 1119 3981 1279 4036; x_wconf 86' lang='lat' dir='ltr'><strong><em>modo</em></strong></span> <span class='ocrx_word' id='word_1_300' title='bbox 1325 3982 1390 4037; x_wconf 88' lang='lat' dir='ltr'><strong><em>de</em></strong></span> <span class='ocrx_word' id='word_1_301' title='bbox 1444 3976 1610 4036; x_wconf 85' lang='lat' dir='ltr'><strong><em>Paulo</em></strong></span> <span class='ocrx_word' id='word_1_302' title='bbox 1661 3981 2019 4037; x_wconf 86' lang='lat' dir='ltr'><strong><em>Samosatcno</em></strong></span> 
     </span>
    </p>
   </div>
   <div class='ocr_carea' id='block_1_41' title="bbox 431 4070 2019 4145">
    <p class='ocr_par' dir='ltr' id='par_1_41' title="bbox 431 4070 2019 4145">
     <span class='ocr_line' id='line_1_41' title="bbox 431 4070 2019 4145; baseline 0.001 -19"><span class='ocrx_word' id='word_1_303' title='bbox 431 4082 650 4141; x_wconf 85' lang='lat' dir='ltr'><strong><em>agentes</em></strong></span> <span class='ocrx_word' id='word_1_304' title='bbox 680 4072 986 4129; x_wconf 87' lang='lat' dir='ltr'><strong><em>distinctius</em></strong></span> <span class='ocrx_word' id='word_1_305' title='bbox 1013 4075 1402 4130; x_wconf 80' lang='lat' dir='ltr'><strong><em>recensitorum</em></strong></span> <span class='ocrx_word' id='word_1_306' title='bbox 1446 4070 1821 4130; x_wconf 64' lang='lat' dir='ltr'><strong><em>hazreticorum</em></strong></span> <span class='ocrx_word' id='word_1_307' title='bbox 1856 4074 2019 4145; x_wconf 86' lang='lat' dir='ltr'><strong><em>impia</em></strong></span> 
     </span>
    </p>
   </div>
   <div class='ocr_carea' id='block_1_42' title="bbox 433 4165 2019 4238">
    <p class='ocr_par' dir='ltr' id='par_1_42' title="bbox 433 4165 2019 4238">
     <span class='ocr_line' id='line_1_42' title="bbox 433 4165 2019 4238; baseline 0.002 -20"><span class='ocrx_word' id='word_1_308' title='bbox 433 4165 679 4237; x_wconf 81' lang='lat' dir='ltr'><strong><em>dogmata</em></strong></span> <span class='ocrx_word' id='word_1_309' title='bbox 710 4167 1067 4237; x_wconf 85' lang='lat' dir='ltr'><strong><em>percipiemus</em></strong></span> <span class='ocrx_word' id='word_1_310' title='bbox 1087 4209 1100 4232; x_wconf 96' lang='lat'><strong><em>,</em></strong></span> <span class='ocrx_word' id='word_1_311' title='bbox 1142 4184 1261 4238; x_wconf 83' lang='lat' dir='ltr'><strong><em>quae</em></strong></span> <span class='ocrx_word' id='word_1_312' title='bbox 1291 4184 1321 4222; x_wconf 89' lang='lat' dir='ltr'><strong><em>a</em></strong></span> <span class='ocrx_word' id='word_1_313' title='bbox 1350 4169 1703 4224; x_wconf 87' lang='lat' dir='ltr'><strong><em>Samosateno</em></strong></span> <span class='ocrx_word' id='word_1_314' title='bbox 1740 4178 2019 4233; x_wconf 88' lang='lat' dir='ltr'><strong><em>renovata,</em></strong></span> 
     </span>
    </p>
   </div>
   <div class='ocr_carea' id='block_1_43' title="bbox 432 4249 2023 4331">
    <p class='ocr_par' dir='ltr' id='par_1_43' title="bbox 432 4249 2023 4331">
     <span class='ocr_line' id='line_1_43' title="bbox 432 4249 2023 4331; baseline 0.001 -17"><span class='ocrx_word' id='word_1_315' title='bbox 432 4269 489 4314; x_wconf 86' lang='lat' dir='ltr'><strong><em>et</em></strong></span> <span class='ocrx_word' id='word_1_316' title='bbox 514 4273 543 4310; x_wconf 88' lang='lat' dir='ltr'><strong><em>a</em></strong></span> <span class='ocrx_word' id='word_1_317' title='bbox 571 4260 628 4313; x_wconf 85' lang='lat' dir='ltr'><strong><em>S.</em></strong></span> <span class='ocrx_word' id='word_1_318' title='bbox 664 4259 921 4329; x_wconf 74' lang='lat' dir='ltr'><strong><em>Dionysio</em></strong></span> <span class='ocrx_word' id='word_1_319' title='bbox 954 4259 1316 4315; x_wconf 81' lang='lat' dir='ltr'><strong><em>Alexandrino</em></strong></span> <span class='ocrx_word' id='word_1_320' title='bbox 1354 4270 1540 4315; x_wconf 78' lang='lat' dir='ltr'><strong><em>Contra</em></strong></span> <span class='ocrx_word' id='word_1_321' title='bbox 1580 4249 1754 4331; x_wconf 85' lang='lat' dir='ltr'><strong><em>ipsum</em></strong></span> <span class='ocrx_word' id='word_1_322' title='bbox 1781 4268 2023 4331; x_wconf 87' lang='lat' dir='ltr'><strong><em>pertrac-</em></strong></span> 
     </span>
    </p>
   </div>
   <div class='ocr_carea' id='block_1_44' title="bbox 434 4352 2023 4423">
    <p class='ocr_par' dir='ltr' id='par_1_44' title="bbox 434 4352 2023 4423">
     <span class='ocr_line' id='line_1_44' title="bbox 434 4352 2023 4423; baseline 0.003 -20"><span class='ocrx_word' id='word_1_323' title='bbox 434 4360 561 4417; x_wconf 87' lang='lat' dir='ltr'><strong><em>tata,</em></strong></span> <span class='ocrx_word' id='word_1_324' title='bbox 585 4366 647 4404; x_wconf 90' lang='lat' dir='ltr'><strong><em>ac</em></strong></span> <span class='ocrx_word' id='word_1_325' title='bbox 680 4352 739 4405; x_wconf 82' lang='lat' dir='ltr'><strong><em>in‘</em></strong></span> <span class='ocrx_word' id='word_1_326' title='bbox 758 4352 999 4407; x_wconf 86' lang='lat' dir='ltr'><strong><em>conciliis</em></strong></span> <span class='ocrx_word' id='word_1_327' title='bbox 1022 4352 1373 4408; x_wconf 87' lang='lat' dir='ltr'><strong><em>Antiochenis</em></strong></span> <span class='ocrx_word' id='word_1_328' title='bbox 1405 4354 1647 4410; x_wconf 87' lang='lat' dir='ltr'><strong><em>discussa</em></strong></span> <span class='ocrx_word' id='word_1_329' title='bbox 1678 4365 1838 4423; x_wconf 87' lang='lat' dir='ltr'><strong><em>atque</em></strong></span> <span class='ocrx_word' id='word_1_330' title='bbox 1872 4354 2023 4409; x_wconf 80' lang='lat' dir='ltr'><strong><em>datu-</em></strong></span> 
     </span>
    </p>
   </div>
   <div class='ocr_carea' id='block_1_45' title="bbox 338 4435 2024 4519">
    <p class='ocr_par' dir='ltr' id='par_1_45' title="bbox 338 4435 2024 4519">
     <span class='ocr_line' id='line_1_45' title="bbox 338 4435 2024 4519; baseline 0.005 -22"><span class='ocrx_word' id='word_1_331' title='bbox 338 4484 341 4485; x_wconf 46' lang='grc' dir='ltr'><em>ν</em></span> <span class='ocrx_word' id='word_1_332' title='bbox 434 4455 555 4499; x_wconf 85' lang='lat' dir='ltr'><strong><em>nata</em></strong></span> <span class='ocrx_word' id='word_1_333' title='bbox 585 4435 949 4501; x_wconf 79' lang='lat' dir='ltr'><strong><em>manifestiora</em></strong></span> <span class='ocrx_word' id='word_1_334' title='bbox 982 4458 1161 4503; x_wconf 88' lang='lat' dir='ltr'><strong><em>erunt.</em></strong></span> <span class='ocrx_word' id='word_1_335' title='bbox 1197 4448 1481 4519; x_wconf 72' lang='lat' dir='ltr'><strong><em>Dionysius</em></strong></span> <span class='ocrx_word' id='word_1_336' title='bbox 1509 4450 1690 4518; x_wconf 86' lang='lat' dir='ltr'><strong><em>itaque</em></strong></span> <span class='ocrx_word' id='word_1_337' title='bbox 1720 4459 1905 4503; x_wconf 90' lang='lat' dir='ltr'><strong><em>contra</em></strong></span> <span class='ocrx_word' id='word_1_338' title='bbox 1930 4449 2024 4504; x_wconf 90' lang='lat' dir='ltr'><strong><em>de-</em></strong></span> 
     </span>
    </p>
   </div>
   <div class='ocr_carea' id='block_1_46' title="bbox 431 4538 2022 4611">
    <p class='ocr_par' dir='ltr' id='par_1_46' title="bbox 431 4538 2022 4611">
     <span class='ocr_line' id='line_1_46' title="bbox 431 4538 2022 4611; baseline 0.003 -19"><span class='ocrx_word' id='word_1_339' title='bbox 431 4553 548 4592; x_wconf 86' lang='lat' dir='ltr'><strong><em>cem</em></strong></span> <span class='ocrx_word' id='word_1_340' title='bbox 582 4538 729 4593; x_wconf 87' lang='lat' dir='ltr'><strong><em>Pauli</em></strong></span> <span class='ocrx_word' id='word_1_341' title='bbox 777 4538 1117 4595; x_wconf 88' lang='lat' dir='ltr'><strong><em>Samosateni</em></strong></span> <span class='ocrx_word' id='word_1_342' title='bbox 1166 4543 1495 4611; x_wconf 70' lang='lat' dir='ltr'><strong><em>qumstioues</em></strong></span> <span class='ocrx_word' id='word_1_343' title='bbox 1547 4543 1809 4609; x_wconf 87' lang='lat' dir='ltr'><strong><em>scribens,</em></strong></span> <span class='ocrx_word' id='word_1_344' title='bbox 1841 4544 1911 4599; x_wconf 90' lang='lat' dir='ltr'><strong><em>ita</em></strong></span> <span class='ocrx_word' id='word_1_345' title='bbox 1955 4543 2022 4598; x_wconf 90' lang='lat' dir='ltr'><strong><em>dc</em></strong></span> 
     </span>
    </p>
   </div>
   <div class='ocr_carea' id='block_1_47' title="bbox 2128 536 3666 613">
    <p class='ocr_par' dir='ltr' id='par_1_47' title="bbox 2128 536 3666 613">
     <span class='ocr_line' id='line_1_47' title="bbox 2128 536 3666 613; baseline 0.001 -20"><span class='ocrx_word' id='word_1_346' title='bbox 2128 536 2560 610; x_wconf 87' lang='lat' dir='ltr'><strong><em>(Samosatenus)</em></strong></span> <span class='ocrx_word' id='word_1_347' title='bbox 2610 540 2891 613; x_wconf 85' lang='lat' dir='ltr'><strong><em>ingenitum</em></strong></span> <span class='ocrx_word' id='word_1_348' title='bbox 2935 539 3173 606; x_wconf 85' lang='lat' dir='ltr'><strong><em>Patrem,</em></strong></span> <span class='ocrx_word' id='word_1_349' title='bbox 3220 540 3381 605; x_wconf 87' lang='lat' dir='ltr'><strong><em>dicit,</em></strong></span> <span class='ocrx_word' id='word_1_350' title='bbox 3434 550 3485 594; x_wconf 87' lang='lat' dir='ltr'><strong><em>ut</em></strong></span> <span class='ocrx_word' id='word_1_351' title='bbox 3531 541 3666 599; x_wconf 77' lang='lat' dir='ltr'><strong><em>doceat</em></strong></span> 
     </span>
    </p>
   </div>
   <div class='ocr_carea' id='block_1_48' title="bbox 2126 627 3667 701">
    <p class='ocr_par' dir='ltr' id='par_1_48' title="bbox 2126 627 3667 701">
     <span class='ocr_line' id='line_1_48' title="bbox 2126 627 3667 701; baseline 0.001 -18"><span class='ocrx_word' id='word_1_352' title='bbox 2126 627 2390 684; x_wconf 87' lang='lat' dir='ltr'><strong><em>Christum</em></strong></span> <span class='ocrx_word' id='word_1_353' title='bbox 2421 640 2671 686; x_wconf 88' lang='lat' dir='ltr'><strong><em>recentem</em></strong></span> <span class='ocrx_word' id='word_1_354' title='bbox 2700 649 2827 697; x_wconf 89' lang='lat' dir='ltr'><strong><em>esse,</em></strong></span> <span class='ocrx_word' id='word_1_355' title='bbox 2856 642 2905 688; x_wconf 86' lang='lat' dir='ltr'><strong><em>et</em></strong></span> <span class='ocrx_word' id='word_1_356' title='bbox 2938 643 3248 687; x_wconf 89' lang='lat' dir='ltr'><strong><em>creaturam.</em></strong></span> <span class='ocrx_word' id='word_1_357' title='bbox 3268 630 3553 695; x_wconf 81' lang='lat' dir='ltr'><strong><em>Christum</em></strong></span> <span class='ocrx_word' id='word_1_358' title='bbox 3572 649 3667 701; x_wconf 81' lang='lat' dir='ltr'><strong><em>quo-</em></strong></span> 
     </span>
    </p>
   </div>
   <div class='ocr_carea' id='block_1_49' title="bbox 2124 722 3665 798">
    <p class='ocr_par' dir='ltr' id='par_1_49' title="bbox 2124 722 3665 798">
     <span class='ocr_line' id='line_1_49' title="bbox 2124 722 3665 798; baseline 0.002 -24"><span class='ocrx_word' id='word_1_359' title='bbox 2124 736 2232 789; x_wconf 86' lang='lat' dir='ltr'><strong><em>que</em></strong></span> <span class='ocrx_word' id='word_1_360' title='bbox 2261 732 2388 777; x_wconf 89' lang='lat' dir='ltr'><strong><em>ante</em></strong></span> <span class='ocrx_word' id='word_1_361' title='bbox 2415 722 2634 777; x_wconf 79' lang='lat' dir='ltr'><strong><em>Mariam</em></strong></span> <span class='ocrx_word' id='word_1_362' title='bbox 2668 739 2774 777; x_wconf 91' lang='lat' dir='ltr'><strong><em>non</em></strong></span> <span class='ocrx_word' id='word_1_363' title='bbox 2810 722 2976 779; x_wconf 85' lang='lat' dir='ltr'><strong><em>fuisse</em></strong></span> <span class='ocrx_word' id='word_1_364' title='bbox 3002 724 3259 798; x_wconf 85' lang='lat' dir='ltr'><strong><em>jactabat.</em></strong></span> <span class='ocrx_word' id='word_1_365' title='bbox 3321 722 3399 788; x_wconf 86' lang='lat' dir='ltr'><strong><em>Tu</em></strong></span> <span class='ocrx_word' id='word_1_366' title='bbox 3439 739 3551 778; x_wconf 78' lang='lat' dir='ltr'><strong><em>vero</em></strong></span> <span class='ocrx_word' id='word_1_367' title='bbox 3573 725 3665 777; x_wconf 68' lang='lat' dir='ltr'><strong><em>ditis</em></strong></span> 
     </span>
    </p>
   </div>
   <div class='ocr_carea' id='block_1_50' title="bbox 2123 812 3666 887">
    <p class='ocr_par' dir='ltr' id='par_1_50' title="bbox 2123 812 3666 887">
     <span class='ocr_line' id='line_1_50' title="bbox 2123 812 3666 887; baseline 0.003 -22"><span class='ocrx_word' id='word_1_368' title='bbox 2123 814 2259 881; x_wconf 90' lang='lat' dir='ltr'><strong><em>quod</em></strong></span> <span class='ocrx_word' id='word_1_369' title='bbox 2280 823 2397 867; x_wconf 89' lang='lat' dir='ltr'><strong><em>ante</em></strong></span> <span class='ocrx_word' id='word_1_370' title='bbox 2423 812 2645 867; x_wconf 74' lang='lat' dir='ltr'><strong><em>Hortum</em></strong></span> <span class='ocrx_word' id='word_1_371' title='bbox 2672 830 2770 868; x_wconf 90' lang='lat' dir='ltr'><strong><em>non</em></strong></span> <span class='ocrx_word' id='word_1_372' title='bbox 2796 825 2923 869; x_wconf 84' lang='lat' dir='ltr'><strong><em>erat.</em></strong></span> <span class='ocrx_word' id='word_1_373' title='bbox 2952 814 3028 870; x_wconf 87' lang='lat' dir='ltr'><strong><em>lla</em></strong></span> <span class='ocrx_word' id='word_1_374' title='bbox 3060 814 3116 871; x_wconf 87' lang='lat' dir='ltr'><strong><em>S.</em></strong></span> <span class='ocrx_word' id='word_1_375' title='bbox 3152 815 3442 885; x_wconf 70' lang='lat' dir='ltr'><strong><em>Dionysius</em></strong></span> <span class='ocrx_word' id='word_1_376' title='bbox 3461 825 3575 870; x_wconf 89' lang='lat' dir='ltr'><strong><em>ante</em></strong></span> <span class='ocrx_word' id='word_1_377' title='bbox 3589 817 3666 887; x_wconf 87' lang='lat' dir='ltr'><strong><em>pri-</em></strong></span> 
     </span>
    </p>
   </div>
   <div class='ocr_carea' id='block_1_51' title="bbox 2124 906 3665 978">
    <p class='ocr_par' dir='ltr' id='par_1_51' title="bbox 2124 906 3665 978">
     <span class='ocr_line' id='line_1_51' title="bbox 2124 906 3665 978; baseline 0.004 -20"><span class='ocrx_word' id='word_1_378' title='bbox 2124 919 2264 959; x_wconf 89' lang='lat' dir='ltr'><strong><em>mam</em></strong></span> <span class='ocrx_word' id='word_1_379' title='bbox 2317 906 2674 975; x_wconf 69' lang='lat' dir='ltr'><strong><em>quazstionem</em></strong></span> <span class='ocrx_word' id='word_1_380' title='bbox 2724 906 2791 962; x_wconf 91' lang='lat' dir='ltr'><strong><em>de</em></strong></span> <span class='ocrx_word' id='word_1_381' title='bbox 2850 909 3016 978; x_wconf 77' lang='lat' dir='ltr'><strong><em>ipsius</em></strong></span> <span class='ocrx_word' id='word_1_382' title='bbox 3068 907 3408 963; x_wconf 85' lang='lat' dir='ltr'><strong><em>Samosateni</em></strong></span> <span class='ocrx_word' id='word_1_383' title='bbox 3455 909 3665 978; x_wconf 76' lang='lat' dir='ltr'><strong><em>opinione</em></strong></span> 
     </span>
    </p>
   </div>
   <div class='ocr_carea' id='block_1_52' title="bbox 2126 990 3666 1072">
    <p class='ocr_par' dir='ltr' id='par_1_52' title="bbox 2126 990 3666 1072">
     <span class='ocr_line' id='line_1_52' title="bbox 2126 990 3666 1072; baseline 0.003 -21"><span class='ocrx_word' id='word_1_384' title='bbox 2126 1006 2378 1053; x_wconf 77' lang='lat' dir='ltr'><strong><em>teswtur.</em></strong></span> <span class='ocrx_word' id='word_1_385' title='bbox 2438 990 2630 1053; x_wconf 79' lang='lat' dir='ltr'><strong><em>l’urum</em></strong></span> <span class='ocrx_word' id='word_1_386' title='bbox 2687 1000 2961 1055; x_wconf 87' lang='lat' dir='ltr'><strong><em>hominem</em></strong></span> <span class='ocrx_word' id='word_1_387' title='bbox 2993 1000 3159 1056; x_wconf 82' lang='lat' dir='ltr'><strong><em>fuisse</em></strong></span> <span class='ocrx_word' id='word_1_388' title='bbox 3196 998 3469 1055; x_wconf 88' lang='lat' dir='ltr'><strong><em>Christum</em></strong></span> <span class='ocrx_word' id='word_1_389' title='bbox 3522 1012 3666 1072; x_wconf 80' lang='lat' dir='ltr'><strong><em>aperte</em></strong></span> 
     </span>
    </p>
   </div>
   <div class='ocr_carea' id='block_1_53' title="bbox 2123 1080 3667 1163">
    <p class='ocr_par' dir='ltr' id='par_1_53' title="bbox 2123 1080 3667 1163">
     <span class='ocr_line' id='line_1_53' title="bbox 2123 1080 3667 1163; baseline 0.003 -18"><span class='ocrx_word' id='word_1_390' title='bbox 2123 1093 2321 1157; x_wconf 77' lang='lat' dir='ltr'><strong><em>asserit</em></strong></span> <span class='ocrx_word' id='word_1_391' title='bbox 2367 1091 2484 1163; x_wconf 85' lang='lat' dir='ltr'><strong><em>ipse</em></strong></span> <span class='ocrx_word' id='word_1_392' title='bbox 2531 1092 2745 1148; x_wconf 85' lang='lat' dir='ltr'><strong><em>Paulus.</em></strong></span> <span class='ocrx_word' id='word_1_393' title='bbox 2804 1094 3044 1149; x_wconf 84' lang='lat' dir='ltr'><strong><em>Videmus</em></strong></span> <span class='ocrx_word' id='word_1_394' title='bbox 3070 1096 3201 1149; x_wconf 84' lang='lat' dir='ltr'><strong><em>enim</em></strong></span> <span class='ocrx_word' id='word_1_395' title='bbox 3246 1080 3667 1149; x_wconf 70' lang='lat' dir='ltr'><strong><em>Christumiread</em></strong></span> 
     </span>
    </p>
   </div>
   <div class='ocr_carea' id='block_1_54' title="bbox 2131 1187 3665 1260">
    <p class='ocr_par' dir='ltr' id='par_1_54' title="bbox 2131 1187 3665 1260">
     <span class='ocr_line' id='line_1_54' title="bbox 2131 1187 3665 1260; baseline 0.002 -22"><span class='ocrx_word' id='word_1_396' title='bbox 2131 1187 2443 1255; x_wconf 80' lang='lat' dir='ltr'><strong><em>passionem,</em></strong></span> <span class='ocrx_word' id='word_1_397' title='bbox 2464 1199 2505 1240; x_wconf 89' lang='lat' dir='ltr'><strong><em>et</em></strong></span> <span class='ocrx_word' id='word_1_398' title='bbox 2520 1187 2722 1242; x_wconf 87' lang='lat' dir='ltr'><strong><em>dicere:</em></strong></span> <span class='ocrx_word' id='word_1_399' title='bbox 2751 1187 2907 1241; x_wconf 72' lang='lat' dir='ltr'><strong><em>Nunc</em></strong></span> <span class='ocrx_word' id='word_1_400' title='bbox 2926 1188 3097 1241; x_wconf 88' lang='lat' dir='ltr'><strong><em>anima</em></strong></span> <span class='ocrx_word' id='word_1_401' title='bbox 3116 1204 3229 1241; x_wconf 89' lang='lat' dir='ltr'><strong><em>mea</em></strong></span> <span class='ocrx_word' id='word_1_402' title='bbox 3244 1187 3448 1242; x_wconf 83' lang='lat' dir='ltr'><strong><em>turbata</em></strong></span> <span class='ocrx_word' id='word_1_403' title='bbox 3463 1198 3551 1242; x_wconf 86' lang='lat' dir='ltr'><strong><em>est.</em></strong></span> <span class='ocrx_word' id='word_1_404' title='bbox 3571 1190 3665 1260; x_wconf 79' lang='lat' dir='ltr'><strong><em>Age,</em></strong></span> 
     </span>
    </p>
   </div>
   <div class='ocr_carea' id='block_1_55' title="bbox 2124 1278 3739 1353">
    <p class='ocr_par' dir='ltr' id='par_1_55' title="bbox 2124 1278 3739 1353">
     <span class='ocr_line' id='line_1_55' title="bbox 2124 1278 3739 1353; baseline 0 -20"><span class='ocrx_word' id='word_1_405' title='bbox 2124 1288 2264 1333; x_wconf 88' lang='lat' dir='ltr'><strong><em>estne</em></strong></span> <span class='ocrx_word' id='word_1_406' title='bbox 2310 1278 2419 1333; x_wconf 68' lang='lat' dir='ltr'><strong><em>haec</em></strong></span> <span class='ocrx_word' id='word_1_407' title='bbox 2460 1289 2644 1332; x_wconf 88' lang='lat' dir='ltr'><strong><em>natura</em></strong></span> <span class='ocrx_word' id='word_1_408' title='bbox 2689 1278 2819 1333; x_wconf 86' lang='lat' dir='ltr'><strong><em>Dei?</em></strong></span> <span class='ocrx_word' id='word_1_409' title='bbox 2849 1280 3152 1349; x_wconf 89' lang='lat' dir='ltr'><strong><em>lterumque</em></strong></span> <span class='ocrx_word' id='word_1_410' title='bbox 3180 1291 3367 1333; x_wconf 86' lang='lat' dir='ltr'><strong><em>c0ntra</em></strong></span> <span class='ocrx_word' id='word_1_411' title='bbox 3396 1280 3665 1353; x_wconf 81' lang='lat' dir='ltr'><strong><em>DiOuysium</em></strong></span> <span class='ocrx_word' id='word_1_412' title='bbox 3738 1278 3739 1347; x_wconf 76' lang='lat' dir='ltr'><strong><em>l</em></strong></span> 
     </span>
    </p>
   </div>
   <div class='ocr_carea' id='block_1_56' title="bbox 2124 1371 3666 1441">
    <p class='ocr_par' dir='ltr' id='par_1_56' title="bbox 2124 1371 3666 1441">
     <span class='ocr_line' id='line_1_56' title="bbox 2124 1371 3666 1441; baseline 0 -13"><span class='ocrx_word' id='word_1_413' title='bbox 2124 1374 2309 1428; x_wconf 88' lang='lat' dir='ltr'><strong><em>instat.</em></strong></span> <span class='ocrx_word' id='word_1_414' title='bbox 2360 1372 2509 1437; x_wconf 88' lang='lat' dir='ltr'><strong><em>Quod</em></strong></span> <span class='ocrx_word' id='word_1_415' title='bbox 2554 1372 2796 1441; x_wconf 88' lang='lat' dir='ltr'><strong><em>scriptum</em></strong></span> <span class='ocrx_word' id='word_1_416' title='bbox 2849 1382 2965 1426; x_wconf 87' lang='lat' dir='ltr'><strong><em>est:</em></strong></span> <span class='ocrx_word' id='word_1_417' title='bbox 2994 1371 3191 1427; x_wconf 81' lang='lat' dir='ltr'><strong><em>TriStis</em></strong></span> <span class='ocrx_word' id='word_1_418' title='bbox 3237 1380 3321 1427; x_wconf 85' lang='lat' dir='ltr'><strong><em>est</em></strong></span> <span class='ocrx_word' id='word_1_419' title='bbox 3367 1374 3539 1427; x_wconf 86' lang='lat' dir='ltr'><strong><em>anima</em></strong></span> <span class='ocrx_word' id='word_1_420' title='bbox 3581 1390 3666 1428; x_wconf 74' lang='lat' dir='ltr'><strong><em>mea</em></strong></span> 
     </span>
    </p>
   </div>
   <div class='ocr_carea' id='block_1_57' title="bbox 2124 1448 3741 1535">
    <p class='ocr_par' dir='ltr' id='par_1_57' title="bbox 2124 1448 3741 1535">
     <span class='ocr_line' id='line_1_57' title="bbox 2124 1448 3741 1535; baseline 0.002 -16"><span class='ocrx_word' id='word_1_421' title='bbox 2124 1481 2294 1535; x_wconf 86' lang='lat' dir='ltr'><strong><em>usque</em></strong></span> <span class='ocrx_word' id='word_1_422' title='bbox 2323 1466 2386 1519; x_wconf 89' lang='lat' dir='ltr'><strong><em>ad</em></strong></span> <span class='ocrx_word' id='word_1_423' title='bbox 2415 1448 2676 1527; x_wconf 79' lang='lat' dir='ltr'><strong><em>mortem,</em></strong></span> <span class='ocrx_word' id='word_1_424' title='bbox 2707 1465 2771 1519; x_wconf 89' lang='lat' dir='ltr'><strong><em>de</em></strong></span> <span class='ocrx_word' id='word_1_425' title='bbox 2800 1482 2900 1531; x_wconf 91' lang='lat' dir='ltr'><strong><em>quo</em></strong></span> <span class='ocrx_word' id='word_1_426' title='bbox 2927 1466 3001 1519; x_wconf 78' lang='lat' dir='ltr'><strong><em>vis</em></strong></span> <span class='ocrx_word' id='word_1_427' title='bbox 3048 1474 3101 1519; x_wconf 91' lang='lat' dir='ltr'><strong><em>ut</em></strong></span> <span class='ocrx_word' id='word_1_428' title='bbox 3126 1468 3494 1535; x_wconf 80' lang='lat' dir='ltr'><strong><em>conﬁteantur?</em></strong></span> <span class='ocrx_word' id='word_1_429' title='bbox 3525 1469 3669 1523; x_wconf 81' lang='lat' dir='ltr'><strong><em>Annon</em></strong></span> <span class='ocrx_word' id='word_1_430' title='bbox 3740 1448 3741 1475; x_wconf 19' lang='grc' dir='ltr'>Ἰ</span> 
     </span>
    </p>
   </div>
   <div class='ocr_carea' id='block_1_58' title="bbox 2124 1558 3743 1631">
    <p class='ocr_par' dir='ltr' id='par_1_58' title="bbox 2124 1558 3743 1631">
     <span class='ocr_line' id='line_1_58' title="bbox 2124 1558 3743 1631; baseline 0 -18"><span class='ocrx_word' id='word_1_431' title='bbox 2124 1570 2198 1613; x_wconf 88' lang='lat' dir='ltr'><strong><em>est</em></strong></span> <span class='ocrx_word' id='word_1_432' title='bbox 2222 1569 2405 1614; x_wconf 89' lang='lat' dir='ltr'><strong><em>natura</em></strong></span> <span class='ocrx_word' id='word_1_433' title='bbox 2429 1558 2601 1625; x_wconf 90' lang='lat' dir='ltr'><strong><em>homo,</em></strong></span> <span class='ocrx_word' id='word_1_434' title='bbox 2623 1561 2773 1631; x_wconf 89' lang='lat' dir='ltr'><strong><em>cujus</em></strong></span> <span class='ocrx_word' id='word_1_435' title='bbox 2796 1559 2970 1612; x_wconf 88' lang='lat' dir='ltr'><strong><em>anima</em></strong></span> <span class='ocrx_word' id='word_1_436' title='bbox 2991 1559 3151 1613; x_wconf 88' lang='lat' dir='ltr'><strong><em>tristis</em></strong></span> <span class='ocrx_word' id='word_1_437' title='bbox 3178 1560 3290 1614; x_wconf 76' lang='lat' dir='ltr'><strong><em>est?</em></strong></span> <span class='ocrx_word' id='word_1_438' title='bbox 3315 1559 3514 1615; x_wconf 83' lang='lat' dir='ltr'><strong><em>Eodem</em></strong></span> <span class='ocrx_word' id='word_1_439' title='bbox 3544 1562 3670 1615; x_wconf 87' lang='lat' dir='ltr'><strong><em>modo</em></strong></span> <span class='ocrx_word' id='word_1_440' title='bbox 3742 1558 3743 1581; x_wconf 65' lang='lat'>’</span> 
     </span>
    </p>
   </div>
   <div class='ocr_carea' id='block_1_59' title="bbox 2123 1650 3672 1722">
    <p class='ocr_par' dir='ltr' id='par_1_59' title="bbox 2123 1650 3672 1722">
     <span class='ocr_line' id='line_1_59' title="bbox 2123 1650 3672 1722; baseline -0.001 -15"><span class='ocrx_word' id='word_1_441' title='bbox 2123 1653 2342 1707; x_wconf 58' lang='lat' dir='ltr'><strong><em>exteris</em></strong></span> <span class='ocrx_word' id='word_1_442' title='bbox 2374 1653 2425 1706; x_wconf 90' lang='lat' dir='ltr'><strong><em>in</em></strong></span> <span class='ocrx_word' id='word_1_443' title='bbox 2457 1650 2709 1706; x_wconf 77' lang='lat' dir='ltr'><strong><em>munibus</em></strong></span> <span class='ocrx_word' id='word_1_444' title='bbox 2740 1652 3135 1722; x_wconf 71' lang='lat' dir='ltr'><strong><em>qumstionibus</em></strong></span> <span class='ocrx_word' id='word_1_445' title='bbox 3155 1670 3311 1708; x_wconf 83' lang='lat' dir='ltr'><strong><em>suum</em></strong></span> <span class='ocrx_word' id='word_1_446' title='bbox 3341 1654 3481 1710; x_wconf 90' lang='lat' dir='ltr'><strong><em>hunc</em></strong></span> <span class='ocrx_word' id='word_1_447' title='bbox 3498 1654 3672 1709; x_wconf 79' lang='lat' dir='ltr'><strong><em>refricat</em></strong></span> 
     </span>
    </p>
   </div>
   <div class='ocr_carea' id='block_1_60' title="bbox 2122 1746 3672 1819">
    <p class='ocr_par' dir='ltr' id='par_1_60' title="bbox 2122 1746 3672 1819">
     <span class='ocr_line' id='line_1_60' title="bbox 2122 1746 3672 1819; baseline 0.002 -18"><span class='ocrx_word' id='word_1_448' title='bbox 2122 1762 2387 1801; x_wconf 86' lang='lat' dir='ltr'><strong><em>errorem.</em></strong></span> <span class='ocrx_word' id='word_1_449' title='bbox 2436 1746 2707 1802; x_wconf 82' lang='lat' dir='ltr'><strong><em>Christum</em></strong></span> <span class='ocrx_word' id='word_1_450' title='bbox 2756 1763 2978 1803; x_wconf 82' lang='lat' dir='ltr'><strong><em>veroex</em></strong></span> <span class='ocrx_word' id='word_1_451' title='bbox 3026 1748 3241 1819; x_wconf 81' lang='lat' dir='ltr'><strong><em>Virgine</em></strong></span> <span class='ocrx_word' id='word_1_452' title='bbox 3288 1758 3469 1805; x_wconf 87' lang='lat' dir='ltr'><strong><em>natum</em></strong></span> <span class='ocrx_word' id='word_1_453' title='bbox 3516 1751 3672 1805; x_wconf 84' lang='lat' dir='ltr'><strong><em>fatetur</em></strong></span> 
     </span>
    </p>
   </div>
   <div class='ocr_carea' id='block_1_61' title="bbox 2126 1838 3672 1913">
    <p class='ocr_par' dir='ltr' id='par_1_61' title="bbox 2126 1838 3672 1913">
     <span class='ocr_line' id='line_1_61' title="bbox 2126 1838 3672 1913; baseline -0.001 -18"><span class='ocrx_word' id='word_1_454' title='bbox 2126 1840 2265 1895; x_wconf 84' lang='lat' dir='ltr'><strong><em>idem</em></strong></span> <span class='ocrx_word' id='word_1_455' title='bbox 2294 1838 2509 1893; x_wconf 86' lang='lat' dir='ltr'><strong><em>Paulus.</em></strong></span> <span class='ocrx_word' id='word_1_456' title='bbox 2551 1838 2824 1908; x_wconf 83' lang='lat' dir='ltr'><strong><em>Scriptum&#39;</em></strong></span> <span class='ocrx_word' id='word_1_457' title='bbox 2855 1848 2927 1894; x_wconf 89' lang='lat' dir='ltr'><strong><em>est</em></strong></span> <span class='ocrx_word' id='word_1_458' title='bbox 2973 1841 3026 1894; x_wconf 90' lang='lat' dir='ltr'><strong><em>in</em></strong></span> <span class='ocrx_word' id='word_1_459' title='bbox 3074 1839 3358 1913; x_wconf 81' lang='lat' dir='ltr'><strong><em>Evangelia</em></strong></span> <span class='ocrx_word' id='word_1_460' title='bbox 3398 1842 3528 1911; x_wconf 89' lang='lat' dir='ltr'><strong><em>quod</em></strong></span> <span class='ocrx_word' id='word_1_461' title='bbox 3578 1858 3672 1909; x_wconf 73' lang='lat' dir='ltr'><strong><em>puer</em></strong></span> 
     </span>
    </p>
   </div>
   <div class='ocr_carea' id='block_1_62' title="bbox 2127 1934 3673 2006">
    <p class='ocr_par' dir='ltr' id='par_1_62' title="bbox 2127 1934 3673 2006">
     <span class='ocr_line' id='line_1_62' title="bbox 2127 1934 3673 2006; baseline 0.001 -19"><span class='ocrx_word' id='word_1_462' title='bbox 2127 1934 2381 1988; x_wconf 84' lang='lat' dir='ltr'><strong><em>crescebat</em></strong></span> <span class='ocrx_word' id='word_1_463' title='bbox 2458 1943 2503 1987; x_wconf 90' lang='lat' dir='ltr'><strong><em>et</em></strong></span> <span class='ocrx_word' id='word_1_464' title='bbox 2565 1934 2988 2006; x_wconf 82' lang='lat' dir='ltr'><strong><em>confortabatur,</em></strong></span> <span class='ocrx_word' id='word_1_465' title='bbox 3058 1936 3203 2004; x_wconf 85' lang='lat' dir='ltr'><strong><em>quasi</em></strong></span> <span class='ocrx_word' id='word_1_466' title='bbox 3271 1936 3520 1990; x_wconf 85' lang='lat' dir='ltr'><strong><em>diceret:</em></strong></span> <span class='ocrx_word' id='word_1_467' title='bbox 3561 1935 3673 1989; x_wconf 71' lang='lat' dir='ltr'><strong><em>Cres-</em></strong></span> 
     </span>
    </p>
   </div>
   <div class='ocr_carea' id='block_1_63' title="bbox 2125 2008 3676 2096">
    <p class='ocr_par' dir='ltr' id='par_1_63' title="bbox 2125 2008 3676 2096">
     <span class='ocr_line' id='line_1_63' title="bbox 2125 2008 3676 2096; baseline -0.003 -15"><span class='ocrx_word' id='word_1_468' title='bbox 2125 2026 2267 2081; x_wconf 85' lang='lat' dir='ltr'><strong><em>cebat</em></strong></span> <span class='ocrx_word' id='word_1_469' title='bbox 2314 2025 2490 2091; x_wconf 85' lang='lat' dir='ltr'><strong><em>Jesus,</em></strong></span> <span class='ocrx_word' id='word_1_470' title='bbox 2534 2041 2599 2079; x_wconf 76' lang='lat' dir='ltr'><strong><em>ex</em></strong></span> <span class='ocrx_word' id='word_1_471' title='bbox 2629 2008 2831 2094; x_wconf 85' lang='lat' dir='ltr'><strong><em>Spiritu</em></strong></span> <span class='ocrx_word' id='word_1_472' title='bbox 2878 2027 3069 2091; x_wconf 83' lang='lat' dir='ltr'><strong><em>Sancto</em></strong></span> <span class='ocrx_word' id='word_1_473' title='bbox 3098 2036 3146 2091; x_wconf 83' lang='lat' dir='ltr'><strong><em>et</em></strong></span> <span class='ocrx_word' id='word_1_474' title='bbox 3187 2043 3250 2081; x_wconf 81' lang='lat' dir='ltr'><strong><em>ea:</em></strong></span> <span class='ocrx_word' id='word_1_475' title='bbox 3301 2026 3472 2081; x_wconf 77' lang='lat' dir='ltr'><strong><em>Maria</em></strong></span> <span class='ocrx_word' id='word_1_476' title='bbox 3512 2025 3676 2096; x_wconf 75' lang='lat' dir='ltr'><strong><em>Virgine</em></strong></span> 
     </span>
    </p>
   </div>
   <div class='ocr_carea' id='block_1_64' title="bbox 2026 2117 3672 2195">
    <p class='ocr_par' dir='ltr' id='par_1_64' title="bbox 2026 2117 3672 2195">
     <span class='ocr_line' id='line_1_64' title="bbox 2026 2117 3672 2195; baseline -0.001 -24"><span class='ocrx_word' id='word_1_477' title='bbox 2026 2142 2034 2146; x_wconf 54' lang='grc'>&lt;</span> <span class='ocrx_word' id='word_1_478' title='bbox 2126 2130 2298 2174; x_wconf 83' lang='lat' dir='ltr'><strong><em>natus.</em></strong></span> <span class='ocrx_word' id='word_1_479' title='bbox 2333 2118 2558 2172; x_wconf 80' lang='lat' dir='ltr'><strong><em>Ebinnis</em></strong></span> <span class='ocrx_word' id='word_1_480' title='bbox 2609 2117 2883 2173; x_wconf 67' lang='lat' dir='ltr'><strong><em>inhtcrens</em></strong></span> <span class='ocrx_word' id='word_1_481' title='bbox 2920 2119 3127 2195; x_wconf 82' lang='lat' dir='ltr'><strong><em>errari,</em></strong></span> <span class='ocrx_word' id='word_1_482' title='bbox 3162 2118 3288 2190; x_wconf 81' lang='lat' dir='ltr'><strong><em>qui,</em></strong></span> <span class='ocrx_word' id='word_1_483' title='bbox 3306 2129 3362 2177; x_wconf 87' lang='lat' dir='ltr'><strong><em>et</em></strong></span> <span class='ocrx_word' id='word_1_484' title='bbox 3388 2120 3499 2189; x_wconf 90' lang='lat' dir='ltr'><strong><em>ipse</em></strong></span> <span class='ocrx_word' id='word_1_485' title='bbox 3527 2119 3672 2173; x_wconf 81' lang='lat' dir='ltr'><strong><em>Jesuut</em></strong></span> 
     </span>
    </p>
   </div>
   <div class='ocr_carea' id='block_1_65' title="bbox 2125 2210 3673 2282">
    <p class='ocr_par' dir='ltr' id='par_1_65' title="bbox 2125 2210 3673 2282">
     <span class='ocr_line' id='line_1_65' title="bbox 2125 2210 3673 2282; baseline 0 -17"><span class='ocrx_word' id='word_1_486' title='bbox 2125 2212 2250 2281; x_wconf 71' lang='lat' dir='ltr'><strong><em>(ut,</em></strong></span> <span class='ocrx_word' id='word_1_487' title='bbox 2267 2226 2332 2265; x_wconf 83' lang='lat' dir='ltr'><strong><em>ex</em></strong></span> <span class='ocrx_word' id='word_1_488' title='bbox 2376 2210 2580 2279; x_wconf 81' lang='lat' dir='ltr'><strong><em>Hilario</em></strong></span> <span class='ocrx_word' id='word_1_489' title='bbox 2612 2226 2772 2282; x_wconf 88' lang='lat' dir='ltr'><strong><em>supra</em></strong></span> <span class='ocrx_word' id='word_1_490' title='bbox 2826 2213 3148 2280; x_wconf 86' lang='lat' dir='ltr'><strong><em>retulimus)</em></strong></span> <span class='ocrx_word' id='word_1_491' title='bbox 3179 2227 3245 2266; x_wconf 79' lang='lat' dir='ltr'><strong><em>ex</em></strong></span> <span class='ocrx_word' id='word_1_492' title='bbox 3287 2211 3499 2282; x_wconf 82' lang='lat' dir='ltr'><strong><em>Virgine</em></strong></span> <span class='ocrx_word' id='word_1_493' title='bbox 3526 2222 3673 2265; x_wconf 87' lang='lat' dir='ltr'><strong><em>natum</em></strong></span> 
     </span>
    </p>
   </div>
   <div class='ocr_carea' id='block_1_66' title="bbox 2125 2293 3678 2373">
    <p class='ocr_par' dir='ltr' id='par_1_66' title="bbox 2125 2293 3678 2373">
     <span class='ocr_line' id='line_1_66' title="bbox 2125 2293 3678 2373; baseline 0.001 -19"><span class='ocrx_word' id='word_1_494' title='bbox 2125 2302 2405 2371; x_wconf 80' lang='lat' dir='ltr'><strong><em>agnoscit;</em></strong></span> <span class='ocrx_word' id='word_1_495' title='bbox 2444 2303 2494 2356; x_wconf 88' lang='lat' dir='ltr'><strong><em>in</em></strong></span> <span class='ocrx_word' id='word_1_496' title='bbox 2543 2317 2610 2357; x_wconf 91' lang='lat' dir='ltr'><strong><em>eo</em></strong></span> <span class='ocrx_word' id='word_1_497' title='bbox 2639 2318 2670 2356; x_wconf 91' lang='lat' dir='ltr'><strong><em>a</em></strong></span> <span class='ocrx_word' id='word_1_498' title='bbox 2717 2301 2978 2359; x_wconf 88' lang='lat' dir='ltr'><strong><em>Cerintho</em></strong></span> <span class='ocrx_word' id='word_1_499' title='bbox 3031 2314 3085 2360; x_wconf 91' lang='lat' dir='ltr'><strong><em>et</em></strong></span> <span class='ocrx_word' id='word_1_500' title='bbox 3138 2303 3463 2373; x_wconf 82' lang='lat' dir='ltr'><strong><em>Carpocrate</em></strong></span> <span class='ocrx_word' id='word_1_501' title='bbox 3510 2293 3678 2357; x_wconf 85' lang='lat' dir='ltr'><strong><em>discor-</em></strong></span> 
     </span>
    </p>
   </div>
   <div class='ocr_carea' id='block_1_67' title="bbox 2125 2394 3675 2464">
    <p class='ocr_par' dir='ltr' id='par_1_67' title="bbox 2125 2394 3675 2464">
     <span class='ocr_line' id='line_1_67' title="bbox 2125 2394 3675 2464; baseline -0.003 -16"><span class='ocrx_word' id='word_1_502' title='bbox 2125 2394 2283 2461; x_wconf 87' lang='lat' dir='ltr'><strong><em>dans,</em></strong></span> <span class='ocrx_word' id='word_1_503' title='bbox 2314 2395 2403 2464; x_wconf 88' lang='lat' dir='ltr'><strong><em>qui</em></strong></span> <span class='ocrx_word' id='word_1_504' title='bbox 2451 2394 2722 2449; x_wconf 78' lang='lat' dir='ltr'><strong><em>Christum</em></strong></span> <span class='ocrx_word' id='word_1_505' title='bbox 2756 2396 3015 2451; x_wconf 88' lang='lat' dir='ltr'><strong><em>volebant</em></strong></span> <span class='ocrx_word' id='word_1_506' title='bbox 3055 2406 3233 2449; x_wconf 88' lang='lat' dir='ltr'><strong><em>natum</em></strong></span> <span class='ocrx_word' id='word_1_507' title='bbox 3280 2412 3390 2450; x_wconf 88' lang='lat' dir='ltr'><strong><em>esse</em></strong></span> <span class='ocrx_word' id='word_1_508' title='bbox 3437 2396 3675 2451; x_wconf 76' lang='lat' dir='ltr'><strong><em>secundum</em></strong></span> 
     </span>
    </p>
   </div>
   <div class='ocr_carea' id='block_1_68' title="bbox 2124 2484 3676 2561">
    <p class='ocr_par' dir='ltr' id='par_1_68' title="bbox 2124 2484 3676 2561">
     <span class='ocr_line' id='line_1_68' title="bbox 2124 2484 3676 2561; baseline -0.003 -18"><span class='ocrx_word' id='word_1_509' title='bbox 2124 2500 2367 2543; x_wconf 84' lang='lat' dir='ltr'><strong><em>naturam</em></strong></span> <span class='ocrx_word' id='word_1_510' title='bbox 2389 2504 2452 2542; x_wconf 81' lang='lat' dir='ltr'><strong><em>ea:</em></strong></span> <span class='ocrx_word' id='word_1_511' title='bbox 2481 2489 2590 2542; x_wconf 85' lang='lat' dir='ltr'><strong><em>viro</em></strong></span> <span class='ocrx_word' id='word_1_512' title='bbox 2618 2497 2676 2561; x_wconf 46' lang='lat' dir='ltr'><strong><em>et.</em></strong></span> <span class='ocrx_word' id='word_1_513' title='bbox 2714 2489 2963 2554; x_wconf 84' lang='lat' dir='ltr'><strong><em>muliere;</em></strong></span> <span class='ocrx_word' id='word_1_514' title='bbox 2994 2484 3172 2559; x_wconf 80' lang='lat' dir='ltr'><strong><em>nempe</em></strong></span> <span class='ocrx_word' id='word_1_515' title='bbox 3197 2504 3260 2543; x_wconf 83' lang='lat' dir='ltr'><strong><em>ea:</em></strong></span> <span class='ocrx_word' id='word_1_516' title='bbox 3287 2486 3477 2558; x_wconf 70' lang='lat' dir='ltr'><strong><em>Ioseph</em></strong></span> <span class='ocrx_word' id='word_1_517' title='bbox 3504 2498 3543 2541; x_wconf 85' lang='lat' dir='ltr'><strong><em>et</em></strong></span> <span class='ocrx_word' id='word_1_518' title='bbox 3568 2484 3676 2540; x_wconf 74' lang='grc' dir='ltr'><strong><em>-Πα-</em></strong></span> 
     </span>
    </p>
   </div>
   <div class='ocr_carea' id='block_1_69' title="bbox 2124 2581 3674 2652">
    <p class='ocr_par' dir='ltr' id='par_1_69' title="bbox 2124 2581 3674 2652">
     <span class='ocr_line' id='line_1_69' title="bbox 2124 2581 3674 2652; baseline -0.005 -14"><span class='ocrx_word' id='word_1_519' title='bbox 2124 2586 2225 2649; x_wconf 91' lang='lat' dir='ltr'><strong><em>ria,</em></strong></span> <span class='ocrx_word' id='word_1_520' title='bbox 2262 2594 2307 2637; x_wconf 89' lang='lat' dir='ltr'><strong><em>et</em></strong></span> <span class='ocrx_word' id='word_1_521' title='bbox 2339 2586 2402 2637; x_wconf 90' lang='lat' dir='ltr'><strong><em>de</em></strong></span> <span class='ocrx_word' id='word_1_522' title='bbox 2432 2590 2646 2652; x_wconf 86' lang='lat' dir='ltr'><strong><em>utroque</em></strong></span> <span class='ocrx_word' id='word_1_523' title='bbox 2690 2581 2833 2638; x_wconf 56' lang='lat' dir='ltr'><strong><em>seru.</em></strong></span> <span class='ocrx_word' id='word_1_524' title='bbox 2890 2583 3270 2638; x_wconf 84' lang='lat' dir='ltr'><strong><em>Theodoretus</em></strong></span> <span class='ocrx_word' id='word_1_525' title='bbox 3323 2591 3499 2636; x_wconf 80' lang='lat' dir='ltr'><strong><em>tamen</em></strong></span> <span class='ocrx_word' id='word_1_526' title='bbox 3536 2582 3674 2649; x_wconf 83' lang='lat' dir='ltr'><strong><em>ipsum</em></strong></span> 
     </span>
    </p>
   </div>
   <div class='ocr_carea' id='block_1_70' title="bbox 2124 2672 3676 2753">
    <p class='ocr_par' dir='ltr' id='par_1_70' title="bbox 2124 2672 3676 2753">
     <span class='ocr_line' id='line_1_70' title="bbox 2124 2672 3676 2753; baseline -0.004 -22"><span class='ocrx_word' id='word_1_527' title='bbox 2124 2693 2342 2749; x_wconf 88' lang='lat' dir='ltr'><strong><em>quoque</em></strong></span> <span class='ocrx_word' id='word_1_528' title='bbox 2376 2678 2638 2733; x_wconf 86' lang='lat' dir='ltr'><strong><em>Ebionem</em></strong></span> <span class='ocrx_word' id='word_1_529' title='bbox 2671 2677 2925 2733; x_wconf 84' lang='lat' dir='ltr'><strong><em>docuisse</em></strong></span> <span class='ocrx_word' id='word_1_530' title='bbox 2955 2675 3203 2746; x_wconf 87' lang='lat' dir='ltr'><strong><em>perhibet</em></strong></span> <span class='ocrx_word' id='word_1_531' title='bbox 3234 2674 3502 2753; x_wconf 75' lang='lat' dir='ltr'><strong><em>Christum</em></strong></span> <span class='ocrx_word' id='word_1_532' title='bbox 3532 2690 3585 2728; x_wconf 70' lang='lat' dir='ltr'><strong><em>ex</em></strong></span> <span class='ocrx_word' id='word_1_533' title='bbox 3604 2672 3676 2726; x_wconf 80' lang='lat' dir='ltr'><strong><em>le-</em></strong></span> 
     </span>
    </p>
   </div>
   <div class='ocr_carea' id='block_1_71' title="bbox 2124 2767 3679 2842">
    <p class='ocr_par' dir='ltr' id='par_1_71' title="bbox 2124 2767 3679 2842">
     <span class='ocr_line' id='line_1_71' title="bbox 2124 2767 3679 2842; baseline -0.008 -15"><span class='ocrx_word' id='word_1_534' title='bbox 2124 2774 2249 2842; x_wconf 88' lang='lat' dir='ltr'><strong><em>seph</em></strong></span> <span class='ocrx_word' id='word_1_535' title='bbox 2297 2781 2342 2825; x_wconf 92' lang='lat' dir='ltr'><strong><em>et</em></strong></span> <span class='ocrx_word' id='word_1_536' title='bbox 2374 2770 2541 2825; x_wconf 83' lang='lat' dir='ltr'><strong><em>Maria</em></strong></span> <span class='ocrx_word' id='word_1_537' title='bbox 2586 2787 2693 2825; x_wconf 88' lang='lat' dir='ltr'><strong><em>esse</em></strong></span> <span class='ocrx_word' id='word_1_538' title='bbox 2734 2779 2909 2824; x_wconf 85' lang='lat' dir='ltr'><strong><em>natum</em></strong></span> <span class='ocrx_word' id='word_1_539' title='bbox 2956 2768 3067 2841; x_wconf 87' lang='lat' dir='ltr'><strong><em>(lib.</em></strong></span> <span class='ocrx_word' id='word_1_540' title='bbox 3117 2784 3154 2823; x_wconf 87' lang='lat' dir='ltr'><strong><em>ll</em></strong></span> <span class='ocrx_word' id='word_1_541' title='bbox 3194 2769 3258 2822; x_wconf 89' lang='lat' dir='ltr'><strong><em>de</em></strong></span> <span class='ocrx_word' id='word_1_542' title='bbox 3316 2767 3570 2827; x_wconf 79' lang='lat' dir='ltr'><strong><em>Ha’reticis</em></strong></span> <span class='ocrx_word' id='word_1_543' title='bbox 3618 2769 3679 2833; x_wconf 75' lang='lat' dir='ltr'><strong><em>{a—</em></strong></span> 
     </span>
    </p>
   </div>
   <div class='ocr_carea' id='block_1_72' title="bbox 2124 2862 3679 2936">
    <p class='ocr_par' dir='ltr' id='par_1_72' title="bbox 2124 2862 3679 2936">
     <span class='ocr_line' id='line_1_72' title="bbox 2124 2862 3679 2936; baseline -0.005 -17"><span class='ocrx_word' id='word_1_544' title='bbox 2124 2868 2257 2921; x_wconf 84' lang='lat' dir='ltr'><strong><em>bulis</em></strong></span> <span class='ocrx_word' id='word_1_545' title='bbox 2286 2867 2349 2921; x_wconf 89' lang='lat' dir='ltr'><strong><em>de</em></strong></span> <span class='ocrx_word' id='word_1_546' title='bbox 2378 2864 2679 2936; x_wconf 84' lang='lat' dir='ltr'><strong><em>Ebionitis).</em></strong></span> <span class='ocrx_word' id='word_1_547' title='bbox 2730 2865 2871 2919; x_wconf 90' lang='lat' dir='ltr'><strong><em>Duas</em></strong></span> <span class='ocrx_word' id='word_1_548' title='bbox 2910 2873 3088 2917; x_wconf 89' lang='lat' dir='ltr'><strong><em>tamen</em></strong></span> <span class='ocrx_word' id='word_1_549' title='bbox 3124 2862 3495 2917; x_wconf 85' lang='lat' dir='ltr'><strong><em>Ebionitarum</em></strong></span> <span class='ocrx_word' id='word_1_550' title='bbox 3533 2868 3679 2913; x_wconf 73' lang='lat' dir='ltr'><strong><em>sect-ts</em></strong></span> 
     </span>
    </p>
   </div>
   <div class='ocr_carea' id='block_1_73' title="bbox 2124 2948 3677 3031">
    <p class='ocr_par' dir='ltr' id='par_1_73' title="bbox 2124 2948 3677 3031">
     <span class='ocr_line' id='line_1_73' title="bbox 2124 2948 3677 3031; baseline -0.008 -16"><span class='ocrx_word' id='word_1_551' title='bbox 2124 2960 2426 3031; x_wconf 77' lang='lat' dir='ltr'><strong><em>distinguit,</em></strong></span> <span class='ocrx_word' id='word_1_552' title='bbox 2462 2976 2580 3029; x_wconf 73' lang='lat' dir='ltr'><strong><em>qua:</em></strong></span> <span class='ocrx_word' id='word_1_553' title='bbox 2605 2960 2657 3014; x_wconf 91' lang='lat' dir='ltr'><strong><em>iu</em></strong></span> <span class='ocrx_word' id='word_1_554' title='bbox 2688 2974 2756 3013; x_wconf 89' lang='lat' dir='ltr'><strong><em>eo</em></strong></span> <span class='ocrx_word' id='word_1_555' title='bbox 2795 2967 3000 3011; x_wconf 86' lang='lat' dir='ltr'><strong><em>tantum</em></strong></span> <span class='ocrx_word' id='word_1_556' title='bbox 3028 2954 3312 3011; x_wconf 83' lang='lat' dir='ltr'><strong><em>discordes</em></strong></span> <span class='ocrx_word' id='word_1_557' title='bbox 3359 2963 3535 3017; x_wconf 84' lang='lat' dir='ltr'><strong><em>erant,</em></strong></span> <span class='ocrx_word' id='word_1_558' title='bbox 3562 2948 3677 3021; x_wconf 80' lang='lat' dir='ltr'><strong><em>quod</em></strong></span> 
     </span>
    </p>
   </div>
   <div class='ocr_carea' id='block_1_74' title="bbox 2125 3045 3677 3120">
    <p class='ocr_par' dir='ltr' id='par_1_74' title="bbox 2125 3045 3677 3120">
     <span class='ocr_line' id='line_1_74' title="bbox 2125 3045 3677 3120; baseline -0.01 -11"><span class='ocrx_word' id='word_1_559' title='bbox 2125 3070 2226 3109; x_wconf 91' lang='lat' dir='ltr'><strong><em>una</em></strong></span> <span class='ocrx_word' id='word_1_560' title='bbox 2247 3050 2531 3109; x_wconf 75' lang='lat' dir='ltr'><strong><em>Christum</em></strong></span> <span class='ocrx_word' id='word_1_561' title='bbox 2580 3067 2647 3105; x_wconf 75' lang='lat' dir='ltr'><strong><em>ex</em></strong></span> <span class='ocrx_word' id='word_1_562' title='bbox 2694 3059 2923 3120; x_wconf 89' lang='lat' dir='ltr'><strong><em>utroque</em></strong></span> <span class='ocrx_word' id='word_1_563' title='bbox 2951 3064 3084 3104; x_wconf 78' lang='lat' dir='ltr'><strong><em>sexu</em></strong></span> <span class='ocrx_word' id='word_1_564' title='bbox 3112 3057 3296 3102; x_wconf 88' lang='lat' dir='ltr'><strong><em>natum</em></strong></span> <span class='ocrx_word' id='word_1_565' title='bbox 3341 3047 3520 3109; x_wconf 81' lang='lat' dir='ltr'><strong><em>vellet,</em></strong></span> <span class='ocrx_word' id='word_1_566' title='bbox 3542 3045 3677 3098; x_wconf 79' lang='lat' dir='ltr'><strong><em>altera</em></strong></span> 
     </span>
    </p>
   </div>
   <div class='ocr_carea' id='block_1_75' title="bbox 2123 3136 3679 3215">
    <p class='ocr_par' dir='ltr' id='par_1_75' title="bbox 2123 3136 3679 3215">
     <span class='ocr_line' id='line_1_75' title="bbox 2123 3136 3679 3215; baseline -0.01 -13"><span class='ocrx_word' id='word_1_567' title='bbox 2123 3162 2187 3202; x_wconf 82' lang='lat' dir='ltr'><strong><em>ex</em></strong></span> <span class='ocrx_word' id='word_1_568' title='bbox 2221 3145 2465 3215; x_wconf 72' lang='lat' dir='ltr'><strong><em>Virgine.</em></strong></span> <span class='ocrx_word' id='word_1_569' title='bbox 2499 3143 2651 3210; x_wconf 86' lang='lat' dir='ltr'><strong><em>Quod</em></strong></span> <span class='ocrx_word' id='word_1_570' title='bbox 2677 3152 2747 3198; x_wconf 73' lang='lat' dir='ltr'><strong><em>&#39;et</em></strong></span> <span class='ocrx_word' id='word_1_571' title='bbox 2792 3140 3060 3197; x_wconf 83' lang='lat' dir='ltr'><strong><em>Eusebius</em></strong></span> <span class='ocrx_word' id='word_1_572' title='bbox 3108 3140 3350 3195; x_wconf 77' lang='lat' dir='ltr'><strong><em>affirmat</em></strong></span> <span class='ocrx_word' id='word_1_573' title='bbox 3391 3138 3534 3210; x_wconf 82' lang='lat' dir='ltr'><strong><em>(Eas.</em></strong></span> <span class='ocrx_word' id='word_1_574' title='bbox 3562 3136 3679 3190; x_wconf 76' lang='lat' dir='ltr'><strong><em>Itin.</em></strong></span> 
     </span>
    </p>
   </div>
   <div class='ocr_carea' id='block_1_76' title="bbox 2123 3229 3679 3307">
    <p class='ocr_par' dir='ltr' id='par_1_76' title="bbox 2123 3229 3679 3307">
     <span class='ocr_line' id='line_1_76' title="bbox 2123 3229 3679 3307; baseline -0.01 -15"><span class='ocrx_word' id='word_1_575' title='bbox 2123 3238 2162 3292; x_wconf 85' lang='grc' dir='ltr'><strong><em>ι.</em></strong></span> <span class='ocrx_word' id='word_1_576' title='bbox 2198 3253 2277 3302; x_wconf 86' lang='lat' dir='ltr'><strong><em>Ill,</em></strong></span> <span class='ocrx_word' id='word_1_577' title='bbox 2312 3254 2429 3305; x_wconf 88' lang='lat' dir='ltr'><strong><em>cap.</em></strong></span> <span class='ocrx_word' id='word_1_578' title='bbox 2478 3236 2557 3307; x_wconf 80' lang='grc'><strong><em>5).</em></strong></span> <span class='ocrx_word' id='word_1_579' title='bbox 2604 3234 2861 3303; x_wconf 86' lang='lat' dir='ltr'><strong><em>Quamvis</em></strong></span> <span class='ocrx_word' id='word_1_580' title='bbox 2912 3242 3090 3288; x_wconf 87' lang='lat' dir='ltr'><strong><em>autem</em></strong></span> <span class='ocrx_word' id='word_1_581' title='bbox 3122 3231 3400 3287; x_wconf 88' lang='lat' dir='ltr'><strong><em>Christum</em></strong></span> <span class='ocrx_word' id='word_1_582' title='bbox 3445 3229 3679 3286; x_wconf 84' lang='lat' dir='ltr'><strong><em>hominem</em></strong></span> 
     </span>
    </p>
   </div>
   <div class='ocr_carea' id='block_1_77' title="bbox 2124 3321 3680 3397">
    <p class='ocr_par' dir='ltr' id='par_1_77' title="bbox 2124 3321 3680 3397">
     <span class='ocr_line' id='line_1_77' title="bbox 2124 3321 3680 3397; baseline -0.008 -12"><span class='ocrx_word' id='word_1_583' title='bbox 2124 3331 2329 3386; x_wconf 86' lang='lat' dir='ltr'><strong><em>diceret</em></strong></span> <span class='ocrx_word' id='word_1_584' title='bbox 2350 3328 2772 3392; x_wconf 76' lang='lat' dir='ltr'><strong><em>Samosateusis,</em></strong></span> <span class='ocrx_word' id='word_1_585' title='bbox 2798 3336 3135 3397; x_wconf 85' lang='lat' dir='ltr'><strong><em>assumptum</em></strong></span> <span class='ocrx_word' id='word_1_586' title='bbox 3163 3338 3345 3380; x_wconf 87' lang='lat' dir='ltr'><strong><em>tamen</em></strong></span> <span class='ocrx_word' id='word_1_587' title='bbox 3370 3332 3572 3394; x_wconf 86' lang='lat' dir='ltr'><strong><em>propter</em></strong></span> <span class='ocrx_word' id='word_1_588' title='bbox 3589 3321 3680 3375; x_wconf 78' lang='lat' dir='ltr'><strong><em>exi-</em></strong></span> 
     </span>
    </p>
   </div>
   <div class='ocr_carea' id='block_1_78' title="bbox 2123 3415 3679 3485">
    <p class='ocr_par' dir='ltr' id='par_1_78' title="bbox 2123 3415 3679 3485">
     <span class='ocr_line' id='line_1_78' title="bbox 2123 3415 3679 3485; baseline -0.008 -8"><span class='ocrx_word' id='word_1_589' title='bbox 2123 3425 2285 3477; x_wconf 88' lang='lat' dir='ltr'><strong><em>miam</em></strong></span> <span class='ocrx_word' id='word_1_590' title='bbox 2344 3422 2605 3477; x_wconf 79' lang='lat' dir='ltr'><strong><em>Virtutem</em></strong></span> <span class='ocrx_word' id='word_1_591' title='bbox 2665 3422 2715 3476; x_wconf 93' lang='lat' dir='ltr'><strong><em>in</em></strong></span> <span class='ocrx_word' id='word_1_592' title='bbox 2751 3421 2915 3475; x_wconf 88' lang='lat' dir='ltr'><strong><em>Deum</em></strong></span> <span class='ocrx_word' id='word_1_593' title='bbox 2964 3419 3166 3473; x_wconf 87' lang='lat' dir='ltr'><strong><em>voluit:</em></strong></span> <span class='ocrx_word' id='word_1_594' title='bbox 3200 3419 3272 3472; x_wconf 87' lang='lat' dir='ltr'><strong><em>ita</em></strong></span> <span class='ocrx_word' id='word_1_595' title='bbox 3305 3426 3491 3472; x_wconf 89' lang='lat' dir='ltr'><strong><em>contra</em></strong></span> <span class='ocrx_word' id='word_1_596' title='bbox 3538 3415 3679 3485; x_wconf 75' lang='lat' dir='ltr'><strong><em>ipsum</em></strong></span> 
     </span>
    </p>
   </div>
   <div class='ocr_carea' id='block_1_79' title="bbox 2127 3507 3677 3588">
    <p class='ocr_par' dir='ltr' id='par_1_79' title="bbox 2127 3507 3677 3588">
     <span class='ocr_line' id='line_1_79' title="bbox 2127 3507 3677 3588; baseline -0.01 -18"><span class='ocrx_word' id='word_1_597' title='bbox 2127 3516 2455 3588; x_wconf 73' lang='lat' dir='ltr'><strong><em>Dionysius:</em></strong></span> <span class='ocrx_word' id='word_1_598' title='bbox 2497 3513 2650 3567; x_wconf 84' lang='lat' dir='ltr'><strong><em>Vides</em></strong></span> <span class='ocrx_word' id='word_1_599' title='bbox 2695 3514 2749 3566; x_wconf 88' lang='lat' dir='ltr'><strong><em>in</em></strong></span> <span class='ocrx_word' id='word_1_600' title='bbox 2778 3523 3025 3580; x_wconf 85' lang='lat' dir='ltr'><strong><em>quantum</em></strong></span> <span class='ocrx_word' id='word_1_601' title='bbox 3067 3509 3279 3565; x_wconf 86' lang='lat' dir='ltr'><strong><em>absurdi</em></strong></span> <span class='ocrx_word' id='word_1_602' title='bbox 3310 3518 3359 3563; x_wconf 90' lang='lat' dir='ltr'><strong><em>te</em></strong></span> <span class='ocrx_word' id='word_1_603' title='bbox 3404 3507 3677 3579; x_wconf 64' lang='lat' dir='ltr'><strong><em>pracipuos,</em></strong></span> 
     </span>
    </p>
   </div>
   <div class='ocr_carea' id='block_1_80' title="bbox 2123 3598 3680 3673">
    <p class='ocr_par' dir='ltr' id='par_1_80' title="bbox 2123 3598 3680 3673">
     <span class='ocr_line' id='line_1_80' title="bbox 2123 3598 3680 3673; baseline -0.009 -12"><span class='ocrx_word' id='word_1_604' title='bbox 2123 3625 2241 3662; x_wconf 89' lang='lat' dir='ltr'><strong><em>cum</em></strong></span> <span class='ocrx_word' id='word_1_605' title='bbox 2288 3609 2417 3661; x_wconf 89' lang='lat' dir='ltr'><strong><em>dicis</em></strong></span> <span class='ocrx_word' id='word_1_606' title='bbox 2478 3605 2654 3661; x_wconf 87' lang='lat' dir='ltr'><strong><em>Virum</em></strong></span> <span class='ocrx_word' id='word_1_607' title='bbox 2705 3612 2965 3673; x_wconf 82' lang='lat' dir='ltr'><strong><em>sumptum</em></strong></span> <span class='ocrx_word' id='word_1_608' title='bbox 3016 3620 3048 3656; x_wconf 91' lang='lat' dir='ltr'><strong><em>a</em></strong></span> <span class='ocrx_word' id='word_1_609' title='bbox 3081 3604 3187 3657; x_wconf 79' lang='lat' dir='ltr'><strong><em>Deo</em></strong></span> <span class='ocrx_word' id='word_1_610' title='bbox 3230 3600 3413 3657; x_wconf 87' lang='lat' dir='ltr'><strong><em>Verbo.</em></strong></span> <span class='ocrx_word' id='word_1_611' title='bbox 3458 3598 3680 3668; x_wconf 68' lang='lat' dir='ltr'><strong><em>Superius</em></strong></span> 
     </span>
    </p>
   </div>
   <div class='ocr_carea' id='block_1_81' title="bbox 2126 3680 3679 3756">
    <p class='ocr_par' dir='ltr' id='par_1_81' title="bbox 2126 3680 3679 3756">
     <span class='ocr_line' id='line_1_81' title="bbox 2126 3680 3679 3756; baseline -0.01 0"><span class='ocrx_word' id='word_1_612' title='bbox 2126 3702 2287 3756; x_wconf 86' lang='lat' dir='ltr'><strong><em>etiam</em></strong></span> <span class='ocrx_word' id='word_1_613' title='bbox 2312 3719 2325 3755; x_wconf 90' lang='lat'><strong>:</strong></span> <span class='ocrx_word' id='word_1_614' title='bbox 2354 3699 2653 3754; x_wconf 87' lang='lat' dir='ltr'><strong><em>Absurdum</em></strong></span> <span class='ocrx_word' id='word_1_615' title='bbox 2680 3680 2851 3753; x_wconf 86' lang='lat' dir='ltr'><strong><em>autem</em></strong></span> <span class='ocrx_word' id='word_1_616' title='bbox 2878 3708 2951 3752; x_wconf 91' lang='lat' dir='ltr'><strong><em>est</em></strong></span> <span class='ocrx_word' id='word_1_617' title='bbox 2982 3698 3151 3751; x_wconf 87' lang='lat' dir='ltr'><strong><em>dicere</em></strong></span> <span class='ocrx_word' id='word_1_618' title='bbox 3176 3696 3433 3749; x_wconf 90' lang='lat' dir='ltr'><strong><em>hominem</em></strong></span> <span class='ocrx_word' id='word_1_619' title='bbox 3459 3682 3679 3749; x_wconf 80' lang='lat' dir='ltr'><strong><em>Christum</em></strong></span> 
     </span>
    </p>
   </div>
   <div class='ocr_carea' id='block_1_82' title="bbox 2126 3788 3682 3866">
    <p class='ocr_par' dir='ltr' id='par_1_82' title="bbox 2126 3788 3682 3866">
     <span class='ocr_line' id='line_1_82' title="bbox 2126 3788 3682 3866; baseline -0.01 -17"><span class='ocrx_word' id='word_1_620' title='bbox 2126 3796 2291 3866; x_wconf 87' lang='lat' dir='ltr'><strong><em>magis</em></strong></span> <span class='ocrx_word' id='word_1_621' title='bbox 2314 3794 2420 3849; x_wconf 87' lang='lat' dir='ltr'><strong><em>Deo</em></strong></span> <span class='ocrx_word' id='word_1_622' title='bbox 2444 3794 2698 3866; x_wconf 86' lang='lat' dir='ltr'><strong><em>placuisse</em></strong></span> <span class='ocrx_word' id='word_1_623' title='bbox 2722 3809 2877 3866; x_wconf 87' lang='lat' dir='ltr'><strong><em>quam</em></strong></span> <span class='ocrx_word' id='word_1_624' title='bbox 2908 3808 3083 3845; x_wconf 88' lang='lat' dir='ltr'><strong><em>omnes</em></strong></span> <span class='ocrx_word' id='word_1_625' title='bbox 3114 3791 3345 3844; x_wconf 87' lang='lat' dir='ltr'><strong><em>homines</em></strong></span> <span class='ocrx_word' id='word_1_626' title='bbox 3392 3789 3457 3841; x_wconf 89' lang='lat' dir='ltr'><strong><em>ad</em></strong></span> <span class='ocrx_word' id='word_1_627' title='bbox 3486 3788 3682 3841; x_wconf 79' lang='lat' dir='ltr'><strong><em>habitan-</em></strong></span> 
     </span>
    </p>
   </div>
   <div class='ocr_carea' id='block_1_83' title="bbox 2126 3884 3680 3956">
    <p class='ocr_par' dir='ltr' id='par_1_83' title="bbox 2126 3884 3680 3956">
     <span class='ocr_line' id='line_1_83' title="bbox 2126 3884 3680 3956; baseline -0.009 -13"><span class='ocrx_word' id='word_1_628' title='bbox 2126 3891 2246 3943; x_wconf 87' lang='lat' dir='ltr'><strong><em>dum</em></strong></span> <span class='ocrx_word' id='word_1_629' title='bbox 2278 3891 2330 3942; x_wconf 87' lang='lat' dir='ltr'><strong><em>in</em></strong></span> <span class='ocrx_word' id='word_1_630' title='bbox 2363 3906 2441 3943; x_wconf 90' lang='lat' dir='ltr'><strong><em>eo.</em></strong></span> <span class='ocrx_word' id='word_1_631' title='bbox 2476 3889 2639 3942; x_wconf 87' lang='lat' dir='ltr'><strong><em>Deum</em></strong></span> <span class='ocrx_word' id='word_1_632' title='bbox 2676 3888 2856 3956; x_wconf 77' lang='lat' dir='ltr'><strong><em>itaque</em></strong></span> <span class='ocrx_word' id='word_1_633' title='bbox 2890 3886 3155 3940; x_wconf 77' lang='lat' dir='ltr'><strong><em>fatebatur</em></strong></span> <span class='ocrx_word' id='word_1_634' title='bbox 3182 3884 3456 3940; x_wconf 87' lang='lat' dir='ltr'><strong><em>Christum</em></strong></span> <span class='ocrx_word' id='word_1_635' title='bbox 3485 3898 3579 3937; x_wconf 88' lang='lat' dir='ltr'><strong><em>non</em></strong></span> <span class='ocrx_word' id='word_1_636' title='bbox 3608 3896 3680 3933; x_wconf 81' lang='lat' dir='ltr'><strong><em>m-</em></strong></span> 
     </span>
    </p>
   </div>
   <div class='ocr_carea' id='block_1_84' title="bbox 2124 3972 3677 4051">
    <p class='ocr_par' dir='ltr' id='par_1_84' title="bbox 2124 3972 3677 4051">
     <span class='ocr_line' id='line_1_84' title="bbox 2124 3972 3677 4051; baseline -0.01 -13"><span class='ocrx_word' id='word_1_637' title='bbox 2124 3993 2268 4048; x_wconf 89' lang='lat' dir='ltr'><strong><em>tura,</em></strong></span> <span class='ocrx_word' id='word_1_638' title='bbox 2297 3982 2392 4037; x_wconf 87' lang='lat' dir='ltr'><strong><em>sed</em></strong></span> <span class='ocrx_word' id='word_1_639' title='bbox 2428 3980 2862 4051; x_wconf 82' lang='lat' dir='ltr'><strong><em>participatione.</em></strong></span> <span class='ocrx_word' id='word_1_640' title='bbox 2920 3980 3099 4044; x_wconf 68' lang='lat' dir='ltr'><strong><em>Quare</em></strong></span> <span class='ocrx_word' id='word_1_641' title='bbox 3151 3978 3293 4032; x_wconf 87' lang='lat' dir='ltr'><strong><em>idem</em></strong></span> <span class='ocrx_word' id='word_1_642' title='bbox 3326 3976 3383 4032; x_wconf 90' lang='lat' dir='ltr'><strong><em>S.</em></strong></span> <span class='ocrx_word' id='word_1_643' title='bbox 3433 3972 3677 4045; x_wconf 77' lang='lat' dir='ltr'><strong><em>Dionysius</em></strong></span> 
     </span>
    </p>
   </div>
   <div class='ocr_carea' id='block_1_85' title="bbox 2126 4067 3675 4144">
    <p class='ocr_par' dir='ltr' id='par_1_85' title="bbox 2126 4067 3675 4144">
     <span class='ocr_line' id='line_1_85' title="bbox 2126 4067 3675 4144; baseline -0.009 -13"><span class='ocrx_word' id='word_1_644' title='bbox 2126 4078 2424 4131; x_wconf 73' lang='lat' dir='ltr'><strong><em>caventium</em></strong></span> <span class='ocrx_word' id='word_1_645' title='bbox 2455 4086 2638 4130; x_wconf 87' lang='lat' dir='ltr'><strong><em>monet</em></strong></span> <span class='ocrx_word' id='word_1_646' title='bbox 2688 4074 2754 4127; x_wconf 86' lang='lat' dir='ltr'><strong><em>ab</em></strong></span> <span class='ocrx_word' id='word_1_647' title='bbox 2781 4089 2847 4129; x_wconf 91' lang='lat' dir='ltr'><strong><em>eo</em></strong></span> <span class='ocrx_word' id='word_1_648' title='bbox 2879 4072 3021 4144; x_wconf 92' lang='lat' dir='ltr'><strong><em>quod</em></strong></span> <span class='ocrx_word' id='word_1_649' title='bbox 3053 4072 3257 4127; x_wconf 86' lang='lat' dir='ltr'><strong><em>Paulus</em></strong></span> <span class='ocrx_word' id='word_1_650' title='bbox 3278 4071 3494 4130; x_wconf 81' lang='lat' dir='ltr'><strong><em>dixerit,</em></strong></span> <span class='ocrx_word' id='word_1_651' title='bbox 3524 4067 3675 4123; x_wconf 86' lang='lat' dir='ltr'><strong><em>Chris-</em></strong></span> 
     </span>
    </p>
   </div>
   <div class='ocr_carea' id='block_1_86' title="bbox 2129 4160 3679 4237">
    <p class='ocr_par' dir='ltr' id='par_1_86' title="bbox 2129 4160 3679 4237">
     <span class='ocr_line' id='line_1_86' title="bbox 2129 4160 3679 4237; baseline -0.011 -15"><span class='ocrx_word' id='word_1_652' title='bbox 2129 4178 2239 4222; x_wconf 91' lang='lat' dir='ltr'><strong><em>tum</em></strong></span> <span class='ocrx_word' id='word_1_653' title='bbox 2296 4179 2476 4222; x_wconf 84' lang='lat' dir='ltr'><strong><em>uatuut</em></strong></span> <span class='ocrx_word' id='word_1_654' title='bbox 2510 4183 2573 4221; x_wconf 87' lang='lat' dir='ltr'><strong><em>ex</em></strong></span> <span class='ocrx_word' id='word_1_655' title='bbox 2606 4165 2808 4237; x_wconf 87' lang='lat' dir='ltr'><strong><em>Spiritu</em></strong></span> <span class='ocrx_word' id='word_1_656' title='bbox 2840 4165 3041 4221; x_wconf 86' lang='lat' dir='ltr'><strong><em>Sancto</em></strong></span> <span class='ocrx_word' id='word_1_657' title='bbox 3081 4170 3137 4216; x_wconf 84' lang='lat' dir='ltr'><strong><em>ct</em></strong></span> <span class='ocrx_word' id='word_1_658' title='bbox 3170 4162 3357 4216; x_wconf 76' lang='lat' dir='ltr'><strong><em>Maria.</em></strong></span> <span class='ocrx_word' id='word_1_659' title='bbox 3394 4162 3516 4215; x_wconf 84' lang='lat' dir='ltr'><strong><em>Cum</em></strong></span> <span class='ocrx_word' id='word_1_660' title='bbox 3558 4160 3679 4228; x_wconf 79' lang='lat' dir='ltr'><strong><em>igitur</em></strong></span> 
     </span>
    </p>
   </div>
   <div class='ocr_carea' id='block_1_87' title="bbox 2127 4251 3674 4327">
    <p class='ocr_par' dir='ltr' id='par_1_87' title="bbox 2127 4251 3674 4327">
     <span class='ocr_line' id='line_1_87' title="bbox 2127 4251 3674 4327; baseline -0.009 -13"><span class='ocrx_word' id='word_1_661' title='bbox 2127 4258 2315 4314; x_wconf 80' lang='lat' dir='ltr'><strong><em>callide</em></strong></span> <span class='ocrx_word' id='word_1_662' title='bbox 2342 4261 2410 4313; x_wconf 87' lang='lat' dir='ltr'><strong><em>ait</em></strong></span> <span class='ocrx_word' id='word_1_663' title='bbox 2444 4259 2795 4315; x_wconf 84' lang='lat' dir='ltr'><strong><em>Samosatenis</em></strong></span> <span class='ocrx_word' id='word_1_664' title='bbox 2817 4274 2880 4311; x_wconf 76' lang='lat' dir='ltr'><strong><em>ea:</em></strong></span> <span class='ocrx_word' id='word_1_665' title='bbox 2908 4256 3112 4327; x_wconf 89' lang='lat' dir='ltr'><strong><em>Spiritu</em></strong></span> <span class='ocrx_word' id='word_1_666' title='bbox 3152 4255 3371 4321; x_wconf 90' lang='lat' dir='ltr'><strong><em>Sancto,</em></strong></span> <span class='ocrx_word' id='word_1_667' title='bbox 3416 4264 3460 4307; x_wconf 92' lang='lat' dir='ltr'><strong><em>et</em></strong></span> <span class='ocrx_word' id='word_1_668' title='bbox 3500 4251 3674 4309; x_wconf 74' lang='lat' dir='ltr'><strong><em>Maria,</em></strong></span> 
     </span>
    </p>
   </div>
   <div class='ocr_carea' id='block_1_88' title="bbox 2128 4344 3677 4424">
    <p class='ocr_par' dir='ltr' id='par_1_88' title="bbox 2128 4344 3677 4424">
     <span class='ocr_line' id='line_1_88' title="bbox 2128 4344 3677 4424; baseline -0.009 -18"><span class='ocrx_word' id='word_1_669' title='bbox 2128 4354 2358 4424; x_wconf 88' lang='lat' dir='ltr'><strong><em>decipere</em></strong></span> <span class='ocrx_word' id='word_1_670' title='bbox 2385 4354 2511 4419; x_wconf 87' lang='lat' dir='ltr'><strong><em>vult,</em></strong></span> <span class='ocrx_word' id='word_1_671' title='bbox 2543 4364 2596 4405; x_wconf 88' lang='lat' dir='ltr'><strong><em>ut</em></strong></span> <span class='ocrx_word' id='word_1_672' title='bbox 2626 4354 2755 4406; x_wconf 89' lang='lat' dir='ltr'><strong><em>sicut</em></strong></span> <span class='ocrx_word' id='word_1_673' title='bbox 2782 4351 3025 4418; x_wconf 88' lang='lat' dir='ltr'><strong><em>scriptum</em></strong></span> <span class='ocrx_word' id='word_1_674' title='bbox 3050 4360 3147 4415; x_wconf 88' lang='lat' dir='ltr'><strong><em>est,</em></strong></span> <span class='ocrx_word' id='word_1_675' title='bbox 3179 4362 3291 4404; x_wconf 89' lang='lat' dir='ltr'><strong><em>non</em></strong></span> <span class='ocrx_word' id='word_1_676' title='bbox 3342 4363 3407 4402; x_wconf 78' lang='lat' dir='ltr'><strong><em>ex</em></strong></span> <span class='ocrx_word' id='word_1_677' title='bbox 3438 4344 3677 4415; x_wconf 75' lang='lat' dir='ltr'><strong><em>sanguini-</em></strong></span> 
     </span>
    </p>
   </div>
   <div class='ocr_carea' id='block_1_89' title="bbox 2129 4435 3676 4511">
    <p class='ocr_par' dir='ltr' id='par_1_89' title="bbox 2129 4435 3676 4511">
     <span class='ocr_line' id='line_1_89' title="bbox 2129 4435 3676 4511; baseline -0.008 -11"><span class='ocrx_word' id='word_1_678' title='bbox 2129 4448 2248 4511; x_wconf 90' lang='lat' dir='ltr'><strong><em>hns,</em></strong></span> <span class='ocrx_word' id='word_1_679' title='bbox 2280 4447 2373 4501; x_wconf 86' lang='lat' dir='ltr'><strong><em>sed</em></strong></span> <span class='ocrx_word' id='word_1_680' title='bbox 2400 4463 2462 4501; x_wconf 82' lang='lat' dir='ltr'><strong><em>ex</em></strong></span> <span class='ocrx_word' id='word_1_681' title='bbox 2490 4446 2601 4499; x_wconf 88' lang='lat' dir='ltr'><strong><em>Deo</em></strong></span> <span class='ocrx_word' id='word_1_682' title='bbox 2634 4446 2741 4498; x_wconf 89' lang='lat' dir='ltr'><strong><em>nati</em></strong></span> <span class='ocrx_word' id='word_1_683' title='bbox 2766 4453 2911 4511; x_wconf 89' lang='lat' dir='ltr'><strong><em>sunt,</em></strong></span> <span class='ocrx_word' id='word_1_684' title='bbox 2946 4444 3023 4497; x_wconf 90' lang='lat' dir='ltr'><strong><em>sic</em></strong></span> <span class='ocrx_word' id='word_1_685' title='bbox 3053 4442 3198 4497; x_wconf 87' lang='lat' dir='ltr'><strong><em>dicat</em></strong></span> <span class='ocrx_word' id='word_1_686' title='bbox 3221 4442 3284 4494; x_wconf 88' lang='lat' dir='ltr'><strong><em>de</em></strong></span> <span class='ocrx_word' id='word_1_687' title='bbox 3312 4439 3473 4505; x_wconf 85' lang='lat' dir='ltr'><strong><em>Nato,</em></strong></span> <span class='ocrx_word' id='word_1_688' title='bbox 3508 4455 3562 4491; x_wconf 74' lang='lat' dir='ltr'><strong><em>ea:</em></strong></span> <span class='ocrx_word' id='word_1_689' title='bbox 3584 4435 3676 4489; x_wconf 73' lang='lat' dir='ltr'><strong><em>Dri-</em></strong></span> 
     </span>
    </p>
   </div>
   <div class='ocr_carea' id='block_1_90' title="bbox 2129 4532 3675 4608">
    <p class='ocr_par' dir='ltr' id='par_1_90' title="bbox 2129 4532 3675 4608">
     <span class='ocr_line' id='line_1_90' title="bbox 2129 4532 3675 4608; baseline -0.008 -17"><span class='ocrx_word' id='word_1_690' title='bbox 2129 4556 2277 4608; x_wconf 88' lang='lat' dir='ltr'><strong><em>para.</em></strong></span> <span class='ocrx_word' id='word_1_691' title='bbox 2323 4539 2473 4607; x_wconf 85' lang='lat' dir='ltr'><strong><em>Quod</em></strong></span> <span class='ocrx_word' id='word_1_692' title='bbox 2522 4547 2691 4592; x_wconf 88' lang='lat' dir='ltr'><strong><em>autem</em></strong></span> <span class='ocrx_word' id='word_1_693' title='bbox 2744 4538 2869 4590; x_wconf 88' lang='lat' dir='ltr'><strong><em>dicit</em></strong></span> <span class='ocrx_word' id='word_1_694' title='bbox 2909 4538 3191 4608; x_wconf 85' lang='lat' dir='ltr'><strong><em>ingenitum</em></strong></span> <span class='ocrx_word' id='word_1_695' title='bbox 3244 4532 3477 4601; x_wconf 86' lang='lat' dir='ltr'><strong><em>Patrem,</em></strong></span> <span class='ocrx_word' id='word_1_696' title='bbox 3508 4532 3611 4585; x_wconf 83' lang='lat' dir='ltr'><strong><em>dicit</em></strong></span> <span class='ocrx_word' id='word_1_697' title='bbox 3638 4536 3675 4580; x_wconf 82' lang='lat' dir='ltr'><strong><em>ul</em></strong></span> 
     </span>
    </p>
   </div>
   <div class='ocr_carea' id='block_1_91' title="bbox 433 4612 3400 4707">
    <p class='ocr_par' dir='ltr' id='par_1_91' title="bbox 433 4612 3400 4707">
     <span class='ocr_line' id='line_1_91' title="bbox 433 4612 3400 4707; baseline -0 -24"><span class='ocrx_word' id='word_1_698' title='bbox 433 4632 601 4701; x_wconf 88' lang='lat' dir='ltr'><strong><em>ipsius</em></strong></span> <span class='ocrx_word' id='word_1_699' title='bbox 622 4632 763 4687; x_wconf 86' lang='lat' dir='ltr'><strong><em>circa</em></strong></span> <span class='ocrx_word' id='word_1_700' title='bbox 787 4632 1061 4687; x_wconf 87' lang='lat' dir='ltr'><strong><em>Christum</em></strong></span> <span class='ocrx_word' id='word_1_701' title='bbox 1104 4633 1388 4689; x_wconf 86' lang='lat' dir='ltr'><strong><em>Dominum</em></strong></span> <span class='ocrx_word' id='word_1_702' title='bbox 1414 4636 1721 4706; x_wconf 85' lang='lat' dir='ltr'><strong><em>opinionem</em></strong></span> <span class='ocrx_word' id='word_1_703' title='bbox 1751 4646 1877 4692; x_wconf 89' lang='lat' dir='ltr'><strong><em>ante</em></strong></span> <span class='ocrx_word' id='word_1_704' title='bbox 1904 4637 2019 4707; x_wconf 89' lang='lat' dir='ltr'><strong><em>pri-</em></strong></span> <span class='ocrx_word' id='word_1_705' title='bbox 2050 4612 2098 4671; x_wconf 75' lang='grc' dir='ltr'><strong><em>ί)</em></strong></span> <span class='ocrx_word' id='word_1_706' title='bbox 2127 4634 2298 4688; x_wconf 86' lang='lat' dir='ltr'><strong><em>doceat</em></strong></span> <span class='ocrx_word' id='word_1_707' title='bbox 2327 4634 2862 4692; x_wconf 82' lang='lat' dir='ltr'><strong><em>Christumrecentem</em></strong></span> <span class='ocrx_word' id='word_1_708' title='bbox 2891 4649 2997 4687; x_wconf 87' lang='lat' dir='ltr'><strong><em>esse</em></strong></span> <span class='ocrx_word' id='word_1_709' title='bbox 3018 4640 3065 4686; x_wconf 89' lang='lat' dir='ltr'><strong><em>et</em></strong></span> <span class='ocrx_word' id='word_1_710' title='bbox 3087 4640 3400 4685; x_wconf 88' lang='lat' dir='ltr'><strong><em>creaturam.</em></strong></span> 
     </span>
    </p>
   </div>
   <div class='ocr_carea' id='block_1_92' title="bbox 433 4727 2019 4802">
    <p class='ocr_par' dir='ltr' id='par_1_92' title="bbox 433 4727 2019 4802">
     <span class='ocr_line' id='line_1_92' title="bbox 433 4727 2019 4802; baseline 0.004 -24"><span class='ocrx_word' id='word_1_711' title='bbox 433 4740 585 4789; x_wconf 79' lang='lat' dir='ltr'><strong><em>mam</em></strong></span> <span class='ocrx_word' id='word_1_712' title='bbox 603 4727 956 4795; x_wconf 61' lang='lat' dir='ltr'><strong><em>quaestionem</em></strong></span> <span class='ocrx_word' id='word_1_713' title='bbox 1005 4728 1166 4783; x_wconf 89' lang='lat' dir='ltr'><strong><em>habet</em></strong></span> <span class='ocrx_word' id='word_1_714' title='bbox 1191 4746 1205 4785; x_wconf 89' lang='lat'><strong>:</strong></span> <span class='ocrx_word' id='word_1_715' title='bbox 1228 4728 1374 4801; x_wconf 83' lang='lat' dir='ltr'><strong><em>Dicis</em></strong></span> <span class='ocrx_word' id='word_1_716' title='bbox 1406 4731 1537 4784; x_wconf 83' lang='lat' dir='ltr'><strong><em>duas</em></strong></span> <span class='ocrx_word' id='word_1_717' title='bbox 1564 4732 1865 4802; x_wconf 82' lang='lat' dir='ltr'><strong><em>hypostases</em></strong></span> <span class='ocrx_word' id='word_1_718' title='bbox 1893 4748 2019 4796; x_wconf 83' lang='lat' dir='ltr'><strong><em>esse,</em></strong></span> 
     </span>
    </p>
   </div>
   <div class='ocr_carea' id='block_1_93' title="bbox 431 4817 2023 4891">
    <p class='ocr_par' dir='ltr' id='par_1_93' title="bbox 431 4817 2023 4891">
     <span class='ocr_line' id='line_1_93' title="bbox 431 4817 2023 4891; baseline 0.006 -19"><span class='ocrx_word' id='word_1_719' title='bbox 431 4830 477 4873; x_wconf 87' lang='lat' dir='ltr'><strong><em>et</em></strong></span> <span class='ocrx_word' id='word_1_720' title='bbox 507 4819 635 4873; x_wconf 88' lang='lat' dir='ltr'><strong><em>duas</em></strong></span> <span class='ocrx_word' id='word_1_721' title='bbox 666 4837 931 4891; x_wconf 90' lang='lat' dir='ltr'><strong><em>personas,</em></strong></span> <span class='ocrx_word' id='word_1_722' title='bbox 964 4825 1116 4877; x_wconf 89' lang='lat' dir='ltr'><strong><em>unius</em></strong></span> <span class='ocrx_word' id='word_1_723' title='bbox 1132 4834 1179 4878; x_wconf 90' lang='lat' dir='ltr'><strong><em>et</em></strong></span> <span class='ocrx_word' id='word_1_724' title='bbox 1202 4824 1364 4879; x_wconf 88' lang='lat' dir='ltr'><strong><em>solius</em></strong></span> <span class='ocrx_word' id='word_1_725' title='bbox 1391 4817 1601 4891; x_wconf 84' lang='lat' dir='ltr'><strong><em>Christi,</em></strong></span> <span class='ocrx_word' id='word_1_726' title='bbox 1620 4835 1664 4878; x_wconf 90' lang='lat' dir='ltr'><strong><em>et</em></strong></span> <span class='ocrx_word' id='word_1_727' title='bbox 1695 4827 1824 4881; x_wconf 80' lang='lat' dir='ltr'><strong><em>duos</em></strong></span> <span class='ocrx_word' id='word_1_728' title='bbox 1846 4827 2023 4882; x_wconf 79' lang='lat' dir='ltr'><strong><em>Cirris-</em></strong></span> 
     </span>
    </p>
   </div>
   <div class='ocr_carea' id='block_1_94' title="bbox 430 4915 2024 4991">
    <p class='ocr_par' dir='ltr' id='par_1_94' title="bbox 430 4915 2024 4991">
     <span class='ocr_line' id='line_1_94' title="bbox 430 4915 2024 4991; baseline 0.004 -22"><span class='ocrx_word' id='word_1_729' title='bbox 430 4925 527 4979; x_wconf 84' lang='lat' dir='ltr'><strong><em>tos,</em></strong></span> <span class='ocrx_word' id='word_1_730' title='bbox 552 4926 598 4970; x_wconf 91' lang='lat' dir='ltr'><strong><em>et</em></strong></span> <span class='ocrx_word' id='word_1_731' title='bbox 627 4915 754 4972; x_wconf 89' lang='lat' dir='ltr'><strong><em>duos</em></strong></span> <span class='ocrx_word' id='word_1_732' title='bbox 785 4917 969 4983; x_wconf 87' lang='lat' dir='ltr'><strong><em>Filios,</em></strong></span> <span class='ocrx_word' id='word_1_733' title='bbox 997 4936 1155 4973; x_wconf 89' lang='lat' dir='ltr'><strong><em>unum</em></strong></span> <span class='ocrx_word' id='word_1_734' title='bbox 1195 4929 1385 4975; x_wconf 91' lang='lat' dir='ltr'><strong><em>natura</em></strong></span> <span class='ocrx_word' id='word_1_735' title='bbox 1412 4919 1604 4975; x_wconf 84' lang='lat' dir='ltr'><strong><em>Filium</em></strong></span> <span class='ocrx_word' id='word_1_736' title='bbox 1638 4919 1754 4987; x_wconf 87' lang='lat' dir='ltr'><strong><em>Dei,</em></strong></span> <span class='ocrx_word' id='word_1_737' title='bbox 1797 4923 1884 4990; x_wconf 87' lang='lat' dir='ltr'><strong><em>qui</em></strong></span> <span class='ocrx_word' id='word_1_738' title='bbox 1925 4923 2024 4991; x_wconf 79' lang='lat' dir='ltr'><strong><em>fuit</em></strong></span> 
     </span>
    </p>
   </div>
   <div class='ocr_carea' id='block_1_95' title="bbox 432 5009 2023 5082">
    <p class='ocr_par' dir='ltr' id='par_1_95' title="bbox 432 5009 2023 5082">
     <span class='ocr_line' id='line_1_95' title="bbox 432 5009 2023 5082; baseline 0.004 -22"><span class='ocrx_word' id='word_1_739' title='bbox 432 5018 549 5062; x_wconf 89' lang='lat' dir='ltr'><strong><em>ante</em></strong></span> <span class='ocrx_word' id='word_1_740' title='bbox 578 5011 786 5075; x_wconf 76' lang='lat' dir='ltr'><strong><em>swcula,</em></strong></span> <span class='ocrx_word' id='word_1_741' title='bbox 827 5020 875 5061; x_wconf 90' lang='lat' dir='ltr'><strong><em>et</em></strong></span> <span class='ocrx_word' id='word_1_742' title='bbox 916 5009 1069 5062; x_wconf 86' lang='lat' dir='ltr'><strong><em>imum</em></strong></span> <span class='ocrx_word' id='word_1_743' title='bbox 1110 5012 1413 5082; x_wconf 83' lang='lat' dir='ltr'><strong><em>homonyme</em></strong></span> <span class='ocrx_word' id='word_1_744' title='bbox 1440 5009 1719 5075; x_wconf 86' lang='lat' dir='ltr'><strong><em>Christum,</em></strong></span> <span class='ocrx_word' id='word_1_745' title='bbox 1754 5022 1798 5066; x_wconf 92' lang='lat' dir='ltr'><strong><em>et</em></strong></span> <span class='ocrx_word' id='word_1_746' title='bbox 1828 5011 1874 5065; x_wconf 85' lang='lat' dir='ltr'><em>F</em></span> <span class='ocrx_word' id='word_1_747' title='bbox 1878 5012 2023 5067; x_wconf 87' lang='lat' dir='ltr'><strong><em>illum</em></strong></span> 
     </span>
    </p>
   </div>
   <div class='ocr_carea' id='block_1_96' title="bbox 432 5099 2023 5174">
    <p class='ocr_par' dir='ltr' id='par_1_96' title="bbox 432 5099 2023 5174">
     <span class='ocr_line' id='line_1_96' title="bbox 432 5099 2023 5174; baseline 0.004 -22"><span class='ocrx_word' id='word_1_748' title='bbox 432 5099 620 5167; x_wconf 84' lang='lat' dir='ltr'><strong><em>David,</em></strong></span> <span class='ocrx_word' id='word_1_749' title='bbox 645 5103 730 5171; x_wconf 87' lang='lat' dir='ltr'><strong><em>qui</em></strong></span> <span class='ocrx_word' id='word_1_750' title='bbox 760 5106 859 5155; x_wconf 86' lang='lat' dir='ltr'><strong><em>non</em></strong></span> <span class='ocrx_word' id='word_1_751' title='bbox 883 5104 982 5173; x_wconf 77' lang='lat' dir='ltr'><strong><em>fuit</em></strong></span> <span class='ocrx_word' id='word_1_752' title='bbox 1000 5112 1135 5165; x_wconf 88' lang='lat' dir='ltr'><strong><em>ante,</em></strong></span> <span class='ocrx_word' id='word_1_753' title='bbox 1158 5113 1202 5157; x_wconf 88' lang='lat' dir='ltr'><strong><em>et</em></strong></span> <span class='ocrx_word' id='word_1_754' title='bbox 1227 5105 1327 5173; x_wconf 79' lang='lat' dir='ltr'><strong><em>fuit</em></strong></span> <span class='ocrx_word' id='word_1_755' title='bbox 1346 5105 1399 5158; x_wconf 90' lang='lat' dir='ltr'><strong><em>in</em></strong></span> <span class='ocrx_word' id='word_1_756' title='bbox 1419 5114 1724 5174; x_wconf 87' lang='lat' dir='ltr'><strong><em>tempore,et</em></strong></span> <span class='ocrx_word' id='word_1_757' title='bbox 1745 5107 2023 5159; x_wconf 85' lang='lat' dir='ltr'><strong><em>secundum</em></strong></span> 
     </span>
    </p>
   </div>
   <div class='ocr_carea' id='block_1_97' title="bbox 434 5194 2025 5271">
    <p class='ocr_par' dir='ltr' id='par_1_97' title="bbox 434 5194 2025 5271">
     <span class='ocr_line' id='line_1_97' title="bbox 434 5194 2025 5271; baseline 0.004 -26"><span class='ocrx_word' id='word_1_758' title='bbox 434 5194 806 5263; x_wconf 82' lang='lat' dir='ltr'><strong><em>beneplacitum</em></strong></span> <span class='ocrx_word' id='word_1_759' title='bbox 862 5195 961 5250; x_wconf 82' lang='lat' dir='ltr'><strong><em>Dei</em></strong></span> <span class='ocrx_word' id='word_1_760' title='bbox 1002 5196 1197 5265; x_wconf 86' lang='lat' dir='ltr'><strong><em>accepit</em></strong></span> <span class='ocrx_word' id='word_1_761' title='bbox 1229 5213 1411 5251; x_wconf 85' lang='lat' dir='ltr'><strong><em>nomen</em></strong></span> <span class='ocrx_word' id='word_1_762' title='bbox 1466 5197 1611 5253; x_wconf 81' lang='lat' dir='ltr'><strong><em>Filii.</em></strong></span> <span class='ocrx_word' id='word_1_763' title='bbox 1675 5197 1765 5271; x_wconf 87' lang='lat' dir='ltr'><strong><em>(ln</em></strong></span> <span class='ocrx_word' id='word_1_764' title='bbox 1817 5197 1921 5267; x_wconf 82' lang='lat' dir='ltr'><strong><em>Ep.</em></strong></span> <span class='ocrx_word' id='word_1_765' title='bbox 1958 5199 2025 5251; x_wconf 86' lang='lat' dir='ltr'><strong><em>ad</em></strong></span> 
     </span>
    </p>
   </div>
   <div class='ocr_carea' id='block_1_98' title="bbox 436 5284 2025 5362">
    <p class='ocr_par' dir='ltr' id='par_1_98' title="bbox 436 5284 2025 5362">
     <span class='ocr_line' id='line_1_98' title="bbox 436 5284 2025 5362; baseline 0.004 -24"><span class='ocrx_word' id='word_1_766' title='bbox 436 5284 1101 5352; x_wconf 81' lang='lat' dir='ltr'><strong><em>PaulumSamosatenum,</em></strong></span> <span class='ocrx_word' id='word_1_767' title='bbox 1125 5306 1277 5359; x_wconf 81' lang='lat' dir='ltr'><strong><em>quam</em></strong></span> <span class='ocrx_word' id='word_1_768' title='bbox 1304 5292 1457 5362; x_wconf 75' lang='lat' dir='ltr'><strong><em>refert</em></strong></span> <span class='ocrx_word' id='word_1_769' title='bbox 1486 5289 1675 5357; x_wconf 86' lang='lat' dir='ltr'><strong><em>Labbe,</em></strong></span> <span class='ocrx_word' id='word_1_770' title='bbox 1701 5300 1738 5344; x_wconf 89' lang='lat' dir='ltr'><strong><em>t.</em></strong></span> <span class='ocrx_word' id='word_1_771' title='bbox 1765 5310 1818 5361; x_wconf 87' lang='lat' dir='ltr'><strong><em>p.</em></strong></span> <span class='ocrx_word' id='word_1_772' title='bbox 1836 5289 2025 5346; x_wconf 87' lang='lat' dir='ltr'><strong><em>Conci-</em></strong></span> 
     </span>
    </p>
   </div>
   <div class='ocr_carea' id='block_1_99' title="bbox 433 5364 2019 5457">
    <p class='ocr_par' dir='ltr' id='par_1_99' title="bbox 433 5364 2019 5457">
     <span class='ocr_line' id='line_1_99' title="bbox 433 5364 2019 5457; baseline 0.004 -24"><span class='ocrx_word' id='word_1_773' title='bbox 433 5382 616 5433; x_wconf 86' lang='lat' dir='ltr'><strong><em>liorum</em></strong></span> <span class='ocrx_word' id='word_1_774' title='bbox 645 5383 697 5434; x_wconf 89' lang='lat' dir='ltr'><strong><em>in</em></strong></span> <span class='ocrx_word' id='word_1_775' title='bbox 730 5380 968 5435; x_wconf 74' lang='lat' dir='ltr'><strong><em>Concilio.</em></strong></span> <span class='ocrx_word' id='word_1_776' title='bbox 1000 5383 1237 5436; x_wconf 83' lang='lat' dir='ltr'><strong><em>Antioch.</em></strong></span> <span class='ocrx_word' id='word_1_777' title='bbox 1266 5401 1373 5451; x_wconf 80' lang='lat' dir='ltr'><strong><em>pr.,</em></strong></span> <span class='ocrx_word' id='word_1_778' title='bbox 1415 5364 1685 5454; x_wconf 71' lang='lat' dir='ltr'><strong><em>pag.850,</em></strong></span> <span class='ocrx_word' id='word_1_779' title='bbox 1704 5386 1786 5439; x_wconf 88' lang='lat' dir='ltr'><strong><em>ed.</em></strong></span> <span class='ocrx_word' id='word_1_780' title='bbox 1819 5385 2019 5457; x_wconf 86' lang='lat' dir='ltr'><strong><em>Paris.)</em></strong></span> 
     </span>
    </p>
   </div>
   <div class='ocr_carea' id='block_1_100' title="bbox 433 5474 2025 5543">
    <p class='ocr_par' dir='ltr' id='par_1_100' title="bbox 433 5474 2025 5543">
     <span class='ocr_line' id='line_1_100' title="bbox 433 5474 2025 5543; baseline 0.001 -15"><span class='ocrx_word' id='word_1_781' title='bbox 433 5474 819 5529; x_wconf 87' lang='lat' dir='ltr'><strong><em>Samosatenus</em></strong></span> <span class='ocrx_word' id='word_1_782' title='bbox 852 5475 1031 5542; x_wconf 78' lang='lat' dir='ltr'><strong><em>itaque</em></strong></span> <span class='ocrx_word' id='word_1_783' title='bbox 1090 5477 1140 5528; x_wconf 89' lang='lat' dir='ltr'><strong><em>in</em></strong></span> <span class='ocrx_word' id='word_1_784' title='bbox 1194 5475 1305 5528; x_wconf 83' lang='lat' dir='ltr'><strong><em>Dco</em></strong></span> <span class='ocrx_word' id='word_1_785' title='bbox 1355 5490 1612 5543; x_wconf 88' lang='lat' dir='ltr'><strong><em>personas</em></strong></span> <span class='ocrx_word' id='word_1_786' title='bbox 1655 5478 2025 5532; x_wconf 84' lang='lat' dir='ltr'><strong><em>confuudchat.</em></strong></span> 
     </span>
    </p>
   </div>
   <div class='ocr_carea' id='block_1_101' title="bbox 435 5567 2019 5641">
    <p class='ocr_par' dir='ltr' id='par_1_101' title="bbox 435 5567 2019 5641">
     <span class='ocr_line' id='line_1_101' title="bbox 435 5567 2019 5641; baseline 0.001 -23"><span class='ocrx_word' id='word_1_787' title='bbox 435 5582 599 5619; x_wconf 87' lang='lat' dir='ltr'><strong><em>unum</em></strong></span> <span class='ocrx_word' id='word_1_788' title='bbox 644 5567 807 5620; x_wconf 89' lang='lat' dir='ltr'><strong><em>Deum</em></strong></span> <span class='ocrx_word' id='word_1_789' title='bbox 840 5582 1113 5632; x_wconf 80' lang='lat' dir='ltr'><strong><em>asserens,</em></strong></span> <span class='ocrx_word' id='word_1_790' title='bbox 1170 5578 1226 5621; x_wconf 93' lang='lat' dir='ltr'><strong><em>ut</em></strong></span> <span class='ocrx_word' id='word_1_791' title='bbox 1275 5568 1353 5622; x_wconf 91' lang='lat' dir='ltr'><strong><em>illi</em></strong></span> <span class='ocrx_word' id='word_1_792' title='bbox 1391 5569 1681 5637; x_wconf 84' lang='lat' dir='ltr'><strong><em>exprobrat</em></strong></span> <span class='ocrx_word' id='word_1_793' title='bbox 1712 5569 2019 5641; x_wconf 78' lang='lat' dir='ltr'><strong><em>[)imtysius.</em></strong></span> 
     </span>
    </p>
   </div>
   <div class='ocr_carea' id='block_1_102' title="bbox 434 5658 2025 5743">
    <p class='ocr_par' dir='ltr' id='par_1_102' title="bbox 434 5658 2025 5743">
     <span class='ocr_line' id='line_1_102' title="bbox 434 5658 2025 5743; baseline 0.002 -31"><span class='ocrx_word' id='word_1_794' title='bbox 434 5658 693 5725; x_wconf 86' lang='lat' dir='ltr'><strong><em>Ecclesia,</em></strong></span> <span class='ocrx_word' id='word_1_795' title='bbox 724 5660 912 5729; x_wconf 84' lang='lat' dir='ltr'><strong><em>inquis,</em></strong></span> <span class='ocrx_word' id='word_1_796' title='bbox 945 5661 1075 5743; x_wconf 84' lang='lat' dir='ltr'><strong><em>duos</em></strong></span> <span class='ocrx_word' id='word_1_797' title='bbox 1102 5659 1239 5715; x_wconf 87' lang='lat' dir='ltr'><strong><em>Deos</em></strong></span> <span class='ocrx_word' id='word_1_798' title='bbox 1267 5678 1367 5715; x_wconf 88' lang='lat' dir='ltr'><strong><em>non</em></strong></span> <span class='ocrx_word' id='word_1_799' title='bbox 1399 5662 1559 5728; x_wconf 86' lang='lat' dir='ltr'><strong><em>dicit,</em></strong></span> <span class='ocrx_word' id='word_1_800' title='bbox 1593 5679 1751 5729; x_wconf 82' lang='lat' dir='ltr'><strong><em>neque</em></strong></span> <span class='ocrx_word' id='word_1_801' title='bbox 1779 5664 2025 5715; x_wconf 87' lang='lat' dir='ltr'><strong><em>traditmn</em></strong></span> 
     </span>
    </p>
   </div>
   <div class='ocr_carea' id='block_1_103' title="bbox 432 5755 2025 5829">
    <p class='ocr_par' dir='ltr' id='par_1_103' title="bbox 432 5755 2025 5829">
     <span class='ocr_line' id='line_1_103' title="bbox 432 5755 2025 5829; baseline 0.001 -20"><span class='ocrx_word' id='word_1_802' title='bbox 432 5757 644 5824; x_wconf 87' lang='lat' dir='ltr'><strong><em>accepit.</em></strong></span> <span class='ocrx_word' id='word_1_803' title='bbox 678 5755 889 5811; x_wconf 86' lang='lat' dir='ltr'><strong><em>Patrem</em></strong></span> <span class='ocrx_word' id='word_1_804' title='bbox 913 5772 1032 5812; x_wconf 89' lang='lat' dir='ltr'><strong><em>cum</em></strong></span> <span class='ocrx_word' id='word_1_805' title='bbox 1056 5756 1195 5814; x_wconf 80' lang='lat' dir='ltr'><strong><em>Filio</em></strong></span> <span class='ocrx_word' id='word_1_806' title='bbox 1224 5757 1584 5825; x_wconf 89' lang='lat' dir='ltr'><strong><em>confundens,</em></strong></span> <span class='ocrx_word' id='word_1_807' title='bbox 1612 5773 1770 5829; x_wconf 81' lang='lat' dir='ltr'><strong><em>quem</em></strong></span> <span class='ocrx_word' id='word_1_808' title='bbox 1804 5758 1875 5812; x_wconf 79' lang='lat' dir='ltr'><strong><em>ilit</em></strong></span> <span class='ocrx_word' id='word_1_809' title='bbox 1933 5772 2025 5811; x_wconf 89' lang='lat' dir='ltr'><strong><em>su-</em></strong></span> 
     </span>
    </p>
   </div>
   <div class='ocr_carea' id='block_1_104' title="bbox 442 5849 2024 5931">
    <p class='ocr_par' dir='ltr' id='par_1_104' title="bbox 442 5849 2024 5931">
     <span class='ocr_line' id='line_1_104' title="bbox 442 5849 2024 5931; baseline 0.009 -28"><span class='ocrx_word' id='word_1_810' title='bbox 442 5849 622 5924; x_wconf 85' lang='lat' dir='ltr'><strong><em>perius</em></strong></span> <span class='ocrx_word' id='word_1_811' title='bbox 647 5852 918 5931; x_wconf 82' lang='lat' dir='ltr'><strong><em>referente</em></strong></span> <span class='ocrx_word' id='word_1_812' title='bbox 943 5852 1201 5928; x_wconf 77' lang='lat' dir='ltr'><strong><em>Dionysio</em></strong></span> <span class='ocrx_word' id='word_1_813' title='bbox 1225 5852 1441 5915; x_wconf 86' lang='lat' dir='ltr'><strong><em>dicebat</em></strong></span> <span class='ocrx_word' id='word_1_814' title='bbox 1468 5865 1653 5915; x_wconf 85' lang='lat' dir='ltr'><strong><em>natura</em></strong></span> <span class='ocrx_word' id='word_1_815' title='bbox 1681 5854 1879 5912; x_wconf 85' lang='lat' dir='ltr'><strong><em>Filium</em></strong></span> <span class='ocrx_word' id='word_1_816' title='bbox 1906 5853 2024 5917; x_wconf 86' lang='lat' dir='ltr'><strong><em>Dei.</em></strong></span> 
     </span>
    </p>
   </div>
   <div class='ocr_carea' id='block_1_105' title="bbox 2198 4713 3679 4795">
    <p class='ocr_par' dir='ltr' id='par_1_105' title="bbox 2198 4713 3679 4795">
     <span class='ocr_line' id='line_1_105' title="bbox 2198 4713 3679 4795; baseline -0.009 -12"><span class='ocrx_word' id='word_1_817' title='bbox 2198 4726 2395 4784; x_wconf 90' lang='lat' dir='ltr'><strong><em>Contra</em></strong></span> <span class='ocrx_word' id='word_1_818' title='bbox 2420 4727 2517 4783; x_wconf 88' lang='lat' dir='ltr'><strong><em>hos</em></strong></span> <span class='ocrx_word' id='word_1_819' title='bbox 2544 4728 2692 4783; x_wconf 84' lang='lat' dir='ltr'><strong><em>Pauli</em></strong></span> <span class='ocrx_word' id='word_1_820' title='bbox 2721 4726 3060 4783; x_wconf 84' lang='lat' dir='ltr'><strong><em>Samosateni</em></strong></span> <span class='ocrx_word' id='word_1_821' title='bbox 3078 4740 3298 4795; x_wconf 76' lang='lat' dir='ltr'><strong><em>errores</em></strong></span> <span class='ocrx_word' id='word_1_822' title='bbox 3324 4721 3532 4779; x_wconf 77' lang='lat' dir='ltr'><strong><em>couciiii</em></strong></span> <span class='ocrx_word' id='word_1_823' title='bbox 3554 4713 3679 4789; x_wconf 72' lang='lat' dir='ltr'><strong><em>primi</em></strong></span> 
     </span>
    </p>
   </div>
   <div class='ocr_carea' id='block_1_106' title="bbox 2128 4811 3679 4889">
    <p class='ocr_par' dir='ltr' id='par_1_106' title="bbox 2128 4811 3679 4889">
     <span class='ocr_line' id='line_1_106' title="bbox 2128 4811 3679 4889; baseline -0.01 -11"><span class='ocrx_word' id='word_1_824' title='bbox 2128 4823 2452 4878; x_wconf 78' lang='lat' dir='ltr'><strong><em>Antiocheni</em></strong></span> <span class='ocrx_word' id='word_1_825' title='bbox 2506 4823 2696 4877; x_wconf 90' lang='lat' dir='ltr'><strong><em>Patres</em></strong></span> <span class='ocrx_word' id='word_1_826' title='bbox 2750 4820 3131 4876; x_wconf 77' lang='lat' dir='ltr'><strong><em>eitlem&#39;Paulo</em></strong></span> <span class='ocrx_word' id='word_1_827' title='bbox 3177 4819 3529 4889; x_wconf 83' lang='lat' dir='ltr'><strong><em>scripserunt.</em></strong></span> <span class='ocrx_word' id='word_1_828' title='bbox 3560 4811 3679 4867; x_wconf 74' lang='lat' dir='ltr'><strong><em>Hunc</em></strong></span> 
     </span>
    </p>
   </div>
   <div class='ocr_carea' id='block_1_107' title="bbox 2127 4902 3681 4989">
    <p class='ocr_par' dir='ltr' id='par_1_107' title="bbox 2127 4902 3681 4989">
     <span class='ocr_line' id='line_1_107' title="bbox 2127 4902 3681 4989; baseline -0.008 -20"><span class='ocrx_word' id='word_1_829' title='bbox 2127 4927 2295 4972; x_wconf 89' lang='lat' dir='ltr'><strong><em>autem</em></strong></span> <span class='ocrx_word' id='word_1_830' title='bbox 2324 4915 2518 4971; x_wconf 85' lang='lat' dir='ltr'><strong><em>Filium</em></strong></span> <span class='ocrx_word' id='word_1_831' title='bbox 2547 4917 2773 4986; x_wconf 88' lang='lat' dir='ltr'><strong><em>genitum</em></strong></span> <span class='ocrx_word' id='word_1_832' title='bbox 2806 4914 3137 4985; x_wconf 86' lang='lat' dir='ltr'><strong><em>Unigenitum</em></strong></span> <span class='ocrx_word' id='word_1_833' title='bbox 3165 4914 3441 4985; x_wconf 85' lang='lat' dir='ltr'><strong><em>imaginem</em></strong></span> <span class='ocrx_word' id='word_1_834' title='bbox 3476 4909 3560 4989; x_wconf 77' lang='lat' dir='ltr'><strong><em>Dei</em></strong></span> <span class='ocrx_word' id='word_1_835' title='bbox 3581 4902 3681 4960; x_wconf 78' lang='lat' dir='ltr'><strong><em>inri-</em></strong></span> 
     </span>
    </p>
   </div>
   <div class='ocr_carea' id='block_1_108' title="bbox 2127 5004 3681 5083">
    <p class='ocr_par' dir='ltr' id='par_1_108' title="bbox 2127 5004 3681 5083">
     <span class='ocr_line' id='line_1_108' title="bbox 2127 5004 3681 5083; baseline -0.007 -17"><span class='ocrx_word' id='word_1_836' title='bbox 2127 5012 2311 5075; x_wconf 89' lang='lat' dir='ltr'><strong><em>sibitis,</em></strong></span> <span class='ocrx_word' id='word_1_837' title='bbox 2342 5012 2737 5083; x_wconf 81' lang='lat' dir='ltr'><strong><em>primogenitum</em></strong></span> <span class='ocrx_word' id='word_1_838' title='bbox 2782 5008 2945 5063; x_wconf 89' lang='lat' dir='ltr'><strong><em>onmis</em></strong></span> <span class='ocrx_word' id='word_1_839' title='bbox 2983 5019 3233 5061; x_wconf 67' lang='lat' dir='ltr'><strong><em>creaturae</em></strong></span> <span class='ocrx_word' id='word_1_840' title='bbox 3284 5006 3605 5077; x_wconf 87' lang='lat' dir='ltr'><strong><em>sapientiam,</em></strong></span> <span class='ocrx_word' id='word_1_841' title='bbox 3647 5004 3681 5049; x_wconf 70' lang='lat' dir='ltr'><strong><em>tl</em></strong></span> 
     </span>
    </p>
   </div>
   <div class='ocr_carea' id='block_1_109' title="bbox 2143 5090 3682 5170">
    <p class='ocr_par' dir='ltr' id='par_1_109' title="bbox 2143 5090 3682 5170">
     <span class='ocr_line' id='line_1_109' title="bbox 2143 5090 3682 5170; baseline -0.01 -12"><span class='ocrx_word' id='word_1_842' title='bbox 2143 5104 2383 5170; x_wconf 78' lang='lat' dir='ltr'><strong><em>Verbum,</em></strong></span> <span class='ocrx_word' id='word_1_843' title='bbox 2438 5120 2497 5158; x_wconf 90' lang='lat' dir='ltr'><strong><em>ac</em></strong></span> <span class='ocrx_word' id='word_1_844' title='bbox 2528 5103 2764 5158; x_wconf 82' lang='lat' dir='ltr'><strong><em>virtutem</em></strong></span> <span class='ocrx_word' id='word_1_845' title='bbox 2790 5101 2888 5157; x_wconf 88' lang='lat' dir='ltr'><strong><em>Dei</em></strong></span> <span class='ocrx_word' id='word_1_846' title='bbox 2917 5111 3035 5157; x_wconf 88' lang='lat' dir='ltr'><strong><em>ante</em></strong></span> <span class='ocrx_word' id='word_1_847' title='bbox 3064 5101 3267 5156; x_wconf 81' lang='lat' dir='ltr'><strong><em>scecula&#39;</em></strong></span> <span class='ocrx_word' id='word_1_848' title='bbox 3290 5117 3392 5154; x_wconf 88' lang='lat' dir='ltr'><strong><em>non</em></strong></span> <span class='ocrx_word' id='word_1_849' title='bbox 3441 5090 3682 5168; x_wconf 67' lang='lat' dir='ltr'><strong><em>priet-ogui-</em></strong></span> 
     </span>
    </p>
   </div>
   <div class='ocr_carea' id='block_1_110' title="bbox 2130 5188 3681 5267">
    <p class='ocr_par' dir='ltr' id='par_1_110' title="bbox 2130 5188 3681 5267">
     <span class='ocr_line' id='line_1_110' title="bbox 2130 5188 3681 5267; baseline -0.009 -15"><span class='ocrx_word' id='word_1_850' title='bbox 2130 5201 2263 5252; x_wconf 88' lang='lat' dir='ltr'><strong><em>tione</em></strong></span> <span class='ocrx_word' id='word_1_851' title='bbox 2288 5240 2302 5264; x_wconf 93' lang='lat'><strong><em>,</em></strong></span> <span class='ocrx_word' id='word_1_852' title='bbox 2334 5199 2422 5252; x_wconf 81' lang='lat' dir='ltr'><strong><em>sed</em></strong></span> <span class='ocrx_word' id='word_1_853' title='bbox 2467 5198 2768 5262; x_wconf 87' lang='lat' dir='ltr'><strong><em>substantia,</em></strong></span> <span class='ocrx_word' id='word_1_854' title='bbox 2820 5206 2865 5249; x_wconf 93' lang='lat' dir='ltr'><strong><em>et</em></strong></span> <span class='ocrx_word' id='word_1_855' title='bbox 2906 5195 3172 5267; x_wconf 82' lang='lat' dir='ltr'><strong><em>hypotltesi</em></strong></span> <span class='ocrx_word' id='word_1_856' title='bbox 3201 5194 3366 5248; x_wconf 87' lang='lat' dir='ltr'><strong><em>Deum</em></strong></span> <span class='ocrx_word' id='word_1_857' title='bbox 3396 5192 3485 5246; x_wconf 85' lang='lat' dir='ltr'><strong><em>Dei</em></strong></span> <span class='ocrx_word' id='word_1_858' title='bbox 3523 5188 3681 5243; x_wconf 80' lang='lat' dir='ltr'><strong><em>Filium</em></strong></span> 
     </span>
    </p>
   </div>
   <div class='ocr_carea' id='block_1_111' title="bbox 2130 5280 3682 5357">
    <p class='ocr_par' dir='ltr' id='par_1_111' title="bbox 2130 5280 3682 5357">
     <span class='ocr_line' id='line_1_111' title="bbox 2130 5280 3682 5357; baseline -0.01 -12"><span class='ocrx_word' id='word_1_859' title='bbox 2130 5308 2246 5345; x_wconf 89' lang='lat' dir='ltr'><strong><em>cum</em></strong></span> <span class='ocrx_word' id='word_1_860' title='bbox 2294 5292 2345 5344; x_wconf 90' lang='lat' dir='ltr'><strong><em>in</em></strong></span> <span class='ocrx_word' id='word_1_861' title='bbox 2382 5288 2550 5343; x_wconf 87' lang='lat' dir='ltr'><strong><em>Veteri</em></strong></span> <span class='ocrx_word' id='word_1_862' title='bbox 2575 5298 2621 5343; x_wconf 91' lang='lat' dir='ltr'><strong><em>et</em></strong></span> <span class='ocrx_word' id='word_1_863' title='bbox 2649 5287 2793 5343; x_wconf 83' lang='lat' dir='ltr'><strong><em>Novo</em></strong></span> <span class='ocrx_word' id='word_1_864' title='bbox 2825 5287 3146 5343; x_wconf 88' lang='lat' dir='ltr'><strong><em>Testamento</em></strong></span> <span class='ocrx_word' id='word_1_865' title='bbox 3188 5287 3527 5357; x_wconf 76' lang='lat' dir='ltr'><strong><em>cognovimus,</em></strong></span> <span class='ocrx_word' id='word_1_866' title='bbox 3553 5280 3682 5345; x_wconf 79' lang='lat' dir='ltr'><strong><em>conﬁ-</em></strong></span> 
     </span>
    </p>
   </div>
   <div class='ocr_carea' id='block_1_112' title="bbox 2131 5373 3680 5453">
    <p class='ocr_par' dir='ltr' id='par_1_112' title="bbox 2131 5373 3680 5453">
     <span class='ocr_line' id='line_1_112' title="bbox 2131 5373 3680 5453; baseline -0.008 -16"><span class='ocrx_word' id='word_1_867' title='bbox 2131 5395 2313 5451; x_wconf 86' lang='lat' dir='ltr'><strong><em>temur,</em></strong></span> <span class='ocrx_word' id='word_1_868' title='bbox 2342 5395 2387 5437; x_wconf 87' lang='lat' dir='ltr'><strong><em>ct</em></strong></span> <span class='ocrx_word' id='word_1_869' title='bbox 2416 5382 2776 5453; x_wconf 75' lang='lat' dir='ltr'><strong><em>prwdicnmus.</em></strong></span> <span class='ocrx_word' id='word_1_870' title='bbox 2816 5383 2916 5448; x_wconf 86' lang='lat' dir='ltr'><strong><em>Qui</em></strong></span> <span class='ocrx_word' id='word_1_871' title='bbox 2961 5391 3131 5435; x_wconf 87' lang='lat' dir='ltr'><strong><em>autem</em></strong></span> <span class='ocrx_word' id='word_1_872' title='bbox 3173 5390 3351 5434; x_wconf 88' lang='lat' dir='ltr'><strong><em>contra</em></strong></span> <span class='ocrx_word' id='word_1_873' title='bbox 3379 5378 3496 5431; x_wconf 91' lang='lat' dir='ltr'><strong><em>dicit</em></strong></span> <span class='ocrx_word' id='word_1_874' title='bbox 3525 5373 3680 5427; x_wconf 80' lang='lat' dir='ltr'><strong><em>Filium</em></strong></span> 
     </span>
    </p>
   </div>
   <div class='ocr_carea' id='block_1_113' title="bbox 2131 5470 3681 5537">
    <p class='ocr_par' dir='ltr' id='par_1_113' title="bbox 2131 5470 3681 5537">
     <span class='ocr_line' id='line_1_113' title="bbox 2131 5470 3681 5537; baseline -0.009 -9"><span class='ocrx_word' id='word_1_875' title='bbox 2131 5475 2227 5528; x_wconf 84' lang='lat' dir='ltr'><strong><em>Dei</em></strong></span> <span class='ocrx_word' id='word_1_876' title='bbox 2259 5493 2360 5529; x_wconf 88' lang='lat' dir='ltr'><strong><em>non</em></strong></span> <span class='ocrx_word' id='word_1_877' title='bbox 2403 5492 2511 5529; x_wconf 86' lang='lat' dir='ltr'><strong><em>esse</em></strong></span> <span class='ocrx_word' id='word_1_878' title='bbox 2537 5484 2655 5527; x_wconf 86' lang='lat' dir='ltr'><strong><em>ante</em></strong></span> <span class='ocrx_word' id='word_1_879' title='bbox 2697 5474 3105 5528; x_wconf 86' lang='lat' dir='ltr'><strong><em>constitutionem</em></strong></span> <span class='ocrx_word' id='word_1_880' title='bbox 3133 5471 3335 5535; x_wconf 86' lang='lat' dir='ltr'><strong><em>mundi,</em></strong></span> <span class='ocrx_word' id='word_1_881' title='bbox 3366 5470 3575 5537; x_wconf 85' lang='lat' dir='ltr'><strong><em>dicitque</em></strong></span> <span class='ocrx_word' id='word_1_882' title='bbox 3592 5477 3681 5514; x_wconf 81' lang='lat' dir='ltr'><strong><em>crc-</em></strong></span> 
     </span>
    </p>
   </div>
   <div class='ocr_carea' id='block_1_114' title="bbox 2132 5558 3682 5637">
    <p class='ocr_par' dir='ltr' id='par_1_114' title="bbox 2132 5558 3682 5637">
     <span class='ocr_line' id='line_1_114' title="bbox 2132 5558 3682 5637; baseline -0.01 -15"><span class='ocrx_word' id='word_1_883' title='bbox 2132 5572 2266 5634; x_wconf 83' lang='lat' dir='ltr'><strong><em>dere,</em></strong></span> <span class='ocrx_word' id='word_1_884' title='bbox 2302 5580 2349 5623; x_wconf 88' lang='lat' dir='ltr'><strong><em>ct</em></strong></span> <span class='ocrx_word' id='word_1_885' title='bbox 2371 5570 2605 5637; x_wconf 89' lang='lat' dir='ltr'><strong><em>con/iteri</em></strong></span> <span class='ocrx_word' id='word_1_886' title='bbox 2633 5586 2739 5623; x_wconf 83' lang='lat' dir='ltr'><strong><em>esse</em></strong></span> <span class='ocrx_word' id='word_1_887' title='bbox 2768 5568 2949 5633; x_wconf 86' lang='lat' dir='ltr'><strong><em>Deum,</em></strong></span> <span class='ocrx_word' id='word_1_888' title='bbox 2975 5584 3075 5621; x_wconf 87' lang='lat' dir='ltr'><strong><em>non</em></strong></span> <span class='ocrx_word' id='word_1_889' title='bbox 3097 5583 3207 5620; x_wconf 83' lang='lat' dir='ltr'><strong><em>esse</em></strong></span> <span class='ocrx_word' id='word_1_890' title='bbox 3232 5564 3377 5617; x_wconf 88' lang='lat' dir='ltr'><strong><em>aliud</em></strong></span> <span class='ocrx_word' id='word_1_891' title='bbox 3417 5577 3555 5632; x_wconf 88' lang='lat' dir='ltr'><strong><em>quam</em></strong></span> <span class='ocrx_word' id='word_1_892' title='bbox 3579 5558 3682 5609; x_wconf 67' lang='lat' dir='ltr'><strong><em>duo:</em></strong></span> 
     </span>
    </p>
   </div>
   <div class='ocr_carea' id='block_1_115' title="bbox 2136 5651 3685 5730">
    <p class='ocr_par' dir='ltr' id='par_1_115' title="bbox 2136 5651 3685 5730">
     <span class='ocr_line' id='line_1_115' title="bbox 2136 5651 3685 5730; baseline -0.008 -17"><span class='ocrx_word' id='word_1_893' title='bbox 2136 5659 2269 5715; x_wconf 85' lang='lat' dir='ltr'><strong><em>Deos</em></strong></span> <span class='ocrx_word' id='word_1_894' title='bbox 2297 5661 2598 5730; x_wconf 80' lang='lat' dir='ltr'><strong><em>pra&#39;dicare.</em></strong></span> <span class='ocrx_word' id='word_1_895' title='bbox 2657 5662 2755 5724; x_wconf 84' lang='lat' dir='ltr'><strong><em>Qui</em></strong></span> <span class='ocrx_word' id='word_1_896' title='bbox 2797 5658 2988 5712; x_wconf 83' lang='lat' dir='ltr'><strong><em>Filium</em></strong></span> <span class='ocrx_word' id='word_1_897' title='bbox 3022 5657 3117 5710; x_wconf 89' lang='lat' dir='ltr'><strong><em>Dei</em></strong></span> <span class='ocrx_word' id='word_1_898' title='bbox 3136 5673 3235 5710; x_wconf 87' lang='lat' dir='ltr'><strong><em>non</em></strong></span> <span class='ocrx_word' id='word_1_899' title='bbox 3269 5673 3375 5709; x_wconf 87' lang='lat' dir='ltr'><strong><em>esse</em></strong></span> <span class='ocrx_word' id='word_1_900' title='bbox 3406 5651 3556 5705; x_wconf 72' lang='lat' dir='ltr'><strong><em>Deum</em></strong></span> <span class='ocrx_word' id='word_1_901' title='bbox 3577 5660 3685 5717; x_wconf 71' lang='lat' dir='ltr'><strong><em>pm-</em></strong></span> 
     </span>
    </p>
   </div>
   <div class='ocr_carea' id='block_1_116' title="bbox 2136 5739 3683 5821">
    <p class='ocr_par' dir='ltr' id='par_1_116' title="bbox 2136 5739 3683 5821">
     <span class='ocr_line' id='line_1_116' title="bbox 2136 5739 3683 5821; baseline -0.01 -10"><span class='ocrx_word' id='word_1_902' title='bbox 2136 5758 2305 5821; x_wconf 88' lang='lat' dir='ltr'><strong><em>dicat,</em></strong></span> <span class='ocrx_word' id='word_1_903' title='bbox 2358 5758 2491 5811; x_wconf 89' lang='lat' dir='ltr'><strong><em>hunc</em></strong></span> <span class='ocrx_word' id='word_1_904' title='bbox 2529 5744 2755 5810; x_wconf 22' lang='lat' dir='ltr'><strong><em>alie-unm</em></strong></span> <span class='ocrx_word' id='word_1_905' title='bbox 2783 5770 2887 5810; x_wconf 85' lang='lat' dir='ltr'><strong><em>esse</em></strong></span> <span class='ocrx_word' id='word_1_906' title='bbox 2916 5756 2977 5807; x_wconf 90' lang='lat' dir='ltr'><strong><em>ab</em></strong></span> <span class='ocrx_word' id='word_1_907' title='bbox 3008 5752 3253 5806; x_wconf 71' lang='lat' dir='ltr'><strong><em>Ecclesiae</em></strong></span> <span class='ocrx_word' id='word_1_908' title='bbox 3286 5748 3477 5821; x_wconf 79' lang='lat' dir='ltr'><strong><em>Regula</em></strong></span> <span class='ocrx_word' id='word_1_909' title='bbox 3499 5739 3683 5796; x_wconf 70' lang='lat' dir='ltr'><strong><em>arbitro-</em></strong></span> 
     </span>
    </p>
   </div>
   <div class='ocr_carea' id='block_1_117' title="bbox 2146 5835 3682 5926">
    <p class='ocr_par' dir='ltr' id='par_1_117' title="bbox 2146 5835 3682 5926">
     <span class='ocr_line' id='line_1_117' title="bbox 2146 5835 3682 5926; baseline -0.016 -15"><span class='ocrx_word' id='word_1_910' title='bbox 2146 5870 2282 5926; x_wconf 87' lang='lat' dir='ltr'><strong><em>ntur,</em></strong></span> <span class='ocrx_word' id='word_1_911' title='bbox 2313 5864 2360 5913; x_wconf 90' lang='lat' dir='ltr'><strong><em>et</em></strong></span> <span class='ocrx_word' id='word_1_912' title='bbox 2390 5870 2562 5912; x_wconf 84' lang='lat' dir='ltr'><strong><em>omnes</em></strong></span> <span class='ocrx_word' id='word_1_913' title='bbox 2602 5851 2848 5915; x_wconf 75' lang='lat' dir='ltr'><strong><em>Ecclesite</em></strong></span> <span class='ocrx_word' id='word_1_914' title='bbox 2894 5849 3177 5909; x_wconf 77' lang='lat' dir='ltr'><strong><em>Catholica:</em></strong></span> <span class='ocrx_word' id='word_1_915' title='bbox 3198 5846 3455 5903; x_wconf 86' lang='lat' dir='ltr'><strong><em>nobiscum</em></strong></span> <span class='ocrx_word' id='word_1_916' title='bbox 3475 5835 3682 5897; x_wconf 79' lang='lat' dir='ltr'><strong><em>seruiunt.</em></strong></span> 
     </span>
    </p>
   </div>
  </div>
