3822 6220
469 333 573 390 659
1345 296 1350 299 ’
1536 405 1543 409 ν
1611 337 1697 393 DE
1729 333 2309 397 SANCTI'ZENONIS
2348 338 2615 398 specus
2752 295 2756 299 i
2982 368 2985 369 κ
3645 337 3725 390 ou

469 448 670 507 Paulus
701 451 1084 509 Samosateuus
1113 469 1125 506 :
1176 448 1289 506 Non
1320 455 1451 507 vero
1475 449 1835 519 :Cerinthum,
1858 449 2063 521 Carpo-
2094 453 2142 510 Λ
2170 466 2307 508 mus.
2347 451 2463 507 Nos
2506 462 2676 508 autem
2704 466 2816 520 qua:
2852 452 2917 505 sit
2948 458 3129 506 nostra
3149 448 3406 503 sententia
3437 446 3533 517 (ita
3563 447 3723 515 Arius)
3776 486 3777 521 ἢ

466 558 639 612 cram,
669 546 912 617 aliosque
944 545 1214 601 Christum
1246 560 1311 601 ex
1339 544 1541 616 Joseph
1564 588 1579 614 ,
1608 557 1663 603 et
1689 545 1874 612 Maria,
1909 558 1971 599 ac
1998 542 2065 598 de
2168 559 2465 612 sensusque,
2496 554 2543 599 et
2566 544 2834 598 docuimus
2873 551 2923 598 et
2977 542 3216 613 docemus
3245 556 3263 594 :
3288 537 3488 592 Filium
3511 539 3723 592 nimirum
3776 544 3777 617 ᾗ

469 645 701 708 utroque
730 653 860 694 sexu
905 645 1088 692 natum
1118 636 1577 707 blaspltemantes.
1626 638 1795 706 Quem
1823 649 2062 713 errorem

469 744 664 801 nempe
691 719 958 797 Christum
988 744 1178 800 purum
1224 729 1496 786 hominem
1526 745 1593 786 ex
1619 729 1839 799 Virgine
1882 728 2062 782 natum

470 833 628 879 aetate
672 821 902 878 Gallieni
950 823 1001 877 in
1034 822 1274 879 Ecclesia
1306 826 1575 896 serpuisse
1617 839 1681 885 ac
1735 822 2063 893 divulgatum

468 914 656 980 fuisse,
689 914 1470 985 inferiusdemonstrabimus.
1516 917 1733 973 Interim
1778 915 2065 971 adnotasse

469 1006 704 1065 sufficiat
741 1006 796 1063 S.
834 1005 1199 1064 Alexandrum
1242 1009 1609 1066 Patriarcham
1639 1007 2063 1079 Alexandrinum

467 1098 521 1156 in
565 1099 776 1154 laudata
828 1099 1058 1168 epistola
1102 1101 1381 1169 Ebionem,
1417 1101 1691 1157 Artemam
1721 1114 1783 1154 ac
1810 1097 2061 1154 Samosa-

472 1200 654 1248 teuum
683 1206 1034 1249 enumerasse
1086 1203 1211 1250 ante
1241 1193 1578 1262 Gallienum,
1622 1193 1896 1262 ipsiusque
1938 1188 2063 1246 Gal-

466 1284 591 1340 lieni
622 1293 803 1353 mtate,
854 1294 1039 1357 utpote
1087 1286 1175 1359 qui
1221 1288 1390 1358 magis
1421 1288 1472 1342 in
1518 1300 1703 1342 errore
1754 1284 2061 1339 confortues

468 1378 679 1436 Arianae
709 1379 903 1436 haeresi
935 1389 1178 1456 stravere
1208 1385 1367 1435 viant.

471 1515 617 1589 §lX.
658 1517 813 1573 Arius
841 1520 978 1573 circa
1028 1535 1149 1575 suos
1190 1532 1386 1573 errores
1414 1517 1709 1571 inconstans
1762 1524 1811 1570 et
1857 1514 2051 1569 varius.

540 1653 599 1709 S.
655 1654 965 1711 Alexandro
1009 1654 1074 1707 ad
1123 1652 1543 1709 Alexandrinam
1596 1649 1921 1707 Cathedram
1968 1666 2059 1706 as-

477 1756 712 1817 sumpto,
761 1746 942 1813 Arius,
1010 1746 1101 1817 qui
1133 1760 1192 1803 se
1234 1746 1597 1817 pnsthahitum
1629 1744 1810 1816 iniquo
1859 1744 2062 1801 ferebat

2137 654 2143 659 ·
2168 651 2327 702 neque
2355 636 2634 709 ingenitum
2648 650 2775 698 esse,
2804 649 2963 709 neque
2981 641 3175 703 portent
3205 630 3423 702 ingeniti
3444 622 3548 701 ullo
3578 633 3721 695 modo,
3776 608 3777 665 Ῠ

2169 734 2329 797 neque
2352 747 2417 785 ea:
2463 730 2571 784 ullo
2599 729 2858 802 subjecto,
2889 728 2979 782 sed
3017 726 3276 795 uoluntate
3316 734 3364 780 et
3404 724 3612 780 consilio
3634 738 3727 781 ante

2168 833 2398 895 tempora
2421 867 2434 890 ,
2485 832 2531 877 et
2574 830 2692 876 ante
2717 822 2904 897 stecula
2930 820 3136 891 plenum
3169 812 3599 882 Deam-extitisse,
3628 822 3726 873 uni-

2167 919 2410 988 genitum,
2452 916 2834 981 immutabilent,
2861 925 2910 971 et
2958 926 3078 969 ante
3114 932 3269 987 quam
3313 917 3620 988 gigneretur,
3657 926 3727 969 aut
3776 962 3777 965 η

2167 1012 2488 1078 conderetur,
2523 1021 2611 1064 aut
2652 1011 2997 1081 prie/iniretur
3021 1006 3355 1083 noulifuisse:
3393 1030 3509 1084 nam
3557 1013 3725 1083 ingeni-

2167 1111 2273 1155 tum
2300 1119 2401 1157 non
2433 1113 2557 1157 erat.
2608 1102 2949 1174 Exagitamur
2983 1090 3145 1176 igitur
3164 1106 3329 1176 quod
3360 1094 3559 1161 Filium
3600 1108 3725 1175 prin-

2166 1193 2378 1263 cipium,
2410 1192 2577 1270 Deum
2613 1193 2822 1262 Patrem
2864 1212 3039 1249 carere
3081 1198 3335 1270 principio
3372 1197 3634 1264 dicimus;
3659 1207 3724 1251 at-
3776 1252 3777 1255 η

2164 1302 2261 1354 que
2286 1295 2390 1340 tum
2409 1287 2504 1340 hac
2533 1269 2595 1340 de
2624 1303 2804 1353 causa,
2830 1298 2937 1345 tum
2962 1291 3100 1361 quod
3130 1292 3371 1353 dicimus,
3400 1308 3513 1346 eum
3533 1292 3723 1347 emititu-

2168 1377 2215 1431 lo
2230 1390 2485 1443 constare,
2512 1393 3003 1453 nosperseqnuntur'
3017 1384 3324 1440 aduersarii.
3359 1384 3516 1441 Istud
3534 1401 3644 1441 vero
3667 1386 3725 1439 sic

2164 1471 2278 1523 ideo
2304 1471 2641 1537 assentimus,
2671 1460 2819 1542 quod
2844 1489 2945 1527 non
2975 1475 3041 1529 sit
3073 1491 3193 1542 pars
3224 1474 3325 1529 Dei
3354 1474 3551 1539 Patris,
3596 1490 3725 1543 neque

2164 1578 2227 1617 ea:
2284 1563 2389 1616 ullo
2431 1563 2659 1633 subjecto
2709 1566 2913 1621 existat.
2948 1566 3078 1635 ,llac
3108 1567 3171 1621 de
3220 1585 3276 1641 re
3310 1585 3403 1622 nos
3449 1568 3724 1622 itaet-tantur

2165 1652 2350 1719 (Extat
2380 1654 2521 1725 apud
2550 1653 2773 1733 Tlteod.,
2812 1655 2951 1712 IIiSt.
2982 1657 3135 1725 eccl.,
3179 1674 3297 1728 cap.
3329 1658 3410 1728 4).
3440 1648 3581 1713 Idem
3604 1671 3725 1727 pres-

2164 1746 2277 1802 sius
2305 1789 2317 1811 ,
2344 1756 2398 1802 at
2446 1748 2634 1817 majori
2675 1764 2796 1823 cum
2825 1748 2950 1804 dolo
2995 1752 3262 1818 exitressit
3307 1751 3535 1819 ipsemet
3588 1749 3725 1804 Euse-

466 1841 667 1908 auimo,
697 1838 897 1894 invidia
943 1839 1225 1895 tabescens
1270 1839 1669 1923 Alesandrique
1717 1841 1769 1895 in
1826 1839 2056 1894 illihatos
2086 1844 2132 1904 B
2164 1841 2281 1895 hius
2304 1839 2732 1923 Nicontediensis
2768 1843 2877 1921 Arii
2908 1836 3233 1912 Alianaeque
3280 1841 3504 1898 bmresis
3534 1842 3719 1906 validis-

465 1946 648 1989 mores
689 1931 882 1986 mutire
910 1946 1034 1986 cum
1076 1946 1181 1986 non
1213 1941 1414 2002 posset,
1460 1933 1513 1988 in
1546 1919 1713 2002 ipsius
1757 1932 2059 1987 doctrinam

465 2023 681 2079 dentem
708 2038 902 2080 acuere
931 2038 1096 2079 ausus
1116 2032 1218 2080 est.
1254 2022 1392 2078 Nam
1413 2040 1529 2079 cum
1553 2023 1615 2080 S.
1643 2025 1937 2080 Alexander
1967 2021 2057 2077 Fi-

466 2120 590 2173 lium
636 2103 965 2190 conﬁteretur
993 2119 1185 2173 honore
1231 2116 1383 2173 Patri
1425 2118 1693 2189 aqualem,
1732 2134 1792 2172 ac
1835 2117 2062 2189 ejusdem

465 2213 732 2279 essentne,
767 2228 834 2267 ea:
861 2212 1074 2267 adverso
1104 2212 1260 2266 Arius
1289 2210 1487 2267 Filium
1514 2212 1701 2284 nugari
1739 2211 1888 2284 coepit
1914 2221 2060 2265 crea—

467 2313 656 2370 turant,
689 2314 734 2358 et
754 2304 1034 2375 facturam,
1066 2312 1112 2358 et
1138 2290 1303 2376 fuisse
1335 2304 1541 2375 quando
1586 2321 1687 2360 non
1715 2312 1843 2369 erat,
1872 2314 1921 2359 et
1948 2318 2064 2368 qute

465 2396 632 2469 magis
658 2408 775 2452 sunt
799 2398 978 2467 impia.
1012 2396 1182 2469 Digna
1202 2401 1430 2471 profecto
1473 2412 1588 2468 qua:
1631 2396 1873 2451 oblivioni
1909 2413 2057 2451 man-

467 2492 653 2543 dentur
682 2506 744 2542 ac
790 2498 981 2543 artemo
1009 2489 1237 2544 silentio.
1261 2488 1337 2544 Ita
1365 2489 1658 2566 Gregorius
1679 2489 2059 2549 Ctesareensis.

467 2581 721 2653 Quamvis
749 2582 890 2635 enim
939 2591 994 2637 et
1022 2581 1241 2642 vivente
1287 2583 1679 2666 gloriosissimo
1728 2580 2060 2657 Martyres.

380 2720 381 2723 η
468 2673 628 2729 Petro
672 2672 1038 2730 Alexandrino
1086 2674 1561 2732 Patr-iarrhastirus
1609 2678 1868 2748 coepisset
1908 2686 2062 2735 suum

468 2765 629 2821 Arius
668 2780 944 2834 evomere,
988 2782 1160 2839 eaque
1195 2769 1263 2824 de
1289 2785 1450 2825 causa
1476 2768 1651 2844 fuerit.
1679 2772 1749 2826 ab
1776 2788 1842 2828 eo
1868 2772 2065 2844 degra-

468 2859 662 2916 datus:
692 2860 934 2917 Attamen
963 2873 1084 2918 tunc
1108 2864 1188 2936 (ut
1215 2864 1507 2920 Christiani
1545 2864 1681 2937 Lupi
1714 2868 1897 2924 verbis
1926 2868 2064 2940 utar)

2164 1914 2731 2010 simuspropugnal‘or
2751 1914 2775 1986 τη
2809 1931 2990 2003 Neque
3010 1934 3142 1988 enint
3190 1933 3255 1987 de
3294 1932 3493 2011 duobus
3520 1935 3725 2005 ingenita

2164 2042 2257 2079 nos
2286 2026 2601 2094 audiuimus,
2642 2043 2804 2097 neque
2831 2042 2993 2081 unum
3021 2027 3077 2081 in
3107 2026 3211 2080 duo
3237 2026 3483 2092 diuisum,
3511 2042 3656 2095 neque
3676 2026 3726 2077 il-

2164 2120 2254 2173 lud
2282 2120 2445 2173 ullam
2465 2135 2765 2189 corpoream
2813 2118 3135 2187 olfectionem
3183 2119 3401 2174 subiisse
3443 2119 3721 2179 didicimus,

2160 2211 2499 2276 credimusve,
2538 2211 2755 2266 Domine
2782 2213 2851 2266 nti
2885 2210 3126 2279 Pauline,
3155 2214 3435 2268 sed‘unum
3451 2212 3721 2284 ingenitum,

2165 2312 2325 2357 unum
2341 2319 2404 2357 ea:
2426 2319 2483 2357 eo
2507 2320 2637 2369 vere,
2671 2304 2761 2358 sed
2805 2321 2907 2359 non
2954 2320 3017 2360 ea:
3044 2305 3333 2360 substantia
3353 2308 3472 2379 ejus
3491 2296 3723 2377 genitum,

2165 2406 2363 2451 natura:
2379 2397 2593 2468 ingeniti
2615 2398 2840 2463 omnino,
2862 2408 2912 2452 et
2934 2401 3048 2473 ejus
3069 2398 3302 2453 essentia!
3328 2414 3513 2468 expers
3536 2395 3617 2468 (In
3639 2394 3723 2464 Ep.

2165 2489 2233 2544 ad
2263 2488 2523 2562 Paulin.).
2555 2488 3047 2561 Unum‘ingenitum
3069 2507 3190 2547 eum
3227 2492 3472 2547 Ecclesia
3485 2488 3727 2546 Catholica

2166 2583 2387 2651 fatetur,
2419 2594 2477 2639 ut
2501 2584 2744 2639 videatur
2771 2576 3043 2640 Menandri
3077 2568 3320 2641 errorem
3350 2584 3623 2647 damnare,
3659 2583 3729 2655 qui

2170 2674 2456 2730 Dominum
2484 2674 2534 2741 J.
2566 2673 2628 2730 C.
2675 2675 2899 2730 dicebat
2933 2660 3250 2747 ingenitum.
3273 2676 3586 2753 ingenitum
3612 2675 3731 2731 dieeo

2169 2767 2260 2823 bat
2312 2777 2367 2823 et
2400 2767 2571 2823 Ebion
2601 2808 2617 2835 ,
2646 2762 2706 2823 ut
2735 2769 2899 2824 refert
2924 2768 3323 2826 Theodoretus.
3352 2767 3413 2826 Is
3435 2754 3596 2832 unum
3622 2769 3731 2822 dire-
3776 2792 3777 2819 γ

2155 2861 2255 2919 .bat
2292 2861 2595 2932 ingenitum,
2648 2861 2777 2917 sicut
2828 2871 2876 2917 et
2925 2879 3040 2929 nos,
3091 2872 3139 2939 et
3178 2878 3299 2917 eum
3323 2863 3612 2919 ostendebat
3649 2876 3733 2915 esse

468 2963 645 3022 utpote
666 2954 920 3009 duntaxat
950 2955 1211 3011 Diacontts
1239 2959 1528 3029 prtedicare‘
1564 2970 1625 3042 et.
1665 2948 1881 3032 publice
1904 2978 2057 3036 papu-

2171 2953 2352 3007 mundi
2396 2954 2652 3026 opiﬁcem.
2682 2953 2766 3010 Ab
2795 2970 2856 3009 ea
2886 2955 3119 3023 vafritie,
3149 2970 3310 3025 quam
3335 2956 3388 3013 in
3420 2941 3733 3036 Samosateno
3776 2948 3777 2955 “

471 3046 579 3101 lunt
626 3046 812 3103 docere
841 3050 1058 3125 necdum
1091 3054 1313 3120 poterat.
1349 3052 1637 3108 Alexandri
1669 3070 1799 3111 vero
1829 3044 2057 3127 tempore

2172 3050 2377 3105 notavit
2406 3047 2473 3104 S.‘
2498 3048 2784 3121 Dionysius
2816 3050 3229 3123 Alexandrinus.
3265 3048 3421 3116 Quod
3441 3058 3607 3105 autent
3634 3048 3733 3100 dicit

466 3139 577 3209 jam
607 3139 875 3197 Sacerdos
920 3158 984 3200 ac
1012 3143 1173 3219 Verbi
1227 3145 1551 3215 praedicandi
1601 3147 1700 3218 ipsi
1748 3147 2057 3206 demandata

2172 3144 2461 3221 ingenitum
2484 3140 2694 3198 Patrem
2718 3184 2735 3211 ,
2763 3143 2887 3197 dicit
2927 3150 2983 3198 ut
3026 3144 3209 3198 doceat
3236 3140 3505 3197 Christum
3523 3148 3733 3197 recentem

469 3250 620 3302 cura,
677 3246 865 3306 aperte
922 3237 975 3291 in
1007 3239 1364 3294 concionibus
1412 3238 2063 3310 apestolicat‘Alexandri
2093 3234 2139 3300 C
2169 3253 2313 3304 esse,
2343 3247 2391 3293 et
2416 3248 2725 3293 creaturam.
2785 3236 3081 3315 Indiyisum
3127 3247 3183 3293 et
3227 3238 3603 3310 ineorporettm
3630 3236 3733 3290 dicit

471 3327 737 3384 doctrinae
787 3329 1098 3399 detrahere,
1151 3331 1471 3402 Ehionique,
1526 3337 1781 3400 Artemte,
1829 3345 1883 3391 et
1913 3336 2067 3411 Pauli
2174 3330 2375 3398 Deum,
2407 3331 2674 3386 utinnuat
2704 3329 3016 3387 Catltolicos
3041 3327 3735 3387 consubstantialitateniFi-

472 3424 687 3476 errores
720 3432 990 3479 recoctam
1022 3425 1185 3487 veluti
1237 3426 1510 3482 crambem
1564 3443 1839 3497 Opponere
1885 3431 2067 3500 coepit.
2174 3424 2229 3479 lii
2259 3440 2382 3497 cum
2433 3424 2596 3495 Patre
2640 3426 3005 3505 sustinentes,
3049 3424 3373 3480 divisionem
3426 3425 3479 3479 in
3518 3424 3632 3479 Deo
3664 3419 3739 3475 ad-

473 3515 587 3583 Qua
618 3516 687 3573 de
729 3532 787 3573 re
814 3519 883 3575 ab
910 3518 1099 3592 eodem
1129 3519 1187 3575 S.
1216 3510 1863 3587 Alexandro'damnatus,
1908 3534 2070 3595 atque
2176 3520 2412 3575 mittere.
2471 3518 2548 3584 Id,
2604 3528 2657 3574 et
2714 3518 2977 3574 Pr’axeani
3028 3518 3326 3575 Catholicis
3383 3517 3737 3575 suceeuseltant

473 3608 540 3662 ab
572 3607 812 3664 Ecclesia
855 3610 1079 3680 'ejeetus,
1126 3612 1347 3669 Ebionis
1395 3612 1743 3672 εμΑπ-ιεωω
1798 3616 2069 3686 haereses,
2177 3613 2313 3668 falso
2360 3610 2636 3682 religionis
2681 3614 2820 3681 zelo,
2874 3620 2935 3667 ut
2972 3628 3037 3667 ex
3096 3611 3460 3667 Tertulliano.
3510 3608 3737 3677 Quomodo

473 3717 607 3772 quas
660 3704 1001 3776 divulgarat,
1023 3720 1065 3759 .a
1096 3721 1307 3762 summo
1338 3708 1593 3778 pontifiCe
1622 3709 1841 3767 Victore
1886 3701 2069 3767 Romae
2176 3716 2345 3762 autem
2383 3723 2625 3762 numerus
2660 3708 2770 3761 sine
2794 3705 3042 3761 divisione
3069 3694 3308 3777 ponatur,
3336 3705 3655 3774 procedentes
3679 3717 3737 3754 re-

473 3782 777 3862 damuatas;
809 3797 1067 3869 Paulique
1095 3798 1454 3867 Satnosateni,
1494 3801 1585 3872 qui
1629 3784 1723 3858 eas
1767 3804 2073 3860 instaurare
2177 3809 2426 3855 tractatus
2453 3798 2897 3869 dentonstrabunt.
2939 3798 3565 3854 Consubstantialitatem
3595 3798 3737 3864 itaque
3776 3788 3777 3795 “

475 3902 636 3943 ausus
661 3899 766 3956 eet,
796 3898 941 3945 tanta
964 3892 1343 3962 episcoporum
1392 3895 1689 3965 frequentia
1746 3896 1797 3950 in
1843 3897 2075 3953 concilio
2178 3902 2338 3963 negat
2377 3890 2871 3948 Eusehitts.vUnum
2896 3892 3178 3963 ingenitum
3201 3933 3216 3958 ,
3248 3909 3411 3946 unum
3450 3908 3512 3946 es
3548 3903 3737 3950 cotem

474 3981 813 4037 Autiocheno
860 3981 1192 4054 proﬂigatas,
1242 3986 1441 4043 docere
1487 4003 1551 4043 ac
1607 3988 1899 4045 defendere
1949 4005 2057 4045 cun

2177 3985 2267 4039 sed
2289 4001 2389 4039 non
2412 4000 2476 4039 ea:
2501 3984 2786 4039 substantia
2798 3987 2910 4057 ejus
2936 3985 3184 4057 genitum,
3214 3995 3418 4039 natura:
3440 3984 3641 4057 ingenui
3656 3996 3739 4034 ont-

477 4088 581 4127 nou
627 4074 871 4141 auderet,
925 4077 1140 4132 cautius
1187 4093 1376 4155 agens,
1420 4080 1638 4136 easdem
1685 4081 2075 4140 circumvelare
2177 4077 2324 4142 nino.
2352 4090 2399 4134 et
2426 4083 2537 4153 ejus
2557 4082 2790 4134 essentia:
2816 4094 3017 4148 expers.
3058 4074 3205 4134 Alios
3244 4094 3382 4148 quos
3411 4077 3573 4133 Arius
3593 4084 3738 4146 aperte
3776 4128 3777 4135 η

476 4170 686 4248 alioque
711 4180 927 4240 aspectu
958 4174 1285 4231 concinnare
1313 4160 1542 4231 curavit.
1579 4176 1711 4232 Illud
1744 4178 1796 4233 in
1838 4179 2026 4248 primis
2058 4199 2083 4235 ς·
2180 4171 2374 4229 asserit
2394 4187 2611 4228 errores
2640 4188 2705 4227 ex
2741 4182 2936 4243 negata
2962 4161 3531 4245 consubstantialitate
3558 4183 3739 4226 manen—
3776 4172 3777 4183 ‘

477 4260 748 4317 Christum
773 4279 968 4335 nempe
996 4277 1121 4321 ante
1152 4266 1372 4322 Mariam
1415 4284 1521 4324 non
1550 4268 1717 4326 fuisse
1752 4288 1766 4335 ;
1800 4268 2057 4342 fuissequl

2184 4276 2264 4321 tes
2302 4266 2519 4321 silentio
2572 4266 2845 4337 praeterit;
2895 4280 3090 4335 nempe
3143 4264 3338 4320 Filium
3388 4280 3495 4319 non
3538 4261 3777 4343 estitisse‘

479 4362 689 4424 tempus
735 4356 952 4428 quando
1001 4356 1106 4413 nan
1153 4359 1315 4415 fuerit
1355 4359 1565 4427 Filius;
1597 4362 2018 4433 mutabilemque
2047 4381 2076 4419 a
2182 4368 2468 4430 antequam
2515 4359 2848 4431 gigneretur,
2890 4368 2980 4412 aut
3024 4356 3387 4414 conderetur:
3441 4366 3497 4412 et
3516 4372 3579 4413 ex
3606 4351 3738 4412 nihilo

478 4448 593 4504 Deo
623 4458 861 4513 creatum
896 4468 910 4504 :
960 4450 1081 4518 has,
1129 4453 1369 4522 inquam,
1402 4469 1535 4525 quas
1584 4456 1760 4525 primo
1808 4467 2085 4527 sparserat
2184 4454 2350 4510 fuisse
2371 4454 2720 4524 productum,
2750 4461 2809 4507 ut
2836 4452 3102 4523 dogmatis
3123 4453 3291 4519 virus,
3327 4460 3582 4522 quantum
3601 4448 3733 4524 valet.
3776 4502 3777 4523 ξ

450 4539 843 4607 ‘hlasphemias
875 4583 889 4606 ,
945 4544 1406 4615 ita‘temperavit,
1464 4555 1523 4601 ut
1573 4542 1835 4623 fateretur
1885 4547 2079 4603 Filium
2112 4622 2125 4623 ί
2189 4546 2508 4602 abscondat.
2577 4534 2725 4601 Hanc
2797 4528 2938 4623 Arii,
2978 4532 3219 4615 ejusque
3262 4554 3587 4600 sectatorum
3632 4542 3777 4623 circa

476 4644 604 4688 ante
635 4644 898 4705 tempora,
929 4647 983 4691 et
1012 4648 1139 4692 ante
1160 4639 1355 4692 saecula
1387 4639 1603 4709 plenum
1634 4622 1803 4696 Deum
1835 4640 2079 4697 extitisse
2105 4622 2161 4683 Ῐ)
2187 4647 2314 4693 suos
2341 4652 2556 4693 errores
2598 4638 2914 4697 varietatem
2934 4621 3164 4691 notarit
3209 4634 3564 4706 Augustinus.
3610 4630 3739 4688 Audio
3776 4642 3777 4709 7

478 4727 850 4799 Uuigenitum,
882 4716 1312 4799 immutabilem;
1342 4748 1603 4805 suamque
1634 4734 1852 4805 impiam
1880 4735 2057 4791 doctrin

2189 4749 2277 4787 vos
2313 4734 2429 4805 jam
2469 4732 2789 4798 emendasse,
2820 4747 2887 4783 an
2925 4732 3058 4801 forte
3085 4729 3277 4800 falsum
3315 4738 3389 4783 est
3441 4745 3527 4783 eos
3564 4724 3736 4782 uacatio

478 4838 601 4876 nam
633 4823 802 4879 veluti
834 4824 1160 4881 catholicum
1190 4826 1387 4897 dogma
1416 4827 1723 4893 venditans,
1774 4842 1835 4883 se
1882 4827 2080 4885 docere
2187 4826 2396 4898 quando
2420 4828 2610 4882 dixisse
2654 4827 2791 4893 quod
2817 4825 2974 4895 fuerit
2993 4823 3273 4892 aliquando
3301 4820 3462 4905 Pater
3485 4824 3592 4876 sine
3611 4814 3739 4874 Filio?

477 4916 748 4985 professus
776 4927 881 4983 est,
906 4917 1105 4997 Filium
1132 4935 1239 4974 non
1272 4934 1393 4975 esse
1416 4920 1736 4991 ingenitum,
1768 4920 2077 4989 utPalrem,
2160 4918 2166 4923 ’
2190 4931 2452 4991 tamquam
2478 4920 2627 4987 fuerit
2656 4921 2750 4974 tua:
2777 4928 2969 4974 (eterna
2993 4918 3104 4972 sine
3126 4917 3352 4972 candore
3392 4934 3540 4990 quem
3586 4912 3736 4988 genuit.

477 5024 650 5079 neque
681 5021 889 5082 partem
921 5012 1168 5083 ingeniti,
1200 5012 1253 5068 in
1279 5028 1346 5069 eo
1377 5012 1687 5070 Catholicos
1715 5029 1965 5085 carpens,
1989 5024 2076 5068 ut-
2191 5014 2257 5068 Et
2283 5014 2334 5067 in
2377 5011 2532 5083 libris
2557 5012 2624 5067 de
2651 5011 2914 5065 'l‘riuitate
2948 5028 2962 5066 :
3004 5008 3066 5066 Si
3096 5008 3270 5064 Filius
3298 5020 3399 5070 est.
3430 5018 3578 5085 natus
3606 5001 3739 5069 €81.35

479 5111 606 5170 pote
634 5103 724 5173 qui
752 5104 946 5159 Filium
972 5104 1123 5161 Patri
1150 5106 1419 5181 aequalem
1444 5115 1777 5173 asserentes,
1813 5082 2081 5177 ejusdem-
2188 5116 2339 5161 natus
2367 5115 2460 5169 est,
2494 5115 2600 5160 erat
2626 5114 2824 5175 tempus
2860 5102 3068 5170 quando
3089 5119 3192 5157 non
3241 5111 3352 5174 erat
3380 5082 3579 5156 Filius:
3601 5098 3740 5154 Poste.

479 5211 583 5260 que
609 5199 948 5267 Substantite,
982 5200 1176 5256 Filium
1210 5204 1507 5273 ingenitum
1538 5201 1799 5271 facerent,
1845 5211 2054 5274 partem

2185 5198 2348 5250 riores
2391 5196 2574 5250 Ariani
2614 5196 2905 5266 abiecerant
2954 5194 3115 5249 istam
3166 5194 3493 5249 sententiam.
3539 5192 3616 5247 Ab
3655 5188 3739 5257 ipso

477 5307 583 5359 que
609 5308 729 5347 esse
773 5278 1089 5351 substantia:
1144 5296 1321 5352 Patris
1368 5296 1651 5354 docerent.
1698 5298 1859 5353 Suam
1903 5308 2057 5352 tamet

2185 5298 2429 5347 veromet
2480 5289 2609 5345 Ario
2648 5275 2787 5343 hanc
2815 5288 3168 5342 variationem
3197 5291 3431 5357 rmptsse
3468 5290 3665 5341 constat
3692 5289 3738 5329 rx

480 5383 809 5455 impietatem
841 5391 1102 5455 retinens,
1138 5391 1334 5451 ibidem
1358 5392 1607 5458 docebat,
1642 5391 1837 5447 Filium
1870 5408 1936 5446 ex
1970 5374 2078 5446 ullo
2098 5435 2119 5445 -
2186 5383 2252 5439 iis
2282 5398 2402 5453 quae
2432 5398 2591 5453 supra
2622 5383 2723 5436 hoc
2754 5380 2807 5435 in
2839 5379 3028 5436 eodem
3061 5378 3398 5451 paragrapho
3425 5393 3491 5434 ex
3538 5368 3740 5433 Theudo-

479 5478 724 5548 subjecto
748 5522 763 5547 ,
794 5481 935 5553 quod
970 5481 1113 5539 idem
1156 5494 1258 5550 est,
1290 5498 1353 5539 ac
1381 5501 1443 5539 ex
1484 5464 1681 5553 nihilo,
1709 5487 1802 5539 sed
1833 5485 2079 5539 vuluuta—
2185 5486 2304 5534 reto
2330 5477 2632 5533 retulimus.

482 5579 533 5624 te
573 5582 626 5626 et
674 5574 902 5631 consilio
934 5574 1109 5631 Patris
1136 5587 1397 5644 creatura;
1432 5592 1719 5649 antequam
1739 5578 2075 5649 gigneretur,

483 5678 589 5718 non
611 5664 774 5722 fuisse
801 5683 900 5739 pro
927 5670 1291 5739 generationis
1324 5672 1488 5727 verbo
1514 5677 1845 5728 creationem
1884 5672 2082 5727 intelli-

484 5769 635 5825 gens.
687 5758 815 5813 Haac
857 5761 1038 5817 omnia
1080 5778 1148 5817 ex
1199 5762 1524 5839 ipsius‘Arii
1554 5766 1791 5836 Epistola
1821 5766 1887 5820 ad
1919 5767 2087 5821 Euse-

488 5846 633 5903 bium
690 5856 1004 5919 episcopum
1057 5853 1527 5913 Nicomediensem
1584 5858 1783 5915 clarius
1827 5858 2099 5927 intelligo!

2186 5616 2314 5691 §X.
2345 5647 2415 5658 —
2466 5615 2707 5690 Ρνορνὶω
2757 5616 2872 5670 Arii
2907 5600 3321 5704 Arianornmqne
3374 5575 3632 5670 urbem
3662 5608 3741 5680 [0"

2477 5713 2637 5767 mula:
2660 5712 2768 5766 suis
2792 5711 2846 5765 in
2869 5710 3192 5783 explicandis
3214 5709 3499 5765 erroribus.

2267 5846 2498 5917 Propria
2527 5821 2647 5902 Arii
2678 5847 2908 5915 ejusque
2928 5854 3264 5902 sectatorum
3285 5843 3452 5901 verba
3478 5841 3589 5901 suis
3608 5845 3653 5898 in
3674 5848 3739 5890 εν
