3822 6220
98 250 198 305 641

1511 246 1977 306 DlSSERTA'l‘lO.

3298 254 3404 311 642

98 364 432 433 minuendis,
461 366 541 422 vel
573 364 805 434 antiquis
828 360 1166 418 resumendis
1190 362 1469 416 erroribus
1491 350 1700 418 adhibi-

1860 375 1984 420 ttunt
2015 364 2083 419 ab
2111 379 2254 420 anno
2291 366 2396 422 556
2442 368 2506 422 ad
2530 383 2727 424 annuat
2755 370 2861 427 580
2888 370 3214 442 producunt.
3244 371 3404 437 Quid-

98 469 169 522 la,
204 470 469 514 accurata
521 458 895 513 observatione
936 453 1267 511 rccensenda
1313 456 1603 523 videntur,
1655 466 1711 511 ut

97 551 321 607 collatis
344 552 405 608 S.
438 549 667 607 Zenonis
692 548 973 605 sententiis
1001 548 1302 603 evidentius
1331 543 1530 617 inspici
1584 564 1710 617 pos-

96 642 190 709 sit,
220 659 358 697 num
384 652 571 698 contra
600 642 809 707 Arium,
837 656 901 694 an
926 645 1112 696 contra
1135 638 1468 709 antiquiores
1495 639 1709 694 lucreti-

99 752 193 792 cos
221 738 398 793 verba
426 736 617 793 fecerit
641 735 696 791 S.
727 735 949 790 Prwsul.

170 829 359 897 Crepit
392 831 569 899 itaque
593 828 774 890 Arius.
807 835 947 883 teste
967 828 1023 885 8.
1054 827 1367 884 Athanasio
1399 828 1573 899 (Orat.
1618 836 1707 897 ‘pr.

99 932 285 977 contra
307 922 545 993 Arium),
578 931 763 977 contra
791 919 847 976 S.
888 919 1182 977 Alexandri
1219 920 1540 976 catholicam
1583 920 1712 976 doc-

99 1018 304 1073 trinam
331 1016 590 1072 insanire.
638 1012 759 1068 Non
804 1031 1004 1084 semper
1036 1014 1174 1068 Deus
1217 1023 1329 1069 erat
1381 1013 1558 1081 Pater,
1611 1028 1713 1066 non

98 1125 305 1179 semper
355 1096 565 1162 Filius:
588 1124 713 1161 nam
738 1124 852 1161 cum
875 1108 1045 1161 omnia
1064 1108 1165 1160 sint
1212 1123 1275 1163 ea:
1321 1105 1516 1172 nihilo,
1563 1107 1715 1161 etiam

100 1201 199 1256 Dei
226 1200 410 1256 Filius
438 1217 500 1255 ea:
525 1199 687 1255 nihilo
713 1202 937 1256 emersit.
990 1199 1055 1255 Et
1101 1217 1215 1255 cum
1263 1202 1437 1256 omnia
1464 1201 1565 1255 sint
1592 1216 1715 1253 con-

99 1297 233 1359 dita,
268 1293 389 1367 ipse
413 1310 607 1365 quoque
654 1294 922 1349 conditum
965 1293 1234 1365 quiddam,
1267 1304 1312 1348 et
1354 1310 1482 1362 Opus
1540 1292 1716 1347 haberi

99 1389 275 1443 debet.
329 1386 398 1441 Et
428 1403 545 1441 cum
572 1388 745 1441 omnia
764 1388 909 1458 prius
936 1403 1039 1440 non
1066 1396 1251 1452 essent,
1282 1386 1373 1440 sed
1414 1395 1590 1456 postea
1620 1401 1705 1439 ea:-

101 1482 329 1548 titerint,
382 1481 481 1551 [uit
511 1484 741 1552 profecto
766 1495 884 1534 cum
922 1477 1140 1533 Verbum
1172 1494 1276 1532 non
1306 1488 1433 1532 erat.
1488 1476 1556 1530 Et
1595 1478 1715 1548 quia

101 1594 203 1630 non
249 1583 372 1629 erat
399 1585 666 1643 antequam
694 1573 858 1643 ﬁeret,
890 1572 1201 1644 principium
1229 1570 1481 1626 existendi
1514 1570 1711 1641 habuit.

102 1669 240 1723 Tum
266 1668 413 1723 enim
452 1667 619 1722 extitit
645 1682 760 1720 cum
814 1663 954 1719 Deus
978 1680 1091 1719 eum
1119 1663 1381 1718 conditum
1420 1662 1599 1717 voluit.
1631 1662 1715 1717 ln-

1814 460 1936 525 quid
1960 469 2127 513 autem
2156 458 2325 526 idest,
2358 464 2538 531 procul
2586 463 2739 518 dubio
2785 466 2915 519 inter
2960 482 3153 519 annum
3203 464 3308 519 556
3357 475 3403 519 et

1815 553 1920 607 580
1942 554 2142 608 circiter
2171 551 2394 621 Zenonis
2426 539 2671 629 Episcopi
2715 568 2837 614 (ιλιαδ
2869 560 3141 614 statuenda
3191 570 3286 613 est.
3334 558 3407 615 De

1817 645 1919 703 hoc
1949 649 2126 702 {etatis
2154 656 2448 719 systemate
2475 648 2719 707 interius.

1857 780 1884 853 §
1921 780 2016 837 XI.
2048 774 2117 825 ὲ·-
2142 781 2392 839 Errorum
2431 787 2674 843 hactenus
2716 791 3081 845 recensitorum
3129 790 3256 846 tetas
3304 790 3372 845 ad

2355 876 2646 935 Gallienum
2686 897 2867 953 usque.

1889 1009 2276 1067 Prmtermissis
2298 1013 2568 1071 haereticis
2616 1016 2724 1073 illis
2768 1020 2946 1074 minus
3005 1019 3408 1097 circacrrorcs

1816 1114 1945 1156 suos
1974 1101 2115 1159 inter
2141 1119 2200 1160 se
2229 1107 2691 1165 consentientibus
2720 1111 2963 1180 Ebionis,
2988 1113 3244 1181 Artemw,
3271 1115 3410 1168 Pau-

1818 1192 1961 1263 lique
1988 1192 2325 1251 Samosateni
2350 1210 2480 1254 astas
2516 1187 2776 1256 ﬁrmanda
2798 1213 2881 1257 cst
2912 1220 2926 1269 ;
2964 1213 3073 1256 tum
3106 1204 3152 1257 si
3194 1205 3285 1274 qui
3331 1205 3410 1273 ip-

1817 1297 1999 1339 sorum
2023 1300 2239 1343 errores
2269 1286 2546 1345 Artetuam
2575 1291 2714 1347 inter
2740 1304 2792 1347 et
2821 1291 3231 1350 Samosatennm
3285 1311 3409 1366 pro-

1815 1377 1948 1433 fessi
1974 1389 2120 1447 sunt,
2152 1381 2480 1452 inquirendi.
2506 1385 2565 1440 S.
2596 1396 2828 1456 namque
2854 1386 3156 1445 Alexander
3172 1390 3410 1445 Patriar-

1817 1468 1914 1523 cba
1945 1482 2051 1525 tres
2079 1470 2178 1527 bos
2206 1475 2490 1542 haereticos
2516 1477 2997 1546 antecallientnn,
3027 1479 3112 1535 vel
3150 1482 3253 1535 sub
3285 1481 3411 1536 Gal-

1819 1563 1943 1618 lieni
1989 1574 2231 1635 tempora
2260 1567 2510 1623 eumdem
2537 1585 2775 1626 errorem
2803 1570 3130 1642 divulgasse,
3168 1573 3414 1627 eosdem-

1818 1672 1923 1727 que
1953 1656 2114 1723 Ario,
2142 1668 2197 1714 et
2235 1658 2452 1716 Ariauis
2480 1663 2532 1717 in
2564 1662 2685 1718 Filii
2730 1665 3011 1721 divinitate
3058 1667 3412 1727 convellenda

102 1758 275 1817 terius
306 1773 465 1816 vero.
490 1747 662 1812 Etiam
683 1756 738 1811 id
756 1772 952 1827 quoque
973 1756 1171 1811 addunt
1194 1753 1374 1809 :Eum
1400 1770 1501 1809 non
1529 1766 1717 1809 natura
1746 1775 1793 1836 Β
1822 1754 2167 1822 praecessisse
2187 1761 2437 1823 testatur,
2473 1766 2530 1811 ut
2550 1756 2803 1815 vidimus.
2848 1758 3032 1815 Brevis
3090 1760 3206 1817 hsce
3257 1761 3414 1817 chro-

102 1855 155 1907 in
206 1851 379 1907 Patre
419 1852 656 1917 existere,
704 1865 797 1904 nec
825 1865 931 1904 esse
964 1842 1237 1921 proprium
1260 1851 1376 1921 ejus
1418 1848 1716 1901 substantiae

112 1943 373 2012 Verbum,
395 1958 484 1997 nec
506 1942 770 2013 propriam
785 1940 1107 2013 sapientiam,
1153 1940 1212 2004 in
1235 1955 1336 2008 qua
1366 1931 1713 1993 mundum'is.

104 2051 214 2093 tum
243 2039 468 2104 creavit,
491 2037 580 2093 sed
607 2037 661 2091 in
689 2036 847 2092 Patre
867 2032 975 2092 esse
1003 2035 1462 2106 aliudpmprium,
1493 2044 1543 2090 et
1564 2050 1718 2104 pecu-

104 2135 235 2189 liare
273 2131 535 2199 Verbum,
556 2131 811 2203 aliamque
853 2131 973 2185 item
1026 2130 1288 2201 prapriam
1324 2129 1633 2200 sapientiam
1662 2131 1716 2184 in

103 2244 205 2297 qua
228 2226 499 2296 sapientia
526 2224 667 2281 istud
703 2223 922 2280 Verbum
959 2224 1098 2292 fecit.
1155 2212 1349 2295 Atque.
1375 2224 1504 2277 adeo
1547 2224 1717 2294 ipsum

106 2320 401 2376 Dominum
432 2317 696 2375 Christum
716 2304 947 2388 respectu
975 2316 1335 2385 rationalium,
1387 2332 1501 2388 qua:
1555 2315 1720 2372 verbis
1750 2392 1753 2395 _

105 2426 350 2481 utantur,
390 2413 615 2469 Verbum
637 2427 747 2468 esse
775 2420 1141 2483 nuncupatum.
1176 2409 1295 2465 Arii
1323 2424 1539 2466 errores
1585 2424 1717 2465 enn-

106 2523 327 2566 merare
357 2507 536 2578 pergit
556 2503 912 2569 Athanasius.
967 2502 1168 2557 Rursus
1196 2502 1345 2556 'idem
1382 2502 1455 2557 ait
1484 2517 1505 2556 :
1549 2500 1718 2556 Deum

106 2619 210 2657 non
240 2617 344 2656 nos
377 2590 584 2671 propter
629 2586 799 2665 illum,
826 2600 916 2653 sed
943 2596 1095 2651 illum
1137 2604 1347 2678 prapter
1402 2611 1494 2650 nos
1541 2594 1719 2650 condi-

107 2694 266 2750 disse.
292 2691 428 2747 Erat
458 2692 613 2758 enim,
645 2684 834 2762 inquit,
862 2690 1005 2745 solus
1036 2680 1320 2756 Deus,<nec
1347 2699 1451 2745 erat
1496 2688 1717 2744 Verbum
1752 2738 1759 2753 ,

108 2804 227 2840 cum
246 2795 334 2841 eo.
364 2782 570 2839 Deinde
596 2798 716 2838 cum
739 2780 888 2838 vellet
910 2798 1005 2856 nos
1035 2798 1325 2853 procreare,
1358 2790 1480 2838 tunc
1522 2798 1718 2853 quoque

98 2878 266 2949 istum
292 2875 615 2948 procreavit,
644 2890 814 2945 quem,
843 2884 1113 2945 postquam
1133 2875 1334 2948 genitus
1353 2883 1448 2942 est,
1476 2876 1713 2945 appella-

107 2973 176 3024 uit
211 2967 471 3025 Verbum.
506 2964 633 3023 Non
661 2950 888 3024 enim‘est
913 2965 1091 3022 Patris
1119 2968 1381 3038 proprius,
1420 2977 1469 3022 et
1508 2976 1718 3039 natura-

110 3065 175 3118 lis
198 3067 363 3137 {atus
392 3062 637 3129 Verbum,
665 3045 755 3119 sed
776 3061 1017 3145 etvipsum
1042 3062 1216 3135 gratia
1257 3061 1440 3125 extitit.
1478 3060 1613 3128 Quin
1667 3068 1715 3114 et

1821 1847 1939 1901 nica
1964 1846 2275 1919 disquisitio
2302 1849 2366 1905 ad
2399 1850 2670 1921 Epocbam
2706 1853 2765 1908 D.
2806 1852 3040 1910 Zenonis
3088 1854 3408 1911 ﬁrmandam

1821 1938 2113 2008 plurimum
2142 1942 2444 1999 conducere
2473 1944 2695 2001 dicenda
2723 1954 2824 2013 est,
2852 1962 2972 2002 cum
2997 1949 3163 2019 ipsius
3191 1961 3412 2004 sentcn-

1823 2031 1911 2087 tiis
1942 2031 2040 2087 ltos
2072 2048 2287 2091 errores
2340 2037 2610 2106 impetitos
2658 2037 2955 2094 videamus.
3018 2039 3191 2096 Ebion
3234 2041 3414 2111 itaque

1822 2122 1998 2194 primo
2025 2124 2255 2182 cadente
2284 2128 2483 2183 saeculo
2505 2129 2644 2185 circa
2668 2145 2863 2185 annum
2894 2130 3095 2187 Christi
3125 2133 3195 2188 82
3232 2149 3261 2188 a
3306 2134 3413 2189 Til-

1823 2217 2079 2274 lemontio
2101 2218 2307 2274 locatur
2321 2219 2382 2293 (t.
2407 2235 2466 2286 tt,
2498 2232 2603 2286 not,
2625 2220 2714 2292 pr.
2739 2222 2802 2277 de
2818 2222 2985 2278 Nazz.
3003 2236 3049 2279 et
3069 2223 3257 2279 Ebion.
3286 2238 3331 2280 et
3362 2229 3415 2282 in

1823 2310 1920 2367 Ch.
1953 2329 2040 2367 an.
2073 2310 2162 2369 82.
2190 2312 2286 2386 Sp.
2320 2314 2389 2367 ad
2417 2332 2503 2370 an.
2537 2316 2651 2387 74).
2678 2315 2944 2373 Batonius
2972 2334 3101 2375 vero
3144 2320 3320 2390 ipsum
3351 2320 3415 2376 ad

1821 2420 2023 2460 annum
2050 2407 2111 2461 υ.
2141 2407 2208 2463 74
2230 2405 2418 2463 refert.
2449 2408 2588 2465 Suos
2616 2408 2789 2464 Ebion
2821 2426 3037 2467 errores
3075 2428 3180 2467 non
3204 2483 3212 2491 ἱ
3236 2413 3413 2469 solum

1814 2500 1875 2561 in
1897 2496 2023 2554 Asia
2055 2502 2275 2570 sparsit,
2306 2501 2401 2558 sed
2432 2510 2486 2559 et
2514 2501 2725 2559 Romae.
2756 2506 2982 2562 Ebionis
3024 2523 3239 2565 errores
3264 2508 3415 2565 Arte-

1823 2596 2331 2666 masinstauravit,
2365 2612 2470 2654 non
2524 2607 2704 2654 autem
2732 2600 2848 2670 ipse
2871 2601 3100 2671 primus,
3130 2602 3226 2658 sed
3248 2602 3418 2659 Theo-

1819 2684 2000 2755 dotus,
2025 2703 2122 2744 seu
2149 2688 2490 2747 Theodotion
2547 2691 2918 2762 Bizzantinus,
2946 2696 3031 2751 cui
3065 2711 3126 2753 se
3157 2712 3279 2754 cum
3324 2698 3418 2753 ad-

1814 2780 2087 2853 junxisset
2128 2780 2400 2852 Artemas,
2436 2785 2688 2843 haeresim
2743 2788 3106 2845 celebriorem
3160 2791 3413 2859 reddidit,

1821 2874 2167 2946 damnatique
2196 2878 2395 2936 stmt'a
2425 2878 2641 2936 Victore
2692 2897 2905 2939 summo
2963 2883 3224 2941 Pontiﬁce
3270 2886 3415 2942 circa

1821 2983 2019 3055 annum
2042 2967 2246 3025 Christi
2273 2969 2395 3026 196.
2449 2971 2881 3049 Tlteodo‘tioncm
2930 2985 3055 3032 ante
3107 2992 3309 3034 annum
3353 2979 3413 3036 C.

1819 3062 1925 3118 219
1955 3064 2096 3120 diem
2128 3079 2285 3119 suum
2316 3066 2521 3122 abiisse
2551 3068 2773 3140 conjicit
2798 3068 3196 3127 Tillemontius.
3254 3070 3417 3129 Arte-

111 3159 208 3211 Itoc
232 3171 448 3227 quoque
463 3155 670 3231 jactant
692 3142 1126 3235 :Chﬁstumnon
1170 3170 1279 3210 esse
1315 3154 1638 3227 .itaturalem,
1669 3163 1717 3207 et
1742 3172 1787 3235 ρ
1822 3172 1935 3213 mas
1979 3157 2116 3213 forte
2147 3147 2505 3214 Theodotioni
2535 3149 2839 3232 superstes,
2872 3171 2928 3218 ιιι
2952 3162 3175 3220 haeresis
3226 3175 3416 3221 auctor

111 3259 285 3305 rerum
306 3248 422 3306 Dei
445 3248 749 3329 potentiam,
781 3248 871 3304 sed
891 3247 1022 3325 sicut
1047 3234 1214 3304 eructe
1240 3246 1419 3304 bruchi
1447 3248 1719 3321 appellari-

114 3357 195 3415 tur
213 3343 469 3417 potentia:
491 3342 871 3413 Omnipotentis
897 3340 1039 3411 Dei,‘
1060 3344 1135 3399 ita
1160 3339 1332 3417 ipsum
1385 3358 1583 3416 quoque
1625 3360 1720 3413 ap-

117 3441 304 3511 pellari
338 3437 781 3510 Omnipotentiam
810 3436 1005 3513 Patris.
1033 3436 1206 3491 Etiam
1259 3435 1393 3492 illud
1444 3441 1577 3494 inter
1621 3453 1720 3492 car-

116 3547 224 3591 tera
250 3534 503 3613 adjuna'it
521 3577 537 3602 ,
574 3530 773 3614 Filium
802 3549 905 3587 non
935 3544 1109 3587 exacte
1132 3548 1436 3602 cognoscere
1482 3530 1716 3598 Patrem,
1744 3608 1745 3611 η

116 3631 205 3685 sed
230 3648 299 3685 ne
319 3646 470 3687 suam
499 3628 703 3701 quidem
731 3629 899 3697 ipsius
921 3616 1253 3682 substantiam
1277 3626 1426 3697 plene
1462 3627 1719 3697 cognitam

118 3726 334 3784 habere.
965 3758 971 3765 -
1124 3788 1134 3803 θ

186 3822 333 3878 Tota
380 3818 594 3875 tandem
615 3817 923 3875 Catholicos
945 3818 1086 3873 inter
1126 3826 1176 3872 et
1200 3816 1430 3873 Arianos
1450 3824 1721 3873 contesta-

119 3917 192 3971 tin
213 3914 285 3970 ad
315 3927 481 3969 unam
514 3910 782 3975 Filiicum
810 3911 971 3967 Patre
990 3908 1609 3967 consubstantialitatem
1635 3908 1721 3963 vcl

118 4003 478 4066 asserendam
519 4004 609 4061 vel
634 4004 934 4083 negandum
959 4002 1176 4083 redacta
1208 4011 1311 4060 est.
1341 4002 1504 4075 Hujus
1530 4003 1609 4060 rei
1630 4002 1725 4073 ad]

117 4099 586 4171 comprobandum
628 4097 812 4165 ﬁdem,
844 4082 1187 4153 formulama
1211 4096 1439 4153 Valente
1469 4096 1719 4163 Vasacio,

118 4197 353 4267 aliisque
378 4191 686 4265 gregalibus
733 4191 785 4257 in
807 4189 1147 4247 Ariminens'r
1184 4189 1404 4262 Synodo
1430 4189 1722 4247 exhibitam

120 4290 252 4345 satis
272 4272 607 4345 eritaﬂcrre
632 4303 644 4338 :
675 4284 946 4354 Credimus.
966 4285 1021 4339 in
1054 4300 1235 4349 unum,
1258 4292 1308 4338 et
1338 4283 1526 4351 solum,
1557 4293 1603 4339 et
1646 4300 1727 4337 ue-

119 4399 236 4437 rum
266 4380 437 4436 Deum
460 4377 675 4435 Patrem
711 4378 1148 4447 Omnipotentem,
1178 4366 1505 4433 ConditOrem
1557 4377 1725 4449 Opi/i-

120 4489 334 4543 censque
359 4472 589 4526 omnium
619 4486 639 4525 :
677 4480 725 4527 et
754 4471 807 4526 in
840 4470 1173 4543 Unigenitum
1213 4458 1414 4535 Filium
1468 4470 1562 4526 Dei
1609 4481 1726 4526 ante

1821 3248 2035 3320 agnitus
2070 3248 2236 3306 fuisse
2262 3250 2493 3316 ridetur.
2528 3252 2682 3309 Hunc
2703 3268 2945 3311 errorem
2974 3256 3102 3312 licet
3130 3271 3159 3311 a
3187 3255 3244 3313 S.
3276 3257 3418 3312 Pon-

1823 3341 1965 3397 tillce
2002 3340 2216 3395 Victore
2238 3342 2579 3410 damnatum,
2606 3361 2710 3400 non
2734 3347 2913 3403 subito
2934 3348 3226 3404 extinctum
3250 3349 3418 3407 fuisse

1819 3435 2106 3511 dicendum
2127 3446 2209 3492 est
2241 3452 2419 3513 :qnam
2476 3449 2532 3495 et
2581 3439 2633 3495 in
2684 3440 3016 3498 Tertulliano
3070 3434 3301 3499 notatur.
3345 3442 3417 3498 Et

1822 3525 1985 3582 Pater
2016 3526 2157 3586 Deus
2180 3538 2252 3584 est
2282 3541 2327 3585 et
2363 3529 2538 3587 Iudex
2569 3531 2709 3587 Deus
2752 3544 2827 3589 est
2860 3575 2875 3599 ,
2932 3551 3032 3589 non
3086 3544 3255 3590 tamen
3299 3536 3416 3591 ideo

1823 3618 1984 3674 Pater
2010 3632 2057 3675 et
2105 3622 2284 3678 Iudex
2311 3640 2526 3696 semper,
2556 3625 2675 3695 quia
2702 3623 2839 3681 Deus
2867 3643 3065 3699 semper
3096 3668 3110 3694 ,
3158 3644 3277 3683 nam
3324 3645 3416 3684 nec

1827 3713 1987 3770 Pater
2013 3716 2179 3785 potuit
2205 3731 2315 3770 esse
2337 3726 2457 3771 ante
2482 3715 2700 3783 Filium,
2744 3734 2835 3772 nec
2861 3716 3036 3775 Judea:
3083 3730 3200 3775 ante
3246 3721 3414 3775 delic-

1824 3818 1953 3864 tum.
2000 3808 2127 3864 Fuit
2155 3818 2325 3865 autem
2356 3819 2554 3881 tempus
2580 3826 2698 3865 cum
2740 3819 2789 3866 et
2828 3811 3092 3879 delictum,
3150 3823 3197 3867 et
3241 3812 3416 3869 Filius

1825 3919 1925 3958 non
1956 3904 2079 3975 fuit,
2109 3896 2251 3975 quod
2268 3899 2528 3973 Iudicem,
2562 3912 2610 3958 et
2637 3903 2725 3976 qui
2757 3901 2967 3959 Patrem
3014 3903 3296 3960 Dominum
3331 3906 3415 3976 [a-

1826 4005 1979 4051 ceret.
2009 3995 2105 4051 Hic
2138 3996 2279 4051 circa
2303 4010 2501 4050 annum
2557 3994 2616 4050 (Ξ.
2668 3994 2776 4050 216
2819 3996 3112 4051 scribebat.
3170 3996 3416 4069 lteryllus

1826 4105 2037 4162 quoque
2068 4088 2375 4145 Bostrensis
2397 4090 2449 4159 in
2476 4088 2675 4145 Arabia
2707 4089 3028 4162 Episcopus,
3048 4094 3191 4147 circa
3219 4092 3418 4150 Christi

1826 4199 2027 4239 annum
2047 4182 2156 4238 229
2181 4182 2250 4239 de
2273 4182 2466 4240 eodem
2494 4183 2683 4240 errore
2712 4182 3058 4255 insimulatus
3083 4185 3200 4240 fuit.
3246 4184 3417 4241 Ausus

1826 4291 2050 4331 asserere
2070 4274 2155 4347 (ιιι
2182 4276 2446 4333 Eusebius
2499 4286 2682 4332 narrat
2718 4275 2858 4333 Hist.
2888 4278 2926 4334 ι.
2953 4293 3026 4345 \‘l,
3062 4296 3107 4333 ο.
3152 4278 3266 4350 33),
3312 4279 3419 4334 Do-

1826 4368 2021 4422 minum
2049 4383 2109 4421 ac
2129 4377 2440 4423 servatorem
2465 4379 2698 4425 nostrum
2719 4380 2989 4441 antequam
3012 4370 3145 4424 inter
3183 4369 3416 4426 homines

1829 4472 2136 4531 versaretur,
2189 4478 2293 4517 non
2319 4455 2603 4518 substitisse
2632 4446 2934 4534 in'proprite
2986 4479 3219 4535 persona:
3265 4463 3420 4532 di/fe-

121 4568 298 4622 omm‘a
320 4566 539 4634 secula,
565 4574 613 4620 et
634 4566 805 4631 initia,
832 4574 880 4620 et
906 4550 1023 4621 ante
1045 4581 1194 4620 omne
1228 4573 1448 4637 τεηιρηε,
1498 4566 1636 4636 quod
1669 4566 1722 4620 in
1750 4559 1799 4621 D
1824 4558 2015 4623 rentia,
2058 4571 2150 4611 nec
2170 4556 2457 4628 propriam,
2489 4557 2577 4611 sed
2599 4556 2861 4626 paternam
2903 4555 3155 4610 duntaxat
3178 4555 3420 4611 divinita-

120 4650 443 4729 intellectum
468 4659 652 4713 cadere
678 4665 843 4731 potest
863 4657 1161 4713 existentem
1184 4658 1212 4725 ',
1261 4666 1309 4712 et
1353 4667 1471 4712 ante
1527 4673 1727 4711 omnem

122 4752 641 4827 comprehensibilem
705 4752 1044 4807 substantiam
1113 4750 1313 4806 natum
1379 4750 1732 4819 impatibiliter

121 4866 183 4903 ea:
202 4848 358 4927 Deo.
379 4847 549 4902 solum
576 4861 641 4901 ea:
666 4846 778 4903 solo
802 4842 984 4923 Patre,
1034 4843 1214 4908 Deum,
1232 4847 1295 4899 de
1324 4843 1458 4910 Deo,
1506 4843 1728 4897 similem

124 4942 277 4997 Patri
307 4934 428 5004 suo,
457 4940 550 5011 qui
594 4938 764 5010 ipsum
808 4932 1001 5010 genuit,
1043 4939 1225 5007 .cujus,
1281 4936 1560 4991 secundum
1603 4934 1733 4990 scri—

124 5050 230 5099 ras,
262 5033 651 5105 generationem
676 5031 823 5085 nemo
852 5024 1025 5096 novit,‘
1068 5029 1169 5083 nisi
1194 5030 1335 5083 solus
1374 5029 1463 5099 qui
1492 5042 1609 5083 eum
1638 5043 1728 5100 ge-

124 5126 237 5182 nuit
260 5124 448 5181 Pater.
497 5117 823 5178 Vocabulum
873 5139 1027 5194 porro
1070 5123 1385 5197 substantias,
1430 5123 1553 5193 quia
1606 5122 1732 5175 sim-

126 5218 317 5289 plicius
348 5234 381 5270 a
408 5215 651 5271 Patribus
680 5216 901 5285 positum
921 5224 1017 5279 est,
1050 5223 1097 5268 et
1119 5231 1150 5267 a
1173 5215 1380 5293 papulis
1434 5214 1724 5287 ignoratur,

126 5322 173 5367 et
192 5310 502 5368 scandalum
522 5308 694 5375 aﬂ'ert,
715 5324 775 5361 eo
796 5307 933 5377 quod
953 5307 1007 5360 in
1040 5305 1322 5377 Scripturis
1346 5323 1445 5359 nou
1472 5295 1730 5359 continea-

129 5414 233 5470 tur,
265 5402 469 5475 placuit
494 5410 551 5454 ut
599 5399 665 5453 de
687 5398 855 5451 medio
884 5395 1167 5474 tolleretur,
1203 5405 1248 5450 et
1275 5398 1471 5463 nullam
1519 5397 1728 5471 posthac

130 5498 194 5549 de
216 5494 333 5549 Deo
363 5492 669 5547 substantia
711 5490 1015 5543 mentionem
1044 5505 1151 5544 esse
1172 5490 1460 5560 faciendam
1521 5489 1726 5562 (Refert

132 5587 194 5641 S.
224 5582 423 5639 Athan.
453 5582 518 5637 de
545 5580 678 5652 Syn.
707 5580 798 5634 Ar.
833 5590 882 5633 et
912 5580 1137 5648 Seleu.).

203 5676 322 5732 llac
345 5674 506 5730 etate
529 5671 588 5728 8.
619 5671 893 5727 Zenonem
933 5670 1235 5727 Veronensi
1281 5672 1541 5750 Ecclesiae
1589 5690 1729 5745 prac-

134 5766 305 5825 l'uisse
326 5764 667 5824 cantendunt
695 5762 908 5822 Domini
930 5763 1228 5831 Balleriuii,
1251 5764 1343 5837 qui
1360 5764 1505 5824 illius
1522 5766 1729 5837 episco-

1834 4660 1931 4721 tem
1960 4650 2014 4705 in
2038 4667 2092 4705 se
2114 4648 2420 4705 residentem
2446 4650 2631 4706 habere
2658 4667 2676 4703 :
2706 4664 2920 4715 cumque
2943 4665 3002 4703 ea
3035 4650 3100 4704 de
3123 4666 3178 4705 re
3207 4650 3419 4719 plurimi

1833 4742 2402 4817 EpiscOpiquaastiones
2465 4759 2527 4795 ac
2561 4741 2930 4812 disputationes
2975 4741 3221 4798 adversus
3271 4743 3420 4797 illum

1832 4838 2157 4904 habuissent,
2189 4848 2399 4907 rogatus
2427 4840 2532 4889 una‘
2560 4851 2675 4889 cum
2727 4833 2939 4906 reliquis
2995 4835 3262 4910 Origenes,
3312 4838 3421 4907 pri-

1836 4948 1977 4986 mum
2006 4931 2209 5002 quidem
2238 4945 2350 4985 cum
2380 4925 2475 4983 illo
2519 4915 2848 5000 familiariter
2885 4930 3169 4986 collocutus
3219 4941 3311 4996 est,
3364 4943 3422 4988 ut

1834 5042 2070 5096 quaenam
2098 5036 2227 5079 esset
2252 5023 2473 5079 hominis
2506 5024 2756 5078 sententia
2786 5024 3102 5095 exploraret.
3136 5025 3421 5098 Postquam

1833 5110 1950 5173 vero
1994 5118 2183 5190 liquido
2212 5110 2449 5188 cognovit
2490 5117 2615 5188 quid
2641 5118 2852 5187 diceret,
2893 5135 3120 5175 errorem
3140 5124 3252 5195 ejus
3274 5138 3423 5175 coar-

1805 5212 1961 5282 ._guit,
1987 5208 2260 5279 allatisque
2296 5209 2583 5265 rationibus
2631 5229 2691 5265 ac
2731 5212 3250 5269 demonstrationibus
3299 5231 3424 5269 con-

1833 5304 2022 5356 victum
2051 5303 2308 5356 hominem
2327 5303 2478 5373 quasi
2508 5321 2667 5359 manu
2691 5306 3082 5376 apprehendens
3107 5306 3174 5360 ad
3196 5308 3435 5364 veritatis

1834 5398 1966 5452 viam
1996 5396 2256 5468 perduxit.
2288 5397 2437 5453 Idem
2461 5398 2749 5470 Origenes,
2792 5400 2881 5470 qui
2930 5408 3055 5454 ante
3109 5415 3310 5454 annum
3358 5401 3420 5457 C.

1832 5487 1939 5543 256
1985 5487 2231 5544 adhucin
2282 5490 2416 5545 vivis
2440 5498 2577 5559 erat,
2638 5489 2777 5547 hunc
2825 5505 3066 5545 errorem
3122 5490 3421 5562 redarguit.

1755 5619 1770 5642 .
1834 5579 2099 5653 lntelligat
2126 5582 2262 5635 enim
2296 5582 2385 5637 ille
2427 5584 2517 5653 qui
2551 5583 2734 5639 dicere
2780 5580 2934 5634 audet
2964 5596 2982 5633 .·
3012 5580 3110 5650 fuit
3142 5582 3423 5651 aliquando

1834 5689 2071 5728 cumuon
2094 5683 2220 5727 esset
2247 5674 2411 5743 ﬁlius.
2468 5675 2545 5729 Ex
2573 5676 2763 5744 quibus
2792 5670 2973 5728 verbis
3022 5672 3227 5741 optimc
3286 5674 3424 5730 inle-

1833 5773 1960 5823 runt
1982 5765 2281 5825 doctissimi
2299 5766 2589 5825 Ballerinii:
2612 5765 2745 5821 Hinc
2772 5763 2978 5835 quidem
2998 5763 3264 5836 probatur,
3293 5766 3423 5835 alios
