3822 6220
446 203 472 255 (ἰ
491 202 547 259 15

1631 197 1714 251 DE
1743 192 1988 250 SANCTI
2025 190 2316 250 ZENUNIS
2357 194 2624 252 ΕΙὈΟΙΙΛ

3612 201 3689 249 tsi:

443 318 692 381 quantum
714 315 848 366 hunc
873 327 1091 367 errorem
1118 310 1170 362 id
1213 311 1456 378 temporis
1483 309 1718 364 (iacuisse
1740 325 1886 379 quem
1920 308 2038 361 Ori-
2064 311 2117 369 Α
2141 317 2430 380 antequam
2484 317 2828 384 nasceretur,
2883 325 2970 362 seu
3030 308 3245 362 alterum
3297 291 3366 358 eo‘
3408 307 3694 365 TllCidClttuti.
3766 299 3767 332 ξ

445 425 593 480 genes
616 404 1021 478 reprehenderet.
1052 402 1130 456 Ad
1156 401 1387 458 Gallieni
1413 411 1653 472 tempora
1699 400 1916 472 propius
1945 416 2034 454 ac—

445 501 629 566 cessit,
659 489 748 568 qui
771 512 914 552 anno
935 495 998 550 C.
1025 493 1131 550 266
1160 494 1362 550 obiisse
1390 494 1608 561 dicitur,
1633 492 1710 550 .S.
1750 492 2033 563 Dionysius

447 590 839 646 Alexandrinus
868 585 1204 651 Patriareha,
1246 585 1334 639 hic
1377 595 1435 640 ut
1487 585 1649 641 iidem
1682 582 2032 640 eruditissimi

445 682 712 740 Ddlerinii
737 689 922 736 nutant
957 680 1006 734 in
1031 681 1258 749 epistola
1310 679 1375 734 ad
1422 679 1857 749 Euphranorem,
1881 677 2036 748 cujus

417 763 798 1015 interdum
846 770 1171 880 sumit-dit?
1192 771 1367 846 Athai
1433 773 1472 842 ii
1501 772 1877 865 epiptola,\_de..
1905 787 2033 829 sen-

417 854 427 900 Ϋ
543 869 617 924 tia.
640 784 1487 948 lionysiig-§0.4,§nbelliais
1531 855 1881 936 ilﬂugnanqt
1910 861 2033 918 Etoe

444 949 477 1015 ιι
582 959 676 1015 ait.
707 974 828 1015 cum
859 957 927 1012 sit
956 971 1043 1011 res
1070 956 1212 1011 facta
1239 971 1347 1012 non
1372 965 1487 1011 erat
1519 965 1646 1011 ante
1671 970 1828 1015 quam
1859 953 2033 1009 ﬁeret:

417 837 424 846 λ,
461 784 482 790 ”
565 784 798 852 mentum
846 784 1378 880 ειιςηωαιιαέλΑιιιιιι⁴
1433 790 1472 842 ,ιι
1501 784 1877 865 ρρριοιςιλσᾳ.
1905 787 2033 829 sen.

414 784 612 948 tia
640 784 1487 948 lionysiig-§0.4,§nbelliais
1531 861 1881 936 ilﬂugnanqt
1910 861 2040 918 Eten-

444 945 550 1016 ἦ
582 959 676 1024 ait,
707 974 828 1016 cum
859 945 1043 1012 sit'res
1070 945 1212 1026 facta
1239 971 1347 1012 non
1372 945 1487 1011 erat
1519 965 1646 1011 ante
1671 970 1828 1026 quam
1859 953 2033 1009 ﬁeret:

444 1055 506 1108 At
530 1070 588 1107 ea
629 1052 692 1105 de
716 1066 873 1104 causa
903 1051 969 1102 ad
997 1046 1306 1120 Dionysium
1355 1047 1641 1101 Romanum
1685 1046 1772 1105 ille
1813 1045 2032 1110 delatus,

443 1156 488 1199 et
518 1144 580 1198 ab
604 1141 780 1198 eodeni
810 1141 1147 1213 reprehensus
1175 1139 1416 1210 apologia
1461 1155 1515 1192 se
1554 1154 1608 1192 se
1648 1137 1889 1208 purgavit
1915 1179 1928 1200 ,
1980 1137 2036 1189 in

441 1254 592 1309 quam
623 1236 784 1290 multa
810 1235 1048 1308 conjecit,
1067 1233 1251 1301 quibus
1273 1249 1385 1285 eum
1414 1247 1637 1286 errorem
1668 1229 1856 1300 rejicit,
1887 1243 2035 1298 quem

439 1329 654 1383 subinde
684 1328 861 1382 Ariani
890 1342 1134 1398 excepere
1164 1325 1340 1379 :unde
1370 1341 1486 1377 cum
1519 1321 1572 1376 hi
1607 1323 1716 1393 ejus
1753 1321 2038 1375 auctorita-

439 1432 539 1475 tem
570 1436 662 1490 pro
690 1437 742 1474 se
765 1420 1064 1488 allegarent,
1091 1417 1401 1471 Athanasius
1429 1416 1540 1470 loco
1567 1425 1866 1477 memorato,
1892 1430 2033 1466 mnu.

443 1517 499 1579 9,
538 1514 929 1585 praedecessoris
956 1512 1036 1568 sui
1057 1494 1354 1566 sententiain
1399 1510 1585 1580 optime
1614 1506 1839 1562 vindicat
1865 1549 1879 1572 ,
1917 1523 2040 1559 auc-

442 1609 796 1677 toritatemque
827 1622 887 1660 ex
908 1605 1237 1659 inimicorum
1260 1603 1491 1655 inanibus
1520 1602 1712 1654 naviter
1741 1599 1915 1667 eripit.
1936 1598 2039 1652 Eo-

2085 817 2097 848 ἢ

2134 401 2258 456 Fuit
2287 403 2579 474 aliquando
2617 418 2738 458 cum
2778 418 2882 456 non
2907 409 3085 465 esset,
3131 399 3312 466 quibus
3366 397 3546 451 Divina
3584 399 3700 455 Filio

2135 497 2469 549 reternitalem
2521 494 2704 548 Ariani
2750 495 3030 565 negabant,
3063 491 3418 552 cocternitas,
3442 506 3593 544 uocem
3622 509 3700 546 su:-

2135 589 2252 659 pius
2279 590 2523 653 inculcat,
2554 597 2706 643 tract.
2739 603 2798 653 ιι,
2824 587 2918 641 lib.
2951 603 2987 641 ιι
3013 628 3028 650 ,
3055 601 3156 638 una
3203 582 3456 653 originali
3497 593 3699 638 coaeter-

2138 681 2306 735 nitate
2355 688 2510 735 tract.
2544 695 2614 744 vi,
2653 680 2744 734 lib.
2781 694 2854 742 ιι,
2891 695 3040 733 llum.
3077 678 3128 744 ι,
3153 681 3276 732 cum
3318 691 3427 746 quo
3455 676 3702 746 originalis

2137 771 2492 852 perpetuique
2631 771 2681 827 ni
2714 784 2817 850 una
2850 769 3160 852 posseqsio:
3197 769 3457 843 ῳπιβηιζ
3539 768 3578 826 is
3603 786 3702 826 οιιιο
3766 781 3767 808 έ

2137 785 2701 944 ιιὶροέᾷιιὶειιωᾝηο
2742 852 3077 939 substituit,
3107 775 3699 952 assimilatas-una

2087 857 2100 904 ἔ·
2137 853 2701 944 ιιὶροέᾷιιὶωιιιιᾶξιιιο
2742 853 3077 939 substituit,
3107 853 3258 933 uni-
3280 853 3520 944 inqu“

2138 952 2307 1008 virtus
2354 945 2652 1024 majestatis
2679 962 2942 1022 angustia.
2992 947 3109 1004 [lac
3152 945 3308 1006 etiam
3348 945 3441 1006 illa
3477 945 3700 1024 pertinent

2139 1055 2287 1100 tract.
2334 1063 2398 1100 ιν
2427 1088 2441 1112 ,
2502 1047 2588 1100 ubi
2623 1044 2820 1099 Filium
2875 1053 3115 1116 paterna:
3173 1047 3509 1117 antiquitatis
3551 1048 3701 1104 solum

2139 1141 2446 1203 conscium,
2474 1140 2530 1194 id
2567 1150 2638 1194 est
2675 1149 2986 1194 coa’ternum
3018 1137 3169 1192 Patri
3207 1139 3435 1208 fatetur;
3456 1150 3504 1195 et
3535 1149 3582 1194 ut
3617 1141 3705 1194 alia

2140 1235 2459 1288 dimittamus
2505 1244 2654 1288 tract.
2685 1250 2778 1298 vn,
2804 1233 3218 1303 exploratissime
3239 1249 3352 1287 eam
3385 1234 3600 1289 heresim
3625 1252 3704 1288 uo-

2140 1336 2211 1379 tat
2235 1343 2348 1394 qua:
2379 1327 2698 1392 modestius,
2741 1328 2834 1382 sed
2861 1327 3166 1382 mordacius
3208 1341 3433 1399 nocens,
3467 1328 3582 1382 dicit
3603 1331 3704 1396 qni-

2141 1418 2262 1471 dein
2292 1419 2378 1474 Dei
2412 1419 2604 1473 Filium
2639 1419 2808 1474 Deum
2843 1461 2858 1482 .
2885 1418 2977 1473 sed
3014 1434 3116 1472 non
3147 1434 3211 1471 ex
3255 1418 3416 1474 Patre
3449 1418 3705 1473 nobilitatis

2145 1512 2507 1582 perpetuitate
2533 1513 2893 1583 progenitum,
2939 1509 3212 1579 fuisseque
3268 1521 3477 1581 tempus
3523 1512 3705 1580 quando

2144 1623 2248 1660 nun
2311 1607 2425 1661 fuit.
2466 1606 2592 1662 Hcce
2617 1608 2872 1678 praecipue
2917 1605 3065 1660 verba
3104 1604 3394 1658 Baronium
3435 1616 3703 1668 inor-erunt,

440 1701 564 1757 dem
611 1711 854 1772 tempore
889 1700 1086 1754 Paulus
1107 1698 1496 1753 Samosatenus
1518 1710 1736 1750 errores
1781 1709 1915 1764 quos
1960 1693 2106 1756 abB
2134 1719 2249 1756 cum
2324 1703 2569 1758 Ανξηηαῃι
2628 1703 2867 1757 Ιιίωνεδὶηι
2912 1702 3101 1755 directe
3141 1701 3330 1772 feriant
3365 1714 3385 1752 ε
3417 1715 3552 1753 nemo
3594 1700 3706 1752 enim

427 1797 650 1852 Ebione
701 1806 754 1851 et
807 1797 1024 1849 Artenia
1077 1795 1352 1855 hauserat,
1396 1791 1446 1844 in
1507 1791 1678 1844 lucem
1727 1803 1892 1842 ausus
1959 1796 2041 1840 est

440 1890 747 1961 propalare,
770 1897 959 1944 contra
989 1899 1171 1956 quem,
1205 1893 1261 1938 ut
1289 1882 1542 1949 vidimus,
1574 1881 1714 1935 idem
1745 1879 1802 1934 S.
1837 1879 2039 1949 Diony-

439 1981 552 2036 sius
585 1981 821 2050 scripsit.

510 2072 728 2128 Ebionis
772 2074 952 2142 itaque
984 2070 1236 2125 hazresim
1265 2068 1445 2140 primo
1475 2066 1654 2121 adhuc
1697 2065 1914 2120 labente
1947 2080 2040 2119 sre-

434 2168 559 2222 culo
585 2178 826 2220 exortum
862 2166 1003 2220 circa
1039 2163 1260 2219 secundi
1311 2161 1495 2218 SiDCllli
1551 2161 1711 2215 finem
1734 2203 1746 2224 ,
1791 2175 1855 2214 ac
1896 2161 2038 2214 tertii

437 2259 642 2314 initium
671 2259 739 2312 ab
769 2257 1065 2313 Artemone
1091 2259 1471 2323 instauratum,
1507 2263 1618 2309 toto
1641 2253 1842 2309 saeculo
1872 2253 2040 2308 tertio

438 2365 606 2422 usque
635 2351 701 2406 ab
728 2349 958 2406 Gallieni
985 2361 1250 2418 tempora,
1303 2357 1360 2403 et
1397 2356 1516 2417 post
1551 2345 1857 2404 Gallienum
1905 2361 2040 2416 quo-

436 2461 539 2515 que
559 2447 832 2513 serpuisse
861 2444 1039 2498 adhuc
1097 2444 1151 2497 in
1203 2443 1441 2497 Ecclesia
1465 2440 1830 2511 comperimus
1861 2481 1874 2502 .
1925 2454 2034 2495 non

435 2537 784 2592 A’ertandria:
817 2537 1212 2603 tantummodo,
1255 2535 1348 2590 sed
1383 2544 1436 2589 et
1484 2535 1536 2589 in
1570 2532 1721 2588 italia
1764 2544 1817 2588 et
1848 2533 2037 2588 Romae

435 2631 707 2700 vulgatam
740 2649 753 2685 :
803 2645 921 2685 eam
951 2627 1226 2700 adoptavit
1252 2627 1414 2683 Arius
1445 2636 1594 2684 tanto
1643 2626 1898 2683 Ecclesiae
1929 2626 2035 2681 Ca-
2121 2672 2123 2675 .

403 2765 411 2774 ..
439 2724 650 2778 tholiea:
672 2723 1018 2786 detrimento,
1051 2731 1108 2776 ut
1137 2722 1339 2791 elapsis
1364 2730 1442 2774 tot
1467 2719 1684 2776 saaculis
1711 2721 1889 2775 adhuc
1914 2734 2037 2790 pcr-

438 2815 636 2870 niciem
661 2830 812 2870 suam
842 2813 999 2869 novis
1021 2817 1073 2868 in
1100 2812 1316 2867 Arionis
1343 2810 1632 2885 diffundat.

438 2950 464 3020 §
521 2949 633 3006 ΧΗ.
663 2980 734 2992 -—
756 2948 820 3002 D.
851 2948 1070 3003 Zenonis
1113 2958 1276 3002 textas
1299 2947 1660 3014 adducuntur,
1708 2947 1798 3018 qui
1853 2955 2036 3000 contra

827 3040 932 3093 Arii
952 3055 1147 3095 errores
1181 3043 1348 3111 facere
1389 3048 1652 3109 putantur.

510 3179 578 3234 lis
603 3177 922 3254 praenatans
947 3220 962 3241 ,
995 3192 1116 3248 qua:
1140 3176 1204 3232 ad
1234 3182 1346 3232 rem
1397 3185 1717 3246 praesentem
1749 3174 1932 3230 facere
1956 3175 2032 3228 vi-

437 3273 727 3339 debantur,
762 3289 903 3327 nunc
937 3274 1156 3343 propius
1182 3271 1248 3326 ad
1298 3272 1612 3342 quarstionis
1643 3269 1842 3324 nodum
1873 3281 2030 3324 acce-

437 3365 630 3420 damus
653 3374 886 3434 Oportet,
926 3366 985 3418 D.
1016 3363 1249 3419 Zenonis
1283 3371 1480 3430 textus,
1509 3363 1598 3433 qui
1628 3370 1815 3416 contra
1841 3363 2028 3416 Arium

434 3457 742 3521 laudantur,
769 3458 1160 3527 expendentes.
1193 3456 1299 3510 llos
1344 3456 1402 3510 D.
1435 3455 1704 3510 Ballerinii
1752 3455 2025 3524 allegant,

433 3566 567 3621 quos
595 3552 785 3606 iisdem
816 3553 1052 3619 ipsorum
1079 3540 1256 3603 verbis
1298 3548 1382 3600 hic
1423 3548 1778 3602 exscribinius
1807 3565 1822 3602 :
1861 3566 1880 3598 ‹
1919 3545 2030 3600 Ila-
2062 3577 2068 3585 ε

433 3660 546 3695 rum
571 3643 881 3696 locutionum
901 3642 998 3714 (ita
1027 3641 1327 3710 Ballerinii)
1353 3657 1627 3709 vocumque
1651 3641 2028 3708 praecipitarunt

433 3737 505 3789 vis
533 3746 587 3789 ut
617 3736 936 3804 manifestior
969 3733 1059 3802 fiat
1082 3775 1094 3798 ,
1123 3733 1245 3802 quid
1264 3733 1446 3785 Ariani
1469 3747 1532 3786 ea:
1571 3749 1671 3785 una
1695 3742 1837 3802 parte
1857 3749 2028 3787 seuse-

432 3827 566 3892 rint,
595 3828 721 3894 quid
752 3843 814 3882 ea:
833 3826 940 3880 alia
963 3827 1158 3880 Auctor
1173 3836 1358 3879 contra
1388 3826 1662 3895 scripserat
1689 3867 1703 3893 ,
1729 3828 1881 3880 certis
1912 3828 2027 3896 qui-

434 3919 650 3974 busdam
686 3920 932 3992 capitibus
968 3936 1220 3989 exponere
1273 3919 1487 3989 perutile
1517 3919 1708 3987 fuerit,
1760 3919 1898 3973 unde
1946 3920 2026 3974 vel

432 4013 532 4076 illi,
559 4005 652 4082 qui
677 4029 776 4066 non
807 4012 960 4082 plane
985 4013 1175 4065 eruditi
1206 4012 1256 4064 in
1293 4013 1429 4066 hisce
1460 4013 1689 4066 materiis
1715 4021 1853 4077 sunt,
1893 4015 2030 4067 Auc-

433 4115 590 4158 torem
618 4114 796 4156 contra
825 4104 1042 4156 Arianos
1072 4119 1134 4156 ea:
1179 4103 1441 4172 proposito
1469 4103 1802 4158 disserentem
1837 4122 2028 4174 agnos-

433 4207 568 4251 cant.
603 4195 673 4249 Hi
699 4195 921 4249 Ineretici
972 4211 1033 4249 ea:
1059 4196 1342 4249 Athanasio
1365 4198 1414 4249 in
1447 4198 1536 4250 lib.
1572 4199 1631 4250 de
1669 4197 1896 4249 Decretis
1930 4196 2030 4250 Ni-

432 4290 606 4353 caznis,
634 4305 774 4342 nunt.
803 4287 889 4353 l8,
912 4305 1031 4359 pag.
1057 4286 1184 4354 215,
1203 4288 1264 4342 de
1285 4285 1424 4341 Filio
1455 4288 1547 4341 Dei
1567 4289 1822 4359 loquentes
1847 4291 2028 4361 hujus~

417 4382 569 4434 modi
600 4382 834 4452 formulis
879 4383 1164 4450 utebantur.
1225 4381 1300 4434 Ex
1363 4397 1468 4434 non
1519 4383 1878 4436 existentibus
1919 4399 2030 4436 non

2146 1806 2264 1849 aute
2296 1798 2472 1850 Arium
2503 1795 2918 1864 similiajdocuit,
2953 1809 3099 1848 nemo
3120 1801 3238 1847 ante
3268 1793 3365 1845 hoc
3398 1800 3583 1859 tempus
3599 1792 3706 1844 adeo

2144 1905 2381 1956 ca‘prcsse
2410 1889 2647 1943 hieresim
2687 1887 2985 1959 hujusmodi
3034 1887 3227 1940 notavit
3260 1927 3275 1950 ,
3307 1895 3354 1940 et
3393 1885 3572 1956 refellit
3595 1900 3708 1958 ,ιιι-ε

2145 1993 2341 2048 notare,
2370 1992 2418 2036 et
2446 1983 2680 2052 refellere
2709 1982 2911 2052 quidem
2937 1981 3123 2051 potu'it.
3153 2000 3172 2032 ι
3208 1980 3338 2035 Ιίςιιο
3370 1978 3482 2033 DD.
3513 1979 3707 2034 Balleri-

2145 2075 2239 2130 nii.
2275 2078 2579 2146 Antequam
2612 2090 2740 2131 vero
2791 2074 2859 2131 de
2889 2075 2973 2130 his
3015 2074 3245 2146 aliisque
3273 2074 3340 2129 D.
3373 2073 3598 2130 Zenonis
3643 2071 3705 2125 al-

2147 2166 2266 2221 latis
2296 2167 2528 2223 testibus
2552 2183 2793 2239 agamus,
2827 2167 3264 2237 pransittendum
3308 2177 3414 2224 est.

2143 2301 2330 2375 §Xlll.
2379 2334 2449 2343 —
2483 2303 2714 2376 Mysterii
2745 2304 2852 2360 SS.
2909 2303 3182 2359 Trinitatis
3237 2303 3474 2358 notitiam
3519 2303 3576 2357 ab
3613 2303 3704 2369 ipso

2217 2394 2462 2450 Ecclesia:
2489 2397 2654 2463 initia,
2682 2397 2938 2467 prcecipue
2964 2411 3081 2451 vero
3101 2397 3250 2451 tertio
3274 2395 3521 2452 Ecclesia:
3545 2394 3706 2451 siccato

2215 2490 2471 2558 floruisse.

2215 2620 2793 2678 Con'imeudatissimus
2823 2623 3092 2687 Petavius,
3117 2622 3403 2679 Athanasii
3448 2632 3598 2693 atque
3623 2621 3705 2674 Ba-

2143 2716 2246 2768 silii
2267 2716 2593 2770 testimoniis
2616 2715 2889 2782 adductis,
2926 2717 3209 2772 evidenter
3237 2717 3506 2772 ostendit:
3539 2713 3704 2768 Primis

2142 2807 2247 2860 illis
2273 2805 2517 2861 Ecclesia:
2538 2808 2738 2861 steculis
2783 2809 3071 2876 complures
3112 2811 3339 2864 extitisse
3376 2809 3592 2863 'Sanctos
3620 2848 3634 2872 ,
3670 2817 3705 2858 et

2141 2899 2366 2954 eruditos
2389 2897 2596 2965 Patres,
2625 2900 2713 2968 qui
2742 2901 2989 2955 sinceram
3016 2941 3030 2965 ,
3059 2909 3106 2954 et
3143 2901 3427 2971 legitimam
3467 2897 3705 2953 Trinitatis

2141 2991 2429 3044 doctrinam
2455 3033 2468 3057 ,
2498 2999 2544 3044 et
2571 2990 2670 3062 ipsi
2690 3000 2945 3054 tenerent,
2979 3002 3038 3046 et”
3055 3002 3161 3046 tum
3182 2991 3414 3046 docendo
3443 2992 3506 3045 iis
3531 2991 3708 3062 quibus-

2062 3091 2105 3155 (ς
2140 3083 2257 3136 cant
2301 3065 2588 3154 degebant,
2647 3093 2755 3137 tum
2801 3083 3069 3139 scribendo
3118 3086 3408 3152 posteritati
3459 3085 3702 3139 traderent.

2138 3176 2286 3230 Idem
2325 3187 2545 3244 praeStat
2575 3185 2629 3232 et
2659 3176 3054 3243 Thomasinus;
3095 3193 3161 3232 ex
3193 3178 3380 3232 iisdem
3412 3192 3507 3231 nos
3531 3176 3709 3242 aliquas

2136 3267 2235 3324 SS.
2263 3269 2479 3322 Patrum
2511 3269 2808 3324 sententias
2833 3271 2899 3322 ad
2936 3270 3093 3338 hujus
3120 3271 3445 3341 paragraphi
3471 3271 3706 3338 adornan-

2110 3359 2262 3415 dum
2289 3360 2502 3414 titulum
2530 3361 2824 3429 seligemus
2856 3402 2870 3426 ,
2914 3364 3183 3431 pra'eipue
3205 3377 3330 3432 qua:
3385 3361 3525 3416 tertii
3551 3360 3707 3414 saeculi

2135 3450 2323 3506 Patres
2365 3450 2660 3519 protulere.
2694 3451 2927 3506 Omissis
2958 3453 3138 3523 itaque
3172 3455 3284 3520 iis,
3335 3469 3454 3524 qua:
3495 3455 3543 3507 in
3593 3451 3708 3504 libro

2133 3545 2222 3613 qui
2251 3544 2443 3598 Pastor
2460 3544 2776 3599 inscribitur
2805 3546 3071 3616 leguntur,
3101 3555 3158 3600 et
3177 3562 3298 3616 qua:
3322 3547 3374 3601 in
3405 3547 3463 3602 S.
3491 3545 3709 3600 Clemen-

2138 3635 2205 3691 tis
2230 3635 2483 3700 Romani,
2519 3635 2710 3707 lgnatii
2736 3640 3032 3709 martyris,‘
3069 3635 3324 3693 Aristidis
3355 3637 3704 3696 Atheniensis,

2135 3727 2416 3798 Polycarpi
2449 3731 2702 3800 martyris
2733 3771 2746 3794 ,
2793 3730 2895 3800 qui,
2933 3732 3109 3799 primo
3149 3732 3352 3785 sa2culo
3385 3739 3708 3786 recensentur

2136 3820 2534 3875 monumentis:
2566 3836 2668 3876 nec
2700 3837 2804 3875 non
2847 3821 3044 3876 Justini
3081 3821 3425 3893 Philosophi.
3451 3836 3503 3877 et
3528 3833 3706 3890 marty-

2137 3917 2211 3970 ris
2238 3917 2446 3984 lrenzei,
2476 3915 2857 3988 Athenagorae,
2886 3916 3175 3987 Theophili
3204 3917 3581 3973 Antiochensis
3600 3931 3706 3970 sen-

2137 4011 2340 4075 tentiis,
2374 4012 2463 4080 qui
2492 4001 2730 4066 secund’o
2763 4053 2777 4075 ,
2807 4026 3006 4081 easque
3046 3995 3193 4081 apud
3243 4014 3417 4082 ipsum
3457 4011 3704 4066 Patavium

2137 4105 2320 4158 videre
2344 4113 2460 4168 est;
2495 4104 2709 4158 illorum
2735 4104 2834 4159 SS.
2860 4103 3078 4162 Patrum
3123 4115 3497 4170 incitamenta,
3528 4102 3611 4173 qui
3639 4103 3703 4153 la-

2138 4197 2300 4249 bente
2321 4195 2562 4250 secundo
2589 4196 2673 4250 vel
2729 4198 2890 4251 tertio
2919 4184 3173 4252 currente
3222 4200 3454 4261 smeulo,
3479 4197 3546 4251 de
3569 4209 3702 4249 sane-

2141 4287 2360 4341 tiSsiinte
2407 4287 2686 4342 Trinitatis
2718 4290 2974 4359 mysterio
3007 4290 3310 4345 meminere
3335 4333 3350 4357 ,
3393 4293 3701 4360 expressiora

2138 4381 2474 4436 desumendo
2509 4381 2846 4451 proferemus
2879 4385 2929 4437 in
2967 4383 3204 4438 medium
3242 4427 3255 4449 ,
3310 4399 3432 4440 cum
3481 4371 3543 4440 ea
3572 4382 3702 4449 hujus

425 4486 541 4530 erat
564 4484 852 4544 antequam
903 4477 1112 4544 genitus
1146 4483 1247 4527 est.
1279 4473 1402 4528 Fuit
1427 4474 1722 4542 aliquando
1766 4489 1886 4528 cum
1918 4490 2023 4527 non
2053 4489 2105 4546 1)
2136 4473 2470 4528 tractationis
2496 4483 2710 4528 aetatem
2743 4474 2962 4544 propius
2989 4477 3274 4545 attingant.

424 4577 590 4638 esset.
630 4568 826 4634 Quibus
878 4570 1196 4639 significaret
1230 4567 1474 4622 Divinum
1515 4567 1776 4630 Verbum,
1811 4585 1874 4623 ex
1920 4585 2024 4623 non

421 4663 800 4727 existentibus,
837 4663 890 4714 id
923 4672 994 4714 est
1023 4678 1087 4716 ea:
1112 4662 1273 4715 nihilo
1311 4673 1363 4715 ut
1396 4655 1594 4715 uetera:
1623 4671 1871 4716 creatura:
1904 4678 2028 4715 con-

421 4757 608 4821 ditum,
635 4772 737 4809 non
771 4754 939 4809 fuisse
971 4761 1262 4826 antequam
1297 4754 1513 4822 genitus
1536 4764 1640 4816 est,
1677 4753 1820 4807 unde
1847 4764 1900 4807 et
1929 4753 2028 4808 fuit

419 4846 710 4918 aliquando
738 4862 861 4901 cum
893 4861 999 4900 non
1023 4854 1188 4900 esset.
1224 4842 1320 4896 His
1345 4854 1399 4898 ut
1425 4845 1698 4897 contrairet
1724 4855 1892 4897 noster
1920 4845 2027 4897 Au-

423 4950 501 4998 tar
557 4956 674 4994 cum
718 4939 999 4993 Cat/colicis
1041 4938 1268 5008 primum
1309 4936 1527 5001 docuit,
1560 4946 1709 4989 tract.
1742 4937 1796 5001 5,
1829 4935 1918 4990 lib.
1965 4950 2023 5003 ιι,

420 5031 581 5087 Deum
611 5031 837 5096 Patrem,
870 5032 1031 5086 alium
1054 5046 1128 5097 se,
1158 5030 1212 5084 id
1234 5040 1306 5084 est
1331 5027 1381 5082 F
1384 5031 1530 5083 ilium
1552 5026 1741 5095 Deum,
1768 5030 2025 5101 genuisse

415 5141 481 5182 ex
510 5142 590 5194 se,
614 5142 682 5183 ex
709 5125 1017 5200 innascibili
1059 5140 1154 5180 sua
1189 5124 1280 5179 illa
1310 5126 1610 5180 substantia
1633 5168 1646 5191 ,
1683 5126 1731 5179 in
1760 5141 1860 5195 qua
1896 5126 2023 5180 bea-

417 5228 503 5274 tus
535 5235 761 5275 manens
784 5221 836 5274 in
864 5209 1254 5289 sempiternum
1288 5218 1560 5287 omnibus,
1591 5235 1711 5290 quae
1742 5219 1909 5276 habet
1931 5218 2019 5274 lia-

418 5313 632 5376 bentcm
660 5313 853 5369 Filium
887 5313 1032 5384 paria
1075 5312 1398 5382 procreavit.
1429 5313 1494 5367 Et
1525 5321 1680 5385 tract.
1713 5329 1748 5367 ιι
1779 5355 1792 5377 ,
1825 5313 1919 5368 lib.
1955 5329 2015 5377 ιι,

416 5405 610 5460 Τοιιιιῐι
639 5422 718 5470 se,
747 5408 910 5473 inquit
944 5405 1100 5458 Pater
1127 5449 1139 5469 ,
1170 5405 1529 5474 reciproeavit
1560 5405 1613 5459 in
1643 5405 1682 5459 F
1689 5405 1862 5469 ilium,
1893 5407 2013 5476 qui-

417 5499 509 5552 bus
542 5500 778 5553 Divinuin
819 5500 1033 5554 Verbum
1063 5516 1164 5553 non
1185 5516 1250 5554 ea:
1280 5500 1463 5565 nihilo,
1493 5517 1581 5556 seu
1609 5517 1671 5555 ea:
1696 5517 1798 5555 non
1824 5512 2011 5556 extan-

419 5591 546 5644 tibus
565 5633 578 5656 ,
611 5593 698 5644 sed
732 5609 794 5644 ea:
820 5593 931 5661 ipsa
951 5591 1123 5646 Patris
1151 5594 1437 5646 substantia
1451 5594 1869 5666 genitumaperte
1895 5613 2014 5664 pro-

420 5681 566 5738 didit.
602 5682 730 5739 Dcin
762 5693 816 5736 ut
841 5684 1132 5752 exploderet
1159 5685 1376 5740 alterum
1408 5687 1720 5756 formulam,
1757 5704 1863 5744 non
1893 5701 2013 5746 erat

2208 4565 2484 4635 Hippolyti
2509 4562 2754 4636 Martyris
2783 4571 2873 4635 qui
2902 4566 3083 4621 floruit
3104 4569 3251 4623 circa
3273 4566 3339 4626 C.
3365 4585 3563 4625 annum
3592 4566 3698 4631 2‘23,

2134 4659 2202 4713 de
2254 4657 2596 4713 sanctissima
2656 4657 2918 4713 Trinitatc
2963 4665 3263 4717 sententias
3317 4651 3522 4733 profert
3573 4662 3702 4717 Peta-

2135 4754 2254 4806 vius
2288 4770 2299 4804 :
2345 4751 2514 4806 Multo
2552 4751 2895 4806 luculentiora
2931 4759 3169 4825 perfecte
3204 4775 3264 4811 ac
3291 4775 3423 4814 verte
3451 4757 3701 4814 diuinitatis

2133 4846 2186 4896 in
2219 4843 2356 4898 Filio
2378 4846 2592 4930 ejusque
2625 4861 2846 4916 persona
2881 4863 2912 4897 α
2941 4845 3099 4902 Patre
3141 4850 3384 4905 distincta
3414 4852 3700 4924 Hippolytus

2131 4939 2266 4992 idem
2297 4940 2588 4994 testimonia
2609 4939 2751 4993 dedit
2783 4941 2833 4991 in
2861 4938 3142 5005 Opusculis
3169 4954 3356 4998 contra
3381 4945 3623 5002 Heronem
3663 4953 3701 4997 et

2136 5034 2391 5100 Helicem,
2417 5039 2557 5105 apud
2603 5037 2940 5091 Anathasium
2972 5079 2987 5104 ,
3029 5037 3083 5091 in
3137 5033 3319 5108 quibus
3374 5042 3622 5110 duplicem
3659 5040 3704 5090 in
3766 5107 3767 5118 χ

2131 5128 2335 5184 Christo
2359 5143 2595 5185 naturam
2625 5142 2862 5186 accurate
2877 5131 3142 5200 discernit,
3176 5143 3224 5187 et
3251 5135 3479 5189 divinam
3503 5135 3700 5190 eamdem
3766 5119 3767 5126 l

2107 5225 2284 5294 plane
2313 5240 2421 5278 esse
2466 5223 2798 5288 demonstrat,
2851 5225 2965 5294 qu'te
2993 5227 3065 5280 est
3115 5225 3168 5278 in
3217 5224 3402 5291 Patre,
3431 5245 3452 5279 ι
3492 5220 3700 5283 verbum

2129 5319 2275 5373 enim
2312 5320 2402 5376 Dei
2438 5319 2580 5373 nulla
2616 5335 2674 5375 re
2701 5303 2965 5375 mutatum
2995 5334 3114 5376 esse
3149 5363 3164 5386 ,
3213 5322 3340 5378 dicit
3371 5338 3430 5378 eo
3455 5324 3565 5394 ipso
3587 5317 3702 5392 quod

2127 5430 2332 5466 carnem
2359 5414 2549 5482 induit,
2584 5430 2685 5471 nec
2721 5416 2774 5471 in
2807 5416 2957 5471 nullo
2995 5432 3218 5487 prorsus
3257 5418 3311 5472 in
3340 5435 3452 5489 quo
3479 5418 3613 5475 idem
3635 5425 3699 5471 est
3726 5451 3727 5454 η

2127 5522 2250 5561 eum
2280 5508 2461 5572 Patre,
2491 5509 2687 5566 factum
2711 5526 2832 5566 esse
2861 5509 3000 5566 idem
3025 5526 3147 5566 cum
3171 5528 3341 5569 carne
3369 5524 3586 5584 propter
3608 5510 3699 5565 cxi-

2129 5601 2458 5655 nauitionetn
2486 5619 2500 5667 ;
2528 5603 2621 5659 sed
2650 5603 2949 5674 cujusmodi
2979 5615 3096 5659 erat
3130 5605 3339 5676 absque
3385 5621 3550 5662 carne
3578 5647 3594 5672 ,
3643 5603 3696 5656 ίω

2129 5694 2392 5748 mansisse
2419 5703 2570 5750 extra
2611 5709 2830 5751 omnem
2861 5693 3446 5767 circumscriptionem.
3486 5721 3502 5752 ι
3533 5698 3698 5754 Rura-rs
