3822 6220
72 163 162 221 lilii

1455 174 1785 234 DISSERTA
1795 177 1927 235 ΤΙΟ.

3244 189 3347 248 tuo

77 281 264 337 «Deum
303 283 456 339 illum
494 284 766 340 lnﬁnitum
816 285 976 341 simul
1016 293 1072 343 et
1128 287 1651 359 incircumscriptnm
1683 291 1726 349 A
1827 292 2091 351 Clementi
2133 296 2500 355 Alexandrino
2525 276 2812 370 Grigencm
2860 298 3209 370 subjicicmus
3241 304 3352 358 dis-

70 373 330 433 hominem
361 394 484 435 esse
504 380 579 433 ait
599 421 612 442 ,
645 391 699 435 et
738 380 1272 452 intelligLutrinsque
1298 381 1653 438 substantiam

74 470 298 537 perfecte
320 473 617 542 perlectam
641 474 952 530 habentem.
978 494 998 528 ι
1027 473 1181 543 Quod
1208 461 1371 544 potest
1397 461 1506 527 esse
1546 474 1657 526 ela-

71 565 166 618 rius
189 583 406 622 summa:
426 568 775 636 absolutisque
814 566 1112 622 Divinitntis
1141 564 1432 623 iaC/triste
1461 581 1658 635 prlece-

72 657 238 712 uium?
267 658 410 714 Nam
439 670 482 715 et
506 662 767 732 inﬁnitum
787 640 963 714 .Deum
1005 662 1140 714 [tunc
1184 677 1290 716 esse
1316 661 1584 727 prcedicat,
1609 667 1657 714 et

69 748 463 828 ξυιιεωιιιιιιδι
492 753 882 828 ἱηιιιιριιᾳιιίιιειιι2
903 762 954 809 et
996 753 1131 808 idem
1155 755 1382 828 omniqq
1403 769 1524 819 cunt

70 751 129 800 im
273 768 362 805 um
492 753 599 806 imn
631 753 882 828 ,tgbilem!
903 762 954 809 et
996 753 1131 808 idem
1155 755 1295 808 omni
1337 769 1524 828 ⁵χιιιηι
1603 757 1656 793 ὀ

70 763 668 990 ῑτὲεέέξαωΐὸι
692 833 904 934 atii”;
1072 835 1138 905 sit
1153 850 1272 920 'ejus
1295 769 1493 930 girus,
1511 751 1656 993 ἢ

70 939 230 993 cdere
256 937 400 993 ipsa.
460 939 694 992 stiuctus.
727 935 975 993 Denique;
1003 957 1022 991 ε
1051 933 1546 993 divinitas"finauit
1619 954 1656 993 x

67 923 230 1004 qdire
256 923 694 1008 ipsdlstiucgs.
727 923 975 1008 Denique;
1003 957 1022 991 ε
1051 923 1659 1012 (Ιίνίιιὶιτιε“’⁵(ἱηιιιὶίσἺω

71 1033 320 1087 Anastasii
345 1033 595 1104 versione)
621 1041 679 1087 ut
705 1042 971 1090 eratante
1005 1029 1458 1100 incarnationem,
1490 1043 1572 1089 est
1601 1041 1657 1089 et

69 1134 180 1195 post
206 1113 636 1182 incarnationem
666 1128 961 1183 secundum
994 1139 1240 1182 naturam
1281 1127 1544 1182 infinitam
1567 1128 1653 1182 in-

68 1218 587 1286 comprehensibilis,
621 1219 991 1290 impassibilis,
1012 1220 1454 1291 incomparabilis
1473 1221 1655 1292 (inuno

71 1310 460 1381 inalterabilis),
492 1312 937 1378 inconvertibilis,
973 1328 1068 1384 per
1093 1329 1153 1370 se
1174 1324 1386 1384 potens,
1415 1323 1470 1368 et
1489 1322 1550 1368 ut
1580 1323 1658 1368 to-

1755 389 1990 457 cipulum
2024 392 2283 462 Magistro
2312 409 2381 448 ex
2410 393 2602 450 eodem
2639 393 3000 460 Tltomasino;
3032 394 3098 448 de
3137 409 3245 463 quo
3275 405 3354 448 ta-

1758 496 1880 536 men
1909 483 2179 538 contraria
2204 485 2360 541 nobis
2391 484 2529 541 forte
2576 485 2860 556 alleganda
2879 494 3042 542 erunt
3070 485 3300 542 inferius
3335 528 3352 553 τ.

1756 586 1876 626 cum
1901 588 1930 627 a
1975 590 2034 631 se
2060 574 2178 644 ipso
2205 591 2351 647 saepe
2380 577 2627 634 diversus
2657 622 2671 647 ,
2715 581 3038 651 quandoque
3066 580 3170 637 sibi
3218 596 3352 636 con-

1758 662 1956 720 trarius
1988 665 2246 739 Origenes
2281 670 2588 728 inveniatur
2622 716 2636 741 ,
2665 684 2723 729 ut
2747 688 2874 730 vere
2909 673 2980 750 de
3032 659 3124 730 lllo
3152 674 3356 730 dixerit

1843 755 2539 847 Hierotgmusgilnterda
2585 781 2805 847 magnus
2854 768 3101 837 domitat
3152 767 3347 847 ῌριιιεο

1757 780 1814 838 9.
1843 780 2026 838 utero?
2088 780 2205 834 mus
2225 780 2446 844 humero
2585 781 2805 842 magnus
2854 780 3101 837 domitat
3152 780 3347 836 uetueo

1905 780 2152 944 Origis
2179 780 2660 946 mmtiaqum
2683 841 2964 943 inludimus
2983 873 3060 917 ex
3083 861 3142 918 S.
3175 837 3351 942 ῴίιεά

1759 947 1912 1002 nasio
1927 945 2292 1002 Tltomasinus
2321 945 2642 1022 desumpsit.
2679 953 2739 1011 Si
2767 966 2860 1023 est,
2887 957 3056 1028 inquit
3075 955 3347 1028 Origenes.

1759 1040 1866 1094 ulla
1892 1041 2062 1114 imago
2088 1041 2357 1096 invisibilis
2385 1040 2481 1098 Dei
2512 1087 2527 1111 ,
2559 1046 2670 1116 ipsa
2695 1064 2893 1119 quoque
2924 1050 3094 1122 imago
3120 1050 3351 1104 invisibi-

1760 1131 1823 1185 lis
1851 1133 2044 1202 fuerit;
2071 1133 2235 1188 immo.
2253 1133 2348 1188 hoc
2375 1150 2576 1204 quoque
2594 1139 2758 1192 ausim
2783 1140 2974 1196 addere
3009 1183 3024 1209 ,
3045 1141 3203 1211 'quod
3229 1143 3350 1196 cum

1756 1226 1821 1280 sit
1838 1227 1926 1280 ille
1939 1225 2228 1280 similitudo
2252 1212 2429 1281 Patris
2450 1228 2562 1296 ﬁeri
2579 1244 2681 1284 non
2696 1246 2865 1301 posse,
2883 1243 2938 1286 ut
2968 1234 3120 1303 fuerit
3135 1235 3352 1306 quando

1759 1336 1861 1374 non
1881 1321 2057 1393 fuerit.
2092 1321 2314 1395 Quando
2335 1321 2471 1375 enim
2505 1320 2662 1388 Deus,
2691 1326 2777 1394 qui
2797 1327 3075 1393 secundum
3094 1327 3352 1387 Joannem

74 1413 174 1457 tum
203 1404 450 1459 dicamus
480 1404 786 1460 subsistens
815 1445 829 1468 ,
869 1407 1240 1464 substantialis
1270 1408 1387 1463 sola
1431 1407 1706 1464 inﬁnitas-
1761 1410 2150 1484 Evangelistam
2177 1414 2269 1468 lux
2289 1413 2502 1480 dicitur,
2533 1400 2806 1487 splendore
2837 1419 3000 1471 caruit
3021 1435 3128 1474 sua:
3157 1421 3352 1490 Majes-

68 1495 271 1550 virtutis
298 1497 528 1551 Battum.
567 1515 588 1550 ι
633 1495 878 1552 Potuitne
925 1499 1003 1554 vel
1047 1498 1144 1554 hoc
1168 1501 1357 1555 saeculo
1386 1503 1656 1572 quisquam

66 1593 317 1656 disertius,
353 1593 641 1661 expressius
672 1636 686 1664 ,_
720 1593 1095 1664 signiﬁcantius
1142 1588 1458 1649 divinitatem
1504 1595 1653 1663 Filii,

1759 1496 1917 1560 tatis?
1942 1516 1994 1560 ut
2021 1507 2134 1575 quis
2160 1509 2346 1576 audeat
2379 1506 2520 1562 Filio
2541 1510 2853 1580 principium
2893 1511 3354 1584 adscriberequnsi

1759 1603 1914 1646 antea
1945 1595 2173 1649 nondum
2204 1593 2440 1648 existeuti
2462 1594 2488 1648 .9
2517 1594 2740 1661 Quando
2765 1606 2935 1650 autem
2959 1615 3060 1652 non
3087 1611 3194 1653 erat
3216 1600 3352 1671 inef-

67 1700 121 1736 ac
148 1681 496 1738 Personarum
533 1685 806 1739 discrimen
835 1701 1086 1756 exponere
1107 1728 1120 1750 ,
1142 1677 1296 1754 quam
1325 1687 1402 1741 vel
1431 1687 1650 1757 scriptor
1677 1685 1725 1745 B
1753 1683 1928 1756 rabilis
1950 1686 2066 1750 illa,
2092 1685 2480 1741 innominabilis
2498 1730 2513 1756 ,
2564 1687 3027 1760 inenarrabilisque
3050 1689 3222 1744 Patris
3245 1691 3356 1759 sub:

67 1778 154 1830 ille
174 1781 294 1848 fecit
319 1778 583 1860 antiquus,
615 1786 884 1848 antequam
909 1776 1158 1834 Nictenus
1185 1777 1466 1835 Consessus
1497 1780 1653 1852 liqui-

73 1869 182 1923 dam
207 1885 268 1924 ea
290 1870 357 1923 de
386 1886 442 1924 re
467 1871 734 1925 scientiam
760 1871 1116 1940 explicasset?

128 1964 427 2020 Clementis
471 1964 825 2020 Alexandrini
875 1965 943 2021 de
992 1965 1254 2022 Trinitate
1297 1954 1605 2023 Sententias
1635 2007 1653 2036 ,

68 2061 188 2128 quas
216 2059 330 2113 sine
356 2060 548 2113 erroris
571 2059 864 2136 suspicione
901 2061 1134 2131 scriptas
1173 2060 1372 2116 fatetur
1403 2047 1655 2116 Petavius

65 2154 124 2206 ad
172 2153 368 2208 librum
419 2153 648 2224 primum
698 2153 767 2208 de
806 2152 1073 2232 Trinitate
1103 2153 1359 2232 videndas
1406 2154 1651 2209 remittit.

67 2247 164 2302 Nos
188 2264 251 2303 ex
293 2248 632 2304 Tltomasino
681 2247 970 2317 afferemus
1002 2287 1020 2316 ,
1067 2248 1156 2318 qui
1205 2231 1538 2326 Clementem
1587 2247 1696 2301 ab‘

66 2338 201 2392 omni
231 2340 435 2394 erroris
469 2339 784 2410 suspicione
835 2339 1179 2395 demonstrat
1222 2341 1482 2395 alienum.
1521 2337 1657 2393 Vide

67 2431 398 2501 (Thomasini
447 2433 606 2487 verba
657 2431 808 2504 sunt)
839 2431 984 2504 (t.‘tn
1014 2416 1092 2486 th.
1118 2424 1332 2504 Dogm.,
1356 2443 1422 2486 tr.
1445 2431 1502 2498 2,
1533 2416 1652 2503 cap.

66 2521 146 2590 44,
177 2541 323 2578 num.
358 2525 414 2595 l)
445 2536 500 2579 ut
529 2527 641 2597 ejus
688 2516 1021 2580 wternitatem
1043 2537 1163 2580 ante
1184 2531 1411 2598 tempora
1439 2533 1653 2579 astruat.

72 2635 87 2666 ι
115 2615 301 2672 Nullus
335 2617 478 2688 (haec
503 2633 636 2674 vero
663 2614 986 2691 Clementis)
1038 2627 1190 2675 certe
1234 2618 1511 2688 hominum
1572 2619 1656 2672 vel

63 2706 279 2762 deorum
312 2707 414 2762 fuit.
443 2719 570 2766 ante
597 2709 745 2765 hunc
785 2709 1042 2765 mundum
1069 2751 1084 2776 ,
1130 2725 1235 2766 non
1264 2701 1441 2764 autem
1469 2724 1658 2766 sumus

67 2812 180 2857 ante
211 2805 400 2858 mundi
441 2804 908 2874 constitutionem,
935 2797 1122 2876 quieo
1150 2804 1296 2876 quod
1328 2819 1450 2860 esse
1490 2818 1656 2873 opor-

69 2906 193 2952 teret
211 2898 263 2953 in
292 2900 413 2968 ipso
438 2899 552 2955 Deo
571 2914 758 2954 sumus
782 2898 969 2970 geniti.
1007 2898 1293 2954 DeiVerhi
1325 2912 1514 2954 sumus
1559 2911 1658 2952 nos

67 2989 311 3058 ﬁgmenta
337 2989 553 3046 ratione
589 2991 836 3060 praedita,
871 3005 967 3060 per
994 3005 1154 3061 quem
1199 2990 1404 3060 antiqui
1444 3004 1654 3054 sumus,

1756 1779 1957 1833 stantia:
1982 1777 2175 1851 imago,
2201 1783 2370 1850 forma
2402 1821 2416 1845 ,
2444 1780 2581 1835 ratio
2606 1824 2619 1846 ,
2654 1796 2769 1850 qua:
2820 1779 3028 1836 Patrem
3057 1783 3357 1852 cognoscit?

1756 1869 1954 1944 Cagitet
1978 1879 2148 1928 secum
2175 1873 2480 1943 quicumque
2518 1873 2726 1927 audebit
2747 1874 2958 1933 dicere:
2990 1873 3121 1929 Erat
3149 1874 3358 1944 quando
3435 1907 3437 1909 -

1756 1978 1858 2017 non
1882 1960 2064 2017 eratF
2068 1962 2189 2018 ilius
2217 1977 2270 2018 se
2299 1963 2396 2018 Itoc
2428 1965 2600 2034 ipsum
2627 1964 2818 2021 dicere.
2859 1965 2987 2021 Erat
3016 1967 3224 2035 quando
3260 1985 3352 2021 so-

1755 2054 1947 2124 pientia
1972 2072 2074 2110 non
2100 2065 2208 2110 erat
2232 2098 2246 2122 ,
2275 2040 2483 2125 quando
2509 2059 2645 2113 ratio
2687 2073 2789 2111 non
2849 2068 2957 2112 erat
2977 2099 2990 2123 ,
3019 2061 3227 2129 quando
3254 2060 3358 2113 sita

1755 2162 1859 2200 non
1880 2157 2004 2200 erat.
2029 2146 2095 2201 Et
2116 2148 2298 2204 statim
2327 2148 2549 2204 ibidem.
2584 2147 2732 2204 Idem
2767 2148 3013 2220 Origenes
3040 2150 3164 2205 alibi
3189 2150 3352 2206 dicit:

1757 2239 1866 2294 Sed
1892 2243 1974 2312 fas
2000 2257 2100 2294 nou
2127 2249 2223 2304 est,
2269 2257 2432 2307 neque
2462 2242 2690 2311 periculo
2722 2240 2941 2296 uacuum
2984 2253 3058 2298 est
3097 2243 3158 2298 ob
3209 2244 3380 2314 inﬁr—_

1759 2336 1984 2391 unitatem
2006 2346 2254 2404 nostram,
2285 2345 2537 2406 quantum
2581 2336 2633 2391 in
2665 2337 2809 2392 nobis
2847 2346 2957 2404 est,
2985 2337 3209 2409 spoliare
3245 2335 3358 2394 'Pa.

1759 2439 1887 2482 trem
1915 2427 2189 2504 Unigeuito
2212 2446 2327 2498 suo,
2378 2446 2556 2484 secum
2607 2446 2807 2498 semper
2860 2429 3106 2486 existente
3149 2428 3308 2486 Verbo
3331 2447 3353 2507 ί

1757 2522 1984 2590 spoliare
2010 2522 2132 2576 item
2175 2539 2292 2576 eum
2337 2523 2592 2592 sapientia
2645 2523 2700 2576 in
2744 2539 2846 2592 qua
2890 2521 3193 2587 laztabatur;
3237 2522 3357 2579 inde

1759 2615 1892 2666 enim
1949 2614 2276 2687 colligeretur
2335 2631 2452 2668 eum
2492 2631 2596 2670 non
2634 2631 2834 2695 semper
2877 2615 3108 2670 ltetatum
3160 2617 3356 2688 fuisse:

1763 2704 1894 2760 Ecce
1919 2723 2009 2761 nos
2030 2707 2439 2761 demonstremus
2465 2708 2610 2783 istius
2635 2707 2772 2761 modi
2792 2709 3096 2763 sententiam
3120 2727 3150 2763 ιι
3182 2708 3360 2764 Patri-

1761 2799 1854 2854 bus
1884 2799 1951 2852 ad
1977 2798 2158 2854 Patres
2185 2800 2333 2869 quasi
2351 2816 2441 2870 per
2469 2816 2652 2854 manus
2693 2800 2935 2854 traditum
2964 2817 3096 2856 esse.
3135 2800 3231 2854 Vos
3252 2817 3355 2855 au-

1729 2911 1736 2918 ·
1761 2905 1860 2973 tem
1885 2893 1999 2949 novi
2029 2893 2236 2960 Judwi,
2267 2903 2314 2948 et
2344 2893 2601 2962 Discipuli
2644 2893 2882 2964 Caiphae,
2933 2909 3059 2964 quos
3089 2891 3356 2949 verborum

1761 2995 2042 3040 vestrorum
2091 2983 2274 3039 Patres
2302 3001 2363 3038 ac
2418 2982 2650 3057 Majores
2693 2984 3054 3039 demonstratis
3088 3026 3102 3050 ,
3148 2994 3262 3038 cum
3291 3001 3353 3040 ue

66 3082 306 3148 quoniam
360 3081 414 3135 in
465 3082 729 3152 principio
773 3091 890 3137 erat
927 3080 1202 3139 Verbum:
1251 3081 1346 3137 sed
1395 3066 1652 3150 quoniam
1683 3071 1728 3133 C
1760 3099 1917 3136 unum
1956 3081 2162 3153 quidem
2181 3098 2245 3136 ex
2271 3079 2606 3152 prudentibus
2630 3121 2647 3151 ,
2701 3090 2788 3134 aut
2818 3080 2978 3135 doctis
3009 3081 3065 3134 in
3094 3089 3351 3136 auctorem

67 3173 288 3229 Verbum
319 3175 538 3245 quidem
571 3177 780 3230 eratab
818 3175 932 3229 alto
966 3175 1126 3242 petita
1152 3175 1382 3245 origine,
1414 3175 1654 3229 divinum

72 3269 436 3324 universorum
468 3259 830 3339 principium,
859 3272 917 3322 et
951 3265 1074 3335 fuit,
1093 3275 1148 3322 et
1175 3277 1278 3322 est.
1311 3265 1443 3334 Quia
1474 3273 1654 3320 autem

69 3375 194 3414 nunc
222 3375 426 3416 nomen
460 3359 815 3429 accepitolim
837 3361 1252 3425 sanctiﬁcatum,
1283 3367 1549 3431 potestate
1574 3357 1658 3414 di-

67 3469 236 3523 gnum,
261 3455 516 3511 Christus
541 3496 555 3520 ,
593 3470 788 3533 novum
820 3455 949 3509 mihi
975 3463 1220 3509 vocatum
1255 3463 1337 3508 est
1361 3452 1652 3533 canticum.

67 3547 152 3601 llic
174 3562 302 3618 ergo
338 3547 576 3604 Verbum
604 3531 876 3612 Christus,
906 3553 962 3601 et
991 3555 1046 3600 ut
1087 3562 1185 3600 nos
1208 3547 1334 3599 olim
1361 3559 1604 3601 essemus
1625 3531 1653 3608 i,

67 3650 173 3693 erat
210 3641 356 3696 enim
411 3641 467 3695 in
515 3640 662 3708 De‘o;
703 3648 837 3696 etut
864 3639 1006 3694 bene
1033 3638 1302 3703 videmus,
1341 3651 1502 3693 causa
1533 3637 1652 3691 fuit.

64 3731 203 3788 Nunc
227 3745 412 3788 autem
455 3730 1062 3809 apparuit‘hominibus
1105 3730 1189 3784 hic
1219 3729 1335 3799 ipse
1371 3728 1602 3783 Verbum
1632 3767 1650 3794 ,

64 3827 145 3894 qui
167 3827 315 3882 solus
345 3835 433 3881 est
473 3825 634 3880 ambo
665 3825 814 3887 Deus
842 3866 856 3891 ,
889 3831 945 3879 et
995 3823 1178 3877 homo.
1215 3842 1235 3874 ι
1277 3821 1405 3874 Vide
1451 3830 1509 3875 ut
1536 3836 1654 3874 mox

63 3917 316 3974 Christum
354 3908 514 3972 dicati
541 3928 665 3972 ante
701 3934 904 3972 carnem
942 3928 1257 3983 assumptum
1296 3913 1458 3984 fuisse
1504 3915 1653 3970 illuni

65 4013 222 4082 ipsum
249 4011 446 4077 Deum,
477 4012 565 4080 qui
587 4022 658 4066 est
687 4053 702 4076 ,
731 4027 823 4066 seu
851 4011 937 4080 qui
962 4019 1036 4065 est
1079 4011 1250 4080 ipsum
1276 4025 1410 4074 esse,
1442 4019 1489 4062 et
1514 4009 1566 4061 iu
1594 4025 1652 4062 co

64 4108 251 4173 quiest,
281 4106 382 4161 hoc
410 4107 567 4161 estin
603 4105 762 4160 Patre
778 4105 957 4177 fuisse.
992 4123 1012 4156 ‹
1049 4102 1312 4174 Apparuit
1337 4111 1516 4157 autem
1547 4119 1651 4156 tnt-

65 4178 264 4272 perqui‘
286 4204 442 4272 prius
485 4211 602 4256 erat
644 4191 929 4256 Servatur:
971 4200 1216 4269 apparuit
1240 4198 1330 4270 qui
1377 4207 1458 4252 est
1503 4197 1553 4250 in
1583 4211 1652 4252 eo

63 4297 141 4362 qui
164 4305 273 4350 est:
302 4295 329 4351 ὁ
363 4299 416 4363 ἓν
442 4304 516 4350 τῶ
543 4293 649 4350 ὄντι
671 4294 760 4359 ὧν,
795 4293 1044 4363 quoniam
1079 4292 1329 4355 Verbum,
1362 4291 1503 4360 quod
1536 4300 1653 4346 erat

62 4389 190 4453 apud
217 4389 395 4444 Deum
421 4389 612 4442 doctor
633 4394 899 4455 apparuit,
921 4378 1020 4454 per
1040 4385 1184 4456 quod
1215 4384 1394 4438 omnia
1423 4393 1544 4438 sunt
1575 4381 1652 4436 fa-

1760 3178 1918 3231 citare
1940 3177 2165 3248 possitis.

1832 3270 2232 3340 Theognostum
2283 3267 2533 3340 addimus
2575 3283 2640 3323 ex
2676 3268 2988 3325 Athanasio
3023 3287 3035 3321 :
3069 3268 3200 3323 Cum
3231 3282 3354 3322 eum

1757 3376 1878 3415 cum
1904 3361 2335 3430 Origencsimul
2368 3362 2701 3416 nominatum
2734 3362 2883 3417 vides
2925 3362 2975 3414 in
3026 3359 3354 3415 bibliotheca

1759 3456 1954 3510 l‘hOtii.
1979 3454 2176 3510 Discite
2195 3456 2286 3527 (ita
2310 3455 2658 3528 Athanasius)
2678 3456 2833 3527 igitur
2857 3472 3012 3520 nunc,
3033 3453 3238 3508 Christo
3264 3470 3349 3507 re-
3396 3444 3401 3454 ἱ

1756 3546 1912 3600 belles
1940 3547 2140 3612 Ariani,
2178 3547 2730 3619 Tlteoguouumcirum
2759 3547 3008 3602 disertum
3033 3564 3132 3600 non
3159 3547 3351 3601 abhor-

1754 3640 1919 3694 ruisse
1965 3657 1994 3692 a
2031 3635 2276 3694 vocabulo
2303 3640 2632 3706 substantiae,
2689 3640 2916 3694 scribens
2962 3641 3095 3717 enim
3140 3641 3202 3693 de
3248 3640 3354 3708 ﬁde

1755 3734 2126 3804 liipotyposcon
2153 3737 2225 3786 ita
2251 3734 2450 3787 locutus
2479 3743 2577 3788 est:
2610 3750 2628 3783 ι
2672 3731 2790 3787 Non
2826 3732 3123 3788 forinsecus
3159 3743 3251 3786 aut
3285 3748 3354 3787 ex

1755 3834 1915 3885 rebus
1963 3831 2235 3885 extraneis
2274 3828 2744 3911 Filii‘substantia
2773 3838 3004 3891 constat.
3063 3844 3237 3898 neque
3283 3843 3353 3884 ex

1755 3939 1865 3978 non
1923 3924 2136 3979 entibus
2191 3923 2528 3993 producitur,
2579 3923 2672 3978 sed
2733 3939 2796 3977 ex
2843 3923 3023 3978 Patris
3053 3922 3352 3977 substantia

1755 4019 1826 4073 ita
1860 4019 2175 4090 progenitus
2199 4026 2303 4085 est,
2337 4028 2393 4073 ut
2420 4008 2597 4073 a'luce
2650 4017 2828 4088 jubar,
2892 4026 2948 4070 ut
2977 4031 3042 4082 ex,
3074 4031 3209 4084 aqua
3259 4028 3353 4069 va-

1757 4127 1873 4180 por.
1907 4111 2091 4182 Neque
2136 4113 2279 4165 enim
2331 4109 2384 4164 id
2432 4108 2606 4189 ipsum
2631 4117 2714 4164 est
2761 4107 2933 4189 quod,
2961 4122 3117 4178 aqua,
3179 4119 3355 4176 neque

1714 4202 1910 4274 .,jnbar
1942 4203 1992 4257 id
2050 4203 2222 4272 ipsum
2277 4195 2421 4272 quod
2450 4203 2554 4268 sol,
2616 4201 2711 4257 sed
2755 4217 2859 4256 non
2889 4201 3123 4256 alienum
3173 4209 3352 4254 tamen

1754 4312 1934 4351 rerum
1965 4306 2021 4351 ut
2044 4296 2398 4366 profluentem
2429 4311 2552 4351 eum
2577 4310 2698 4351 esse
2723 4294 2874 4387 dicas
2895 4294 3070 4349 Patris
3095 4294 3350 4349 subsmno

1755 4392 1865 4457 tim,
1911 4389 2072 4460 idque
2111 4390 2180 4443 ita
2213 4398 2270 4444 ιιι
2311 4389 2530 4446 interim
2564 4385 2984 4463 substantiailla
3018 4385 3193 4441 Pattis
3215 4386 3354 4440 divi-

63 4477 251 4536 hricata
290 4491 379 4536 ret
411 4482 572 4551 infra.
595 4498 615 4532 ‹
648 4479 884 4534 Verbum
903 4479 1210 4543 Dominum,
1234 4478 1325 4548 qui
1360 4493 1546 4531 revera
1568 4463 1660 4532 ’est
1685 4463 1740 4524 D
1765 4485 1974 4539 sionem
2005 4499 2111 4538 non
2139 4483 2393 4555 patiatur.
2427 4481 2888 4550 Quemadmodum
2922 4480 3061 4535 eiiim
3111 4480 3190 4534 sol
3239 4491 3352 4534 non

64 4571 194 4628 Deus
223 4573 738 4640 manifestissimae,
770 4575 858 4643 qtti
898 4581 984 4627 est
1020 4572 1394 4627 universorum
1430 4571 1659 4648 Domino

16 4655 29 4664 ’
65 4678 371 4737 exaequatus
402 4709 418 4731 ,
470 4666 724 4734 quoniam
772 4675 890 4719 erat
937 4665 1055 4735 ejus
1086 4664 1254 4719 Filius
1284 4705 1298 4727 ,
1324 4674 1384 4718 et
1420 4663 1654 4718 Verbum

64 4773 169 4814 erat
194 4763 245 4816 in
277 4760 396 4816 Deo
437 4779 456 4812 ι
490 4760 826 4831 Apertissime
863 4759 1029 4813 Deum
1079 4775 1187 4814 esse
1221 4757 1445 4814 Verbum
1472 4760 1653 4827 docet,

65 4861 104 4904 et
133 4851 276 4907 Patri
297 4852 615 4923 cocequalem
643 4868 744 4924 quo
778 4851 994 4906 Filium.

128 4948 196 5000 Ab
221 4949 354 5002 libro
405 4946 695 5022 Pcedagogi
731 4948 896 5016 primo
917 4948 1030 5001 vide
1052 4956 1105 5001 ut
1135 4956 1233 5002 tres
1251 4947 1453 5000 diuinas
1477 4945 1661 5018 Hypo-

63 5051 207 5095 stases
229 5045 552 5115 conjungat,
586 5058 618 5094 a
647 5042 850 5110 reliquis
879 5043 1115 5114 sejungat
1160 5041 1412 5106 omnibus,
1460 5042 1505 5095 ei
1538 5040 1659 5094 sub-

58 5132 232 5202 jungat
255 5143 422 5188 totam
469 5143 710 5188 naturam
737 5134 1138 5188 intellectualem
1170 5177 1185 5201 ,
1219 5133 1524 5188 Ecclesium.
1566 5152 1585 5185 ‹
1614 5132 1661 5189 Ο

67 5222 374 5285 miraculum
423 5227 747 5300 mysticum!
782 5226 935 5283 Unus
979 5227 1195 5298 quidem
1247 5238 1328 5281 est
1375 5227 1661 5281 universo-

16 5335 18 5344 '
66 5334 170 5375 rum
192 5322 375 5378 Pater.
400 5322 592 5386 ,Unum
625 5330 710 5377 est
739 5321 898 5375 etiam
953 5321 1327 5375 universorum
1376 5317 1613 5372 Verbum
1639 5359 1655 5385 ,

67 5421 111 5466 et
139 5413 370 5484 Spiritus
413 5423 636 5468 sanctus
664 5427 804 5466 unus
832 5453 846 5478 ,
898 5421 953 5466 et
984 5411 1100 5480 ipse
1138 5419 1223 5465 est
1274 5410 1490 5480 ubique.
1539 5409 1656 5466 Una

68 5517 230 5562 autem
259 5509 379 5564 sola
411 5507 581 5562 Mater
609 5513 697 5560 est
740 5505 934 5574 Virgo:
968 5503 1100 5558 mihi
1124 5510 1305 5559 autem
1331 5503 1504 5573 placet
1535 5518 1654 5557 eam

71 5611 257 5658 vocare
278 5598 606 5654 Ecclesiam.
646 5613 666 5650 ι
701 5595 865 5652 Plura
893 5595 1032 5670 apud
1084 5596 1332 5651 eumdem
1364 5595 1653 5651 Tltomasi-

16 5777 22 5786 ι
58 5700 185 5746 'num
213 5693 357 5750 vide.

1767 4578 2085 4632 diminuitur
2123 4577 2234 4632 suis
2277 4591 2343 4631 ex
2383 4591 2441 4631 se
2473 4573 2860 4644 proﬂuentibus
2890 4572 3053 4634 radiis
3083 4587 3116 4639 ς,
3141 4572 3211 4625 ita
3250 4584 3354 4626 nec

1766 4671 2065 4726 substantia
2114 4662 2291 4725 Patris
2332 4667 2747 4724 diminutionem
2775 4667 3028 4732 sustinet,
3060 4664 3348 4734 imaginem

1763 4765 1846 4821 sui
1876 4765 2068 4820 Filium
2103 4762 2447 4835 progignens.
2481 4781 2500 4815 ι
3041 4762 3044 4766 ’

1835 4859 2036 4915 Ultimo
2060 4847 2548 4913 Neocaesariensem
2562 4855 2882 4925 Gregorium
2895 4851 3232 4916 adducimus,
3259 4850 3354 4921 qui

1728 5024 1734 5027 λ
1763 4941 1858 5007 sua
1891 4951 1942 5004 in
1978 4949 2126 5005 Fidei
2157 4947 2500 5004 confessione
2531 4947 2609 5001 sic
2635 4945 2798 5000 habet
2824 4962 2836 4997 :
2873 4963 2891 4996 ι
2912 4943 3061 4998 Unus
3085 4943 3228 5027 Deus
3254 4943 3354 4996 Pii-

1764 5054 1846 5100 ter
1869 5043 2032 5099 Verbi
2057 5039 2619 5108 viventis,Sapienti:c
2640 5036 3017 5103 subsistentis,
3048 5047 3102 5090 et
3133 5025 3352 5089 virtutis

1760 5153 1874 5195 suae
1887 5148 1943 5193 et
1958 5137 2148 5206 ﬁgura:
2163 5134 2506 5202 sempiterna:
2525 5149 2536 5184 :
2555 5132 2825 5202 perfectus
2849 5131 3070 5200 perfecti
3086 5129 3348 5186 Genitor:

1760 5233 1917 5288 Pater
1939 5229 2061 5286 Filii
2091 5227 2384 5298 Unigeniti,
2421 5225 2569 5282 Unus
2596 5225 2878 5288 Dominus,
2938 5223 3088 5278 solus
3113 5238 3181 5288 ex
3203 5223 3345 5288 solo,

1763 5326 1904 5382 Deus
1936 5323 2004 5378 de
2057 5322 2166 5376 Deo
2213 5329 2266 5373 et
2291 5317 2465 5372 Filius
2504 5332 2666 5372 verus
2716 5315 2832 5372 veri
2863 5315 3056 5371 Patris.
3111 5314 3251 5378 Mox.
3295 5324 3369 5371 et'

1760 5432 1916 5488 unus,
1935 5413 2115 5484 inquit,
2136 5409 2370 5480 Spiritus
2397 5408 2628 5466 Sanctus
2645 5425 2714 5464 ex
2740 5409 2849 5479 Deo
2877 5409 3229 5464 substantiam
3251 5407 3351 5461 ita-

1758 5511 1915 5573 bens,
1944 5515 2049 5563 etc.
2095 5505 2276 5576 Imago
2295 5503 2438 5568 Filii,
2473 5501 2700 5572 perfecti
2736 5502 2998 5570 perfecta,
3027 5502 3132 5554 vita
3156 5501 3346 5555 viven-

1757 5597 2231 5672 tium_causa,Fons
2241 5595 2743 5660 sanctus.sanctitas
2757 5593 3352 5662 sanctificationisprm-

1759 5694 1970 5752 statrix.
2003 5709 2024 5746 ι
2052 5689 2322 5746 Postremo
2337 5689 2409 5744 ita
2429 5688 2711 5758 concludit,
2741 5705 2760 5740 ι
2780 5685 3018 5744 Trinitas
3044 5685 3299 5758 perfecta.
3320 5702 3346 5740 -ι
