3822 6220
295 275 302 282 ⁹
401 190 504 245 647

1488 189 1577 245 DE
1618 186 1862 246 SANCTI
1902 180 2194 246 ZENONIS
2237 189 2509 248 EPOCHA
2649 252 2652 255 ,
3587 183 3677 240 (iis

467 305 595 361 Huic
616 305 748 360 satis
767 283 891 366 esse
921 301 1164 374 videntur
1191 301 1260 357 ad
1290 303 1652 357 sanctissimae
1703 301 1986 358 Trinitatis
2015 303 2068 375 Α
2093 303 2197 357 nilo
2232 303 2557 373 Unigenitus,
2590 301 2654 356 de
2680 285 2793 356 solo
2818 300 2982 365 solus,
3027 298 3092 354 de
3140 307 3434 361 totototus,
3469 297 3534 349 de
3574 311 3676 348 vero

393 404 450 452 et
478 396 865 452 lncarnationis
901 394 1057 448 fidem
1111 403 1291 448 notam
1333 403 1388 449 et
1430 393 1774 450 manifestam
1825 396 1986 448 tertio

394 490 693 561 prtesertim
727 486 983 542 Ecclesiae
1035 486 1236 542 saeculo
1278 486 1787 545 demonstrandum.
1828 486 1984 542 Plura

395 581 489 652 qui
518 582 664 649 cupit
691 577 832 649 apud
886 578 1165 633 Petavium
1197 585 1252 634 et
1280 576 1670 634 Thomasinum
1726 579 1984 634 inveniet.

391 673 528 728 lllud
559 681 735 726 tamen
762 668 920 724 modo
947 669 1107 724 liceat
1138 669 1453 735 observare,
1485 670 1672 742 quanti
1717 670 1836 727 haec
1884 671 1981 728 SS.

392 765 635 831 Patrum,
662 777 796 835 quos
825 760 1186 829 laudavimus,
1216 761 1459 819 facienda
1487 764 1596 819 sint
1618 773 1984 838 monumenta,

393 858 460 913 ad
505 856 619 934 Arii
665 855 1104 925 Arianorumque
1149 855 1517 927 profligandos
1564 871 1798 913 errores.
1849 857 1983 911 Num
2021 918 2023 920 η

390 951 569 1020 itaque
625 947 947 1019 Hippolytus
996 948 1223 1022 Martyr,
1271 949 1524 1005 Clemens
1567 947 1982 1014 Alexandrinus,

389 1039 668 1110 Origenes,
725 1040 1129 1112 Theognostus,
1171 1039 1463 1112 Gregorius
1506 1040 1982 1106 Neocaesariensis,

385 1132 517 1209 ‘Ario
560 1141 634 1187 et.
662 1133 877 1188 Arianis
923 1135 1258 1202 posteriores
1308 1142 1435 1187 sunt
1479 1132 1806 1203 reputandi?
1873 1129 1984 1186 Cur

386 1225 567 1296 itaque
593 1225 723 1310 Ario
753 1227 1026 1297 posterior
1047 1225 1242 1282 Noster
1269 1225 1458 1282 Zeno?

390 1377 418 1450 §
459 1378 602 1435 XIV.
644 1410 716 1421 —
737 1378 807 1434 D.
857 1379 1078 1435 Zenonis
1107 1379 1388 1447 sententiae,
1420 1379 1602 1452 quibus
1629 1380 1836 1436 Arionis
1861 1397 1985 1435 con-

530 1475 686 1529 traire
720 1474 830 1543 ipse
860 1474 920 1529 S.
955 1455 1115 1528 Pater
1145 1472 1390 1538 creditur,
1424 1475 1834 1531 considerantur.
1977 1462 1979 1464 ’

456 1631 539 1688 Ad
568 1630 866 1693 sententias
888 1631 953 1686 Ι).
986 1630 1224 1688 Zenonis
1269 1632 1982 1707 examinandasiproceden-

382 1727 513 1782 dum
540 1725 720 1782 modo.
748 1726 930 1781 Prima
956 1741 1027 1780 ex
1058 1725 1335 1798 Tractatu,
1375 1740 1470 1782 seu
1519 1726 1782 1782 Sermone
1820 1725 1981 1782 tertio

384 1819 608 1876 secundi
642 1817 766 1873 libri
793 1817 1073 1888 allegatur.
1102 1835 1122 1870 ε
1158 1818 1321 1872 Deum
1356 1814 1590 1886 Patrem,
1616 1817 1791 1872 Alium
1823 1831 1902 1882 se,
1933 1826 1981 1870 et

387 1911 582 1967 Filium
636 1909 827 1978 Deum,
886 1912 1141 1982 genuisse
1189 1925 1256 1964 ex
1307 1925 1366 1964 se
1424 1924 1491 1964 ex
1537 1909 1838 1964 innascibili
1891 1908 1978 1962 illa

386 2004 706 2068 substantia,
739 2003 929 2075 in,qua
959 2003 1148 2059 beatus
1189 2016 1417 2058 manens
1462 2001 1516 2055 in
1567 2001 1978 2072 sempiternum,

384 2101 635 2156 omnibus
689 2113 812 2172 qua:
868 2098 1031 2154 habet
1079 2096 1368 2153 habentem
1400 2095 1600 2152 Filium
1654 2097 1799 2166 paria
1855 2097 1980 2166 pro-

382 2193 604 2250 creavit.
646 2213 664 2248 ι
721 2193 917 2269 Totum
969 2192 1111 2248 hunc
1165 2204 1474 2268 sermonem
1502 2232 1517 2257 ,
1546 2189 1671 2260 quia
1699 2189 1878 2245 brevis
1898 2197 1979 2244 est

381 2287 472 2344 hic
500 2287 916 2347 exscribemus:
953 2300 1062 2341 non
1106 2283 1251 2340 enim
1283 2297 1494 2356 omnes,
1527 2282 1619 2352 qui
1650 2280 1766 2337 hare
1794 2289 1978 2337 nostra

380 2379 581 2448 legent,
635 2392 947 2434 sermonum
1005 2376 1065 2435 S.
1113 2376 1356 2450 Zenonis
1402 2375 1614 2446 copiam
1670 2373 1975 2432 ‘habebunt.

381 2473 741 2544 Principium,
793 2476 978 2543 fratres
1004 2471 1342 2538 dilectissimi,
1375 2469 1630 2525 Dominus
1679 2479 1852 2525 noster
1897 2470 1979 2523 in-

347 2557 354 2562 ’
380 2549 676 2621 cunctanter
699 2574 772 2621 est
800 2563 1053 2631 Christus,
1075 2579 1236 2640 quem,
1251 2571 1368 2617 ante
1390 2562 1563 2616 omnia
1599 2561 1794 2641 siccata
1817 2559 1980 2616 Pater

380 2662 435 2714 in
455 2657 715 2732 profundo
758 2673 866 2712 sua:
911 2657 1093 2711 mentis
1139 2671 1329 2710 arcano
1380 2651 1739 2725 insuspicabili
1782 2669 1844 2707 ac
1879 2653 1979 2708 soli

379 2752 477 2806 sibi
501 2760 624 2806 nota
651 2750 963 2805 conscientia
1011 2747 1141 2805 Filii
1179 2765 1282 2803 non
1324 2748 1435 2803 sine
1477 2745 1684 2816 aﬂ'ectu,
1733 2745 1822 2801 sed
1869 2747 1980 2800 sine

380 2843 689 2899 revelamine
709 2826 1126 2914 amplectebatur.
1159 2840 1184 2895 Ι
1193 2842 1330 2913 gitur
1354 2839 1638 2912 ineffabilis
1668 2837 1762 2893 illa
1786 2840 1978 2892 incom-

380 2932 833 3011 preltensibilisque
845 2936 1093 3007 sapientia
1110 2933 1811 3011 sapientiam,omnipotentia
1823 2931 1979 2985 omni-

344 3027 346 3029 ’
379 3009 655 3108 potentiam
673 3039 942 3103 propagat.
965 3027 1039 3082 De
1054 3027 1162 3082 Deo
1186 3028 1413 3082 nascitur
1448 3025 1616 3092 Deus;
1652 3026 1716 3080 de
1743 3008 1976 3096 ingenito

329 3169 344 3177 ..
378 3125 695 3196 unigenitus,
724 3121 788 3177 de
813 3124 1037 3194 perfecto
1064 3118 1540 3190 perfectus._Totum
1562 3117 1737 3191 Patris
1765 3117 1972 3182 habens,

380 3218 512 3272 nihil
541 3219 792 3288 derogans
838 3213 1006 3268 Patri.
1043 3210 1281 3268 Procedit
1307 3211 1360 3266 in
1388 3212 1720 3276 nativitatem,
1749 3209 1835 3278 qui
1869 3217 1975 3262 erat

378 3314 650 3380 antequam
693 3316 983 3369 nasceretur
1011 3307 1064 3359 in
1092 3303 1242 3359 Patre
1268 3303 1480 3374 a’qualis
1507 3303 1562 3356 in
1584 3304 1838 3372 Omnibus,
1857 3301 1976 3368 quia

380 3404 541 3474 Pater
570 3404 623 3456 in
650 3385 819 3472 ipsum
847 3400 1006 3454 alium
1035 3414 1089 3453 se
1116 3397 1285 3468 genuit
1301 3412 1365 3450 ea:
1383 3401 1456 3459 se,
1482 3411 1543 3450 ex
1563 3394 1852 3450 innascibili
1880 3410 1975 3448 sua

373 3496 468 3550 illa
512 3494 823 3558 substantia,
860 3492 915 3546 in
955 3506 1054 3561 qua
1092 3492 1268 3544 beatus
1293 3504 1505 3545 manens
1529 3489 1584 3543 in
1609 3486 1974 3556 sempiternum
2023 3521 2026 3524 ι

377 3587 650 3653 omnibus,
706 3599 834 3658 quae
877 3582 1024 3637 habet
1087 3580 1357 3635 habentem
1408 3579 1605 3634 Filium
1659 3580 1803 3648 paria
1854 3594 1972 3647 pro-

372 3681 559 3737 creavit
580 3720 596 3748 ,
618 3679 704 3750 qui
731 3686 805 3733 est
835 3675 971 3730 Deus
1009 3672 1316 3730 Benedictus
1346 3674 1400 3728 in
1428 3673 1617 3727 saecula
1642 3671 1969 3727 surculorum.

446 3816 561 3873 Hoc
614 3815 668 3870 in
722 3826 979 3869 sermone
1049 3794 1239 3874 c'ontra
1293 3809 1516 3886 nullum
1575 3821 1819 3864 errorem
1891 3807 1973 3860 in-

371 3911 517 3969 vehit
544 3911 602 3968 S.
632 3909 802 3974 Zeno,
832 3906 928 3963 sed
950 3904 1072 3962 Filii
1098 3904 1434 3960 divinitatem
1470 3902 1670 3974 populo
1709 3898 1965 3970 explicat.

373 4002 655 4074 Quomodo
694 4000 859 4073 igitur
899 3997 986 4055 vel
1035 3991 1226 4053 leviter
1262 3986 1526 4067 suspicari
1557 4002 1760 4067 potest,
1794 3993 1970 4063 ipsum

371 4095 590 4155 Arianis
639 4091 1055 4151 contradicere?
1104 4089 1205 4144 Hic
1252 4087 1539 4162 (Arianis)
1596 4098 1652 4142 ut
1697 4086 1971 4159 contrairet

370 4200 542 4249 uoster
553 4197 752 4254 auctor,
776 4202 892 4240 cum
915 4183 1194 4240 Catholicis
1222 4185 1446 4254 primum
1471 4182 1664 4245 docuit,
1697 4191 1802 4236 etc.
1826 4179 1973 4236 Non-
2027 4189 2032 4194 ‘

370 4303 441 4345 ne
465 4282 816 4343 conformiter
840 4278 1101 4350 lo'qnitur,
1125 4285 1180 4335 et.
1206 4278 1269 4331 D.
1296 4275 1606 4349 Hippolyto,
1631 4275 1722 4344 qui
1744 4273 1967 4330 verbum

359 4378 498 4438 dicit
521 4377 656 4432 idem
680 4389 800 4428 cum
829 4371 1003 4427 Patre.
1025 4369 1085 4426 S.
1118 4384 1251 4425 vero
1278 4367 1427 4423 Zeno
1453 4367 1606 4432 dicit,
1636 4366 1780 4437 quod
1816 4363 1969 4420 Pater
2023 4359 2027 4364 ’

2028 410 2058 439 -·
2090 411 2255 461 uerus,
2287 397 2350 452 de
2378 401 2600 468 perfecto
2631 396 2904 466 perfectus.
2929 392 3084 448 Cum
3111 408 3239 463 ergo
3269 406 3446 460 neque
3483 388 3678 457 Μαι-ιγπ-

2092 487 2434 560 Hippolytus,
2479 502 2581 544 nec
2627 487 3019 542 Alexandrinus
3046 483 3323 548 Clemens,
3365 494 3463 536 nec
3502 479 3679 532 Thau-

2090 577 2370 657 matur'gns
2397 580 2690 651 Gregorius
2719 587 2796 634 tot
2822 576 3157 634 annos'Ario
3195 573 3533 644 antiquiores
3560 587 3679 627 eon-

2090 681 2170 728 tra
2198 673 2429 730 Arianos
2456 671 2702 744 egerint;
2734 686 2910 742 neque
2953 669 3010 726 S.
3053 668 3196 742 Zeno
3235 673 3429 722 contra
3457 664 3673 721 eosdem

2092 765 2268 837 egisse
2284 763 2546 820 dicendos
2566 775 2669 820 est.
3012 763 3018 764 ⁷
3502 802 3505 804 ,

2157 857 2214 912 Si
2239 871 2367 911 vero
2393 857 2628 910 dandum
2658 846 2742 910 est
2769 853 2992 931 aliquid,
3031 853 3090 921 S,
3122 851 3400 910 Zenonem
3427 852 3676 909 videlicet

2087 947 2405 1005 inlaudato
2457 963 2708 1004 sermone
2754 961 2999 1002 errorem
3052 944 3286 1016 aliquem
3344 945 3670 1011 confutasse,

2085 1052 2234 1099 certe
2255 1041 2480 1105 nonnisi
2521 1041 2590 1104 iis
2630 1041 2682 1096 in
2729 1042 2911 1098 verbis
2942 1056 2955 1098 :
2992 1027 3236 1098 Procedit
3265 1041 3317 1094 in
3345 1041 3670 1104 nativitatem,

2083 1135 2171 1205 qui
2211 1144 2319 1190 erat
2357 1144 2627 1205 antequam
2670 1141 2959 1206 nasceretur
2987 1130 3041 1195 in
3061 1130 3229 1193 'Patre
3250 1135 3544 1206 aequalisirt
3575 1151 3674 1188 om-

2085 1226 2253 1282 nibus.
2286 1228 2490 1295 Quibus
2547 1242 2654 1282 non
2680 1229 2819 1284 alius
2843 1228 3083 1298 carpitur
3104 1223 3290 1303 error,
3311 1228 3415 1283 nisi
3438 1227 3671 1296 Ebionis,

2083 1320 2342 1388 Artemte,
2371 1336 2435 1376 ac
2467 1319 2619 1376 Pauli
2646 1319 2986 1392 Samosateni
3034 1330 3182 1377 tanto
3212 1331 3340 1378 ante
3367 1321 3556 1378 Arium
3597 1336 3674 1375 as-

2083 1420 2367 1482 serentes,
2430 1413 2703 1472 Christum
2772 1415 3058 1484 Dominum
3114 1426 3241 1475 ante
3296 1417 3521 1474 Mariam
3576 1431 3670 1472 non

2084 1507 2270 1564 fuisse.
2303 1507 2419 1562 Non
2448 1509 2591 1562 enim
2634 1507 2912 1578 probanda
2959 1509 3175 1565 videtur
3217 1510 3376 1565 tertia
3426 1510 3673 1565 nativitas

2085 1599 2269 1666 Verbi,
2302 1601 2428 1655 licet
2450 1608 2545 1668 per
2580 1599 3017 1667 similitudinem,
3047 1616 3206 1672 quam
3229 1598 3531 1658 (lectissimi
3559 1601 3672 1656 Bal-

1955 1713 1979 1753 λ
2010 1694 2057 1753 Β
2088 1691 2263 1747 lerinii
2312 1694 2819 1749 comminiscuntur.
2871 1690 3004 1747 Cum
3032 1692 3097 1748 D.
3128 1693 3280 1750 Zeno
3304 1694 3442 1749 duas
3477 1703 3670 1750 tantum

2083 1785 2286 1840 Christi
2316 1786 2624 1840 nativitates
2654 1786 2997 1854 apertissime
3017 1793 3277 1857 agnoscat
3305 1804 3318 1839 :
3359 1785 3430 1842 de
3454 1786 3559 1843 hoc
3592 1799 3667 1842 ta-

2085 1893 2206 1932 men
2238 1875 2476 1932 inferius.
2509 1876 2770 1935 Eumdem
2794 1891 3037 1932 errorem
3061 1879 3260 1947 arguit,
3290 1862 3633 1949 etOrigenes
3659 1897 3672 1933 :

2083 1967 2212 2023 Cum
2233 1965 2297 2022 sit
2318 1968 2409 2022 ille
2428 1968 2718 2023 similitudo
2752 1968 2947 2034 Patris,
3001 1970 3113 2039 ﬁeri
3140 1986 3242 2024 non
3269 1953 3418 2041 posse
3441 1978 3497 2025 ut
3527 1970 3674 2040 fuerit

2080 2063 2285 2134 quando
2325 2079 2427 2139 non
2457 2048 2640 2140 fuerit.
2672 2062 2871 2136 Cogitet
2913 2080 3084 2119 secum
3117 2052 3429 2136 quicumque
3479 2065 3674 2120 audebit

2082 2155 2288 2209 dicere:
2316 2146 2692 2227 Eratquando
2729 2141 2829 2211 non
2874 2140 3001 2210 erat.
3035 2155 3193 2211 Nulla
3229 2140 3415 2228 itaque
3450 2148 3670 2222 ratio'ex

2080 2250 2261 2307 verbis
2288 2249 2448 2318 hujus
2486 2249 2772 2306 Tractatus
2793 2250 2861 2306 D.
2893 2250 3130 2306 Zenonis
3171 2251 3289 2306 erui
3329 2258 3539 2321 potest,
3577 2264 3671 2322 qua

2081 2344 2257 2413 ipsum
2297 2343 2412 2399 Arii
2456 2342 2543 2400 vel
2591 2343 2915 2399 Arianorum
2936 2358 3152 2402 errores
3181 2358 3670 2416 Oppugnasse'pro-

2080 2435 2257 2492 betur.
2393 2492 2395 2495 ,
3275 2495 3280 2501 ,

2152 2527 2234 2584 Ad
2263 2524 2555 2584 secundum
2590 2535 2873 2597 tractatum
2911 2527 3056 2600 quod
3096 2537 3324 2600 spectat,
3368 2544 3435 2585 ex
3471 2544 3536 2585 eo
3589 2527 3673 2584 illa

2081 2621 2244 2678 verba
2271 2623 2543 2678 adducunt
2569 2623 2784 2678 Domini
2813 2623 3086 2692 Ballerinii
3120 2640 3134 2678 :
3165 2621 3355 2680 Totum
3385 2640 3442 2680 se
3468 2623 3671 2696 (Pater)

2078 2713 2488 2781 reciprocavit'in
2517 2710 2565 2765 F
2567 2715 2740 2768 ilium:
2768 2714 2970 2785 quibus,
3001 2713 3087 2787 (ut
3111 2713 3213 2785 ipsi
3246 2709 3672 2784 inferunt)bDisi-

2079 2822 2200 2860 nunt
2239 2799 2453 2862 Verbum
2485 2824 2586 2862 non
2609 2824 2672 2862 ex
2697 2807 2880 2875 nihilo,
2913 2823 3002 2861 seu
3030 2823 3094 2861 ea:
3115 2823 3216 2861 non
3248 2805 3568 2872 extantibus,
3590 2805 3672 2860 scd

2077 2915 2142 2954 ea;
2171 2901 2284 2972 ipsa
2314 2887 2486 2955 Patris
2507 2901 2790 2956 substantia
2816 2902 3039 2972 genitum
3084 2908 3256 2971 aperte
3282 2899 3530 2970 prodidit.
3564 2897 3672 2954 Uti-

2078 3007 2183 3062 que
2208 2992 2483 3048 fatendum
2497 3003 2612 3059 est,
2630 3007 2735 3049 non
2750 2994 2913 3048 modo
2931 3009 2995 3048 ex
3022 2991 3180 3062 hujus
3207 2993 3478 3047 sermonis
3499 2990 3673 3046 verbis

2001 3081 2046 3144 C
2080 3073 2278 3142 Filium
2302 3073 2822 3143 consubstantialem
2848 3100 2970 3141 esse
2994 3084 3161 3152 Patri,
3212 3082 3308 3139 sed
3338 3098 3405 3139 ex
3435 3082 3671 3155 pluribus

2076 3179 2198 3235 aliis
2228 3181 2286 3233 D.
2317 3179 2558 3234 Zenonis
2578 3179 2862 3236 sententiis
2893 3177 3237 3249 apertissime
3285 3177 3417 3233 illud
3465 3175 3667 3232 inferri.

2074 3271 2145 3327 At
2173 3262 2301 3343 quid
2330 3272 2454 3328 inde
2500 3271 2566 3326 ad
2605 3271 2876 3327 Arianos?
2905 3272 3034 3325 Cum
3069 3271 3292 3343 plurimi
3333 3269 3431 3326 SS.
3463 3269 3668 3334 Patres,

2073 3365 2204 3419 Ario
2231 3366 2555 3428 anteriores,
2590 3374 2642 3419 et
2669 3365 2862 3434 primo,
2898 3373 2953 3421 et
2981 3364 3224 3420 secundo
3245 3407 3259 3431 ,
3289 3373 3346 3422 et
3372 3366 3534 3421 tertio
3568 3363 3669 3418 Ec-

2073 3458 2257 3514 clesiae
2284 3458 2484 3514 saeculo
2521 3457 2828 3514 scribentes
2859 3457 2910 3512 id
2941 3468 3124 3528 aperte
3159 3453 3464 3513 docuerint.
3494 3455 3670 3510 'Ihco-

2072 3562 2298 3622 gnostus
2337 3550 2555 3622 quidem
2598 3554 2729 3606 ante
2759 3550 2946 3606 Arium
2973 3550 3214 3620 apertius
3240 3544 3401 3621 quam
3430 3549 3494 3604 D.
3527 3548 3670 3603 Zeno

2073 3644 2370 3700 Athanasio
2394 3654 2531 3701 teste
2559 3645 2698 3700 idem
2727 3645 2980 3700 asseruit.
3002 3642 3127 3698 Non
3155 3660 3219 3699 ea;
3238 3660 3342 3698 non
3360 3643 3668 3708 extantibus,

2072 3741 2164 3794 sed
2214 3757 2277 3795 ea:
2321 3739 2496 3796 Patris
2545 3742 2827 3796 substantia
2873 3739 3178 3811 productum
3226 3755 3336 3794 esse
3381 3736 3601 3794 Filium.

2146 3832 2259 3888 Hoc
2288 3831 2341 3887 in
2371 3833 2612 3900 secundo
2638 3846 2891 3887 sermone
2917 3830 3306 3886 adnotantibus
3333 3829 3524 3886 iisdem
3572 3829 3671 3884 Do-

2073 3926 2234 3981 minis
2264 3924 2570 3982 Balleriniis
2593 3925 2652 3981 S.
2677 3924 3037 3980 Zenocontra
3060 3923 3454 3993 Hermogenem
3503 3920 3668 3977 alios-

2071 4033 2178 4089 que
2214 4016 2499 4078 haereticos
2525 4017 2672 4087 agit;
2719 4017 2804 4085 qui
2847 4016 3110 4070 materiam
3155 4013 3262 4070 Deo
3288 4025 3596 4069 cowternam
3624 4023 3669 4068 et

2050 4111 2351 4164 -increatam
2392 4124 2639 4179 posuere;
2671 4123 2766 4164 seu
2795 4109 2972 4179 potius
2999 4108 3017 4180 (
3044 4117 3102 4163 ut
3129 4109 3291 4164 iidem
3317 4105 3667 4176 arbitrantur)

2074 4201 2136 4257 S.
2160 4200 2417 4256 Zenonem
2443 4201 2707 4273 appellare
2734 4203 2831 4256 hoc
2858 4202 2969 4256 loco
2995 4199 3208 4267 Poetas,
3233 4211 3282 4255 et
3322 4200 3667 4270 PhilosOphos

2073 4292 2331 4355 Gentium,
2394 4293 2479 4362 qui
2547 4292 2776 4347 eumdem
2829 4308 3051 4348 errorem
3095 4293 3302 4361 jamdiu
3364 4293 3663 4347 docuerunt.

2069 4383 2197 4440 Mihi
2242 4396 2418 4439 tamen
2464 4384 2682 4454 Sabellii
2733 4385 2954 4441 haeresis
2984 4385 3043 4441 S.
3073 4384 3311 4442 Zenonis
3359 4400 3540 4441 coaeva
3584 4385 3666 4440 hic

367 4473 810 4547 inipsumalium
849 4456 1101 4537 se'genuit
1137 4480 1199 4519 ea:
1250 4477 1322 4529 se,
1365 4476 1431 4515 ea;
1455 4459 1747 4520 innascibili
1775 4459 1967 4513 scilicet

2109 4476 2340 4548 uggillari
2371 4475 2604 4532 videtur.
2666 4475 2936 4532 Sabellius
2973 4477 3174 4532 etenim
3219 4477 3574 4548 Hermogenis
3603 4476 3666 4531 dc

366 4589 464 4628 sua
485 4566 581 4626 illa
600 4564 925 4624 substantia?
949 4561 1016 4617 Et
1044 4561 1108 4616 D.
1145 4558 1410 4629 Clementi
1437 4553 1806 4617 Alexandrino
1826 4595 1857 4639 ’,ἒ
1874 4553 1966 4625 qui

366 4666 445 4722 ait
472 4683 486 4720 :
525 4662 896 4720 Universorum
928 4653 1253 4726 Principium
1278 4661 1324 4706 et
1349 4650 1447 4721 fuit
1479 4659 1527 4704 et
1554 4657 1628 4703 est
1655 4647 1962 4731 (verbum).

368 4758 434 4814 D.
466 4757 618 4813 Zeno
647 4754 802 4810 initio
828 4749 1100 4808 sermonis
1133 4765 1147 4800 :
1179 4744 1530 4814 Principium,
1561 4740 1773 4797 Fratres
1811 4741 1965 4796 dilec-

365 4852 571 4918 tissimi,
603 4846 862 4904 Dominus
889 4851 1065 4918 noster
1092 4841 1412 4894 incontanter’
1431 4844 1506 4892 est
1545 4833 1799 4890 Christus.
1828 4833 1963 4889 ltem

363 4946 424 5004 S.
445 4912 699 5001 Clemens
723 4939 791 4998 de
820 4912 981 5002 Eil‘m'.
1011 4932 1144 4988 Erat
1170 4934 1303 4986 enim
1339 4931 1394 4983 in
1439 4927 1570 4994 Deo,
1614 4929 1700 4998 qui
1727 4935 1798 4982 est
1827 4926 1879 4980 in
1905 4942 1964 4981 eo

365 5043 454 5122 qui
482 5052 557 5097 est
579 5050 649 5106 et,
685 5034 930 5093 νοέω,
949 5033 1004 5086 in
1037 5027 1172 5086 Deo.
1200 5027 1259 5083 S.
1292 5024 1441 5081 Zeno
1469 5027 1674 5094 pariter
1701 5039 1713 5075 :
1751 5019 1963 5122 De_Deo
1991 5025 2000 5031 ”

362 5114 590 5193 nascitur
614 5130 778 5195 Deus,
807 5134 906 5192 om
921 5131 1032 5182 erat
1059 5133 1334 5193 antequam
1376 5127 1670 5199 nasceretur
1706 5118 1760 5171 in
1800 5114 1965 5186 ,Patre

301 5237 305 5240 “
361 5230 576 5303 aqualis
596 5229 648 5282 in
678 5221 930 5282 omnibus.
955 5219 1394 5286 Thaumaturgus
1412 5214 1626 5270 tandem
1641 5212 1958 5284 Gregorius,

362 5324 455 5397 qui
481 5322 714 5379 Gallieni
745 5327 990 5390 tempore
1016 5312 1173 5375 obiit,
1200 5310 1268 5366 de
1295 5310 1458 5388 Patre
1513 5318 1568 5364 et
1607 5307 1748 5380 Filio
1772 5308 1851 5362 sic
1879 5307 1958 5361 lo-

360 5418 542 5489 quitur
571 5433 584 5469 :
629 5411 900 5484 Perfectus
938 5404 1165 5477 Perfecti
1195 5402 1431 5469 Genitor,
1465 5400 1627 5466 Pater,
1651 5398 1781 5455 Filii
1823 5397 1955 5455 Uni-

361 5513 537 5585 geniti,
570 5507 716 5567 Unus
757 5503 1039 5569 Dominus,
1079 5499 1220 5555 solus
1241 5513 1305 5553 ea:
1343 5497 1474 5562 solo,
1529 5495 1671 5583 Deus
1712 5494 1774 5548 de
1819 5492 1948 5546 Deo.

357 5606 456 5661 Cui
483 5619 596 5661 non
616 5589 824 5659 tantum
851 5597 1042 5655 eodem
1071 5607 1252 5660 sensu,
1287 5591 1383 5647 sed
1419 5590 1612 5646 iisdem
1642 5589 1812 5645 ferme
1835 5603 1954 5643 ver-

367 5699 451 5760 bis
470 5696 708 5754 concinit
731 5694 790 5750 S.
821 5691 966 5747 Zeno
993 5707 1005 5742 :
1034 5687 1110 5744 De
1135 5685 1242 5743 Deo
1279 5687 1508 5742 nascitur
1529 5683 1688 5753 Deus,
1720 5685 1782 5740 de
1812 5685 1954 5760 inge

2071 4568 2312 4639 ingenita
2344 4554 2568 4624 materia
2598 4583 2840 4626 errorem
2881 4570 3163 4638 amplexus
3189 4581 3293 4626 est.
3326 4570 3665 4640 Coniectura:

2071 4662 2196 4719 huic
2244 4661 2408 4730 favet,
2451 4662 2594 4734 quod
2640 4663 2697 4717 in
2747 4663 2850 4718 hoc
2900 4662 3090 4719 eodem
3139 4678 3393 4720 sermone
3422 4663 3478 4720 S.
3519 4663 3664 4721 Zeno
3703 4687 3706 4689 λ

2069 4757 2470 4813 distinctionem
2507 4757 2807 4814 divinarum
2839 4759 3203 4816 Personarum
3231 4741 3450 4834 egregie
3479 4761 3664 4829 expri-

2037 4917 2040 4920 q
2071 4848 2186 4904 mit.
2220 4848 2323 4903 Hic
2351 4859 2422 4904 est
2458 4849 2601 4905 Deus
2630 4863 2798 4912 noster
2837 4853 2922 4923 qui
2945 4869 2998 4907 se
3027 4853 3235 4924 digessit
3260 4855 3316 4908 in
3343 4853 3528 4908 Deum.
3565 4851 3662 4910 Hic

2073 4939 2228 4995 Pater
2243 4942 2354 5013 qui,
2377 4959 2470 4996 suo
2494 4954 2727 4998 manente
2751 4944 2948 5017 integro
2973 4955 3110 4999 statu
3127 4987 3141 5011 ,
3172 4953 3334 5003 totum
3362 4962 3417 5000 se
3439 4947 3663 5017 reciproo

2069 5035 2198 5088 cavit
2218 5036 2271 5088 in
2293 5030 2512 5105 Filium,
2537 5053 2601 5091 ne
2619 5037 2742 5108 quid
2760 5038 2856 5092 sibi
2878 5037 3167 5110 derogaret.
3193 5037 3425 5111 Denique
3449 5042 3584 5095 alter
3611 5039 3661 5092 in

2067 5127 2229 5181 altero
2256 5127 2449 5211 exultqt
2467 5145 2582 5182 cum
2613 5127 2844 5200 Spiritus
2875 5129 3059 5186 Sancti
3081 5119 3398 5199 plenitudine
3426 5150 3530 5187 una
3556 5134 3660 5188 ori-

2063 5219 2228 5290 ginali
2255 5221 2597 5274 cowternitate
2635 5224 2875 5278 retinens.
2906 5222 3109 5281 Eadem
3149 5227 3432 5298 aptissima
3467 5225 3659 5283 simili-

2065 5313 2249 5369 tudine
2280 5314 2533 5383 explicat,
2568 5325 2625 5371 ut
2655 5318 2705 5371 in
2734 5317 2925 5373 eodem
2971 5333 3224 5376 sermone
3263 5321 3449 5378 videre
3478 5331 3656 5392 potes.

2063 5400 2252 5463 Omnia
2276 5416 2453 5464 autem
2485 5409 2600 5477 tunc
2626 5411 2826 5478 Optime
2870 5411 3072 5468 faciunt
3101 5419 3290 5469 contra
3331 5412 3655 5470 Sabellium.

2063 5501 2118 5559 S.
2146 5518 2274 5558 vero
2299 5501 2569 5562 Zenonem
2625 5506 2690 5561 iis
2741 5507 2792 5561 in
2834 5507 3460 5566 disserendis'imitatutn
3487 5507 3658 5564 fuisse

2061 5593 2397 5656 Lactantium
2429 5595 2608 5654 dicere
2634 5597 2916 5655 arbitrium
2958 5612 3061 5657 est.
3117 5601 3460 5659 Probandum
3507 5603 3656 5672 prius

2062 5685 2338 5746 Zenonem
2384 5689 2664 5747 Lactantio
2707 5693 3080 5758 posteriorem.
3128 5693 3187 5750 Si
3232 5710 3365 5754 vero
3397 5695 3455 5754 S.
3507 5693 3656 5752 Zeno
