3822 6220
90 281 190 335 σεε»

1472 275 1939 332 DISSl‘jllTATlt).

3283 274 3387 326 (50

35 453 44 460 _
91 403 212 448 ante
254 391 598 446 Lactantinm
630 391 934 459 scripserit,
966 402 1021 444 ut
1043 393 1154 447 Deo
1193 390 1479 459 adjuvante
1510 394 1691 444 esten—
1717 391 1765 448 A
1795 391 1990 443 neratio
2035 388 2226 442 Christi
2259 402 2320 440 ea;
2366 387 2523 442 Patre
2554 404 2614 441 ea:
2656 389 2940 442 a-ternitate
2974 403 3076 440 non
3120 397 3280 456 potest
3310 391 3393 440 in-

91 485 278 538 demus
303 523 320 548 ,

95 575 217 629 erit.

165 664 242 718 Ea
274 677 496 732 quoque
513 661 1003 718 eruditissimorum
1032 665 1425 720 Ailnotatorum
1447 676 1571 719 nata
1599 663 1692 718 ad-

96 755 357 811 mittenda
387 771 496 809 non
524 765 628 810 est.
660 755 739 810 Ad
770 756 856 810 illa
887 757 1085 810 etenim
1133 757 1189 814 8.
1217 757 1454 812 Zenonis
1482 755 1643 810 verba
1677 775 1691 811 :

100 847 198 901 Hic
226 843 412 910 Pater,
443 845 532 911 qui
556 861 652 898 suo
681 855 915 898 manente
940 847 1134 919 integro
1181 856 1316 900 statu
1356 857 1515 901 totum
1543 863 1596 899 se
1617 862 1696 899 re-

98 941 377 1009 ciprocavit
399 939 454 992 in
476 936 698 1003 Filium,
714 956 777 993 ne
795 940 919 1010 quid
935 940 1128 995 sibimet
1151 942 1434 1013 derogaret,
1451 950 1698 996 sanctum

98 1034 372 1088 Zenonem
397 1030 631 1085 Arianos
651 1045 874 1099 carpere
899 1031 1107 1086 volunt.
1140 1032 1224 1087 Ne
1249 1034 1364 1100 quis
1391 1037 1609 1102 fortasse
1637 1047 1701 1085 ea:

99 1123 423 1194 generatione
452 1119 581 1174 Filii
628 1123 950 1176 immutatam
1003 1123 1174 1178 Patris
1223 1124 1560 1188 substantiam
1606 1140 1702 1192 pu-

101 1227 244 1272 taret.
297 1215 483 1268 Ariani
527 1215 662 1266 enim
705 1211 980 1268 Catholicis
1009 1215 1236 1269 eamdem
1290 1215 1468 1269 Patris
1501 1225 1545 1268 et
1576 1211 1702 1266 Filii

103 1310 438 1363 substantiam
500 1308 853 1374 confitentibus
903 1307 1300 1376 exprobrabant,
1362 1307 1457 1361 hac
1506 1309 1704 1360 ratione

103 1396 296 1453 Filium
323 1399 633 1468 particulam
657 1413 767 1451 esse
810 1397 995 1451 divina:
1024 1399 1341 1461 substantiae,
1364 1416 1477 1467 qutt'
1505 1415 1594 1466 per
1620 1414 1707 1468 ge-

105 1493 422 1546 nerationem
466 1509 499 1544 a
545 1489 705 1545 Patre
733 1496 969 1562 separata
1002 1495 1174 1562 fuerit.
1212 1492 1281 1547 At
1305 1492 1551 1546 eamdem
1583 1506 1709 1546 scn-

109 1586 330 1641 tentiam
399 1586 810 1655 antiquissimus
874 1584 1119 1640 Justinus
1189 1586 1389 1658 Martyr
1467 1586 1709 1656 apertius

109 1677 378 1746 expressit
425 1677 479 1731 in
521 1676 736 1746 dialogo
762 1692 884 1730 cum
915 1677 1188 1746 Triphune

401 481 715 536 Lactantius
795 481 1026 536 Zenonis
1103 483 1339 537 imitator
1427 482 1688 536 dicendus

1229 1695 1243 1730 :
1286 1678 1531 1732 Virtutem
1562 1677 1710 1732 illam

108 1786 212 1824 esse
238 1766 361 1832 Dei,
414 1785 477 1822 ac
515 1767 682 1821 Deum
725 1785 758 1821 a
797 1767 1060 1840 Pr0plteta
1089 1773 1395 1838 nuncupari,
1429 1786 1530 1823 non
1556 1771 1628 1822 it'a
1659 1779 1712 1822 ut
1746 1774 1795 1834 Β

111 1861 228 1916 solis
249 1861 352 1914 .lua:
377 1860 492 1914 solo
522 1859 765 1914 vocabulo
795 1871 1108 1924 numeretur,
1139 1861 1229 1915 sed
1260 1879 1471 1916 numero
1498 1862 1716 1916 alterum

111 1954 352 2024 quiddam
381 1970 400 2007 :
432 1971 536 2007 non
565 1963 732 2008 tamen
751 1955 1002 2009 recisione
1022 1963 1262 2024 tanquam
1286 1953 1462 2007 Patris
1483 1953 1718 2006 substan-

114 2051 182 2126 tia
218 2059 442 2114 secetur,
496 2049 572 2101 uti
615 2058 800 2102 cetera
850 2048 1032 2111 divisa,
1081 2057 1234 2117 atque
1280 2057 1417 2102 secta
1457 2064 1560 2101 non
1603 2055 1718 2099 sunt

115 2145 285 2197 eadem
351 2153 508 2213 atque
580 2152 722 2196 eram
770 2153 888 2196 ante
939 2143 1250 2208 sectionem;
1305 2142 1720 2212 exemplumque

114 2235 267 2291 aﬂ‘crt
291 2251 305 2289 :
340 2233 496 2307 Ignis
525 2251 557 2287 α
582 2233 682 2304 quo
707 2234 859 2288 multi
885 2234 1232 2289 accenduntur
1260 2234 1426 2304 ignes,
1467 2234 1576 2287 sine
1611 2232 1721 2286 ulla

115 2333 222 2402 ejus
258 2329 643 2394 immutatione,
692 2345 726 2381 a
771 2321 873 2399 quo
923 2329 1093 2396 plures
1128 2330 1342 2382 .accensi
1394 2336 1531 2381 sunt.
1581 2326 1720 2395 Quid

117 2434 301 2477 contra
320 2422 560 2478 Arianos
572 2422 924 2490 expressius?
950 2421 1314 2477 Tertullianus
1340 2424 1502 2477 etiam
1531 2432 1720 2476 contra

119 2515 377 2570 Praxeam
409 2515 481 2588 de
506 2515 678 2570 tribus
709 2515 962 2570 Personis
988 2531 1156 2586 agens
1178 2517 1290 2570 ait:
1333 2516 1602 2583 Quomodo
1629 2534 1723 2570 au-

121 2618 215 2662 tem
241 2624 524 2662 numerant
552 2603 662 2662 sine
687 2605 934 2662 divisione
971 2609 1237 2677 patiuntur
1265 2611 1592 2679 procedentes
1640 2626 1721 2662 re-

122 2709 364 2768 tractatus
403 2699 850 2756 demonstrabant.
879 2699 1034 2755 Adde
1061 2717 1181 2769 qua:
1211 2700 1240 2773 ᾗ
1269 2701 1356 2762 15.
1383 2718 1445 2756 ex
1483 2702 1724 2757 Athana-

123 2795 199 2848 sio
222 2794 290 2848 dc
313 2794 667 2865 Theognostn
698 2793 1002 2848 retulimus.
1053 2792 1168 2848 Nec
1215 2794 1503 2849 substantia
1550 2793 1726 2847 Patris

125 2888 515 2944 diminutionem
553 2889 800 2943 substinet
852 2890 1126 2960 imaginem
1179 2890 1262 2943 sui
1309 2887 1507 2943 Filium
1552 2891 1726 2961 progi-

126 2998 298 3050 gnens.
331 2981 456 3036 Erit
477 2982 657 3052 itaque
681 2981 929 3036 Justinus
953 3021 968 3044 .
999 2981 1368 3036 Tcrtnllianus
1393 3024 1408 3048 ,
1432 2982 1724 3050 Theoguo-

128 3081 236 3127 stus
265 3075 396 3129 Ario
427 3074 740 3145 posterior?
784 3072 1062 3142 Apagesis.
1110 3073 1296 3144 Neque
1347 3073 1493 3128 Zeno
1540 3075 1723 3145 igitur.

1789 484 2073 552 telligentia
2101 482 2483 549 comprehendi.
2510 481 2673 536 Vides
2713 480 3081 536 cciitcnlinnis
3111 480 3388 534 cardinem

1794 589 1915 629 esse
1960 573 2328 629 mteruilalcm
2369 573 2488 629 Filii
2523 576 2572 627 in
2607 591 2793 631 errore
2847 574 3108 637 ElthttlS,
3155 577 3394 627 Artemm

1795 675 1850 720 et
1894 666 2043 720 Pauli
2072 667 2437 728 Samosatcni,
2471 669 2560 736 qui
2590 667 2730 721 idem
2762 667 3088 721 sentiebant.
3122 665 3231 721 Sex
3261 679 3396 733 quo—

1796 772 1902 826 que
1926 756 2168 826 episcopi
2202 757 2255 810 in
2297 756 2526 826 epistola
2554 759 2618 812 ad
2653 758 2905 813 eumdem
2954 757 3394 822 SamosMenum,

1798 849 2191 903 comternitzitis
2224 863 2354 903 voce
2401 848 2528 903 licet
2568 866 2673 903 non
2727 859 2968 915 utantur,
3017 851 3170 904 adest
3219 862 3400 903 tamen

1801 956 1995 996 sensus
2028 941 2170 996 idem
2201 942 2253 995 in
2288 941 2468 995 verbis
2499 959 2511 992 :
2547 940 2702 994 Hunc
2735 941 2930 996 Filium
2952 944 3038 1006 qui
3063 959 3262 1012 semper
3285 957 3402 994 cum

1809 1032 1964 1087 Patre
1993 1043 2088 1097 est,
2142 1034 2398 1087 credimus
2445 1033 2733 1102 implevisse
2769 1036 3079 1088 voluntatem
3131 1034 3305 1086 Patris
3352 1033 3405 1083 in

1805 1113 2063 1177 creatione
2096 1123 2333 1178 Universi
2377 1122 2538 1194 (extat
2566 1123 2706 1193 apud
2739 1122 2905 1177 Labbe
2930 1142 3043 1176 cum
3079 1141 3236 1192 prae.
3275 1123 3340 1176 T.
3390 1139 3405 1177 ι

1807 1215 1964 1270 Conc.
2019 1234 2071 1284 p.
2111 1214 2261 1286 843).
2316 1215 2371 1269 Si
2405 1215 2617 1269 recolas
2644 1230 2728 1282 ea,
2763 1232 2880 1284 qum
2935 1216 2962 1286 §
3010 1217 3074 1269 1'5
3115 1217 3404 1280 ItalicntUr,

1809 1308 2078 1378 intelliges
2111 1306 2356 1377 profecto
2403 1308 2649 1361 notitiam
2691 1309 3079 1361 coaeternitatis
3123 1307 3242 1360 Filii
3281 1322 3407 1360 cum

1808 1400 1970 1455 Patre
1997 1399 2136 1454 adeo
2164 1408 2427 1454 vetustam
2463 1413 2608 1463 esse,
2637 1409 2694 1452 ut
2724 1397 2792 1452 ab
2822 1397 2940 1466 ipso
2969 1398 3118 1452 initio
3151 1397 3410 1452 Ecclesiae

1809 1490 1955 1545 inter
2011 1490 2351 1546 Chrisdaubs
2415 1491 2702 1546 manifesta
2757 1489 2917 1544 fuerit
2963 1508 2975 1542 :
3028 1490 3129 1557 Qui
3177 1506 3412 1558 namque

1815 1599 1977 1637 unum
2015 1583 2181 1638 Deum
2223 1586 2274 1638 in
2315 1594 2428 1637 tres
2473 1584 2762 1638 distinctas
2807 1583 3077 1637 Personas
3109 1585 3413 1652 proﬁtetur,

1814 1684 1868 1729 et
1891 1687 2229 1731 coarternum
2258 1673 2458 1731 Filium
2491 1691 2613 1732 cum
2650 1676 2810 1730 Patre
2831 1675 3157 1729 conﬁteatur
3179 1683 3416 1744 oportet.

1825 1811 1852 1884 §
1905 1812 2022 1868 XV.
2076 1811 2350 1867 Tractatus
2399 1813 2649 1881 septimus
2696 1811 2785 1866 lib.
2839 1813 3073 1878 secundi,
3122 1814 3177 1866 in
3216 1829 3318 1882 quo
3357 1811 3420 1868 S.

1891 1904 2034 1959 Zeno
2065 1906 2325 1976 prmcipue
2353 1906 2408 1958 in
2454 1906 2722 1978 haereticos
2766 1906 2896 1976 agit,
2943 1905 3425 1982 spccialiqconsideo

1891 1998 2093 2051 ratione
2131 1999 2492 2068 perpenditur.

1893 2131 2156 2202 Superius
2175 2131 2314 2187 alios
2339 2132 2403 2188 D.
2423 2132 2660 2188 Zenonis
2677 2112 2965 2187 Traclalus
3015 2147 3111 2187 seu
3135 2132 3431 2189 Sermones

1821 2223 2316 2288 consideravimus,
2346 2224 2400 2277 in
2432 2223 2512 2278 eis
2553 2238 2685 2278 vero
2711 2234 2901 2277 contra
2937 2224 3219 2278 haereticos
3246 2234 3433 2293 aperte

1823 2329 1931 2368 non
1964 2313 2218 2380 disserit;
2268 2323 2323 2368 at
2353 2315 2408 2369 in
2442 2314 2548 2368 hoc
2585 2323 2773 2369 contra
2808 2315 3097 2388 liwreticos
3144 2315 3433 2370 manifesto

1823 2407 2104 2476 disputare
2133 2422 2193 2463 se
2223 2407 2375 2462 dicit.
2413 2407 2614 2474 Quibus
2645 2407 2880 2472 omnibus
2907 2407 3145 2476 exempla
3171 2409 3247 2462 vel
3275 2409 3430 2472 ratio,

1819 2515 1972 2569 quam
2016 2501 2342 2570 prosecuturi
2367 2516 2569 2564 sumus,
2609 2501 3071 2571 argumentationis
3109 2501 3266 2554 totius
3326 2517 3430 2554 uno

1822 2590 1929 2644 ictu
1971 2607 2148 2645 omnes
2178 2607 2358 2646 nervos
2388 2591 2663 2646 abscindit.
2698 2592 2859 2646 Initio
2891 2593 3074 2662 itaque
3099 2603 3289 2648 contra
3320 2601 3433 2647 tres

1827 2685 2102 2753 praecipue
2147 2694 2328 2740 sectas
2352 2685 2560 2740 Christi
2601 2684 2880 2739 Divinitati
2923 2684 3166 2740 infensas
3209 2697 3440 2741 tractare

1827 2779 2114 2848 proponit,
2145 2777 2216 2832 ita
2248 2778 2394 2833 enim
2424 2779 2708 2832 exorditur
2740 2794 2759 2832 :
2787 2777 2932 2834 Licet
2975 2779 3143 2835 Secta,-
3185 2779 3286 2833 sint
3317 2779 3437 2849 plu-

1827 2887 1932 2937 res,
1986 2886 2102 2939 qua:
2147 2873 2398 2942 injuriam
2440 2871 2634 2927 Christi
2691 2871 2920 2943 fabulari
2973 2873 3226 2940 nitantur,
3269 2890 3438 2934 tamen.

1828 2980 1930 3024 tres
1959 2979 2077 3025 sunt
2101 2972 2330 3040 quodam
2361 2972 2513 3025 modo
2535 2973 2874 3043 principales,
2919 2990 2946 3027 c
2973 2975 3157 3042 quibus
3183 2976 3302 3031 dua:
3329 2980 3442 3043 eius

1832 3083 1986 3135 quam
2030 3067 2245 3138 cupiunt
2287 3068 2623 3132 depravatam
2653 3067 2898 3120 simulant
2939 3083 2992 3122 se
3031 3084 3140 3124 esse
3183 3072 3444 3127 cultrices.

130 3163 204 3219 Ex
244 3166 310 3220 iis
343 3181 479 3221 vero
510 3166 790 3221 evidenter
819 3167 1151 3234 agnoscitur,
1180 3165 1499 3219 divisionem
1537 3166 1733 3219 divinae
1761 3155 1806 3217 C
1844 3157 1962 3212 Una
1993 3158 2216 3226 denique
2243 3159 2449 3222 asserit,
2482 3155 2538 3210 J.
2585 3157 2645 3211 ϐ.
2686 3157 2748 3210 ab
2789 3168 2936 3212 utero
2985 3157 3215 3233 Virginis
3265 3161 3450 3217 Maria:

130 3255 445 3312 substantiae
481 3272 556 3310 ex
599 3241 943 3310 distinctione
972 3256 1332 3309 Personarum
1365 3253 1735 3310 Sanctissimze

132 3345 409 3402 Trinitatis
463 3348 690 3412 illatam,
759 3363 866 3402 non
925 3362 1048 3402 esse
1097 3356 1471 3416 argumentum
1526 3361 1554 3398 a
1606 3347 1737 3401 solis

134 3440 342 3494 Arianis
367 3437 667 3494 Catholicis
695 3439 1004 3510 objectum;
1049 3440 1143 3494 sed
1191 3438 1420 3505 Judmis,
1460 3439 1735 3507 Patripas-

135 3533 312 3599 sianis,
364 3531 716 3596 Snbellianis,
768 3547 832 3586 ac
877 3531 1371 3598 Samosatensibus,
1405 3547 1500 3586 seu
1528 3530 1740 3585 Paulin-

141 3625 288 3680 nistis
311 3640 627 3680 commune.

203 3719 346 3775 idem
371 3719 664 3774 dicendum
695 3719 782 3774 e'st
804 3717 871 3772 de
901 3718 1295 3774 coacternitatis
1323 3732 1455 3773 voce
1483 3717 1683 3787 saepius
1709 3731 1740 3772 a

140 3811 256 3866 divo
297 3812 528 3867 Zenone
573 3811 843 3867 inculcata
873 3811 1054 3866 Tract.
1090 3827 1160 3876 ιι,
1193 3810 1287 3865 lib.
1325 3826 1394 3874 ll,
1437 3810 1620 3864 Tract.
1655 3826 1739 3877 vr,

143 3904 228 3958 lib.
259 3920 317 3971 tt,
347 3919 501 3958 num.
525 3904 581 3967 4,
602 3913 657 3957 ut
679 3903 976 3974 exploderet
1000 3903 1214 3955 alterunt
1236 3901 1542 3970 formulam:
1571 3920 1590 3952 ‹
1623 3900 1740 3954 Non

143 4005 250 4050 crat
270 4006 564 4066 antequam
597 4005 985 4058 noscereturp
1020 4007 1114 4048 seu
1145 3993 1371 4046 alteram
1398 4007 1464 4047 eo
1493 3991 1745 4047 reciden-

146 4094 282 4141 tem:
341 4106 360 4139 α
394 4086 524 4142 Fuit
547 4085 838 4156 aliquando
865 4100 990 4140 cum
1030 4102 1137 4139 non
1168 4095 1336 4140 esset.
1378 4105 1397 4137 ι
1431 4085 1525 4140 His
1545 4102 1744 4156 nempe

146 4177 386 4233 lor-mulis
419 4194 529 4234 non
560 4178 707 4234 solos
762 4170 994 4232 Ariafios
1043 4176 1182 4232 Filio
1235 4177 1597 4232 aeternitatem
1651 4194 1744 4232 nc-

148 4285 295 4339 gasse
324 4279 565 4336 constat,
621 4268 718 4324 sed
748 4285 863 4339 pra:
891 4268 1033 4330 aliis,
1080 4279 1136 4322 et
1167 4267 1452 4334 Ebionem,
1495 4280 1549 4323 et
1588 4268 1748 4324 Arte-

151 4377 307 4426 matn,
332 4370 389 4417 et
415 4359 646 4415 Paulum
677 4359 1124 4431 Samosatenum;
1156 4375 1322 4430 quare
1365 4359 1422 4416 S.
1457 4361 1747 4432 Dionysius

152 4453 573 4515 Alexandrinus,
605 4459 662 4506 et
689 4453 805 4522 ipse
845 4452 1092 4507 eamdem
1129 4451 1517 4508 comternitalis
1560 4468 1744 4508 vocem

1840 3251 2126 3317 sumpsisse
2156 3246 2494 3322 principium,
2539 3249 2806 3322 Deumque
2859 3254 3046 3306 exinde
3087 3255 3149 3308 ob
3187 3258 3450 3328 justitiam

1842 3346 2038 3412 factum
2077 3359 2188 3396 esse
2235 3359 2337 3396 non
2369 3354 2572 3396 natum.
2619 3343 2741 3396 Alia
2779 3344 3087 3407 modestius,
3122 3348 3214 3400 sed
3239 3350 3450 3403 morda-

1840 3434 1951 3488 cius
2008 3449 2216 3497 nocens,
2260 3433 2387 3487 dicit
2439 3435 2642 3504 quidem
2700 3433 2798 3488 Dei
2850 3434 3050 3490 Filium
3103 3438 3290 3504 Deum,
3360 3443 3450 3496 scd

1843 3545 1945 3583 non
1975 3546 2038 3584 ea:
2065 3528 2226 3582 Patre
2253 3528 2542 3583 nobilitatis
2571 3531 2910 3599 perpetuitate
2939 3535 3287 3602 progenitum,
3321 3538 3454 3606 fuis-

1843 3639 1994 3687 seque
2038 3632 2239 3690 tempus
2264 3622 2472 3692 quando
2500 3639 2602 3675 uon
2647 3623 2765 3692 fuit.
2805 3621 2984 3677 Tertia
3025 3625 3217 3681 Judtea
3242 3638 3316 3683 est
3342 3645 3455 3684 vere

1845 3733 2001 3780 cteca,
2026 3732 2142 3787 qua:
2171 3733 2290 3770 cum
2329 3716 2383 3769 in
2411 3716 2523 3786 lege
2550 3719 2630 3781 (ut
2660 3716 2831 3771 dicere
2858 3718 3010 3790 solet)
3043 3737 3140 3774 sua
3172 3723 3308 3793 legat
3336 3725 3422 3777 ubi
3433 3755 3452 3764 -

1844 3825 1940 3877 que
1987 3808 2119 3862 duas
2167 3807 2343 3862 Patris
2380 3817 2430 3860 et
2475 3806 2607 3861 Filii
2653 3809 2915 3878 designari
2966 3810 3248 3882 Personas,
3283 3828 3455 3872 tamen

1845 3916 1982 3952 nunc
2009 3915 2169 3965 usque
2193 3899 2476 3965 contendit,
2511 3897 2680 3953 Deum
2710 3899 2911 3954 Filium
2936 3919 3038 3957 non
3080 3907 3284 3961 habere.
3323 3909 3455 3976 Qua:

1844 3990 1956 4044 sint
1998 3990 2082 4044 lia:
2128 4000 2293 4047 sectae
2336 4006 2366 4045 a
2414 3992 2476 4045 D.
2531 3991 2752 4050 Zenone
2791 3992 3113 4065 designatio,
3160 4000 3453 4058 videndum

1847 4081 2010 4135 modo
2035 4091 2136 4135 est.

1918 4173 2217 4228 Clarissimi
2253 4173 2534 4230 Ballerinii
2577 4176 2934 4235 Pbotinianos
2973 4181 3034 4235 D.
3063 4182 3338 4242 Zenonem
3373 4190 3458 4244 in-

1848 4263 2058 4318 dicasse
2110 4265 2164 4318 in
2207 4267 2376 4335 prima
2419 4269 2816 4324 recensitarum
2863 4284 3135 4328 seelarum
3173 4277 3454 4336 adnatant.

1851 4353 2197 4410 Pltotinianos
2223 4368 2418 4423 autem,
2447 4375 2573 4430 quos
2601 4360 2694 4414 alii
2728 4361 3048 4418 Zenoniana:
3080 4369 3248 4421 (etatis
3271 4367 3456 4425 Patres

1852 4448 2044 4516 possint
2087 4449 2327 4518 refellunt
2360 4463 2593 4505 nostrum
2633 4455 2908 4508 Auctorem
2941 4458 3164 4512 voluisse
3201 4465 3455 4530 perstrin-

152 4545 341 4615 szepius
395 4545 636 4600 inculcat
664 4553 854 4598 contra
886 4543 1062 4612 ipsum
1097 4543 1515 4598 Samosatcnutn
1549 4562 1561 4596 :
1600 4544 1744 4598 Unus
1769 4541 1824 4606 D
1849 4557 1987 4610 gere,
2019 4541 2174 4610 facile
2201 4541 2480 4610 intelliges.
2516 4544 2651 4598 Cum
2684 4562 2815 4601 vero
2858 4548 3119 4603 Pli0tiuus
3161 4568 3266 4605 non
3298 4571 3457 4611 cum-

155 4651 219 4690 est
247 4654 370 4709 ergo
397 4637 655 4702 Christus,
679 4638 768 4708 qui
793 4647 870 4691 est
892 4639 945 4690 in
977 4635 1135 4690 Patre
1161 4646 1468 4690 cateternum
1503 4636 1744 4704 Verbum,

157 4745 250 4780 una
277 4733 391 4801 ejus
426 4727 686 4792 Persona,
717 4727 857 4780 Deus
900 4727 1195 4793 invisibilis,
1241 4737 1288 4780 et
1317 4727 1530 4781 visibilis
1561 4733 1747 4797 factus.

159 4819 292 4875 Deus
315 4822 458 4876 enim
502 4820 746 4886 apparuit
776 4820 830 4872 in
871 4816 1041 4873 Carne
1079 4829 1230 4873 natus
1268 4836 1330 4874 ex
1375 4819 1627 4886 Muliere,
1665 4822 1754 4891 qui

162 4923 260 4966 erat
285 4930 351 4966 ea:
381 4910 494 4965 Deo
527 4910 686 4965 Patre
725 4911 929 4983 genitus
959 4927 1023 4964 ea;
1060 4922 1205 4964 utero
1247 4921 1366 4965 ante
1415 4911 1752 4983 Luciferum,

164 5013 419 5073 tamquam
470 5019 534 5056 ea:
558 5003 713 5056 corde
751 5000 972 5056 Verbum
999 5019 1065 5056 ea:
1110 5002 1270 5056 Patre
1299 5005 1515 5068 editum,
1548 5015 1598 5072 et
1631 5005 1756 5059 sim-

165 5097 296 5165 plex,
337 5108 495 5167 atque
530 5113 714 5164 expers
762 5097 986 5165 partium
1020 5095 1245 5150 Verbum
1290 5096 1423 5151 Caro
1452 5100 1647 5168 factum
1679 5108 1756 5152 est

167 5190 440 5243 secundum
473 5188 798 5256 Scripturas,
829 5207 930 5243 non
957 5190 1178 5244 divisum
1209 5192 1262 5243 iu
1299 5206 1528 5257 carnem,
1552 5201 1596 5244 et
1629 5191 1758 5245 Ver-

170 5283 300 5349 bum,
323 5284 474 5354 quasi
497 5285 552 5338 in
580 5284 786 5339 homine
813 5284 1005 5338 habitet
1036 5283 1286 5350 Verbum,
1315 5287 1425 5338 Itwc
1463 5286 1596 5339 enim
1635 5290 1761 5357 fuga

174 5369 506 5447 generationis
553 5388 625 5432 est
664 5378 740 5451 (in
785 5377 889 5447 Ep.
939 5379 1007 5432 ad
1047 5378 1273 5432 Paulum
1315 5378 1758 5450 Samosatenum).

176 5469 554 5529 Samosatenus
581 5472 699 5541 ipse
728 5472 785 5528 S.
823 5473 1080 5542 Dionysio
1107 5473 1294 5539 objicit
1330 5473 1455 5543 (Qu.
1492 5473 1585 5542 5):
1620 5474 1762 5538 Quo-

180 5566 320 5618 modo
360 5566 520 5633 igitur
549 5564 637 5632 qui
666 5564 925 5616 crescebat
955 5573 1005 5618 et
1033 5564 1426 5633 confortabatur
1471 5565 1607 5617 hunc
1636 5565 1767 5619 dicis

184 5665 291 5709 ante
333 5656 527 5710 secula
567 5671 698 5719 esse,
742 5663 789 5708 et
831 5654 990 5707 simul
1029 5672 1143 5734 cum
1194 5655 1349 5709 Putre
1396 5657 1623 5726 ingenito
1666 5675 1768 5712 non

187 5748 439 5803 habentem
466 5747 692 5814 initium,
717 5755 765 5800 et
786 5729 1144 5800 maternum“?
1170 5746 1270 5802 Cui
1308 5747 1594 5819 Dionysius
1619 5766 1634 5804 :
1670 5749 1770 5804 Ge-

746 5840 1021 5900 Ps'rnor..
1069 5837 1186 5901 XI.

1853 4632 1975 4687 dem
2015 4648 2258 4688 errorem
2313 4635 2401 4690 liic
2447 4653 2478 4689 a
2507 4635 2564 4691 S.
2600 4637 2818 4694 Zenone
2851 4640 3140 4696 indicatum
3174 4645 3457 4714 docuerit,

1852 4726 2029 4797 ipsum
2057 4729 2144 4782 hic
2174 4744 2279 4783 non
2317 4731 2606 4801 perstringi
2646 4732 2933 4786 dicendum
2983 4743 3088 4788 cst.
3141 4737 3260 4791 Una
3311 4742 3460 4795 deni-

1853 4837 1950 4888 que
1989 4822 2170 4875 asserit
2193 4819 2249 4875 J.
2287 4820 2347 4875 (ἶ.
2378 4822 2441 4875 ab
2482 4833 2628 4876 utero
2687 4819 2908 4894 Virginis
2953 4824 3141 4882 Maria:
3181 4835 3461 4899 sumpsisse

1859 4913 2476 4986 principium,Deumque
2503 4932 2564 4968 ea:
2589 4916 2706 4968 inde
2735 4916 2796 4968 ob
2817 4919 3080 4988 justitiam
3113 4923 3308 4992 factum
3331 4943 3456 4994 esse,

1863 5024 1964 5060 non
1990 5017 2185 5060 natum.
2215 5006 2286 5060 Ita
2310 5007 2363 5062 S.
2394 5006 2558 5061 Zeno.
2590 5005 2853 5062 Photinus
2878 5025 3042 5064 vero:
3076 5012 3196 5067 Non
3229 5019 3292 5069 ab
3322 5028 3464 5073 utero

1873 5099 2096 5169 Virginis
2121 5098 2325 5158 Mariis.
2355 5099 2449 5152 sed
2478 5108 2604 5152 tunc
2618 5096 2891 5154 Christum
2916 5117 3040 5158 esse
3058 5107 3312 5176 coepisse,
3339 5126 3461 5166 cum

1862 5196 2099 5266 Spiritus
2129 5195 2358 5250 Sanetus
2387 5195 2534 5248 visus
2559 5203 2646 5249 est
2669 5210 2834 5263 super
2862 5197 3038 5254 illum.

1935 5286 2069 5343 Cum
2113 5302 2242 5341 vero
2285 5286 2635 5341 Pliotinianos
2666 5290 2846 5356 potius
2895 5293 3190 5350 insectatus
3230 5296 3286 5352 S.
3321 5299 3468 5355 Zeno

1865 5378 2125 5434 dicendus
2154 5377 2258 5442 sit,
2301 5392 2422 5431 eam
2458 5379 2723 5433 rationein
2757 5380 3024 5436 afferunt:
3059 5385 3322 5456 Quatenus
3353 5408 3469 5446 vero

1867 5471 2000 5523 idem
2027 5470 2088 5522 ob
2106 5470 2363 5536 justitiam
2397 5468 2534 5523 Deus
2561 5475 2727 5542 factus
2755 5475 2996 5539 traditur,
3030 5479 3129 5544 fuit
3157 5480 3359 5546 quidem
3389 5484 3473 5536 hic

1873 5563 2103 5616 Nestorii
2145 5561 2360 5615 celebris
2405 5567 2571 5629 error,
2617 5575 2670 5616 at
2716 5567 2802 5632 qui
2833 5567 3041 5637 jamdiu
3083 5579 3261 5622 antea
3302 5571 3472 5628 Paulo
3525 5577 3528 5579 “

1873 5655 2214 5711 Samosateno
2262 5662 2313 5706 et
2346 5649 2574 5707 Pliatino
2606 5655 2916 5722 prtvdicatus
2947 5639 3139 5725 fuerat,
3173 5660 3266 5713 hoc
3306 5672 3475 5718 tamen

1873 5745 2191 5814 discrimine,
2233 5749 2371 5817 quod
2404 5744 2689 5815 Nestorius,
2733 5757 2944 5801 notante
2979 5747 3230 5806 Garnerio
3271 5754 3475 5812 dissert.

2878 5839 2952 5901 21
