3822 6220
359 188 456 241 θη

1487 174 1575 229 ut:
1606 170 1854 230 suum
1894 167 2188 228 zenoms
2231 123 2503 226 specus

3529 165 3627 220 se

347 305 406 371 7,
454 303 517 357 de
565 309 678 355 ortu
722 309 768 354 et
815 293 1140 351 incrementis
1189 291 1401 346 luet-esis
1450 289 1750 361 Pelagiante
1802 305 1849 342 c.
1899 288 1955 353 7,
1984 287 2283 352 Acrimen,
2335 302 2436 357 quo
2465 283 2898 357 mihiobjiciunt,
2929 279 3063 353 quod
3112 275 3508 335 ChrisiumDeo
3531 298 3627 334 con-

356 397 530 451 docuit
587 392 846 448 Christum
896 387 1152 442 hominem
1208 400 1311 438 non
1355 399 1418 437 ea:
1467 383 1692 447 meritis,
1763 379 1853 434 sed
1894 396 1960 434 ex

360 489 546 543 Divina
574 486 739 555 gratia
760 483 871 549 jam
902 481 1022 534 inde
1048 497 1080 533 a
1107 477 1292 532 Matris
1318 487 1480 543 utero,
1513 493 1545 528 a
1573 473 1764 529 D‘ivino
1793 472 1959 528 Verba

359 588 682 646 assumptum
712 577 870 645 fuisse
897 587 916 626 :
945 587 1058 626 cum
1095 569 1294 644 Paulus
1319 568 1694 625 Samosatenus
1724 566 1959 620 eumdem

359 673 615 728 Christum
662 667 916 722 hominem
967 674 1145 719 natum
1193 663 1406 738 dixerit,
1453 663 1542 734 qui
1587 678 1650 716 ea:
1701 659 1960 714 Virtutum

359 766 536 821 merito
563 760 852 836 (justitiam
888 758 1030 812 Zeno
1072 753 1241 827 vocat)
1273 755 1328 808 in
1360 752 1524 808 Deum
1568 748 1858 824 profecerit.
1891 751 1961 804 At

359 857 719 914 concedamus
750 853 874 907 licet
894 850 1187 904 Photinum
1213 863 1334 903 cum
1364 848 1721 902 Samosateno
1740 845 1791 897 in
1816 857 1962 898 eam-

360 955 481 1008 dem
519 951 685 1006 ivisse
729 947 1084 1009 sententiam;
1117 943 1162 997 si
1182 946 1296 1016 jam
1328 941 1418 994 diu
1449 949 1567 995 ante
1592 956 1623 992 a
1655 935 1829 991 Paulo
1858 935 1967 990 8η--

359 1054 618 1101 mosateno
652 1041 793 1095 idem
840 1050 997 1095 error
1043 1035 1358 1106 prazdicatus
1403 1037 1590 1104 fuerat,
1641 1045 1739 1085 cur
1775 1027 1960 1082 Photi-

359 1154 484 1193 num
512 1132 892 1206 posteriorem,
918 1119 1033 1184 non~
1057 1127 1470 1182 Samosatenum
1500 1121 1829 1177 anteriorem
1854 1119 1957 1172 im-

313 1236 320 1242 '
357 1231 557 1302 petisse
588 1228 646 1282 S.
693 1225 842 1281 Zeno
885 1221 1157 1302 putandus
1186 1219 1312 1276 est?
1349 1217 1460 1272 Cur
1491 1232 1596 1270 non
1635 1211 1956 1276 dicendum,

359 1325 418 1382 S.
443 1325 720 1380 zenonem
740 1321 794 1375 in
819 1318 967 1374 Pauli
991 1311 1332 1372 Samosateni
1353 1325 1595 1366 errorem
1609 1305 1954 1371 disseruisse,

353 1417 450 1488 qui
472 1411 944 1471 saltem-Gallieno
985 1409 1288 1476 imperante
1320 1403 1540 1473 impium
1570 1415 1726 1455 suum
1757 1398 1956 1489 dogma

360 1507 636 1581 vulgavit?
666 1506 785 1576 Ipse
817 1513 998 1558 tamen
1049 1499 1292 1571 ejusdem
1341 1495 1564 1551 lneresis
1610 1501 1798 1548 auctor
1850 1505 1958 1544 non

357 1603 478 1669 fuit,
505 1615 668 1672 quam
703 1609 851 1653 tanto
876 1606 1024 1660 ante,
1055 1605 1110 1650 et
1135 1593 1473 1655 Cerinthum,
1501 1599 1553 1645 et
1583 1588 1869 1652 Ebionem,
1903 1590 1973 1638 et.

2064 379 2452 446 substantialem
2504 395 2629 452 esse,
2661 393 2945 450 negassem.
2995 375 3062 430 Et
3093 390 3154 429 ea
3196 374 3396 441 etiam,
3444 388 3548 444 quae
3571 375 3624 430 de

2070 473 2235 526 Paulo
2280 469 2637 528 Samosatenb
2666 471 3040 536 exhibuimus,
3072 484 3137 524 eo
3181 483 3352 543 usque
3381 467 3624 522 evidenter

2065 573 2322 619 constare
2370 564 2639 634 intelliges
2680 561 3051 630 percrebuisse
3090 563 3232 615 hunc
3272 572 3530 624 errorem,
3577 568 3626 614 et

2063 665 2216 735 ante,
2269 668 2325 710 et
2355 655 2583 711 Gallieni
2618 657 2988 726 temporibus:
3019 669 3183 726 quare
3212 653 3404 708 mirum
3431 668 3524 707 non
3555 663 3626 707 est

2065 759 2312 806 sanctum
2329 753 2613 819 praesulem
2637 764 2824 806 contra
2841 752 3012 823 ipsum
3037 752 3225 808 eadem
3239 750 3396 808 aetate
3407 750 3530 820 apud
3545 766 3625 820 po-

2065 843 2246 912 pulqu
2281 843 2536 899 habuisse
2562 844 2882 901 Sermonem
2914 865 2926 901 :
2962 849 3034 901 ita
3063 855 3123 904 ut
3152 847 3250 900 hac
3277 846 3476 900 ratione
3495 843 3622 899 illum

2063 935 2128 991 ad
2152 947 2405 1006 quartum
2437 940 2694 995 swenlum
2718 943 3013 998 amandare
3044 958 3148 997 non
3174 942 3241 998 sit
3267 957 3420 1013 opus.

2134 1029 2446 1097 Quinimmo
2476 1032 2520 1084 si
2552 1034 2880 1102 conjecturis
2909 1044 2992 1090 est
3018 1025 3188 1099 locus,
3223 1034 3615 1090 Alexandrinum

2013 1148 2018 1153 -
2065 1123 2382 1196 Dionysium
2429 1139 2672 1181 coasvum
2721 1130 3030 1198 respexisse
3079 1127 3137 1185 S.
3172 1128 3441 1184 Zenonem
3472 1136 3645 1198 putoz'

2063 1218 2196 1274 Nam
2249 1235 2371 1274 cum
2425 1220 2581 1275 initio
2617 1219 2896 1278 Sermonis
2945 1232 3058 1279 tres
3112 1223 3349 1280 haereses
3393 1231 3633 1289 notasset,-

2063 1324 2250 1384 postea
2277 1329 2507 1369 numero
2531 1317 2690 1370 tertio
2717 1316 2783 1371 ad
2808 1316 3172 1374 Christianum
3204 1323 3367 1375 verba
3391 1318 3635 1374 convertit

2065 1421 2182 1471 sua.
2245 1404 2517 1460 Videamus
2560 1424 2715 1473 nunc,
2750 1411 2939 1480 optimc
2981 1410 3296 1479 Christiane;
3327 1412 3626 1482 quemadmo-

2068 1497 2188 1552 dum
2215 1499 2346 1553 inter
2378 1498 2585 1554 Patrem
2623 1498 2671 1554 F
2674 1499 2920 1572 iliumque
2942 1514 3138 1576 tempus
3155 1507 3418 1574 infulcias.
3442 1505 3624 1562 Valida-
3670 1488 3673 1491 Ι

2062 1605 2167 1659 que
2193 1591 2403 1646 ratione
2433 1595 2764 1663 perstringit;
2796 1585 2857 1650 Si
2897 1597 3033 1650 enim
3060 1601 3274 1671 tempori
3306 1617 3404 1654 non
3443 1599 3528 1654 sibi
3549 1599 3625 1653 de-

355 1695 738 1766 Carpocratem
759 1733 773 1758 ,
829 1700 886 1746 et
941 1693 1216 1744 Arlemam
1268 1686 1534 1754 sparsisse
1586 1681 1838 1736 vidimus.
1890 1677 1953 1732 Hi
1983 1682 2032 1743 B
2061 1681 2194 1766 bent,
2235 1683 2374 1751 quod
2403 1690 2476 1737 est
2520 1683 2655 1737 alter
2689 1685 2843 1738 alteri
2873 1686 3144 1756 obnoxius,
3179 1693 3362 1760 procul
3394 1692 3554 1754 dubio,
3577 1698 3625 1744 ut

356 1787 558 1842 etenim
581 1785 880 1840 docuerunt
909 1795 1015 1836 non
1036 1778 1196 1833 modo
1227 1792 1255 1830 a
1286 1777 1466 1831 Maria:
1499 1783 1650 1828 utero
1677 1771 1950 1826 Christum

353 1879 652 1948 suitipsisse
681 1874 1028 1946 principium,
1058 1869 1154 1925 sed
1181 1869 1250 1924 ob
1292 1866 1515 1922 Virtutis
1543 1880 1654 1919 suae
1696 1861 1953 1916 meritum

353 1969 474 2025 aliis
505 1965 890 2037 prtecelluisse,
925 1964 1199 2031 Deumque
1241 1958 1459 2014 factum.
1493 1956 1564 2009 Et
1591 1953 1820 2009 Gallieni
1855 1952 1952 2003 ita-

351 2077 456 2132 que
482 2070 726 2126 tempore
762 2067 953 2113 contra
996 2053 1246 2110 eumdem
1295 2064 1540 2107 errorem
1573 2062 1733 2119 agere
1778 2043 1955 2115 potuit

350 2153 410 2212 S.
451 2153 624 2219 Zeno,
673 2166 848 2221 neque
895 2148 962 2202 ad
1000 2143 1358 2204 Photiniauos
1385 2141 1688 2211 coniugere
1729 2151 1954 2193 necesse

350 2260 453 2308 est.

423 2341 676 2400 Secundo
721 2341 841 2395 loco
871 2337 1008 2393 hanc
1039 2333 1288 2389 lueresim
1338 2329 1490 2400 ponit
1519 2326 1577 2384 S.
1621 2321 1954 2380 Veronensis

350 2437 615 2491 Antistes.
661 2431 779 2486 Alia
807 2428 1112 2491 modestius,
1149 2424 1240 2479 sed
1271 2419 1562 2475 mordacius
1590 2408 1799 2480 nocens,
1830 2415 1956 2468 dicit

347 2527 554 2598 quidem
581 2514 678 2579 Dei
713 2522 758 2575 F
759 2522 909 2576 ilium
940 2519 1126 2580 Deum,
1152 2514 1241 2570 sed
1272 2531 1374 2568 non
1394 2528 1457 2566 ea:
1488 2510 1646 2598 Patre
1674 2506 1952 2562 nobilitatis

345 2593 688 2688 perpetuitate
713 2613 1059 2688 progenitum,
1095 2609 1352 2681 fuisseque
1382 2593 1578 2672 tempus'
1607 2602 1814 2673 quando
1849 2616 1951 2654 non

348 2712 469 2783 fuit.
499 2711 649 2766 Hatic
667 2723 789 2764 esse
817 2707 1140 2762 Arianorum
1167 2701 1420 2756 harresim
1453 2698 1711 2752 adnotant
1737 2692 1951 2749 Domini

348 2802 646 2857 Ballcrinii.
683 2800 783 2867 Qui
812 2795 1048 2870 (Ariani)
1102 2797 1192 2849 etsi
1217 2791 1481 2847 Christum
1508 2787 1604 2842 Dei
1627 2788 1793 2869 filium
1818 2800 1950 2859 prte-

348 2896 604 2960 dicarent,
639 2909 738 2947 non
781 2901 949 2946 tamen
979 2888 1042 2942 ab
1086 2897 1302 2950 arterno,
1334 2888 1422 2938 sed
1452 2884 1506 2936 in
1547 2892 1772 2951 tempore
1809 2879 1953 2950 geni-

345 2999 460 3055 tum
489 2985 789 3056 prodidere,
819 2982 953 3035 unde
978 2978 1192 3046 effatum
1220 2977 1352 3032 illud
1378 2975 1518 3046 apud
1539 2975 1678 3044 ipsos
1705 2972 1947 3026 solemne:

2061 1762 2115 1824 tu
2141 1773 2234 1837 vis,
2266 1776 2435 1846 major
2481 1784 2552 1829 est
2580 1785 2786 1841 natura,
2819 1793 2972 1847 quam
3001 1777 3142 1834 Deus
3164 1781 3259 1835 :At
3281 1798 3395 1840 cum
3422 1791 3626 1836 naturain

2064 1881 2127 1918 ea:
2156 1865 2318 1919 nihilo
2351 1869 2524 1937 fecerit
2551 1866 2820 1935 Christus;
2850 1871 2916 1924 sit
2938 1881 3110 1925 autem
3137 1889 3204 1927 ea:
3218 1883 3404 1927 natura
3431 1885 3621 1944 tempus,

2062 1957 2292 2027 ineptum
2338 1962 2462 2014 satis
2509 1969 2584 2016 est
2629 1977 2759 2032 opus
2800 1977 2893 2016 suo
2946 1979 3243 2036 prwponere
3288 1965 3484 2034 Artiﬁci
3509 1981 3526 2019 .°
3572 1981 3622 2018 ac

2065 2067 2155 2121 per
2179 2054 2278 2106 hoc
2305 2053 2472 2108 solum
2495 2056 2728 2122 interest,
2757 2057 2894 2126 quod
2923 2043 3020 2112 soli
3047 2075 3099 2113 se
3119 2061 3307 2114 sciunt.
3337 2060 3462 2115 Inde
3484 2060 3625 2131 pluri-

2060 2147 2158 2200 bus
2189 2147 2473 2219 scripturzn
2514 2150 2839 2206 testimoniis
2879 2148 3154 2206 Christum
3203 2153 3372 2208 Deum
3410 2168 3522 2209 esse
3544 2152 3626 2206 de-

2057 2248 2342 2298 monstrat.
2392 2242 2456 2297 Et
2488 2242 2606 2298 haec
2652 2237 2812 2299 verba
2845 2244 2912 2300 ad
2954 2236 3185 2301 Arianos
3209 2247 3412 2303 directa
3461 2247 3625 2301 volunt

2057 2329 2354 2389 (lectissimi
2403 2337 2788 2404 Adnotatores,
2837 2355 2974 2410 quos
3029 2341 3264 2410 optimos
3310 2342 3621 2411 Christianos

2057 2426 2356 2494 appellatos
2387 2428 2570 2483 ιίίριιηι
2594 2430 2787 2485 ironice
2815 2447 2833 2484 :
2859 2434 2927 2487 At
2953 2432 3084 2487 nihil
3106 2442 3190 2488 est
3214 2433 3270 2489 in
3309 2445 3474 2500 textu,
3495 2433 3620 2505 quod

2061 2518 2286 2573 ironiam
2313 2521 2504 2590 sapiat,
2530 2520 2720 2592 quare,
2749 2532 2803 2578 et
2823 2524 2966 2578 serio
2988 2525 3126 2580 dicta
3150 2537 3272 2580 sunt
3299 2527 3619 2595 accipienda:

2059 2612 2320 2683 Superius
2350 2616 2550 2668 etenim
2577 2615 2792 2685 quando
2821 2618 2872 2670 in
2905 2617 3188 2673 hereticos
3219 2619 3420 2674 invehlt
3446 2628 3622 2690 quanto

2066 2705 2260 2760 ardore
2289 2696 2557 2774 loquatur,
2588 2702 2835 2762 observa.
2867 2707 2995 2789 Cum
3024 2710 3135 2766 hinc
3163 2711 3234 2765 ita
3254 2712 3378 2779 sint,
3408 2711 3623 2765 humani-

2057 2808 2132 2852 tas
2157 2809 2202 2852 te
2231 2810 2435 2853 versuta
2465 2815 2710 2870 cognosce
2735 2801 2811 2855 vel
2838 2819 2969 2869 sero,
3002 2814 3048 2856 et
3072 2803 3428 2877 intemperanti
3453 2807 3623 2875 lingua:

2058 2895 2251 2948 silentii
2280 2899 2469 2965 framos
2495 2895 2719 2967 impone.
2754 2893 3035 2950 Dementia:
3063 2882 3222 2970 genus
3251 2909 3325 2952 est
3369 2898 3616 2953 invisibilis

2053 2981 2676 3057 incomprehensibilisque
2703 2989 2831 3042 velle
2859 2989 3059 3060 apinari
3100 3000 3347 3044 secretum
3373 2991 3520 3061 (Adit.
3558 2988 3618 3044 14

350 3097 371 3130 ε
405 3074 530 3133 Fuit
560 3069 1005 3145 tentiiuSqttantlo
1028 3086 1133 3135 nou
1160 3069 1275 3124 fuit.
1319 3085 1336 3119 ι
1380 3066 1581 3120 Videsis
1605 3065 1933 3118 Athanasium

2056 3078 2100 3131 in
2129 3078 2298 3132 eumd.
2332 3077 2503 3133 Sérm.
2533 3078 2588 3131 d.
2622 3078 2712 3132 Tr.
2739 3079 2792 3143 7,
2828 3097 2882 3133 η.
2910 3078 2989 3151 2).
3056 3103 3062 3109 ·

351 3173 414 3227 de
435 3170 656 3225 Decretis
689 3167 922 3222 Nietcnis
941 3180 1084 3219 num.
1117 3163 1208 3227 18,
1229 3159 1491 3213 Hilarium
1518 3157 1606 3212 lib.
1638 3172 1690 3210 IV
1711 3165 1754 3208 et
1779 3170 1854 3218 Vl,
1883 3155 1944 3205 de

343 3263 616 3326 Trinitate,
663 3261 746 3313 ubi
790 3258 960 3327 ipsam
1015 3255 1123 3308 Arii
1173 3250 1442 3321 epistolam
1483 3248 1693 3321 allegat,
1743 3247 1795 3298 in
1840 3259 1942 3314 qua

343 3350 521 3411 eadem
561 3352 787 3424 formula
823 3348 1137 3403 ineulcatur.
1191 3341 1373 3413 Neque
1425 3341 1626 3394 mireris
1675 3337 1811 3408 quod
1859 3337 1942 3390 hic

342 3449 537 3514 Filius,
583 3447 778 3511 Deum,
837 3442 941 3494 dici
1000 3437 1242 3508 potuerit,
1289 3445 1338 3490 et
1385 3432 1723 3487 nihilominus
1761 3428 1940 3515 negari

344 3541 493 3596 Patri
519 3548 802 3593 cowternus
829 3544 877 3587 et
915 3532 1165 3602 aequalis;
1201 3528 1335 3581 Nam
1361 3527 1511 3580 illum
1540 3523 1708 3577 Deum
1735 3521 1939 3574 abusive

339 3633 627 3706 fatebantur
653 3628 832 3684 Ariani
857 3627 956 3678 non
985 3619 1215 3704 proprie,
1247 3629 1303 3674 ut
1324 3637 1385 3673 ea:
1408 3617 1603 3671 Hilarii
1631 3619 1767 3687 frag.
1792 3629 1936 3667 num.

341 3726 431 3793 9.6,
465 3734 512 3779 et
541 3722 752 3778 aliunde
779 3729 955 3773 notum
996 3719 1090 3770 est.
1138 3712 1329 3768 Fuisse
1360 3709 1574 3779 quidem
1606 3709 1750 3761 hunc
1778 3719 1940 3759 unum

343 3833 409 3872 ex
446 3817 560 3871 Arii
603 3812 878 3870 erroribus
911 3807 1188 3862 latendum
1235 3812 1338 3870 est,
1386 3796 1539 3869 cujus
1571 3809 1746 3854 tamen
1779 3796 1940 3850 Arius

341 3917 530 3964 auctor
556 3922 662 3962 non
701 3905 825 3964 fuit.
862 3902 994 3972 ipsis
1032 3897 1299 3953 aientibus
1327 3892 1709 3950 eruditiSsimis
1755 3890 1939 3944 Aduo-

342 4001 625 4063 tatoribus,
658 3999 745 4067 qui
774 3997 1059 4064 Origeuem
1092 3998 1280 4044 contra
1312 3987 1583 4054 Pereltum
1627 3994 1676 4039 et
1738 3983 1935 4051 Bagatg-

255 4087 263 4093 ’
341 4078 448 4147 tam
488 4088 860 4148 defendentes,
894 4082 1140 4138 eumdem
1175 4092 1414 4134 errorem
1443 4075 1730 4143 Origenem
1753 4087 1936 4140 repre-

341 4184 595 4239 hendisse
634 4196 704 4235 ex
759 4179 1057 4232 Athanasio
1091 4155 1363 4241 probant,
1414 4167 1660 4235 ejusdem
1692 4164 1939 4233 Origenis

338 4275 582 4333 adductis
604 4274 802 4327 verbis.
834 4253 1105 4339 intelligat
1127 4265 1285 4326 enim,
1314 4263 1485 4324 inquit
1512 4260 1621 4325 ille,
1655 4259 1739 4326 qui
1768 4259 1939 4310 dicere

339 4375 492 4428 audet
525 4373 621 4443 fuit
653 4370 950 4438 aliquando,
985 4379 1100 4417 cum
1148 4377 1249 4414 non
1293 4367 1418 4411 esset
1466 4353 1657 4419 Filius,
1703 4353 1845 4422 quod
1885 4361 1939 4405 et

2119 3167 2292 3222 Tertia
2315 3167 2505 3225 ludam
2546 3179 2620 3223 est
2648 3186 2762 3224 vere
2792 3187 2927 3243 circa
2966 3171 3062 3240 (ita
3092 3171 3148 3226 S.
3178 3169 3351 3243 Zeno)
3377 3188 3483 3243 qute
3515 3188 3620 3226 cuin

2045 3261 2098 3315 in
2129 3259 2343 3336 lege-(ut
2371 3261 2540 3316 dicere
2578 3262 2728 3332 solet)
2767 3280 2858 3316 sua
2887 3263 3024 3336 legat
3058 3263 3274 3334 ubique,
3303 3264 3429 3318 duas
3456 3262 3619 3317 Patris

2045 3365 2092 3408 et
2129 3352 2260 3408 Filii
2285 3354 2547 3426 designari
2578 3353 2856 3420 Personas,
2887 3367 3058 3410 tamen
3083 3373 3218 3410 nunc
3243 3373 3404 3427 usque
3426 3367 3619 3410 conten-

2045 3445 2120 3498 dit
2163 3443 2334 3499 Deum
2383 3445 2580 3500 Filium
2635 3463 2736 3501 non
2788 3447 2990 3503 habere.
3041 3449 3154 3504 Hoc
3201 3449 3253 3502 in
3301 3449 3619 3504 Sabellianos

2045 3537 2210 3593 fuisse
2231 3539 2372 3593 dieta
2403 3556 2500 3610 pro
2541 3551 2693 3595 certo
2723 3540 3027 3596 habendum
3056 3552 3159 3603 est,
3194 3556 3421 3610 quorum
3460 3542 3621 3595 haere-

2043 3632 2276 3686 sistuuc
2305 3633 2664 3702 grassabatur.
2704 3635 2830 3688 Eam
2883 3633 3131 3706 haeresim
3163 3633 3495 3688 Judaismum
3535 3648 3621 3702 ap-

2041 3725 2262 3800 pellarit
2285 3735 2338 3779 et
2364 3725 2422 3782 S.
2454 3726 2703 3780 Basilius.
2736 3725 3042 3781 Judaismus
3071 3736 3162 3787 est,
3195 3726 3615 3782 Sabellianismus

2041 3815 2095 3869 in
2121 3815 2484 3887 Evangelicam
2516 3816 2935 3886 prtedicationem
2962 3819 3208 3872 invectus.
3241 3817 3344 3884 Qui
3369 3819 3500 3871 enim
3521 3831 3620 3871 rens

2039 3925 2195 3962 unum
2238 3907 2474 3975 pluribus
2519 3909 2805 3963 nominibus
2844 3907 3160 3979 appellatam
3201 3925 3312 3963 esse
3345 3909 3490 3983 dicit,
3519 3904 3622 3960 Ῥα-

2041 4012 2185 4064 trem,
2217 4011 2264 4054 et
2289 3999 2338 4052 F
2342 4002 2506 4065 ilium,
2531 4011 2576 4056 et
2607 4001 2860 4070 Spiritum
2904 4009 3164 4067 sanctum,
3210 4011 3256 4053 et
3285 4016 3451 4054 'unam
3479 4000 3621 4052 trium

2041 4091 2364 4162 hypotliesim
2395 4095 2625 4164 exponit,
2665 4093 2788 4158 quid
2814 4091 2957 4145 aliud
2974 4092 3135 4162 facit?
3157 4089 3348 4146 Nonne
3367 4093 3622 4160 sempiter-

2041 4198 2158 4235 nam
2190 4180 2474 4253 Uttigettili,
2517 4197 2630 4249 quae
2658 4183 2845 4235 stecula
2884 4184 3166 4248 antecessit,
3198 4183 3517 4236 existentiam
3543 4197 3622 4234 ne-

2040 4273 2164 4343 gat?
2209 4271 2378 4341 Negat
2404 4271 2523 4324 item
2566 4271 2840 4325 adventum
2879 4271 3019 4325 illius
3046 4271 3114 4324 ad
3149 4273 3378 4326 homines
3405 4271 3620 4341 quadarn

2043 4363 2420 4432 dispensatione
2452 4363 2666 4432 factum,
2691 4361 2988 4415 descensum
3016 4361 3087 4414 ad
3107 4363 3324 4431 inferos,
3365 4379 3616 4417 resurrec-

340 4465 642 4538 not'avimus
673 4480 856 4536 supra,
911 4461 1154 4529 aliosque
1197 4453 1445 4525 Origeuis
1495 4463 1672 4506 textus
1716 4451 1933 4507 adduxi-

2056 4453 2221 4504 io'nem
2247 4494 2282 4516 ,_
2311 4452 2586 4520 judicium.
2648 4451 2815 4523 Negat
2866 4469 3019 4522 porro
3069 4455 3352 4522 peculiares
3407 4454 3624 4524 Spiritus

339 4580 480 4617 mus.
533 4547 787 4615 Fateatur
817 4557 994 4623 itaque
1035 4567 1099 4606 ex
1131 4547 1309 4602 allatis
1349 4545 1596 4613 Origenis
1640 4541 1934 4598 Sententiis

339 4632 579 4725 probati,
630 4653 766 4703 alios
821 4644 1074 4717 quosdam
1125 4642 1260 4694 hunc
1306 4652 1531 4690 errorem
1585 4635 1638 4687 id
1691 4632 1935 4702 temporis

335 4747 606 4820 (Origenis
647 4739 916 4808 videlicet)
965 4734 1236 4795 docuisse,
1286 4745 1433 4795 quem
1479 4726 1721 4797 Origenes
1761 4739 1935 4793 repre-

333 4815 590 4897 henderet.
617 4835 747 4891 Cum
781 4831 1006 4903 proinde
1028 4828 1286 4895 Origenes
1321 4838 1424 4880 non
1460 4836 1565 4872 uno
1591 4820 1640 4871 in
1669 4818 1806 4879 loco,
1836 4815 1944 4881 sed

335 4937 606 5004 pluribus,
641 4939 693 4986 et
733 4944 794 4982 es
831 4923 1075 4994 professo
1115 4917 1412 4982 validisque
1444 4909 1741 4964 rationibus
1788 4907 1930 4960 hunc

332 5000 535 5081 refellat
566 5036 805 5077 errorem
827 5059 840 5082 ,
882 5012 1173 5070 int-aluisse
1224 5009 1402 5075 itaque
1431 5016 1485 5057 et
1515 5000 1762 5070 Origcnis
1793 5007 1929 5052 te-n-

336 5135 461 5188 porc
484 5116 869 5185 comprobatur
897 5127 906 5161 :
941 5111 1268 5188 tpmpropler
1291 5109 1343 5154 et
1367 5107 1517 5152 tanto
1544 5101 1669 5148 ante
1697 5093 1757 5148 At
1776 5093 1927 5146 ianos

333 5204 633 5266 convellere
684 5208 830 5261 illum
867 5201 1030 5270 punit
1076 5197 1135 5253 S.
1166 5195 1332 5248 Zeno.
1379 5191 1574 5250 Ret-ale
1605 5203 1722 5257 que
1762 5201 1921 5254 supra

333 5305 608 5358 retulimus
635 5300 701 5352 de
730 5280 1086 5353 Tel-tulliano,
1120 5289 1161 5341 Β
1183 5287 1337 5346 rillo,
1390 5281 1646 5352 Dionysio
1692 5279 1924 5332 Alexan—

330 5397 505 5460 drino,
533 5394 619 5460 qui
653 5392 719 5444 ali
747 5388 936 5442 codem
970 5382 1194 5436 crimine
1221 5394 1278 5432 se
1307 5385 1496 5446 purgat
1525 5371 1661 5441 apud
1707 5370 1763 5425 S.
1797 5370 1921 5423 Diu-

330 5487 534 5546 nVsitttn
569 5486 869 5537 Romanum
911 5475 1252 5531 l‘oztiiieem.
1295 5470 1608 5522 Arcusamur
1651 5463 1795 5526 quasi
1835 5462 1923 5532 qui

328 5583 550 5640 dicamus
585 5575 775 5629 ("ilium
807 5589 962 5626 unum
990 5584 1095 5622 esse
1118 5579 1418 5637 exitiumero
1441 5575 1612 5612 rerum
1640 5561 1912 5638 factarum,

329 5686 370 5725 ct
405 5683 713 5739 nequaquam
747 5666 890 5718 Patri
919 5680 1009 5716 suo
1037 5655 1541 5713 consubstantialem.
1575 5648 1786 5702 Falsum
1810 5662 1917 5700 esse

1978 4556 2000 4570 ’·
2036 4544 2376 4613 Operationes.
2407 4542 2735 4597 Novatianus
2759 4559 2970 4613 quoque
2995 4545 3136 4599 hunc
3159 4560 3402 4599 errorem
3428 4547 3482 4599 in
3514 4545 3617 4600 bte-

2037 4636 2235 4689 reticos
2276 4641 2446 4687 notat.
2483 4631 2610 4687 Haec
2649 4635 2782 4688 enim
2823 4636 3128 4688 contumelia
3162 4629 3518 4690 ha'reticorum
3554 4637 3615 4690 ad

2037 4729 2205 4798 ipsum
2233 4743 2430 4797 quoque
2460 4725 2672 4780 Patrem
2713 4728 3034 4792 redundabit,
3085 4729 3130 4782 si
3161 4727 3299 4783 Deus
3344 4727 3510 4784 Pater
3537 4727 3621 4782 Fi-

2038 4819 2164 4872 lium
2193 4817 2361 4870 Deum
2389 4835 2630 4890 generare
2655 4835 2755 4872 non
2785 4819 2969 4890 potuit.
2995 4818 3109 4873 Non
3140 4830 3317 4875 autent
3337 4822 3408 4882 .iu
3442 4820 3625 4878 Sobel?

2039 4910 2212 4963 liauos
2245 4911 2342 4978 ipsi
2370 4911 2717 4978 posteriores,
2768 4911 2861 4964 sed
2889 4911 2938 4964 in
2970 4909 3276 4967 Praxeauos
3306 4913 3464 4970 dicit.
3498 4917 3619 4969 Meae

2036 4999 2161 5054 huic
2205 5002 2487 5054 sententize
2516 5000 2693 5054 favent
2717 5010 2774 5054 et
2818 5000 2919 5069 ipsi
2951 5001 3161 5057 Domini
3199 5003 3506 5071 Butler-inii,
3537 5002 3618 5076 qui

2035 5092 2135 5146 hoc
2173 5095 2224 5145 iu
2251 5107 2504 5147 sermone
2543 5093 2803 5162 praeclare
2845 5095 2926 5163 agi
2965 5105 3150 5149 contra
3190 5087 3642 5165 Patripassianos

2033 5193 2087 5255 et
2111 5185 2764 5243 Sabellianos,adnatant.
2798 5186 3060 5260 Prteclara
3092 5190 3199 5242 lia’c
3235 5189 3492 5245 adversus
3523 5190 3619 5244 Pa-

2029 5278 2390 5346 tripassianos.
2423 5294 2511 5330 seu
2533 5276 2624 5350 ‘(ut
2664 5296 2695 5331 a
2722 5276 2940 5338 Latinis:
2966 5291 3142 5348 postea
3167 5279 3293 5335 dicti
3337 5283 3487 5362 sunt),
3527 5283 3618 5339 Sa-

2032 5371 2280 5423 bellianos
2309 5370 2580 5437 confessio,
2608 5372 2696 5440 qui
2719 5388 2873 5425 unam
2904 5370 3082 5426 Patris
3115 5371 3406 5429 Personam
3433 5376 3618 5448 duplici

2030 5471 2225 5514 tantum
2285 5479 2402 5515 voce
2443 5463 2737 5516 distinctam
2778 5464 3316 5536 comminiscebantur.
3361 5465 3607 5523 Catholici

2027 5562 2194 5604 autem
2245 5551 2452 5606 Patrem
2492 5563 2538 5606 et
2587 5551 2818 5618 Filium,
2862 5554 3122 5622 duplicent
3175 5551 3489 5623 Personam,
3531 5559 3618 5608 du-

2024 5645 2148 5713 plici
2181 5645 2477 5698 distinctam
2507 5644 3062 5723 nomine'conﬁtentur.
