3822 6220
123 253 227 309 6‘3

1512 224 1986 310 uisssn'rA'rto.

3295 258 3401 316 εει

186 366 259 421 iis
306 367 473 459 igitur
502 361 784 441 diligenter
826 368 1101 451 expensis,
1143 366 1350 422 nullum
1404 365 1521 422 erui
1553 380 1707 437 posse
1734 365 1790 427 Α
1813 375 1919 420 tum
1945 373 2019 421 est
2045 364 2349 420 Bostrorum
2370 364 2424 419 in
2452 362 2641 418 Arabia
2666 362 2953 437 Episcopus
2982 364 3397 425 Ecclesiasticam

118 451 503 529 argumentum
557 458 767 517 conSIat
819 459 883 515 ad
934 446 995 514 S.
1041 459 1313 514 Zenonem
1360 468 1479 527 post
1524 460 1711 514 Arium

118 559 311 621 quarto
356 555 562 610 saecqu
601 552 984 625 reponendum.
1032 551 1166 608 Cum
1223 568 1284 607 ea
1331 565 1450 620 quae
1491 550 1543 606 in
1595 552 1712 621 ejus

115 646 464 702 sermonibus
494 657 687 725 contra
710 645 892 701 Arium
922 645 1002 699 vel
1032 646 1259 701 Arianos
1288 644 1431 713 dicta
1456 643 1712 701 videban-

117 744 220 803 tur,
250 739 473 808 propria
515 738 644 794 sede
688 738 830 793 circa
874 736 1108 794 Gallieni
1159 745 1397 806 tempora
1427 736 1591 793 locari
1618 736 1713 792 de—

114 827 299 893 beant,
331 844 404 884 eo
435 829 577 900 quod
615 843 850 895 errores,
884 843 1019 899 quos
1045 828 1102 884 8.
1150 827 1353 883 Ρινωειιι
1386 828 1484 884 vel.
1514 828 1706 891 innuit.

113 925 198 979 vel
217 925 472 980 cmit‘utat
494 936 740 994 tempore
767 925 860 980 illo
888 924 1119 980 maxime
1141 925 1427 996 viguerint.
1458 914 1571 983 Hoc
1600 942 1707 981 non

113 1018 423 1074 concedunt
452 1018 661 1074 Domini
702 1018 975 1073 Ballerinii
1005 1036 1019 1071 :
1045 1018 1185 1088 Quin
1228 1019 1446 1075 eosdem
1492 1034 1709 1075 errores

111 1110 165 1166 S.
191 1110 470 1166 Zenonem
492 1111 735 1176 latuisse,
762 1110 807 1165 si
839 1110 999 1167 tertio
1034 1111 1232 1167 saeculo
1280 1112 1399 1180 ejus
1421 1119 1553 1166 tetas
1578 1126 1710 1166 con-

114 1201 394 1266 stituatur,
425 1201 717 1256 afﬁrmant.
746 1200 898 1257 Hunc
918 1202 1143 1257 rationis
1173 1200 1480 1271 hujusrnodi
1508 1200 1706 1256 nodum

112 1293 390 1348 solvamus
422 1294 603 1365 igitur.
1648 1288 1655 1291 ’

182 1431 210 1502 ᾖ
249 1431 400 1488 XVI.
445 1430 759 1497 .Hteresum,
819 1448 948 1503 quas
998 1431 1059 1487 S.
1124 1429 1266 1487 Zeno
1312 1438 1705 1498 commemorat,

308 1523 500 1578 notitia
530 1524 667 1577 circa
698 1521 922 1578 Gallieni
944 1532 1177 1593 tempora
1203 1524 1510 1579 communis.

185 1654 359 1713 Allata
383 1656 633 1731 Origenis
661 1659 950 1722 sententia.
979 1658 1133 1728 cujus
1155 1658 1265 1729 jam
1291 1672 1452 1729 supra
1484 1633 1711 1713 mentio-

1816 470 2107 529 pervertens
2153 458 2403 531 regulam,
2437 472 2567 512 noua
2599 458 2856 527 quadam,
2897 468 2945 514 et
2987 460 3159 516 aliena
3201 477 3233 516 a
3268 460 3401 520 Fide

1820 548 2090 606 Catholica
2113 552 2361 605 inducere
2399 560 2612 605 conatus
2637 561 2746 615 est;
2776 565 2933 607 ausus
2969 562 3155 609 temere
3177 570 3402 611 asserere

1814 640 2092 696 Dominum
2116 658 2178 696 ac
2206 640 2528 697 servatorem
2570 653 2820 710 nostrum,
2843 653 3112 716 antequam
3142 644 3275 703 inter
3304 648 3399 702 ho-

1812 734 1976 788 mines
2005 744 2310 800 versaretur,
2354 750 2460 789 non
2502 732 2785 790 substitisse
2818 738 2870 790 in
2901 740 3123 808 propria
3152 738 3397 796 Persona:

1813 825 2103 895 differentia
2142 844 2162 881 :
2188 843 2282 882 nec
2331 827 2614 897 propriam,
2656 830 2746 883 sed
2803 828 3080 884 Paternum
3134 832 3399 889 dunuaxat

1814 902 2146 997 Diuinitatem
2176 920 2229 973 in
2253 934 2311 974 se
2345 918 2653 975 residentem
2682 919 2885 975 habere.
2913 919 3139 993 Cumque
3165 939 3223 979 ea
3246 925 3311 980 de
3343 942 3400 980 re

1812 1012 2023 1082 plurimi
2053 1010 2305 1084 Episcopi
2330 1013 2652 1081 quastiones,
2696 1029 2755 1067 ac
2792 997 3163 1085 disputationes
3215 1018 3397 1074 aduer-

1812 1120 1925 1158 sum
1953 1104 2101 1159 illum
2122 1102 2439 1173 habuissent,
2471 1114 2682 1178 rogatus
2712 1101 2816 1159 una
2838 1122 2953 1159 cum
2976 1105 3184 1179 reliquis
3218 1108 3397 1182 Orige-

1812 1215 1923 1265 nes,
1966 1198 2187 1268 primum
2211 1197 2417 1269 quidem
2461 1210 2578 1252 cum
2618 1198 2712 1252 illo
2738 1199 3069 1269 familiariter
3116 1200 3402 1257 collocutus

1813 1302 1906 1359 est,
1958 1301 2015 1345 ut
2068 1306 2303 1361 quisnam
2349 1291 2475 1347 esset
2521 1291 2743 1364 hominis
2791 1293 3043 1347 sententia
3085 1294 3401 1364 exploraret.

1812 1384 2101 1453 Postquam
2124 1400 2242 1439 vero
2270 1384 2465 1453 liquido
2506 1385 2741 1459 cognouit
2764 1384 2891 1457 quid
2932 1386 3145 1451 diceret,
3175 1403 3402 1443 errorem

1813 1481 1932 1551 ejus
1958 1478 2214 1551 coarguit,
2267 1476 2539 1546 dilatisque
2564 1477 2848 1531 rationibus
2869 1494 2929 1531 ac
2954 1479 3403 1535 demonstrationi-

1814 1569 1909 1625 bus
1938 1570 2225 1625 conuictum
2255 1569 2531 1635 hominem,
2562 1570 2709 1638 quasi
2734 1584 2889 1635 manu
2914 1570 3306 1641 apprehendens
3334 1571 3403 1625 ad

1814 1662 2044 1729 veritatis
2094 1662 2230 1716 viam
2274 1660 2549 1732 perduxit,
2598 1669 2644 1714 et
2690 1661 2760 1715 ad
2812 1662 3081 1732 pristinam
3126 1678 3404 1732 sanamque

115 1762 237 1808 nem
270 1752 540 1807 iecimus:
572 1750 849 1823 lntelligas
889 1752 1024 1806 enim
1058 1752 1147 1822 qui
1191 1751 1361 1807 dicere
1404 1754 1581 1817 audet,
1609 1750 1712 1820 fuit
1740 1752 1790 1816 Β
1815 1755 2121 1811 sententiam
2167 1755 2438 1811 reuocauit.
2487 1753 2681 1809 Extant
2729 1753 2998 1826 hodieque,
3039 1764 3148 1809 tum
3188 1753 3403 1827 Berylli.

117 1844 397 1915 aliquando
435 1859 555 1899 cum
600 1860 703 1899 non
749 1852 882 1899 esset
911 1839 1106 1909 Filius,
1161 1843 1465 1901 concedunt
1502 1844 1713 1899 Domini

117 1939 400 1996 Ballerinii
433 1939 486 1995 in
514 1938 951 1996 adnotationibus
993 1938 1064 1994 ad
1091 1938 1383 2010 septimum
1431 1946 1713 1994 tractatum

120 2032 175 2087 S.
220 2031 464 2088 Zenonis
495 2030 590 2088 lib.
624 2048 685 2097 ll,
729 2030 863 2087 alios
908 2030 1160 2104 quosdam
1210 2030 1347 2086 hunc
1395 2046 1619 2085 errorem
1660 2029 1718 2084 id

123 2127 367 2198 temporis
393 2126 651 2181 docuisse.
699 2126 769 2181 At
794 2125 850 2180 in
894 2123 1295 2181 dissertationis
1326 2124 1517 2194 primae
1541 2121 1716 2193 capite

126 2219 297 2288 primo
340 2216 461 2290 μ,
510 2232 675 2273 unum
724 2226 818 2273 aut
865 2217 1093 2272 alterum
1138 2216 1510 2272 tantummodo
1552 2215 1719 2270 fuisse

126 2310 331 2380 opinari
362 2309 618 2365 videntur
650 2309 805 2379 hujus
820 2310 1025 2363 erroris
1054 2316 1403 2364 assertorem.
1432 2305 1628 2361 Fuisse
1665 2305 1721 2359 id

128 2418 322 2473 quoque
347 2401 595 2470 temporis
636 2401 797 2453 alium
838 2400 1084 2469 aliquem,
1116 2400 1201 2468 qui
1230 2398 1283 2451 id
1311 2396 1536 2465 doceret,
1582 2397 1721 2467 quod

130 2495 301 2548 Ariani
324 2494 549 2547 subinde
570 2493 806 2547 docuere.
830 2489 885 2546 8.
915 2506 1127 2562 quoque
1145 2490 1461 2562 Dionysium
1490 2489 1725 2545 Alexan-

131 2586 340 2640 drinum
372 2583 672 2639 adducunt.
709 2583 766 2639 lu
795 2583 1031 2655 Egyplo
1053 2582 1266 2652 quidem
1297 2582 1475 2640 extitit
1499 2580 1557 2638 S.
1595 2582 1720 2655 Dio:

130 2677 313 2747 nysius
337 2675 766 2741 Alexandrinus,
795 2652 1042 2746 Origenis
1054 2674 1373 2743 discipulus,
1398 2675 1492 2745 qui
1528 2652 1725 2728 unum

136 2768 351 2825 Arianis
377 2768 728 2839 praecineret,
760 2765 854 2823 sed
882 2776 941 2821 ut
964 2765 1286 2821 Sabelliame
1310 2764 1502 2820 hieresi
1535 2765 1589 2825 in,
1614 2764 1724 2836 Lg-

134 2861 228 2916 bia‘
256 2861 601 2932 ﬁnitimisque
654 2860 944 2916 nationibus
974 2860 1225 2932 grassanti
1273 2874 1382 2914 sese
1422 2866 1720 2928 opponeret,

138 2971 246 3009 eam
271 2955 586 3010 locutionem
604 2955 813 3009 incaute
832 2956 1123 3021 usurpavit.
1152 2952 1286 3007 Tum
1314 2961 1524 3007 narrata
1556 2951 1724 3021 ipsius

137 3050 371 3123 Dionysii
421 3049 491 3105 ad
544 3062 812 3105 summum
864 3044 1174 3119 pontiﬁcem
1223 3045 1537 3116 Dionysium
1581 3044 1728 3098 dela—

1818 1860 1927 1904 tum
1952 1848 2157 1920 Synodi
2186 1848 2349 1917 ipsius
2368 1862 2526 1902 causa
2547 1856 2871 1921 congregatis
2898 1846 3035 1901 edita
3056 1857 3404 1913 monumenta,

1817 1942 1870 1995 in
1898 1939 2100 2010 quibus,
2144 1949 2191 1993 et
2222 1940 2592 2009 disputationes
2630 1940 2685 1993 in
2716 1936 2951 2006 Ecclesia
2974 1942 3085 2011 ejus
3112 1938 3320 2004 habita,
3361 1931 3432 1993 et'

1820 2032 2048 2107 singula,
2081 2046 2196 2103 qua:
2223 2040 2342 2086 tunc
2382 2042 2525 2105 gesta
2569 2039 2707 2097 sunt,
2753 2031 3096 2086 continentur.
3135 2029 3296 2086 Vides
3324 2028 3414 2085 hic

1820 2127 2085 2198 plurimos
2108 2124 2406 2194 Episcopus
2432 2124 2499 2179 de
2521 2138 2708 2179 errore
2734 2122 2939 2195 Berylli
2961 2120 3286 2191 quaestiones
3316 2122 3411 2176 ba-

1821 2217 2040 2283 bnisse;
2069 2217 2333 2289 synodqu
2367 2215 2641 2278 habitam;
2668 2215 3083 2285 disputationes,
3110 2223 3270 2284 atque
3296 2229 3411 2269 mo-

1824 2318 2081 2364 numenta
2107 2308 2345 2377 vulgata,
2377 2323 2498 2376 qua:
2533 2306 2577 2361 si
2608 2314 2727 2376 post
2756 2316 2971 2361 centum
2995 2306 3211 2361 circiter
3240 2319 3411 2360 annos

1825 2400 1959 2455 vidit
2000 2399 2290 2465 Eusebius,
2323 2398 2493 2469 potuit
2534 2408 2591 2454 et
2629 2396 2860 2453 Gallieni
2903 2408 3144 2468 tempore
3173 2400 3231 2455 S.
3265 2397 3414 2453 Zeno

1827 2490 2032 2546 videre.
2064 2490 2275 2545 Vidisse
2296 2502 2471 2546 autem
2495 2499 2549 2545 et
2592 2488 2649 2546 S.
2676 2490 2988 2545 Antitistem
3015 2499 3068 2545 et
3095 2492 3229 2544 alios
3262 2491 3413 2561 Epis~

1826 2601 2015 2655 capos,
2054 2585 2400 2652 Sacerdotes,
2447 2596 2608 2655 atque
2651 2586 2861 2654 aliquos
2892 2583 3103 2639 Fideles
3131 2584 3416 2640 sincerita-

1829 2678 1899 2733 tis
1926 2677 2078 2734 Fidei
2119 2678 2415 2743 studiosos,
2447 2687 2502 2733 et
2537 2679 2838 2733 innotuisse
2868 2678 2919 2732 in
2953 2677 3215 2744 Ecclesia,
3244 2693 3313 2733 ex
3348 2693 3413 2733 eo

1828 2753 2059 2831 constat.
2084 2769 2228 2841 quod
2260 2769 2317 2826 S.
2369 2778 2555 2827 noster
2586 2769 2782 2825 Doctor
2812 2785 2909 2840 pro
2934 2770 3195 2825 concione
3231 2778 3417 2825 contra

1828 2862 2079 2918 eumdem
2108 2862 2428 2918 disseruerit
2461 2877 2729 2918 errorem.
2820 2908 2824 2913 λ

1904 2956 1980 3011 De
2007 2954 2247 3026 Dionysii
2270 2954 2625 3011 Alexandrini
2651 2953 3043 3025 quaestionibus
3058 2954 3334 3026 quomodo
3364 2969 3424 3012 se

1832 3062 1920 3103 res
1938 3047 2185 3105 habuerit
2208 3058 2393 3103 narrat
2410 3048 2467 3105 S.
2494 3048 2821 3103 Athanasius
2846 3046 2950 3120 (De
2968 3059 3101 3103 sent.
3131 3046 3383 3120 Dionys.)
3408 3066 3421 3105 :

139 3144 294 3208 tione,
329 3141 494 3213 hujus
544 3140 969 3212 reprehensione
999 3136 1448 3209 ac'Alexaudrini
1478 3136 1722 3208 Dionysii
1751 3135 1799 3201 C
1833 3141 2007 3207 Quum
2048 3141 2205 3214 igitur
2252 3140 2535 3212 Dionysius
2580 3140 2873 3213 Episcopus
2917 3142 3103 3197 certior
3148 3146 3317 3213 factus
3364 3144 3428 3197 de

137 3235 467 3297 defensione,
500 3222 919 3303 prosequuntur.
966 3229 1081 3284 Hoc
1128 3246 1247 3300 ergo
1289 3244 1353 3283 ea:
1381 3228 1599 3284 historia
1636 3243 1727 3281 ea:-

139 3324 393 3393 ploratum
436 3324 517 3394 fit,
550 3325 697 3378 tertio
742 3321 943 3391 quidem
986 3323 1174 3376 sweulo
1226 3336 1341 3376 eam
1381 3322 1658 3391 formulam
1697 3338 1729 3375 (ι

140 3416 396 3472 nonnullis
445 3420 503 3471 in
548 3420 662 3471 sola
714 3432 912 3487 quoque
960 3414 1197 3487 £gypto
1250 3415 1533 3468 adhibitam
1572 3413 1730 3484 (unde

148 3512 317 3579 paucis
356 3512 412 3565 in
452 3513 797 3565 monumentis
827 3510 1237 3564 Alexandrinam
1279 3508 1567 3562 Ecclesium
1613 3522 1729 3575 spe-

141 3608 388 3660 ctantibus
432 3604 663 3675 legitur),
716 3614 764 3659 et
804 3620 864 3659 ea
928 3603 1216 3657 adhibitam
1245 3612 1424 3666 mente,
1459 3599 1730 3667 ut,Sabel-

142 3696 328 3752 lienam
368 3698 607 3753 haeresim
651 3694 921 3751 Catholica
966 3711 1117 3750 sensu
1167 3694 1481 3765 refellerent,
1524 3708 1626 3745 non
1674 3699 1729 3744 ut

141 3806 313 3843 novam
348 3790 657 3843 inducerent
697 3798 851 3859 atque
898 3788 1244 3858 defenderent.
1276 3784 1358 3839 Ex
1395 3802 1496 3855 quo
1529 3782 1731 3855 Diony-

141 3881 237 3934 sius
266 3881 651 3936 Alexandrinus
696 3883 1049 3935 commonitus
1077 3895 1188 3933 eam
1230 3879 1508 3949 formulam
1546 3876 1731 3945 displi-

143 3989 265 4037 cere,
298 3976 352 4027 in
381 3973 636 4044 Apologia
663 3972 985 4027 Catholicam
1012 3973 1196 4043 dogma
1227 3972 1298 4023 ita
1325 3971 1513 4023 diserte
1539 3969 1731 4038 confir-

143 4067 311 4129 mavit,
336 4075 391 4119 ut
417 4065 505 4135 qui
545 4081 606 4119 ea:
632 4064 867 4134 Antiquis
896 4064 1007 4117 Arii
1041 4078 1267 4119 errorem
1296 4061 1553 4131 Dionysio
1584 4064 1732 4114 uehe—

143 4163 350 4215 mentius
378 4160 787 4230 luculentiusque
809 4162 1041 4228 reiecerit
1062 4161 1294 4213 inventus
1321 4159 1384 4212 sit
1408 4174 1571 4210 nemo.
1603 4155 1730 4223 Quis

144 4253 299 4323 itaque
335 4264 522 4308 contra
562 4253 697 4306 hunc
736 4253 814 4307 vel
853 4253 1077 4322 aliquem
1108 4254 1267 4305 alium
1313 4251 1542 4320 ejusdem
1573 4264 1727 4320 gene-

145 4350 231 4412 ris,
278 4349 457 4407 etJoci
496 4348 777 4412 hominem,
825 4358 1087 4418 tamquam
1130 4346 1243 4399 Arii
1290 4359 1488 4397 errores
1537 4357 1731 4413 propu-

147 4448 375 4510 gnantem
405 4443 519 4496 istis
564 4441 615 4494 in
647 4439 941 4494 Occidentis
979 4437 1273 4511 regionibus
1309 4452 1469 4489 unum
1499 4445 1729 4489 nostrum

1831 3230 2270 3303 Pentapolitanis,
2310 3235 2423 3287 zelo
2463 3234 2727 3307 religionis
2770 3234 3044 3299 epistolam
3072 3235 3225 3303 hanc,
3254 3251 3431 3305 quem-
3523 3293 3535 3301 ,

1831 3326 2111 3381 admodum
2137 3326 2249 3381 dixi
2268 3336 2450 3381 contra
2474 3328 2706 3383 haeresim
2752 3327 2981 3384 Sabellii
3007 3330 3077 3384 ad
3106 3330 3430 3385 Ammonium

1832 3432 1879 3476 et
1908 3421 2299 3494 Euphranorem
2323 3424 2630 3494 scripsisset.
2664 3422 2885 3489 Quidam
2917 3440 2981 3478 ea:
3021 3422 3265 3479 Ecclesia
3293 3434 3427 3479 recte

1831 3504 2038 3585 quidem
2081 3518 2372 3583 sentientes,
2425 3516 2516 3571 sed
2547 3526 2715 3570 tamen
2757 3516 2928 3591 ignari
2978 3518 3089 3584 ejus
3116 3534 3306 3582 causa,
3334 3535 3427 3572 cur

1833 3609 1904 3661 ita
1930 3608 1992 3663 ab
2022 3626 2078 3664 eo
2109 3596 2355 3679 scriptum
2398 3619 2549 3675 esset,
2598 3611 2814 3665 Romani
2853 3616 3215 3679 ascenderunt,
3258 3612 3427 3682 ibique

1834 3718 1947 3755 eum
1972 3702 2113 3770 apud
2134 3700 2442 3773 Dionysium
2464 3702 2690 3773 eiusdem
2720 3704 2943 3757 nominis
2977 3701 3269 3769 [ioniannm
3289 3721 3428 3777 prte-

1833 3796 1996 3847 sulem
2020 3807 2409 3848 accusauerunt.
2444 3794 2522 3849 Re
2549 3806 2808 3864 compertu
2833 3796 3215 3850 Alexandrinus
3243 3797 3423 3865 simul,

1836 3894 1880 3938 et
1908 3897 2086 3939 contra
2128 3884 2344 3939 Sabellii
2378 3873 2673 3953 sectatores,
2706 3898 2755 3941 et
2787 3886 2896 3941 Arii
2923 3886 3184 3960 dogmata,
3220 3901 3428 3960 prapter

1833 3992 1949 4047 qua:
1973 3978 2036 4030 ab
2064 3975 2299 4031 Ecclesia
2342 3978 2534 4048 ejectus
2559 3978 2677 4049 fuit,
2729 3965 2962 4033 uolumen
3005 3982 3310 4051 composuit,
3340 3984 3427 4037 ubi

1832 4068 2074 4137 a'quales,
2124 4066 2214 4122 sed
2255 4078 2424 4122 tamen
2463 4071 2749 4125 contrarias
2780 4072 2998 4126 hmreses
3045 4090 3154 4128 esse
3196 4075 3343 4129 docet
3372 4076 3427 4128 in

1837 4159 2056 4215 Sabellii
2101 4161 2379 4234 dogmatis,
2422 4170 2467 4215 et
2505 4161 2850 4230 blasphemiae
2890 4180 3089 4230 eorum,
3118 4162 3207 4235 qui
3254 4167 3431 4221 dicunt

1836 4250 1932 4307 Dei
1970 4251 2189 4307 Verbum
2216 4270 2367 4325 Opus,
2396 4264 2484 4307 aut
2506 4265 2796 4308 creaturam
2826 4272 2977 4323 esse;
3006 4260 3429 4326 postulavitqnea
3478 4246 3481 4250 Α

1835 4343 2074 4398 Romano
2102 4344 2360 4412 Prwsule,
2383 4356 2438 4400 ut
2460 4357 2575 4400 acta
2611 4347 2707 4401 sibi
2735 4348 3006 4416 indicaret,
3038 4350 3219 4418 quibus
3248 4330 3427 4421 acc‘ep-

1810 4438 1919 4517 qtis,
1964 4454 2092 4507 opus
2115 4438 2276 4492 edidit
2329 4438 2421 4492 sub
2463 4441 2667 4494 nomine
2711 4438 2909 4493 clenchi
2948 4451 2995 4494 et
3025 4440 3298 4515 apologiw,
3341 4442 3429 4496 ubi

148 4535 461 4604 Scriptorem
485 4550 580 4605 pro
611 4536 853 4588 concione
873 4532 1087 4603 pluries,
1117 4540 1163 4585 et
1192 4530 1378 4583 acriter
1399 4528 1726 4593 disseruisse,
1754 4528 1810 4590 Β
1836 4530 2136 4583 sceleratum
2166 4530 2387 4600 ofﬁcium
2419 4528 2611 4585 Christi
2638 4532 2903 4585 rebellium
2932 4533 3216 4603 redarguit,
3254 4543 3302 4587 et
3327 4551 3426 4602 quo

148 4640 189 4681 et
218 4645 314 4684 non
342 4632 513 4698 potius
540 4627 794 4697 intelligat
826 4626 887 4679 ab
923 4625 1023 4678 hoc
1052 4625 1223 4695 palam
1257 4623 1551 4695 impugnari
1577 4622 1727 4674 Aria-

149 4736 234 4774 nos
258 4722 452 4776 sweulo
472 4728 653 4791 quarto
683 4719 887 4788 ubique,
916 4734 977 4770 ac
995 4718 1275 4785 prwsertim
1306 4717 1360 4769 in
1388 4716 1527 4768 hisce
1558 4713 1730 4767 Italia:

152 4815 324 4881 ﬁnibus
357 4818 491 4869 duce
529 4815 781 4868 Auxentio
824 4811 1229 4876 debacchantes;
1267 4809 1395 4865 Cum
1442 4809 1729 4880 prtesertim

154 4925 246 4962 non
275 4926 385 4963 eam
429 4911 617 4976 solam,
646 4924 763 4980 qua:
788 4908 841 4961 in
887 4906 947 4963 S.
984 4905 1236 4977 Dionysio
1263 4905 1615 4959 Alexandrino
1646 4919 1728 4957 re-

152 5004 388 5071 prehensa
419 5004 540 5074 fuit,
568 5004 656 5057 sed
682 5003 813 5057 alias
842 5001 1014 5073 plures
1038 5000 1321 5055 locutiones
1352 5015 1415 5053 ex
1442 4998 1726 5070 proposito,

154 5104 194 5147 et
230 5100 411 5167 sapius
440 5100 708 5171 impugnet
757 5106 876 5151 ante
906 5095 1083 5149 Arium
1130 5094 1321 5149 nemini
1365 5107 1604 5163 umquam
1630 5108 1729 5145 au-

153 5190 294 5245 ditas.
536 5192 547 5204 ⁸

219 5284 410 5357 Berylli
464 5288 643 5357 itaque
686 5284 959 5350 haeresim,
1004 5293 1060 5341 et
1088 5280 1331 5353 Dionysii
1378 5277 1727 5334 Alexandrini

156 5378 430 5431 verborum
484 5379 691 5448 lapsum
734 5388 1004 5445 tamquam
1056 5391 1169 5429 rem
1214 5371 1540 5427 domcSticos
1584 5372 1725 5424 inter

160 5470 377 5535 parietes
416 5479 615 5533 actam,
655 5470 1033 5537 occultamque
1079 5466 1263 5520 volunt
1314 5464 1585 5518 Ballerinii
1620 5480 1632 5515 :
1678 5472 1731 5515 at

162 5557 253 5614 hoc
282 5578 382 5616 non
412 5564 609 5632 patitur
635 5577 824 5616 eorum
856 5570 1155 5629 temporum
1182 5558 1427 5611 historia.
1453 5555 1591 5623 Quid
1625 5556 1731 5609 Eu-

168 5655 330 5709 sebius
377 5656 444 5711 de
501 5655 713 5726 Bcryilo
768 5662 995 5710 lestetur
1044 5652 1325 5706 audiamus
1369 5650 1540 5720 (Hist.
1590 5650 1625 5702 l.
1656 5665 1685 5702 v
1714 5691 1728 5716 ,

165 5762 204 5798 τ.
230 5746 340 5818 25).
371 5748 511 5804 Tunc
553 5748 794 5819 temporis
837 5745 1075 5816 Beryllus
1117 5746 1180 5799 de
1219 5762 1315 5813 quo
1354 5745 1585 5805 superius
1616 5742 1729 5795 dic-

1717 6016 1775 6027 ar...
1790 6020 1795 6027 ι.

1834 4632 1981 4692 pacto
2008 4622 2140 4676 hanc
2168 4624 2438 4691 infamiam
2469 4634 2647 4678 contra
2675 4625 2845 4695 ipsum
2865 4627 3156 4691 excitarint,
3190 4629 3431 4682 demons-

1834 4723 1954 4767 trat.
1989 4714 2649 4785 PentapolilanisSabellii
2681 4717 2872 4771 narresi
2898 4716 3128 4780 infectis,
3161 4728 3218 4771 ut
3240 4734 3334 4774 eos
3358 4720 3426 4776 ad

1835 4806 2021 4862 Fidem
2056 4822 2335 4864 revocaret
2364 4810 2420 4865 S.
2460 4810 2744 4879 Dionysius
2772 4810 3166 4865 Alexandrinus
3196 4812 3261 4866 ad
3290 4812 3427 4869 Am~

1836 4901 2075 4957 monium
2112 4913 2165 4958 et
2207 4904 2610 4973 Euphranorem
2655 4902 2803 4955 dedit
2841 4903 3148 4971 epistolam,
3208 4922 3275 4961 ex
3322 4924 3429 4977 qua

1834 4989 2104 5049 dissensio
2128 5004 2243 5048 orta
2271 5004 2373 5059 est,
2406 5002 2461 5046 ut
2486 4993 2624 5046 idem
2649 4992 2973 5046 Athanasius
3002 5004 3249 5051 tesuatur.
3280 4996 3432 5053 Unde

1835 5091 2061 5161 suspicio
2092 5098 2210 5143 nata
2236 5098 2326 5141 est.
2370 5086 2503 5140 Cum
2530 5086 2579 5138 in
2611 5083 2798 5138 eadem
2828 5086 3053 5156 epistola
3077 5090 3322 5159 qumdatu
3354 5093 3429 5148 ie-

1835 5193 2091 5256 gerentur
2112 5180 2408 5234 sinceritati
2442 5176 2589 5230 Fidei
2625 5191 2729 5229 non
2762 5176 3084 5246 euulormia,
3115 5184 3332 5250 quidam
3361 5202 3431 5240 ex

1838 5276 2076 5331 Ecclesia
2113 5272 2328 5325 Romam
2378 5269 2738 5333 ascenderunt,
2772 5268 2941 5340 ibique
2968 5288 3084 5325 eum
3129 5277 3272 5342 apud
3304 5276 3430 5330 Dia-

1837 5371 2042 5441 nysium
2082 5365 2309 5438 ejusdem
2356 5362 2579 5416 nominis
2626 5361 2915 5416 Romanum
2951 5364 3233 5421 Pl'tPSllICm
3278 5387 3433 5423 accu-

1842 5469 2104 5517 saverunt.
2137 5457 2253 5511 Non
2295 5458 2474 5525 itaque
2520 5456 2572 5509 in
2616 5458 2834 5511 scriniis
2864 5463 3088 5515 occulta:
3135 5464 3324 5517 iittcrzc
3364 5465 3433 5519 ad

1841 5551 2183 5607 AmmOnium
2224 5558 2278 5602 et
2305 5547 2717 5617 Euphranorem
2758 5551 3049 5615 latuerunt,
3108 5556 3199 5609 sed
3244 5554 3435 5610 Ερριρ.

1840 5646 1933 5701 site
1965 5645 2312 5696 iunoluernnt
2346 5638 2747 5694 Alexandrum.
2799 5642 3024 5708 Quidam
3052 5646 3249 5698 etenim
3283 5662 3343 5699 ea:
3368 5664 3428 5701 ea

1842 5735 2096 5799 Ecclesia,
2143 5748 2211 5787 ex
2251 5731 2370 5801 ejus
2410 5732 2619 5788 scilicet
2652 5733 2903 5788 Ecclesiae
2931 5734 3109 5800 Cicro,
3152 5746 3204 5791 et
3250 5748 3301 5792 ιιι
3336 5755 3431 5808 par
