3822 6220
330 227 435 281 653

1451 225 1538 280 DE
1569 224 1814 281 SANCTI
1854 223 2143 280 ZENONIS
2186 223 2454 282 EPOClIA

3515 231 3610 286 656

325 354 408 394 est
457 323 710 403 credere,
763 341 829 392 ab
882 339 1070 392 eodem
1130 336 1290 390 Clcro
1338 336 1578 406 deputati
1636 337 1918 409 (agebatur
1946 346 1992 400 A
2019 337 2438 394 Coucedendum
2477 338 2657 410 itaque
2687 340 2928 396 Dominis
2972 339 3276 395 Balleriniis
3321 340 3376 395 S.
3420 342 3624 422 Diony-l

330 434 471 487 enim
508 417 823 502 deproprin
869 431 1131 500 EpiSCopo
1179 444 1361 483 ent-am
1411 430 1634 483 Summo
1666 431 1919 500 pontilicc

329 523 653 594 accusando)
696 525 911 585 [tantam
953 522 1310 586 ascenderunt,
1355 521 1524 591 ibique
1551 537 1736 576 eum...
1768 539 1920 576 accu-

229 597 240 607 θ
329 628 581 673 saverunt.
615 616 833 670 Puhlica
863 615 1135 669 accusatio
1173 616 1241 669 ab
1283 614 1522 669 Ecclesia
1560 615 1917 669 Alexandrina

328 720 513 767 contra
574 725 726 764 suum
781 709 1108 778 Episcopum
1159 708 1383 762 Romam
1437 707 1580 777 apud
1637 708 1916 764 Summum

329 805 644 859 Pontilicem
699 803 916 868 delata,
988 801 1231 872 potuitne
1273 800 1372 856 toti
1416 802 1584 856 Italia:
1626 802 1918 858 occultari?

324 900 511 956 Nonne
538 910 586 954 et
614 894 862 953 omnibus
890 896 1052 953 Orbis
1084 896 1341 952 Ecclesiis
1375 906 1536 951 tantae
1566 895 1644 950 rei
1673 896 1914 950 notitiam

325 1011 444 1050 cum
473 992 540 1049 de
587 993 784 1047 Christi
817 992 1105 1048 Divinitate
1147 999 1418 1062 ageretur,
1454 991 1621 1047 fuisse
1647 991 1914 1062 vulgatam

322 1088 606 1143 dicendum
679 1085 824 1142 est?
879 1085 1104 1140 Maxima
1178 1084 1442 1155 siquidem
1510 1085 1608 1139 luit
1652 1086 1704 1140 in
1793 1084 1918 1138 Dio-

319 1182 531 1254 nysium
579 1179 879 1242 contentio,
920 1179 1169 1234 maxima:
1209 1179 1454 1233 excitata:
1497 1179 1689 1240 turbae,
1733 1187 1789 1231 ut
1821 1192 1914 1245 0p-

321 1284 549 1346 portune
580 1272 942 1328 Thomasinns
983 1272 1262 1327 observat.
1306 1271 1454 1326 Serio
1482 1271 1563 1324 hic
1592 1270 1909 1340 perpenden-

321 1370 443 1422 dum
469 1376 560 1430 est,
592 1379 784 1437 quanta
810 1367 864 1420 in
904 1366 1212 1437 Dionysium
1252 1367 1502 1420 concitata
1533 1366 1596 1419 sit
1617 1374 1907 1434 tempestas,

321 1478 383 1516 ea:
407 1451 628 1530 eo'quod
655 1477 758 1513 una
783 1459 861 1514 uel
889 1460 1054 1513 altera
1071 1459 1286 1526 epistola
1307 1460 1443 1513 visus
1467 1467 1592 1513 esset
1614 1460 1910 1529 aliquantu-

316 1556 426 1610 lum
455 1555 696 1608 decedere
716 1555 778 1608 de
807 1553 1219 1608 constantissima
1273 1562 1320 1606 et
1349 1552 1705 1622 antiquissima
1732 1551 1912 1605 Eccle-

314 1651 510 1704 siarum
538 1649 767 1702 omnium
795 1647 1027 1718 doctrina
1055 1648 1110 1700 in
1137 1644 1262 1700 Filii
1293 1644 1568 1698 Diuinitate
1599 1645 1905 1714 proﬁtenda.

2024 431 2162 483 sium
2212 429 2636 486 AIeXandrinum
2689 431 2827 485 hunc
2873 430 3159 485 formulam
3198 429 3368 486 t-Cunt
3423 434 3486 485 sit
3536 450 3607 486 res

2022 522 2183 590 facta,
2215 539 2316 576 non
2348 512 2458 576 erat.
2483 534 2757 594 antequam
2782 525 2945 592 ﬁeret,
2975 538 3036 578 ea
3070 533 3253 578 mente
3280 522 3605 590 adhibuisse,

2023 623 2076 665 ut
2104 613 2455 668 Sabellianam
2483 615 2715 672 heresim
2745 615 3016 669 Catholica.
3046 631 3199 673 sensu
3230 612 3506 685 refelléret.
3534 616 3604 671 Es

2021 720 2086 760 eo
2117 716 2296 761 tamen
2328 707 2633 762 nullatenus
2665 707 3002 763 inferendum
3047 715 3149 771 est,
3198 708 3380 764 minus
3429 719 3605 766 notum

2022 799 2186 853 fuisse
2230 802 2370 853 hunc
2398 815 2659 866 errorem,
2708 811 2764 854 et
2815 801 2887 856 ob
2916 802 2965 855 id
3015 801 3236 856 minime
3282 802 3602 871 redarguen-

2020 893 2168 956 dum,
2199 893 2409 948 etiamsi
2436 901 2641 948 tantum
2685 894 2940 965 Dionysio
2968 895 3341 952 Alexandrino
3377 897 3604 958 excidis-

2020 994 2140 1049 set;
2173 987 2301 1054 quiu
2346 1002 2407 1041 ea
2450 987 2792 1055 potissimum
2827 989 3036 1044 ratione
3063 988 3274 1060 publice
3313 991 3604 1063 reprehen-

2017 1078 2225 1134 dcndus
2253 1088 2390 1145 erat,
2422 1094 2491 1133 ne
2520 1079 2872 1135 Alexandrini
2913 1081 3156 1150 Dionysii
3193 1083 3511 1150 auctoritas,
3555 1092 3601 1138 et

2017 1171 2276 1227 sanctitas
2306 1172 2479 1227 errori
2510 1173 2816 1246 spargendo
2841 1175 3228 1231 obstetricante
3258 1178 3421 1238 veluti
3450 1194 3602 1236 manu

2017 1264 2312 1318 maximum
2343 1265 2555 1335 pondus
2602 1278 2656 1322 et
2696 1270 3034 1324 occasionem
3067 1271 3356 1339 praeberet.
3400 1273 3512 1342 Qua
3545 1274 3603 1329 de

2015 1373 2073 1411 re
2102 1357 2283 1411 mitius
2307 1373 2431 1413 cum
2461 1359 2556 1414 illo
2584 1375 2769 1430 agens,
2791 1362 2863 1416 ita
2885 1373 3103 1419 monet:
3141 1363 3422 1419 Videamus
3450 1383 3598 1434 nunc,

2016 1451 2205 1518 optime
2247 1449 2558 1517 Christiane,
2607 1454 3038 1524 quemadmodum
3077 1458 3210 1512 inter
3271 1457 3478 1515 Patrem
3519 1458 3599 1513 Fi-

2013 1544 2239 1615 liumque
2278 1557 2479 1616 tempus
2515 1546 2760 1615 infulcias
2789 1537 2817 1602 εδ
2839 1549 2902 1604 Si
2939 1551 3074 1604 enim
3118 1553 3346 1626 tempori
3388 1570 3490 1607 non
3515 1554 3600 1608 sibi

2013 1634 2212 1701 debent,
2241 1637 2380 1706 quod
2399 1647 2472 1691 est
2499 1638 2629 1692 alter
2655 1639 2809 1694 alteri
2856 1631 3128 1705 obnoxius,
3157 1642 3342 1712 procul
3371 1644 3528 1699 dubio
3552 1655 3598 1698 ut

319 1741 441 1798 Nm.
462 1743 596 1796 enim
621 1741 1031 1809 constanti-“ima
1058 1739 1235 1808 fuisse,
1257 1756 1335 1804 ea,
1366 1747 1412 1792 ει
1437 1739 1777 1794 ηειαειεδείηιη
1803 1736 1902 1792 Ec.
1934 1739 1982 1799 Β
2012 1736 2065 1780 tu
2095 1729 2189 1790 vis.
2218 1732 2386 1800 major
2410 1741 2483 1787 est
2511 1742 2717 1799 natura,
2747 1751 2902 1804 quam
2935 1735 3097 1792 Deus.
3130 1737 3195 1792 At
3221 1756 3340 1794 cum
3368 1753 3596 1797 naturam

313 1834 587 1889 clesinrum
616 1831 792 1896 Fides,
825 1850 926 1886 non
954 1833 1022 1885 ad
1052 1849 1163 1887 eam
1206 1832 1456 1884 adductus
1498 1832 1678 1902 [uisset
1703 1829 1904 1902 Diony-

310 1929 420 1982 sius
471 1927 552 1981 sui
574 1927 829 1997 purgandi
871 1925 1236 1989 necessitatem,
1279 1939 1381 1976 non
1427 1922 1566 1993 apud
1597 1921 1904 1993 Dionysium

312 2019 561 2075 Romana:
586 2016 833 2072 Ecclesiae
878 2017 1170 2070 Antistitem
1201 2015 1255 2068 in
1289 2015 1481 2069 crimen
1519 2023 1723 2068 uocatus
1750 2024 1900 2079 esset,

311 2130 416 2169 non
455 2114 500 2167 ei
529 2130 581 2168 se
610 2130 699 2182 per
738 2110 976 2183 epistolas
1015 2124 1236 2180 purgare
1271 2107 1564 2187 compulsus
1592 2108 1792 2176 fuisset.
1824 2106 1901 2161 Ita

312 2206 706 2270 Thomasinus,
776 2205 860 2258 cui
923 2201 1280 2271 adstipulatur
1331 2200 1560 2269 ipsemet
1609 2198 1901 2270 Dionysius

310 2299 709 2356 Alexandrinus
741 2297 792 2352 in
833 2294 1092 2364 Apologia
1132 2293 1199 2348 ad
1244 2292 1540 2348 Romanum
1583 2291 1898 2347 Pontilicem

306 2392 642 2464 Dionysium.
676 2388 931 2445 Craterum
968 2389 1075 2442 hazc
1113 2394 1158 2440 et
1185 2385 1476 2441 istiusmodi
1502 2402 1535 2438 a
1563 2400 1642 2437 me
1683 2385 1895 2453 scripta,

302 2487 451 2557 quasi
490 2485 811 2541 mentientes
867 2481 1198 2536 dissimulant
1241 2496 1296 2534 se
1323 2479 1511 2541 videre,
1556 2478 1900 2532 sententiolis-

305 2595 403 2650 que
430 2577 702 2631 inconditis
731 2575 887 2630 ueluti
921 2573 1062 2628 saxis
1087 2575 1283 2626 eminus
1327 2587 1408 2625 me
1437 2571 1670 2641 lapidare
1706 2586 1899 2623 conan-

306 2682 410 2725 tur.
442 2669 582 2736 Quid
604 2669 797 2737 mirum
829 2666 993 2736 igitur
1014 2664 1060 2719 si
1077 2663 1407 2720 Veronensis
1429 2662 1633 2718 Prtesul
1663 2662 1720 2718 S.
1745 2662 1894 2716 Zeno

305 2759 574 2829 errorem,
615 2777 722 2831 quo
748 2758 1033 2830 Dionysius
1061 2757 1469 2812 insimulabatur
1499 2772 1594 2824 pro
1631 2757 1896 2810 concione

303 2857 747 2930 reprehenderit,
799 2856 912 2924 ipsa
954 2851 1382 2922 reprehendendi
1437 2850 1661 2905 ratione
1699 2848 1892 2938 suﬂ'ra-

298 2961 481 3024 gante,
514 2959 569 3005 ut
601 2949 922 3009 notavimus.
954 2946 1089 3000 Illud
1117 2944 1324 3000 accedit
1353 2945 1516 2998 etiam
1545 2944 1612 2998 ad
1641 2945 1895 3014 quaestio-

299 3044 385 3099 nis
412 3043 570 3112 hujus
603 3039 1096 3096 manifestissimam
1135 3049 1190 3092 et
1221 3037 1486 3106 publicam
1520 3036 1764 3090 notitiam
1796 3035 1891 3091 de—

2010 1836 2075 1874 ea:
2099 1821 2262 1876 nihilo
2291 1825 2472 1893 fecerit
2496 1823 2748 1891 Christus,
2779 1829 2845 1880 sit
2873 1837 3044 1883 autem
3070 1845 3134 1883 ea:
3150 1841 3342 1888 natura
3367 1844 3592 1904 tempus;

2007 1915 2238 1983 ineptum
2275 1919 2400 1971 satis
2433 1929 2506 1973 est
2537 1936 2664 1991 opus
2692 1937 2785 1975 suo
2809 1937 3111 1991 praeponere
3136 1925 3341 1996 Artiﬁci
3368 1944 3388 1980 :
3411 1945 3472 1981 ac
3511 1947 3592 1996 per

2003 2001 2104 2058 hoc
2155 2007 2320 2060 solum
2373 2008 2579 2063 interest
2631 2011 2771 2079 quod
2834 2013 2934 2066 soli
2983 2031 3036 2068 se
3093 2017 3262 2070 sciunt
3289 2017 3329 2093 _(
3354 2017 3416 2074 S.
3464 2019 3594 2075 Zeno

2003 2113 2155 2151 serm.
2190 2113 2288 2164 vn,
2319 2098 2355 2152 ι.
2385 2098 2484 2171 11).
2519 2101 2699 2156 Libuit
2748 2102 2804 2158 S.
2838 2104 3070 2161 Zenonis
3114 2110 3276 2163 verba
3307 2115 3550 2179 repetere
3579 2131 3591 2166 :

2002 2191 2117 2260 ipsa
2139 2193 2340 2247 etenim
2375 2209 2470 2264 per
2496 2210 2616 2250 sese
2646 2196 3079 2255 Alexandrinum
3105 2201 3420 2278 Dionysium
3439 2222 3593 2263 com-

2003 2286 2189 2355 pellari
2217 2289 2590 2346 demonstrant
2629 2292 2904 2349 rhetorico
2942 2312 3095 2352 more
3131 2298 3258 2354 licet
3293 2301 3585 2359 absentem.

1998 2378 2332 2437 Charitatem
2361 2384 2588 2453 spirant,
2622 2393 2888 2463 summam
2922 2387 3032 2444 Viri
3073 2390 3386 2462 opinionem
3415 2398 3590 2466 expri-

2001 2482 2173 2537 munt,
2207 2474 2379 2538 brevi,
2409 2486 2463 2530 at
2490 2481 2740 2550 energica
2762 2480 2814 2535 vi
2841 2475 3080 2538 errorem
3106 2485 3368 2542 evincunt
3401 2489 3588 2562 Diony-

2001 2567 2157 2624 siano
2190 2569 2418 2638 tempori
2449 2572 3033 2631 accommodatissima.

2071 2664 2141 2716 At
2184 2680 2287 2716 111111
2333 2665 2387 2719 111
2431 2681 2537 2746 uno
2577 2667 2941 2724 Alexandrino
2986 2671 3285 2744 Dionysio,
3341 2693 3512 2749 neque
3560 2694 3585 2731 a

1959 2754 2275 2810 -ttnnnttl|is
2314 2757 2471 2811 tertio
2514 2742 2711 2814 Smculo
2761 2762 2812 2815 in
2865 2763 2976 2819 sola
3009 2742 3278 2837 Egypto,
3321 2779 3376 2824 et
3418 2742 3589 2839 paucis

1999 2854 2204 2901 tantum
2264 2847 2315 2901 iu
2381 2852 2745 2906 monumentis
2816 2854 3236 2914 Alexandrinam
3294 2861 3581 2919 Ecclesiam

1997 2939 2365 3006 spectantibus
2385 2983 2400 3006 ,
2435 2940 2573 2997 hanc
2603 2943 2890 2999 formulam
2917 2947 3015 3018 legi
3042 2951 3450 3009 concedendum
3470 2966 3579 3019 est.

2000 3038 2056 3082 ut
2087 3039 2273 3097 putant
2303 3031 2512 3086 Domini
2543 3033 2818 3091 Ballerinii
2847 3038 2924 3107 (ά.
2954 3038 3174 3096 Dissert.
3199 3059 3248 3107 t,
3273 3062 3318 3098 c.
3353 3047 3413 3108 1,
3440 3048 3468 3120 §
3495 3049 3582 3119 2):

299 3132 753 3197 monstrandam,
811 3128 954 3201 quod
1016 3144 1120 3182 non
1167 3127 1326 3183 modo
1380 3128 1619 3196 pluribus
1677 3120 1962 3198 scriptisC
1995 3121 2133 3191 Quin
2171 3140 2266 3193 per
2312 3135 2476 3180 totam
2519 3128 2815 3184 Ecclesiam
2864 3132 3000 3188 hanc
3052 3134 3301 3192 haeresim
3351 3139 3591 3194 diﬂ‘ama-

253 3266 266 3274 ο
297 3226 544 3297 epistolis
586 3225 876 3293 Dionysius
907 3224 975 3278 ab
1011 3238 1076 3276 eo
1104 3222 1330 3276 crimine
1358 3236 1418 3277 se
1444 3220 1704 3276 defendit.
1738 3221 1887 3287 Quod

309 3320 348 3376 si
381 3317 638 3388 temporis,
684 3325 732 3369 et
760 3330 991 3386 persona:
1036 3314 1168 3367 ratio
1189 3304 1312 3366 eum
1351 3314 1419 3366 ad
1448 3312 1581 3373 talia,
1620 3313 1889 3367 scribenda

315 3411 482 3474 traxit,
523 3409 653 3462 alias
679 3423 876 3478 quoque
901 3405 1221 3476 postmodum
1251 3406 1495 3475 epistolas
1523 3407 1748 3475 scripsit,
1777 3408 1890 3479 qui-

312 3504 401 3557 bus
451 3517 504 3558 se
543 3501 606 3554 de
650 3500 938 3570 suspicione
966 3494 1234 3570 purgavit;
1279 3498 1372 3553 sed
1404 3500 1509 3554 duo
1543 3499 1710 3554 edidit
1739 3501 1890 3554 volu-

301 3595 466 3650 mina.
522 3595 757 3650 Primum
811 3603 996 3650 contra
1019 3593 1238 3648 Saliellii
1287 3593 1567 3658 haeresim,
1619 3585 1780 3650 simul
1837 3605 1892 3650 et

302 3698 490 3744 contra
519 3703 634 3754 eos,
669 3687 756 3756 qui
783 3688 835 3741 in
882 3702 1006 3740 eum
1036 3687 1369 3757 ingerebant,
1417 3688 1555 3742 male
1600 3689 1673 3743 de
1693 3689 1887 3744 Christi

303 3779 590 3834 Divinitate
627 3779 881 3834 sensisse.
914 3778 989 3832 Re
1018 3789 1276 3848 comperta
1306 3779 1700 3834 Alexandrinus
1713 3782 1884 3847 simul,

299 3880 349 3925 et
376 3880 554 3924 contra
608 3867 822 3924 Sabellii
856 3878 1147 3935 sectatores,
1183 3881 1229 3923 et
1270 3871 1380 3924 Arii
1409 3872 1716 3943 dogmata...
1745 3874 1892 3928 volu-

299 3978 413 4016 men
443 3962 724 4030 composuit
753 3960 887 4031 (Arii
916 3961 1164 4032 dogmata
1193 3960 1328 4015 dixit
1354 3963 1674 4018 Athanasius
1696 3980 1890 4035 quam-

300 4053 380 4106 vis
413 4060 490 4106 tot
516 4061 640 4105 ante
668 4051 855 4108 Arium
891 4068 1060 4106 annos
1113 4053 1390 4122 scripserit
1419 4054 1767 4126 Dionysius);
1800 4071 1890 4112 sc.

213 4188 227 4195 -
307 4146 540 4202 cundum
571 4145 816 4199 Romano
843 4145 1091 4201 Pontiﬁci
1132 4147 1371 4218 scripsit,
1399 4156 1454 4200 ut
1478 4163 1601 4203 sese
1637 4144 1895 4205 defende-

304 4247 393 4292 ret
420 4236 844 4305 :Postulavitque
885 4253 918 4289 a
963 4235 1196 4289 Romano
1248 4235 1502 4302 Prwsule,
1547 4248 1599 4290 ut
1639 4250 1754 4294 acta
1798 4241 1897 4294 sibi

304 4328 582 4394 indicaret,
609 4327 788 4395 quibus
811 4328 1053 4396 acceptis,
1088 4345 1216 4398 apus
1241 4328 1396 4382 edidit
1419 4329 1510 4383 sub
1535 4333 1738 4385 nomine
1759 4335 1899 4388 elen-

272 4424 280 4431 '
310 4422 392 4475 chi
417 4431 464 4475 et
494 4421 766 4490 apologite.
820 4419 938 4488 Ipse
963 4434 1176 4488 quoque
1204 4419 1478 4474 Romanus
1509 4421 1751 4477 Pontifex
1775 4421 1897 4478 Dio-

2000 3223 2108 3268 tam
2135 3218 2276 3271 circa
2309 3227 2546 3288 tempora
2584 3221 2819 3294 Dionysii
2852 3225 3241 3294 Alexandrini,
3299 3229 3410 3285 imo
3449 3233 3587 3288 circa

1999 3305 2208 3360 initium
2243 3310 2383 3363 tertii
2425 3313 2606 3366 surculi
2655 3330 2752 3382 pro
2781 3325 2930 3370 certo
2969 3318 3274 3375 habendum
3307 3340 3321 3376 :
3353 3323 3506 3391 Quod
3535 3333 3588 3379 ut

1997 3397 2216 3466 planum
2248 3400 2369 3465 liat,
2396 3417 2706 3473 quaz'supra
2737 3405 2804 3462 de
2833 3418 2993 3462 amate
3019 3408 3180 3480 hujus
3218 3415 3442 3470 hmrcsis
3468 3424 3589 3471 sunt

1993 3491 2216 3546 atlducza
2237 3536 2250 3555 ,
2277 3494 2342 3547 ad
2376 3505 2607 3550 tuentem
2634 3506 2761 3553 sunt
2788 3502 3089 3557 revocanda
3114 3522 3128 3555 :
3164 3504 3386 3562 Scilicet
3432 3509 3587 3563 Ebio—

1993 3584 2076 3636 nis
2101 3599 2340 3640 errorem
2385 3601 2490 3641 non
2521 3588 2574 3641 in
2604 3589 2727 3643 Asia
2759 3592 2934 3646 solum
2965 3603 3090 3648 ante
3148 3598 3372 3652 secundi
3411 3598 3590 3662 stt-culi

1993 3674 2235 3741 initium,
2270 3677 2363 3732 sed
2410 3689 2464 3733 et
2510 3677 2697 3735 Romae
2753 3682 2922 3738 fuisse
2961 3685 3270 3754 vulgatum,
3317 3704 3381 3744 ac
3403 3690 3590 3761 ,magis

1994 3768 2271 3836 magisque
2315 3768 2650 3826 diffamatum
2692 3772 3066 3832 Theodotione
3106 3786 3269 3848 atque
3310 3779 3531 3836 Artema
3561 3796 3589 3836 a

1994 3857 2219 3916 Summo
2251 3860 2508 3919 Pontilice
2536 3863 2750 3921 Victore
2776 3867 3044 3925 damnatis
3067 3871 3210 3926 circa
3235 3865 3435 3927 annum
3460 3873 3588 3929 Chr.

1993 3951 2116 4006 196.
2163 3953 2359 4010 Errare
2389 3955 2668 4027 proﬂigato
2717 3963 2989 4030 serpuisse
3017 3962 3194 4020 adhuc
3233 3967 3594 4038 deprehendi-

1993 4051 2082 4099 tur
2109 4046 2160 4099 in
2214 4047 2592 4106 Ecclesia'non
2628 4053 2790 4109 modo
2836 4053 3119 4124 Orientali,
3163 4059 3256 4114 sed
3287 4072 3340 4116 et
3380 4061 3434 4116 in
3494 4062 3593 4119 0c—

1995 4138 2272 4206 cidentali,
2326 4144 2506 4213 aliquo
2559 4153 2885 4201 tamencum
2949 4149 3342 4216 moderamine,
3398 4165 3459 4209 ut
3505 4169 3592 4210 as-

1995 4232 2173 4286 solent
2219 4234 2452 4288 hmretici
2489 4236 2555 4289 ad
2611 4237 2871 4294 Ecclesia:
2909 4255 3191 4297 censuram
3238 4245 3586 4300 eludendam.

1998 4323 2256 4376 Artemon
2305 4327 2501 4394 quippe
2548 4324 2822 4384 Christum
2872 4331 3156 4387 Dominum
3207 4334 3424 4391 dicebat
3471 4351 3592 4392 esse

1998 4415 2271 4470 hominem
2306 4428 2509 4472 tantum
2546 4434 2610 4474 ex
2642 4420 2860 4490 Virgine
2885 4433 3091 4493 natum,
3115 4425 3404 4497 Prophetis
3453 4445 3592 4500 pne-

305 4512 490 4584 nysius
523 4512 714 4567 eodem
745 4511 1042 4566 Athanasio
1072 4520 1313 4576 auctore,
1341 4512 1493 4581 cujus
1524 4514 1682 4568 verba
1707 4506 1888 4580 retuli,
1921 4500 1974 4560 D
1998 4509 2334 4595 stantiorem.
2365 4511 2620 4567 Damnata
2671 4514 2863 4569 haeresi
2891 4559 2904 4581 ,
2961 4533 3066 4572 non
3117 4519 3189 4574 ita
3239 4531 3430 4589 aperte
3474 4534 3596 4577 ante

303 4603 722 4659 commentarios
768 4604 822 4657 in
872 4604 1045 4656 lucem
1093 4601 1260 4668 dedit,
1315 4604 1510 4675 quibus
1549 4605 1892 4665 uoluminibus

306 4707 484 4750 contra
534 4712 618 4749 eos
651 4695 741 4763 qui
769 4693 970 4748 Filium
1011 4711 1141 4765 opus
1207 4703 1296 4748 aut
1340 4705 1622 4750 creaturam
1661 4715 1886 4764 asserue-

305 4799 421 4842 rant
442 4790 645 4860 scriptis
683 4789 820 4842 clare
866 4789 1172 4854 ostenditur,
1207 4788 1442 4842 heresim
1483 4788 1682 4844 Christo
1726 4792 1892 4846 rebel-

307 4878 434 4932 lium
475 4880 808 4945 Arianorum,
853 4880 956 4934 non
987 4892 1107 4933 tunc
1128 4882 1244 4950 jam
1286 4881 1530 4949 primum,
1565 4883 1656 4935 sed
1684 4882 1804 4935 olim
1831 4883 1894 4935 ab

303 4971 533 5023 omnibus
559 4970 850 5024 damnatam
877 4973 1053 5042 fuisse.
1083 4971 1160 5026 Ab
1191 4972 1451 5038 omnibus,
1481 4973 1688 5042 inquit:
1728 4976 1894 5029 omni-

309 5060 410 5115 bus
450 5062 630 5131 itaque
666 5072 843 5115 notam
883 5062 1128 5122 hazresim
1166 5064 1472 5118 damnatam
1502 5055 1672 5130 dicit;
1720 5081 1894 5136 neque

306 5151 448 5208 enim
477 5152 721 5205 damnari
752 5153 921 5221 potuit
953 5152 1020 5206 ab
1062 5154 1491 5223 omnib'us,quin
1524 5157 1685 5210 etiam
1719 5158 1891 5211 omni-

304 5248 405 5302 bus
435 5257 582 5303 esset
612 5256 757 5300 nota.
788 5247 1154 5301 Alexandrino
1184 5250 1379 5317 quippe
1406 5249 1663 5322 Dionysio
1689 5251 1889 5307 intere-

304 5350 388 5392 rat
419 5354 512 5392 sua
541 5339 743 5407 scripta
770 5353 874 5391 non
908 5339 959 5391 in
993 5339 1358 5394 Alexandrina
1389 5351 1595 5396 tantum
1625 5344 1887 5409 Ecclesia,

307 5431 401 5484 sed
433 5441 485 5485 et
518 5431 722 5494 Romae,
755 5440 809 5483 et
843 5429 896 5483 iu
930 5429 1104 5491 Italia,
1149 5439 1309 5499 atquc
1349 5421 1592 5488 universa
1625 5435 1675 5488 iu
1708 5435 1892 5490 Eccle-

306 5523 386 5576 sia
411 5524 490 5578 sui
521 5523 586 5577 ad
631 5521 1001 5577 defensionem
1029 5523 1266 5592 vulgare,
1302 5533 1357 5577 ut
1386 5512 1665 5580 infamiam.
1688 5529 1787 5584 sibi
1821 5531 1893 5584 ir-

306 5622 545 5682 rogatam
574 5615 887 5684 depclleret.
915 5614 1142 5688 Romani
1173 5628 1384 5684 qu0quc
1417 5615 1656 5686 Dionysii
1694 5631 1808 5674 erat
1836 5621 1890 5676 in

304 5705 548 5759 universa
602 5705 844 5762 Ecclesia
913 5706 1226 5782 damnatum
1279 5723 1518 5765 errorem
1576 5712 1884 5768 ostendere.

1999 4600 2218 4656 Mariam
2268 4601 2540 4659 Christum
2583 4622 2691 4660 non
2741 4606 2910 4665 fuisse
2957 4627 2971 4664 :
3021 4611 3115 4666 sed
3169 4611 3332 4668 fuisse
3381 4623 3594 4686 tempus

2001 4693 2212 4761 quando
2263 4711 2368 4750 non
2414 4695 2512 4751 fuit
2542 4739 2556 4763 ,
2607 4697 3061 4770 Divinitatcmque
3103 4707 3376 4774 propriam
3425 4708 3483 4763 in
3528 4722 3594 4763 eo

2001 4799 2107 4838 non
2143 4784 2328 4850 fuisse,
2360 4788 2454 4842 sed
2479 4789 2671 4853 Patris,
2708 4792 3026 4848 heterodosi
3053 4793 3432 4864 afﬁrmabant,
3464 4812 3596 4870 quo-

2000 4886 2119 4930 rum
2149 4880 2454 4948 opinionem
2487 4881 2879 4940 Tertullianum
2913 4887 3201 4956 adoptasse
3228 4890 3594 4961 comperimus

1998 4968 2051 5022 in
2087 4970 2196 5037 jam
2230 4973 2414 5027 relatis
2441 4976 2620 5027 verbis
2653 4976 2869 5032 ineunte
2905 4982 3126 5034 smculo.
3157 4979 3225 5036 Et
3269 4981 3431 5036 Pater
3453 4981 3594 5036 Deus

1998 5073 2105 5128 est,
2139 5073 2183 5116 et
2212 5056 2385 5118 Iudex
2430 5065 2569 5122 Deus
2599 5078 2669 5123 est
2689 5111 2702 5130 .
2737 5087 2837 5124 non
2879 5081 3044 5126 tamen
3073 5074 3189 5126 ideo
3230 5074 3394 5128 Pater
3423 5087 3474 5130 et
3496 5075 3596 5130 Ju-

1998 5158 2095 5210 dea:
2125 5174 2352 5230 semper,
2384 5161 2505 5228 quia
2534 5159 2673 5214 Deus
2702 5178 2920 5232 semper.
2953 5163 3091 5217 Nam
3117 5182 3211 5220 nec
3239 5165 3405 5222 Pater
3431 5171 3594 5236 potuit

1995 5263 2103 5303 esse
2145 5260 2261 5304 ante
2294 5249 2487 5305 Filium
2508 5294 2522 5318 ,
2564 5269 2658 5306 nec
2682 5251 2859 5308 Iudex
2883 5264 3000 5308 ante
3040 5256 3301 5310 delictum.
3332 5256 3474 5315 Fuit
3501 5277 3594 5314 au-

1997 5352 2095 5395 tem
2136 5351 2331 5413 tempus
2357 5361 2469 5397 cum
2497 5355 2544 5397 et
2572 5345 2812 5400 delictum
2831 5387 2844 5409 ,
2873 5355 2920 5400 et
2963 5346 3133 5409 Filius
3156 5365 3258 5402 non
3290 5352 3426 5418 fuit,
3458 5354 3595 5422 quod

1993 5436 2228 5490 Judicem
2249 5479 2263 5503 ,
2297 5451 2342 5489 et
2362 5439 2448 5508 qui
2477 5437 2687 5492 Patrem
2725 5438 2996 5493 Dominum
3018 5442 3225 5511 faceret.
3250 5440 3596 5500 Tertulliauo

1994 5545 2025 5584 e
2056 5517 2190 5586 vivis
2237 5533 2479 5600 sublato,
2513 5534 2759 5607 Beryllus
2792 5525 3094 5591 Bostrensis
3119 5534 3386 5591 doctrinae
3438 5538 3595 5594 laude

1993 5622 2062 5676 ab
2103 5623 2333 5679 Eusebio
2371 5627 2779 5683 commendatus
2803 5669 2817 5692 ,
2852 5628 3100 5684 eumdem
3143 5643 3391 5684 errorem
3444 5637 3596 5688 δεδε-

1995 5717 2102 5773 ruit
2144 5718 2284 5774 circa
2327 5718 2386 5774 C.
2439 5734 2526 5775 au.
2571 5720 2709 5788 250,
2756 5736 2915 5791 quem
2957 5735 3179 5790 serpere
3219 5719 3402 5778 adhuc
3447 5724 3595 5784 circa
