3822 6220
197 340 298 394 67:7

1589 336 1872 393 DISSERT
1885 337 2042 392 ATIO

3371 348 3480 403 658

194 460 426 515 medium
461 461 603 516 tertii
631 459 872 530 ejusdem
911 458 1126 522 sa‘culi,
1156 465 1208 511 ct
1237 457 1286 512 in
1322 457 1497 520 Italia,
1528 463 1582 509 ct
1605 453 1789 509 Roma:
1819 456 1872 515 Α
1897 454 2153 533 lusistunt
2198 464 2372 510 tamen
2428 454 2642 509 Domini
2693 454 2967 510 Ballerinii
2993 497 3008 521 ,
3050 456 3259 512 aientes
3289 475 3300 509 ε
3354 459 3472 514 Non

192 553 471 609 evidenter
499 554 827 623 dignoscitur
874 567 938 606 ex
980 567 1080 613 co,
1113 548 1254 618 quod
1301 548 1628 604 Novatianus
1675 545 1786 601 Ro-

193 662 382 700 manus
447 647 730 716 presbyter
792 653 983 699 contra
1051 641 1301 697 eumdem
1363 655 1606 718 errorem
1662 638 1821 707 agat'

190 736 362 792 adhuc
391 737 706 793 Catholicus
729 737 830 791 sub
854 735 912 792 S.
940 734 1178 789 Fabiano
1205 735 1366 803 Papa.
1402 732 1501 787 Hic
1526 749 1648 803 ergo
1668 747 1784 784 cum

189 830 253 883 sit
280 832 486 901 genitus
508 848 538 884 a
566 830 725 885 Patre
744 873 759 897 ,
785 847 982 900 semper
1003 838 1076 883 est
1097 831 1150 882 in
1172 828 1348 883 Patre.
1381 828 1594 897 Semper
1613 836 1784 881 autem

189 921 262 976 sic
289 923 408 976 dico
428 967 444 989 ,
493 934 549 976 ut
578 941 680 978 non
718 925 954 977 innatum
978 965 993 987 ,
1025 923 1116 978 sed
1146 931 1323 983 natum
1373 923 1648 991 probem...
1693 905 1784 975 sed

187 1015 304 1078 quia
331 1027 452 1068 ante
478 1031 626 1069 omne
654 1026 852 1087 tempus
880 1025 953 1070 est
972 1057 985 1079 ,
1018 1032 1218 1084 semper
1252 1017 1305 1068 in
1335 1013 1490 1068 Patre
1514 1015 1678 1084 fuisse
1700 1013 1780 1074 di.-

187 1107 374 1160 rendus
418 1119 514 1163 est.
549 1107 657 1162 Nec
685 1111 820 1162 enim
847 1120 1044 1181 tempus
1083 1108 1163 1162 illi
1190 1109 1445 1178 assignari
1472 1116 1668 1177 potest,
1696 1107 1782 1178 qui

186 1209 300 1250 ante
342 1209 542 1268 tempus
567 1211 661 1254 est.
693 1200 909 1270 Semper
933 1201 1067 1255 enim
1094 1201 1148 1254 in
1179 1198 1370 1276 Patre,
1404 1216 1465 1253 ne
1495 1199 1652 1253 Pater
1679 1216 1778 1254 non

185 1307 383 1359 semper
406 1294 477 1345 sit
509 1291 684 1350 Pater.
1080 1362 1083 1365 .

257 1382 460 1437 Contra
506 1384 755 1440 eumdem
806 1400 1045 1440 errorem
1094 1394 1149 1441 et
1185 1384 1445 1457 Origenes
1484 1385 1774 1454 disseruit,

185 1474 307 1529 licet
334 1475 387 1528 in
420 1477 632 1530 sincera
661 1475 899 1546 Mysterii
941 1477 1040 1533 SS.
1073 1477 1351 1532 Trinitatis
1389 1478 1636 1532 doctrina
1669 1494 1775 1532 non

182 1567 279 1621 sibi
307 1577 569 1622 constans
601 1585 616 1621 :
649 1569 800 1636 Quod
845 1585 962 1622 cum
1004 1571 1072 1622 sit
1108 1570 1196 1624 ille
1231 1571 1519 1623 similitudo
1563 1569 1738 1624 Patris
1758 1602 1794 1635 ,σ

183 1660 290 1726 ﬁeri
318 1676 425 1713 non
465 1677 614 1729 posse
655 1661 794 1731 quod
838 1663 1027 1732 fuerit,
1059 1663 1266 1732 quando
1304 1679 1406 1716 non
1455 1664 1628 1733 fuerit.
1658 1662 1776 1718 Non

182 1750 358 1821 itaque
416 1751 615 1822 Berylli
667 1752 909 1807 haeresis.
944 1763 1321 1808 momentanea
1378 1755 1605 1809 dicenda
1650 1765 1772 1823 cst,

1889 563 1998 600 eam
2015 549 2176 602 solam
2193 591 2207 613 ,
2229 564 2344 618 qua:
2366 549 2418 602 in
2443 547 2482 603 S
2495 595 2501 600 .
2524 546 2774 620 Dionysio
2798 549 3150 603 Alexandrino
3172 551 3480 619 reprehensa

1887 639 2021 708 fuit,
2049 641 2135 695 sed
2163 642 2296 694 alias
2324 643 2498 712 plures
2546 643 2834 696 locutiones
2863 659 2926 696 ea:
2969 644 3262 715 praposito,
3294 655 3343 699 et
3384 626 3480 698 seu;

1889 734 2003 803 pius
2050 735 2318 805 impugnat
2359 745 2478 789 ante
2525 737 2700 789 Arium
2746 738 2938 790 nemini
2980 754 3208 808 unquam
3253 738 3477 792 auditas.

1888 824 2125 894 Pergunt
2159 827 2426 879 inauditis
2451 838 2576 881 ante
2601 829 2786 882 Arium
2817 829 3118 883 locutiones
3148 832 3475 885 auctoritate

1885 912 2123 974 Socratis
2142 962 2156 985 ,
2184 918 2467 973 Sozomeni
2487 963 2500 984 ,
2528 919 2724 974 Rollini
2743 964 2757 983 ,
2785 930 2947 992 atque
2980 923 3166 977 Hilarii
3213 925 3466 994 probare.

1885 1010 2029 1079 Quas
2058 1011 2318 1066 hactenus
2343 993 2806 1065 cciisidcravimus
2836 1013 3091 1068 formulas
3114 1016 3324 1071 auditas
3351 1027 3476 1072 ante

1882 1104 2116 1171 Arium,
2197 1120 2261 1159 ex
2321 1104 2387 1157 iis
2446 1119 2564 1174 qtue
2623 1106 2939 1172 protulimus
3003 1109 3134 1162 satis
3202 1125 3479 1180 superque

1882 1206 2099 1251 constat
2125 1216 2137 1251 :
2160 1196 2362 1266 pariter
2381 1213 2488 1251 non
2514 1197 2673 1250 unum
2695 1197 2966 1254 Zenonem
2986 1210 3170 1255 contra
3197 1202 3342 1272 ipSas
3368 1203 3479 1258 dis-

1881 1293 2140 1357 seruisse,
2166 1307 2341 1361 nequc
2372 1290 2648 1346 Dccidenti
2682 1290 2845 1346 fuisse
2881 1292 3109 1362 ignouis.
3141 1296 3306 1359 Alias,
3339 1312 3473 1366 quas

1875 1383 2140 1448 aﬂ‘erunt,
2185 1384 2441 1440 formulas
2469 1385 2914 1451 consideremus,
2963 1395 3020 1440 ut
3063 1387 3116 1442 in
3157 1401 3343 1457 aperto
3371 1393 3467 1458 sit,

1879 1496 1948 1535 an
1977 1495 2161 1534 contra
2191 1481 2335 1550 ipsas
2362 1489 2485 1535 ante
2513 1481 2700 1534 Arium
2733 1479 3000 1535 inauditas
3020 1482 3310 1538 conciones
3337 1499 3464 1538 suas

1881 1574 2124 1629 habuerit
2169 1573 2225 1629 ἓ.
2287 1574 2468 1640 Zeno,
2509 1590 2708 1645 easque
2753 1590 2822 1630 ex
2862 1577 3144 1645 ιιι-θροδὶιο
3185 1586 3238 1630 et
3276 1578 3472 1645 saepius

1878 1665 1948 1719 im
1958 1666 2288 1735 pugnaverit.

1888 1768 1896 1776 '
1948 1759 2130 1812 Ariani
2153 1760 2494 1830 wqualitatem
2520 1759 2616 1831 (ita
2640 1760 2851 1814 Domini
2877 1757 3176 1830 Ballerinii)
3207 1758 3334 1814 Filii
3354 1776 3471 1814 cum

181 1857 353 1912 neque
382 1844 478 1896 toti
505 1842 783 1898 Occidenti
803 1849 814 1916 λ
838 1857 1057 1914 prorsus
1086 1845 1286 1914 ignota,
1327 1853 1487 1914 atque
1520 1847 1606 1899 uni
1655 1844 1760 1900 for-
1801 1853 1849 1913 B
1877 1846 2033 1902 Patre
2055 1849 2442 1917 inficiabantur,
2468 1851 2861 1921 interioremque
2885 1849 3045 1904 Patre
3073 1847 3122 1903 F
3125 1851 3269 1904 ilium
3285 1852 3474 1922 prtedi-

177 1937 310 1989 sitan
350 1934 573 1990 chnni-
601 1945 878 2006 comperta
904 1977 919 2002 ,
952 1952 1074 1991 cum
1106 1945 1161 1991 et
1185 1935 1553 2003 Tertulliano,
1583 1947 1634 1990 et
1665 1936 1773 1991 No-

177 2021 388 2083 vatiano
411 2073 426 2095 ,
457 2045 524 2085 ac
565 2031 820 2102 Dionysio
851 2031 1096 2086 Romano
1126 2031 1362 2102 pontifici
1384 2073 1398 2096 ,
1427 2013 1636 2087 Latinis
1667 2033 1770 2086 ιά-

177 2121 382 2178 tribus:
413 2122 659 2193 Origeni,
689 2122 1055 2195 Theognosto,
1091 2124 1352 2196 Dionysio
1380 2123 1769 2190 Alexandrino,

174 2214 373 2270 Graecis
394 2258 409 2281 ,
443 2216 657 2286 ipsique
691 2217 856 2270 Paulo
893 2216 1248 2273 Samosateuo
1291 2218 1546 2273 heretico
1573 2260 1588 2285 ,
1632 2217 1772 2272 toto;

173 2305 273 2379 que
311 2311 474 2366 tertio
511 2311 708 2365 saeculo
759 2297 1151 2381 perstrepuisse
1192 2307 1465 2370 universze
1508 2314 1771 2370 Ecclesia:

172 2404 437 2471 cognitam
519 2419 580 2458 ac
621 2405 838 2475 publice
879 2405 1218 2461 manifestam
1256 2422 1320 2460 ex
1360 2406 1605 2462 adductis
1640 2421 1767 2478 pro-

171 2494 343 2549 betur.

257 2587 337 2642 Ad
399 2587 565 2655 hujus
623 2590 944 2660 paragraphi
1007 2591 1464 2661 complementum
1532 2593 1767 2663 Dionysii

170 2676 522 2734 Alexandrini
551 2688 729 2736 textus
754 2697 822 2736 ex
853 2682 1153 2738 Athanasio
1173 2684 1464 2760 alferamus
1491 2684 1606 2759 (De
1636 2686 1760 2740 Dec.
1805 2673 1808 2675 Δ

172 2767 679 2843 NicenteSynodi).
715 2769 993 2841 Nunquam
1026 2775 1126 2845 fuit
1158 2773 1323 2829 Deum
1367 2793 1472 2831 non
1496 2793 1621 2831 esse
1650 2776 1762 2831 Pa-

172 2871 293 2918 trem
318 2882 337 2919 :
366 2882 570 2935 semper
591 2864 851 2921 Christum
873 2868 1030 2938 fuisse
1060 2867 1278 2924 Verbum
1298 2912 1311 2935 ,
1336 2879 1382 2925 et
1412 2869 1764 2941 Sapientiam,

170 2966 214 3010 et
247 2957 521 3013 Virtutem.
554 2957 738 3030 Neque
765 2963 902 3015 enim
925 2979 1042 3016 cum
1069 2962 1180 3017 Ita’c
1203 2973 1355 3018 antea
1381 2982 1484 3018 non
1513 2967 1768 3036 genuisset

171 3049 340 3116 Deus,
371 3062 556 3123 postea
577 3056 779 3123 genuit,
823 3055 917 3109 sed
943 3073 1101 3126 neque
1134 3074 1166 3111 a
1208 3074 1264 3112 se
1300 3060 1418 3128 ipso
1453 3058 1619 3112 Filius
1646 3070 1723 3112 est
1748 3101 1761 3125 ,

171 3147 255 3200 sed
281 3163 314 3200 a
344 3146 512 3202 Patre
546 3147 694 3202 habet
717 3165 843 3204 esse.
871 3149 995 3203 Jam
1022 3151 1146 3218 quia
1165 3151 1414 3222 splendor
1433 3162 1507 3206 est
1529 3151 1767 3207 Eterme

1874 1943 2073 1995 cabaut.
2105 1941 2297 1994 Auctor
2337 1960 2356 1992 ι
2394 1942 2654 2012 mqualcm
2686 1961 2703 1994 ι
2738 1938 2889 1996 Patri
2919 1939 3119 1996 Filium
3159 1961 3177 1994 ι
3207 1943 3260 1996 in
3288 1943 3464 1996 omni-

1874 2029 1972 2086 bus
2008 2051 2026 2084 ι
2063 2032 2242 2087 Tract.
2276 2048 2334 2088 ιιι
2366 2044 2420 2087 et
2459 2033 2639 2089 Tract.
2671 2049 2727 2088 tv
2752 2034 2861 2089 ιιι).
2893 2049 2962 2100 ιι,
3024 2053 3043 2086 ι
3081 2035 3471 2105 aequalitatem-

1873 2141 1977 2196 que
1997 2125 2277 2181 amborum
2309 2143 2464 2182 unam
2497 2146 2516 2180 ι
2547 2139 2693 2198 urget
2718 2127 2892 2183 Tract.
2915 2145 2965 2184 Vl
2986 2170 2998 2182 .
3028 2145 3168 2184 num.
3195 2128 3261 2196 4,
3294 2140 3340 2184 et
3359 2133 3469 2201 for-

1872 2221 2029 2274 mulis
2055 2221 2258 2290 quidem
2286 2222 2414 2275 adeo
2459 2223 2709 2291 expressis
2727 2266 2742 2289 ,
2782 2239 2848 2275 ac
2873 2224 3100 2292 repetitis
3129 2225 3317 2296 sepius
3343 2225 3465 2278 aliis

1873 2311 2078 2365 vocibus
2119 2313 2332 2376 statuit,
2363 2322 2417 2365 ut
2451 2329 2552 2366 non
2602 2330 2724 2366 casu
2767 2313 2972 2385 aliquo,
3011 2313 3101 2367 sed
3139 2330 3202 2367 ea:
3247 2315 3463 2367 consilio

1870 2415 2051 2460 contra
2077 2422 2308 2476 errorem
2327 2407 2448 2476 jam
2488 2406 2837 2460 dominantem
2866 2408 2975 2460 btec
3000 2424 3055 2461 se
3080 2407 3312 2477 proﬁteri
3340 2406 3461 2460 sub-

1868 2499 2056 2554 indicet
2080 2516 2100 2553 :
2129 2499 2263 2552 unde
2305 2500 2476 2554 Tract.
2506 2515 2523 2553 ι
2564 2500 2654 2553 lib.
2685 2515 2743 2566 ιι,
2797 2518 2816 2550 ι
2850 2499 3018 2554 Deum
3074 2500 3167 2554 Dei
3208 2499 3400 2554 Filium
3434 2520 3454 2553 ι

1868 2591 2152 2663 Ᾱὲιιιιειιειη
2204 2592 2348 2647 Patri
2374 2608 2403 2647 a
2429 2592 2722 2648 Catholicis
2753 2576 3030 2658 praedicari
3058 2635 3074 2662 ,
3107 2593 3343 2647 distincte
3380 2593 3460 2663 af-

1867 2685 2038 2755 ﬁrmat
2068 2701 2086 2738 :
2115 2702 2232 2755 quae
2262 2685 2561 2756 pradicatia
2589 2686 2795 2741 nonnisi
2833 2688 2890 2741 in
2933 2695 3170 2756 quartum
3208 2687 3453 2742 steculum

1867 2785 2045 2830 contra
2094 2777 2202 2831 Arii
2245 2778 2480 2832 Iueresim
2523 2778 2680 2832 cadit.
2728 2777 2875 2832 llanc
2915 2794 3070 2847 porro
3113 2779 3454 2848 wqualitatem
3491 2764 3496 2769 i

1867 2887 1969 2924 non
1995 2870 2222 2924 adseruit
2257 2880 2467 2937 auctor,
2497 2871 2587 2925 sed
2629 2871 2858 2941 pluribus
2896 2880 3118 2925 statuere
3159 2879 3205 2926 et
3263 2872 3456 2941 confir-

1867 2980 2008 3016 mare
2047 2963 2199 3016 etiam
2234 2965 2448 3034 integris
2473 2964 2775 3034 quandoque
2815 2965 3118 3018 tractatibus
3143 2963 3332 3027 voluit,
3373 2963 3460 3016 ob—

1857 3057 2112 3129 jectiones
2146 3056 2385 3129 rejiciens
2409 3098 2422 3122 ,
2463 3073 2590 3127 quas
2633 3055 2816 3110 Ariani
2852 3056 3017 3110 solum
3058 3067 3451 3110 commoverant.

1875 3146 2004 3202 Vide
2052 3147 2220 3201 Tract.
2255 3161 2345 3202 tet
2382 3165 2465 3214 γι,
2501 3149 2588 3202 lib.
2632 3165 2689 3203 ιι.
2735 3147 3119 3218 ,λΕιιιιιιΙίιειιθιιι
3165 3147 3284 3202 Filii
3329 3164 3451 3203 cum

173 3236 320 3293 Lucis
339 3280 357 3305 ,
386 3239 626 3294 omnibus
655 3241 821 3294 modis
846 3242 954 3313 ipse
983 3258 1182 3312 quoque
1207 3241 1458 3298 [Eternus
1478 3255 1553 3298 est
1578 3262 1597 3299 :
1629 3244 1766 3301 Luce
1790 3234 1834 3294 C
1868 3238 2027 3294 Patre
2059 3242 2210 3295 tutati
2255 3251 2380 3294 sunt
2410 3249 2535 3294 ante
2573 3240 2628 3294 S.
2673 3239 2946 3294 Zenonem
2995 3254 3184 3293 omnes
3228 3239 3416 3314 Patres
3442 3281 3457 3305 ,

172 3332 300 3384 enim
329 3347 536 3401 semper
555 3332 828 3399 existat“,
855 3342 1052 3387 certum
1074 3344 1180 3400 est,
1205 3343 1252 3388 et
1284 3336 1607 3406 splendorem
1635 3353 1766 3390 sem-

171 3440 259 3494 per
284 3424 537 3488 existere;
573 3439 632 3478 eo
661 3425 796 3478 enim
820 3426 934 3496 ipso
966 3425 1132 3480 lucem
1162 3444 1270 3481 esse
1288 3470 1303 3491 ,
1335 3445 1437 3496 quo
1465 3428 1760 3499 splendeat,

172 3513 514 3584 intelligitur;
537 3530 640 3568 non
663 3516 797 3569 enim
817 3517 934 3586 ﬁeri
958 3527 1155 3588 potest,
1186 3528 1242 3572 ut
1269 3519 1362 3573 tua:
1390 3536 1491 3573 non
1525 3521 1761 3576 luceat...

178 3606 352 3661 Sancti
379 3607 612 3678 Spiritus
647 3611 950 3664 mentionem
979 3612 1112 3684 feci,
1138 3613 1228 3665 sed
1266 3613 1340 3666 ita
1377 3622 1430 3665 ut
1456 3615 1648 3682 pariter
1672 3614 1768 3667 ad-

167 3703 440 3774 jangerem
464 3701 724 3756 undenam
749 3703 868 3769 ille,
902 3714 948 3758 et
982 3720 1072 3772 per
1099 3721 1251 3775 quem
1268 3706 1457 3759 venerit
1482 3722 1500 3760 :
1531 3704 1638 3761 Sed
1665 3707 1765 3776 ipsi

149 3793 414 3861 "ignorant
468 3792 677 3849 Patrem
705 3812 738 3847 a
782 3793 922 3849 Filio
963 3797 1182 3850 alienari
1221 3809 1323 3850 non
1351 3815 1498 3865 posse
1521 3839 1537 3864 ,
1591 3808 1640 3853 et
1671 3799 1766 3853 sub

181 3885 348 3941 Patn’s
369 3889 619 3943 vocabulo
646 3890 949 3959 primarium
969 3892 1347 3964 conjunctionis
1368 3902 1626 3946 auctorem
1652 3909 1769 3946 con-

180 3979 324 4035 tineri
341 4024 356 4048 ,
389 3991 438 4034 et
464 3978 660 4034 Filium
688 3998 720 4034 a
747 3980 904 4036 Patre
943 3985 1092 4050 quasi
1122 3982 1384 4036 domicilio
1419 3984 1766 4054 disgregotnm

176 4089 274 4126 non
300 4089 450 4139 esse,
481 4090 540 4128 eo
567 4074 708 4144 quod
742 4073 913 4129 Patris
944 4076 1242 4128 vocabulum
1281 4077 1411 4130 hanc
1451 4078 1767 4130 communio-

181 4180 287 4215 nem
318 4165 539 4224 indicet.
568 4167 695 4220 etin
739 4165 915 4220 Patris
956 4165 1179 4238 Filiique
1230 4168 1463 4222 manibus
1506 4186 1614 4222 esse
1643 4169 1764 4240 Spi-

179 4259 328 4312 ritum
358 4260 645 4326 Sanctum,
675 4260 764 4315 sed
789 4261 863 4314 ita
908 4271 965 4314 ut
1003 4277 1165 4330 neque
1202 4279 1232 4312 a
1264 4263 1487 4319 mittente
1510 4304 1523 4325 ,
1552 4278 1710 4329 neque
1736 4279 1767 4314 a

181 4355 366 4418 [ereiite
392 4341 708 4423 segregetur.
739 4352 841 4418 Qui
861 4354 974 4423 ﬁeri
1007 4355 1166 4424 igitur
1191 4363 1357 4424 posset
1385 4395 1398 4417 ,
1432 4363 1486 4406 ut
1515 4371 1628 4407 cmn
1657 4357 1769 4409 istis

183 4446 470 4499 nominibus
511 4458 658 4509 utar,
726 4458 990 4517 suspectus
1021 4449 1210 4503 habear
1235 4451 1380 4514 quasi
1411 4449 1510 4501 ista
1540 4446 1768 4515 separari

181 4540 437 4610 diaidique
475 4541 890 4596 existimauerunt.
940 4540 1055 4595 Hoc
1088 4538 1246 4612 igitur
1289 4554 1438 4612 pacto
1483 4546 1764 4608 unitatem,

1868 3335 2072 3405 qui‘de
2111 3332 2310 3389 Christi
2355 3333 2647 3388 Divinitate
2685 3335 3056 3403 scripserunt;
3105 3348 3222 3388 eam
3265 3336 3462 3402 quippe

1870 3427 2201 3497 impetebant
2228 3428 2558 3498 antiquiores
2589 3442 2783 3481 omnes
2822 3429 3058 3482 haereses
3079 3467 3094 3493 ,
3124 3441 3244 3495 quae
3273 3424 3457 3479 Chris-

1872 3528 1982 3574 tum
2027 3519 2296 3574 hominem
2318 3562 2332 3586 ,
2369 3534 2474 3573 non
2509 3519 2674 3573 Deum
2704 3533 2826 3574 esse
2859 3518 3273 3573 inliciebantur:
3307 3517 3459 3583 Qua-

1869 3621 2091 3682 propter
2135 3621 2283 3666 tanto
2316 3621 2443 3667 ante
2484 3609 2716 3667 Gallieni
2760 3620 3004 3678 tempora
3045 3610 3100 3666 S.
3135 3608 3455 3680 Hippolytus

1869 3703 2067 3774 Martyr
2093 3704 2452 3775 mqualitatem
2491 3702 2688 3758 Christi
2715 3719 2837 3758 cum
2865 3701 3027 3756 Patre
3063 3701 3332 3770 asseruit,
3364 3717 3459 3756 cu-

1863 3796 1954 3866 jus
1980 3796 2141 3850 vcrba
2173 3797 2481 3863 retulimus,
2512 3797 2706 3864 quibus
2745 3794 3086 3862 apertissime
3112 3792 3278 3859 dicit,
3306 3793 3454 3864 quod

1873 3887 2102 3943 Verbum
2135 3889 2269 3942 idem
2294 3899 2366 3942 est
2395 3904 2508 3940 cum
2541 3887 2719 3941 Patre.
2752 3886 3001 3943 Clemens
3029 3885 3191 3941 etiam
3222 3885 3456 3940 Alexan-

1869 3979 2058 4034 drinus
2087 3996 2246 4050 supra
2289 3980 2571 4032 laudatus:
2618 3978 2831 4033 Verbum
2856 3978 3131 4043 Divinum,
3163 3979 3252 4046 qui
3279 3993 3454 4031 revera

1869 4085 1942 4129 est
1972 4074 2109 4128 Deus
2140 4073 2612 4144 manifestissimus,
2643 4073 2729 4143 qui
2753 4081 2827 4126 est
2852 4068 3202 4125 universorum
3233 4069 3459 4123 Domino

1867 4179 2177 4237 cowquatus.
2210 4167 2444 4221 Tnenda:
2474 4174 2652 4220 tamen
2697 4163 3016 4234 aequalitatis
3047 4162 3166 4217 Filii
3196 4178 3318 4218 cum
3349 4163 3452 4217 Pa-
3490 4189 3494 4193 ί

1871 4272 1949 4318 tre
1987 4263 2259 4332 urgentior
2290 4261 2419 4314 Divo
2448 4259 2651 4314 Zenoni
2683 4258 2978 4312 necessitas
3018 4256 3118 4311 fuit
3154 4271 3216 4310 ea
3259 4264 3450 4319 aetate.

1871 4370 1974 4424 qua
2004 4355 2139 4409 forte
2170 4353 2466 4421 Veronensi
2498 4352 2744 4407 ecclesia!
2774 4358 3035 4420 praeerat:
3071 4365 3139 4403 eo
3164 4349 3306 4419 quod
3335 4349 3453 4403 Ori-
3533 4414 3538 4424 ί

1871 4461 2036 4517 gencs
2062 4456 2246 4500 contra
2279 4446 2446 4515 ipsam
2481 4442 2838 4513 aequalitatem
2872 4440 3190 4494 disseruerit
3229 4440 3280 4493 in
3319 4439 3458 4493 libro

1872 4549 2056 4594 contra
2084 4535 2320 4592 Celsum.
2350 4535 2647 4588 Proximum
2682 4535 2777 4604 (ita
2794 4530 3072 4602 Origenes)
3101 4530 3278 4583 mundi
3304 4531 3456 4583 moli-

179 4646 289 4699 qnte
315 4632 645 4686 inlliuisfbilis
673 4643 744 4687 rst
763 4677 778 4701 ,
806 4636 858 4688 in
889 4631 1193 4688 Trinitatem
1223 4635 1534 4702 dilatantur;
1565 4646 1611 4688 et
1645 4634 1763 4689 Tri-
1793 4631 1848 4691 Ι)
1872 4640 2030 4684 torem
2059 4646 2165 4684 esse
2188 4625 2382 4681 Filium
2418 4626 2509 4680 Ilei
2543 4624 2791 4691 Verbum,
2823 4624 2908 4692 qui
2940 4621 3072 4674 velut
3096 4631 3275 4692 suopte
3299 4637 3456 4673 manu

182 4724 426 4787 nitatem,
456 4741 572 4790 quw
599 4725 817 4780 diminui
859 4743 962 4780 non
1003 4735 1201 4796 potest,
1241 4728 1297 4780 in
1343 4725 1606 4781 Uuitatem
1643 4745 1767 4781 con-

182 4830 588 4890 summamus....
615 4815 682 4868 Et
711 4828 877 4870 tamen
906 4818 1098 4871 scilicet
1129 4809 1466 4884 accusamur,
1498 4820 1646 4888 quasi
1683 4821 1769 4887 qui

183 4903 408 4959 dicamus
425 4949 439 4972 ,
475 4906 670 4962 Filium
695 4925 855 4962 unum
881 4926 988 4964 esse
1009 4926 1068 4964 ea:
1090 4927 1302 4964 numero
1323 4926 1492 4963 rerum
1515 4913 1770 4980 [actarum

184 5005 228 5046 et
263 5012 587 5066 nequaquam
624 4998 774 5053 Patri
816 5017 908 5054 suo
939 5001 1442 5055 consubstantialem.
1482 5002 1600 5056 Alia
1642 5017 1772 5057 con-

184 5087 312 5151 gerit
349 5086 408 5143 S.
449 5089 775 5161 Dionysius:
813 5091 922 5149 Sed
965 5093 1080 5148 haec
1119 5093 1392 5149 sufficiant
1417 5094 1483 5148 ad
1511 5111 1606 5160 ea,
1650 5111 1771 5165 quze

188 5183 593 5248 proposuimus,
619 5186 1009 5242 confirmanda.
1032 5189 1162 5242 Nam
1185 5191 1368 5259 quanti
1394 5191 1508 5245 haec
1528 5190 1770 5246 facienda

189 5277 288 5328 sint
307 5318 322 5339 ,
353 5275 616 5347 intelligat
646 5276 842 5333 Lector
868 5281 983 5348 ipse
1015 5294 1110 5350 per
1132 5298 1272 5340 sese.

229 5419 256 5492 §
289 5420 453 5477 XVII.
484 5423 563 5476 An
597 5422 656 5479 S.
687 5424 831 5479 Zeno
853 5428 982 5481 alias
1014 5429 1217 5484 Arianis
1249 5431 1461 5488 tributos
1490 5435 1738 5504 formulas

801 5519 1160 5591 impugnarit?

268 5647 402 5710 Tres
438 5665 466 5703 ιι
509 5649 568 5706 S.
597 5650 812 5705 Zenone
844 5651 1113 5720 impctitas
1149 5652 1414 5722 hereses,
1449 5658 1616 5712 ιιιιιΙιο
1653 5669 1781 5712 ante

201 5742 308 5793 Arii
354 5753 528 5796 ortum
575 5743 954 5797 disseminatus
1001 5745 1203 5808 fuisse,
1254 5747 1778 5817 demonstravimus,

203 5823 332 5898 quas
359 5839 412 5882 et
456 5836 654 5891 saeculo
703 5839 861 5889 tertio
900 5837 1209 5892 convelli-re
1249 5839 1421 5898 notuit
1463 5844 1516 5890 S.
1567 5842 1781 5897 Doctor.

1873 4723 2120 4776 mundum
2150 4721 2489 4792 fabricaverit.
2526 4717 2729 4770 Patrem
2758 4733 2873 4769 vero
2909 4714 3063 4768 Verbi
3093 4731 3150 4768 eo
3179 4718 3291 4780 ipso
3319 4715 3455 4784 quod

1876 4813 2013 4867 Filio
2051 4831 2141 4867 suo
2192 4824 2342 4882 atque
2403 4810 2563 4863 Verbo
2587 4808 2802 4877 jusserit
2846 4805 3089 4858 mundum
3119 4809 3320 4874 facere,
3348 4821 3459 4858 esse

1874 4908 2176 4976 primarium
2205 4902 2617 4973 opiﬁcem.llnnc
2650 4900 2912 4968 praccipnc
2938 4912 3178 4952 errorem
3209 4896 3454 4952 confuta-

1871 5001 1944 5056 vit
1977 5003 2032 5056 S.
2066 4999 2211 5053 Zeno
2239 5000 2287 5050 in
2317 5000 2573 5052 Sernmne
2603 4994 2778 5063 primo
2804 5008 2834 5046 a
2875 4992 3119 5046 Dominis
3147 4993 3455 5046 Balleriniis

1879 5097 2132 5151 indicato.
2174 5095 2236 5147 At
2279 5091 2366 5144 ille
2412 5091 2493 5142 cui
2529 5088 2778 5161 jubetur,
2826 5096 2941 5151 est,
2979 5087 3144 5153 inquis
3171 5127 3186 5151 ,
3227 5087 3460 5156 inferior.

1883 5189 2064 5257 Quid?
2098 5186 2248 5254 Quod
2294 5185 2413 5238 inde
2460 5199 2559 5235 non
2607 5198 2716 5235 esse
2760 5181 3006 5253 probatur
3055 5180 3267 5250 inferior
3299 5197 3316 5234 :
3346 5181 3466 5251 quia

1878 5283 2014 5336 unde
2044 5281 2284 5349 processit
2332 5276 2544 5330 Paterni
2569 5276 2736 5330 cordis
2767 5287 2841 5329 est
2866 5284 3126 5330 exsecutor
3144 5293 3164 5341 ;
3205 5292 3306 5329 non
3331 5277 3467 5329 enim

1879 5381 2045 5432 minus
2067 5386 2142 5430 est
2173 5378 2342 5446 facere
2366 5390 2550 5443 magna
2571 5415 2582 5437 ,
2610 5388 2761 5439 quam
2787 5371 2972 5423 dicere.
3003 5368 3244 5433 Quamvis
3267 5379 3312 5423 et
3332 5371 3470 5441 quod

1883 5473 2071 5525 dictum
2109 5477 2182 5522 est
2220 5487 2250 5521 a
2296 5466 2450 5520 Putre
2497 5465 2572 5519 vel
2614 5464 2714 5516 dici
2755 5471 2956 5532 potest,
2989 5462 3108 5529 quia
3147 5460 3368 5513 Verbum
3395 5469 3471 5514 est

1890 5544 2087 5623 Filius,
2122 5564 2232 5616 sine
2262 5560 2402 5614 Filio
2431 5577 2531 5614 non
2559 5570 2664 5621 est,
2695 5568 2740 5612 et
2760 5556 2896 5627 quod
2922 5556 3111 5624 factum
3141 5563 3212 5608 est
3235 5570 3266 5606 a
3296 5553 3470 5620 Filio,

1884 5657 1960 5710 vel
1988 5655 2099 5723 ﬁeri
2135 5664 2334 5722 potest,
2367 5655 2474 5706 sine
2499 5651 2790 5720 dignatione
2820 5646 3046 5700 Paterna
3093 5662 3191 5697 non
3221 5656 3324 5708 est,
3355 5648 3474 5715 quia

1887 5749 2056 5803 Filius
2084 5750 2193 5802 sine
2224 5747 2380 5800 Patre
2406 5763 2505 5799 non
2534 5754 2625 5797 est.
2661 5743 2716 5795 In
2751 5754 3002 5795 sermone
3030 5754 3243 5807 quoque
3267 5740 3475 5805 quinto.

1893 5841 2019 5896 Cum
2051 5843 2267 5894 imnernt
2302 5838 2454 5888 Pater
2487 5835 2672 5886 Urbem
2721 5833 2828 5887 fieri
2858 5846 2984 5888 arma
3024 5845 3138 5881 Cit"!
3168 5830 3301 5882 dif!"
3346 5843 3450 5878 NW"
