3822 6220
443 401 548 461 σὶὸθ

1578 399 1665 453 DE
1691 396 1929 455 SANCTI
1951 396 2241 465 ZENQNIS
2267 397 2534 453 EPOCHA

444 519 614 586 pietur
642 533 675 573 a
706 516 864 572 Filio.
901 513 1166 582 Quomodo
1192 522 1392 579 autem,
1433 520 1656 581 quantus
1674 550 1689 575 ,
1736 520 1826 564 aut
1859 511 2028 581 qualis
2054 516 2103 574 Α
2131 511 2354 567 uiolatus
2384 523 2455 566 est
2484 513 2639 577 liber,
2671 527 2772 566 non
2792 513 3027 567 universa
3056 510 3167 580 ejus
3193 524 3350 577 opera
3372 547 3388 573 ,
3418 523 3526 575 qua:
3544 504 3679 561 direr-

444 611 558 681 fieri
596 609 809 676 debeat,
843 621 991 663 nemo
1020 605 1290 677 pracipit,
1327 605 1608 676 interrogat
1653 618 1833 668 nemo;
1866 617 2027 672 neque

440 705 575 758 enim
604 704 713 757 sine
744 699 917 757 Patris
942 714 1049 753 esse
1073 698 1232 768 possit
1262 697 1488 771 injuria,
1514 697 1559 751 si
1597 696 1696 769 hac
1733 696 2028 777 necessitate

442 811 572 862 opus
594 803 722 851 esset
747 790 827 852 illi
850 828 867 855 .
896 790 987 860 qui
1026 791 1084 844 in
1108 790 1229 844 sinu
1255 787 1434 844 Patris
1472 804 1800 857 communem
1844 787 2029 844 volun-

441 885 558 941 tatis
603 884 715 955 ejus
749 877 1128 955 perfectionem
1174 896 1279 945 non
1318 862 1611 946 didicerat.
1656 879 1746 934 sed
1791 878 2022 936 habebat.

441 979 607 1042 Tanto
637 977 920 1046 majestate
948 968 1254 1041 sermunis,
1289 984 1435 1039 tanta
1458 975 1513 1037 vi
1549 973 1820 1049 nuntium
1849 966 1905 1030 in
1931 972 2029 1029 ho-

438 1070 730 1127 terodoxos
757 1067 967 1125 invehit
991 1068 1050 1126 S.
1086 1065 1309 1124 Pressit.
1616 1060 1617 1063 “
1856 1059 1861 1068 ’
1965 1105 1968 1108 .

502 1145 754 1232 Apertius
779 1168 957 1216 tamen
978 1167 1168 1215 contra
1194 1158 1552 1229 squalitatetn
1571 1157 1692 1214 Filii
1717 1170 1840 1213 cum
1869 1154 2031 1213 Patre

436 1256 723 1326 Origenem
751 1252 916 1312 fuisse
948 1254 1181 1315 locutum
1210 1253 1405 1311 asserit
1427 1250 1487 1308 S.
1512 1250 1904 1323 Hieronymus,
1938 1248 2030 1319 qui

437 1352 610 1421 ipsum
648 1346 934 1417 scripsisse
971 1354 1236 1403 testatur:
1276 1344 1450 1401 Deum.
1482 1342 1693 1398 Patrem
1717 1359 1825 1398 esse
1859 1342 2031 1396 lumen

436 1441 943 1511 incomprehensibile
969 1457 979 1493 :
1002 1438 1261 1497 Christum
1287 1438 1558 1497 collatione
1588 1434 1761 1491 Patris
1786 1432 2029 1504 splendo-

433 1551 543 1591 rem
571 1550 678 1591 esse
715 1547 1021 1604 perparuum
1044 1571 1061 1599 ,
1103 1530 1191 1601 qui
1219 1530 1357 1600 apud
1401 1545 1492 1586 nos
1538 1520 1646 1601 pra:
1684 1525 2030 1581 imbecillitate

374 1666 380 1672 .
437 1637 612 1702 nostra
642 1642 860 1698 magnus
898 1641 1008 1681 esse
1055 1624 1309 1680 uideatur.
1341 1608 1581 1681 Duarum
1610 1631 1896 1678 statuarum
1923 1635 2034 1702 ma-

429 1698 607 1792 joris,
643 1727 691 1772 et
734 1716 963 1789 parvula:
1009 1717 1162 1771 unius
1187 1758 1202 1783 ,
1226 1731 1360 1793 [quae
1400 1710 1651 1769 mundum
1693 1698 1961 1784 impleat,‘
1986 1719 2033 1766 et

439 1812 787 1883 magnitudine
813 1828 909 1868 sua
930 1811 1151 1880 quodam
1170 1808 1322 1863 modo
1346 1807 1611 1864 invisibilis
1626 1807 1723 1872 sit;
1751 1817 1797 1862 et
1824 1806 2033 1861 alterius

2132 603 2204 656 sis
2255 612 2301 659 et
2328 602 2453 656 locis
2491 610 2539 657 et
2577 600 2886 674 temporibus
2923 599 3082 654 edidit
3129 596 3293 652 simul
3320 597 3569 667 corrumpi
3605 614 3678 666 po-

2133 676 2340 747 tuerant
2354 694 2379 747 ?

2203 782 2374 855 Aliam
2403 786 2688 841 formulam
2721 784 3044 840 Arianorum
3073 781 3351 853 propriam
3372 780 3426 835 in
3454 778 3517 833 D.
3537 778 3677 835 ZCIIO’

2130 876 2216 934 nis
2260 878 2602 935 sermonibus
2631 868 3040 949 deprehendere
3067 876 3168 931 sibi
3206 874 3459 928 videntur
3504 872 3677 927 Domini

2134 969 2405 1027 Ballerinii
2438 987 2451 1023 :
2480 967 2617 1026 Cum
2654 970 2845 1025 Auctor
2880 988 2898 1021 t
2930 965 3451 1025 unamsubstanliam
3484 981 3503 1023 ι
3532 965 3679 1018 acriter

2128 1063 2383 1127 inculcet,
2424 1078 2577 1133 quam
2621 1062 2789 1117 caeleri
2837 1061 3069 1134 ejusdem
3110 1060 3204 1114 tesi
3249 1056 3438 1117 Patres
3482 1057 3677 1109 adversus

2130 1153 2352 1212 Arianos
2384 1169 2448 1208 ea:
2476 1154 2741 1224 praposito
2774 1152 3073 1207 dimicantes
3110 1149 3475 1215 incnlcarunt;
3502 1149 3677 1202 consub-

2131 1250 2387 1311 stantialis
2427 1249 2541 1304 licet
2578 1264 2746 1308 vacem
2776 1263 3095 1316 nequaquam
3121 1243 3384 1309 adhibeat.
3415 1243 3536 1299 satis
3559 1243 3677 1296 seni-

2133 1344 2408 1397 hilominus
2452 1341 2690 1396 adversus
2742 1338 2860 1394 eam'
2887 1338 3120 1394 heresim
3170 1337 3507 1393 decertantem
3525 1335 3676 1406 prodit.

2132 1435 2245 1491 Hoc
2269 1436 2336 1491 ab
2364 1441 2682 1506 argumento
2706 1433 3001 1488 immunem
3032 1431 3090 1489 S.
3121 1431 3481 1487 Veronensetn
3511 1429 3679 1485 Prasu-

2132 1531 2238 1586 lem
2264 1528 2379 1585 fore
2417 1529 2749 1593 arbitrabar,
2779 1527 2971 1583 eadem
3004 1526 3211 1583 ratione
3232 1566 3248 1592 ,
3277 1540 3437 1597 quam
3467 1524 3559 1595 ipsi
3584 1538 3679 1592 Sug—

2133 1632 2326 1692 gerunt
2351 1620 2561 1676 Domini
2590 1619 2885 1694 Ballerini‘i.
2919 1616 3383 1682 Consubstautialis
3412 1618 3522 1671 licet
3547 1631 3679 1669 uocem

2134 1730 2449 1786 nequaquam
2477 1712 2737 1768 adhibeat,
2758 1717 2826 1768 At
2857 1727 2975 1767 mea
2997 1710 3211 1781 quidem
3240 1711 3505 1766 sententia
3526 1708 3677 1763 etiam-

2136 1806 2184 1861 si
2210 1805 2670 1862 Consubstantialis
2697 1820 2866 1860 vocem
2892 1806 3088 1874 saepius
3106 1802 3444 1858 adhibuisset
3468 1802 3519 1855 S.
3542 1798 3677 1861 Zeno,

437 1905 531 1960 sub
567 1907 741 1961 oculos
783 1903 965 1968 cadat,
1012 1903 1156 1974 ponit
1192 1901 1482 1970 exemplum
1506 1941 1523 1968 ,
1568 1900 1727 1969 priori
1775 1897 1990 1953 Patrem
2013 1938 2029 1963 ,
2064 1906 2107 1965 Β
2136 1912 2167 1951 a
2196 1898 2354 1951 tertio
2393 1897 2591 1951 saeculo
2620 1913 2728 1953 non
2756 1912 2875 1951 esse
2906 1893 3293 1950 removendum
3326 1908 3425 1964 pro
3453 1905 3589 1948 certo
3613 1891 3682 1944 ha-

438 1997 708 2067 posteriori
766 1994 961 2050 Filium
1012 2003 1293 2064 comparat.
1326 1991 1638 2062 Eademque
1688 1992 1742 2048 in
1792 1990 2031 2063 Epistola

438 2089 497 2145 S.
556 2089 917 2159 Hieronymus
964 2085 1216 2143 eumdem
1267 2084 1518 2154 Origenis
1571 2098 1813 2139 errorem
1866 2080 2033 2139 refert

438 2180 614 2250 quoad
655 2179 892 2246 Spiritus
923 2176 1113 2251 Sancti
1141 2175 1456 2232 Personam.
1489 2172 1719 2230 Tertium
1747 2174 2028 2246 dignitate,
2055 2207 2065 2216 ν

438 2280 485 2325 et
512 2272 706 2333 honore
731 2278 843 2345 post
860 2268 1084 2339 Patrem
1106 2308 1126 2345 ,
1148 2276 1196 2323 et
1227 2264 1423 2324 Filium
1454 2282 1560 2323 esse
1581 2264 1837 2336 Spiritum
1864 2264 2031 2319 Sanc-

440 2373 620 2418 tum...
647 2341 858 2419 rursum
880 2341 1128 2435 majorem
1150 2359 1278 2414 Filii
1309 2358 1688 2415 Fortitudinem
1716 2352 1853 2425 esse,
1878 2374 2032 2431 quam

438 2454 670 2524 Spiritus
696 2454 879 2511 Sancti
902 2471 921 2520 ;
947 2463 994 2511 et
1019 2462 1378 2525 consequenter
1403 2452 1567 2523 ipsius
1589 2451 1772 2508 Sancti
1798 2450 2033 2521 Spiritus

444 2550 695 2621 majorem
722 2565 832 2604 esse
868 2547 1116 2618 Virtutem
1151 2546 1346 2602 ueteris
1373 2562 1492 2619 qua
1531 2545 1730 2601 Sancta
1772 2545 2031 2600 dicuntur.

450 2638 565 2695 Non
609 2639 779 2695 deluit
821 2638 1002 2710 itaque
1051 2638 1111 2695 S.
1154 2638 1360 2709 Zenoni
1386 2681 1401 2709 ,
1432 2647 1486 2694 et
1514 2635 1742 2695 Gallieni
1786 2644 2035 2707 tempore

446 2739 632 2803 parum
672 2733 888 2791 occasio
932 2731 998 2787 de
1038 2731 1347 2805 aequalitate
1396 2744 1502 2787 nou
1547 2729 1669 2788 Filii
1707 2730 1866 2789 modo
1911 2744 2035 2786 cum
2071 2742 2089 2756 ’

440 2823 635 2895 Patre,
683 2824 784 2882 sed
813 2831 871 2900 et
912 2822 1149 2895 Spiritus
1192 2825 1372 2881 Sancti
1409 2837 1531 2883 cum
1566 2823 1729 2889 Patre
1772 2835 1827 2879 et
1856 2823 2033 2892 Filio,

443 2920 659 2989 naviter
699 2919 810 2979 suis
851 2918 908 2974 iu
955 2918 1310 2991 concionibus
1337 2920 1572 2992 agendi,
1602 2934 1771 2992 quare
1803 2920 2033 2989 primum

445 3011 765 3077 Sermonem
813 3027 911 3069 seu
953 3011 1264 3085 Tusculum
1309 3010 1382 3069 ita
1439 3012 1714 3070 concludit
1759 3030 1772 3067 :
1824 3010 2035 3069 Constat

445 3119 566 3176 ergo
605 3104 854 3175 wqualem
899 3121 1040 3177 esse,
1086 3103 1221 3178 quod
1257 3104 1469 3161 invicem
1510 3106 1629 3160 vivit
1672 3119 1787 3160 cum
1830 3103 2036 3175 Spiritu

443 3194 640 3251 Sancto
650 3235 661 3247 .

2135 1990 2258 2044 beo.
2286 1989 2400 2045 Huc
2430 2004 2493 2045 ea
2523 1988 2731 2044 ratione
2757 1989 3027 2053 adducor,
3060 1996 3117 2041 ut
3145 1986 3398 2051 credam,
3429 1984 3562 2057 quod
3583 1981 3684 2039 ϐοη-

2134 2082 2483 2137 substantialis
2512 2099 2613 2136 vox
2660 2082 2830 2136 multo
2862 2082 3023 2137 etiam
3060 2088 3185 2134 ante
3224 2076 3508 2134 concilium
3546 2076 3683 2130 Nicar-

2134 2190 2262 2229 nunt
2292 2174 2434 2244 apud
2466 2175 2682 2241 Patres,
2713 2166 2767 2229 et
2798 2164 3067 2251 Ecclesiae
3097 2171 3352 2227 doctores
3383 2170 3434 2225 in
3475 2184 3566 2224 usu
3599 2167 3685 2223 iue-

2135 2267 2226 2322 rit.
2268 2266 2520 2322 Testatur
2566 2265 2669 2322 hoc
2710 2267 2823 2337 ipse
2871 2264 3224 2323 Caasariensis
3269 2264 3531 2319 Eusebius
3567 2259 3683 2314 verbi

2135 2358 2297 2430 hujus
2324 2359 2770 2418 consubstantialis
2799 2357 3052 2414 inimicus
3071 2400 3086 2426 ,
3108 2358 3178 2414 ab
3206 2356 3500 2414 Athanasio
3526 2355 3685 2424 allega-

2137 2465 2220 2510 tus
2246 2452 2337 2525 (In
2360 2454 2459 2526 Ep.
2485 2454 2551 2509 ad
2573 2452 2754 2526 Episc.
2780 2456 2834 2513 in
2860 2454 3083 2525 Africa).
3118 2451 3224 2513 Sed
3249 2452 3350 2522 ipsi
3376 2451 3565 2511 interim
3589 2448 3685 2500 mire

2136 2550 2411 2613 incusant,
2444 2547 2581 2617 quod
2622 2562 2713 2616 pa
2739 2562 2883 2601 voces
2927 2562 3029 2599 non
3071 2546 3125 2599 in
3154 2547 3411 2615 scriptura
3438 2542 3683 2604 solemnes,
3758 2528 3759 2549 ¹

2137 2642 2226 2699 sed
2267 2652 2437 2696 tamen
2478 2642 2559 2713 pie
2601 2641 2826 2695 inventas
2849 2680 2865 2707 ,
2904 2639 3227 2693 condemnati
3266 2646 3421 2702 sunt,
3459 2652 3567 2691 cum
3611 2632 3685 2701 ipsi

2139 2744 2399 2805 tamquam
2423 2734 2754 2789 exterioribus
2784 2734 2945 2788 exorti
2984 2733 3046 2785 de
3076 2731 3547 2802 terra‘loquuntur:
3584 2729 3687 2799 epis-

2138 2828 2252 2899 copi
2292 2843 2410 2882 vero
2436 2838 2613 2881 contra
2638 2810 2740 2880 non
2769 2826 2862 2899 has
2904 2841 3046 2880 voces
3080 2825 3182 2895 ipsi
3210 2826 3554 2898 excogitarunt
3573 2862 3588 2891 ,
3618 2818 3686 2874 sed

2139 2940 2223 2979 eas
2251 2938 2282 2975 a
2311 2920 2558 2976 Patribus
2589 2928 2891 2975 contestatas
2929 2928 3272 2990 acceperunt,
3302 2927 3354 2973 et
3393 2918 3584 2988 scriptis
3603 2912 3687 2968 suis
3758 2904 3759 2965 Ϊ

2139 3015 2482 3070 inseruerunt.
2507 3014 2773 3084 Siquidem
2791 3013 2947 3085 prisci
2967 3013 3195 3088 episcopi
3215 3010 3277 3065 ab
3298 3012 3378 3065 his
3399 3010 3539 3066 annis
3559 3017 3684 3077 prope
3758 3066 3759 3079 χ

2137 3120 2337 3164 centum
2375 3119 2423 3163 et
2445 3091 2687 3181 triginta,
2715 3119 2823 3163 tum
2850 3108 2937 3180 qui
2970 3107 3183 3173 Roma,
3218 3116 3325 3160 tum
3352 3106 3438 3181 qui
3472 3106 3525 3159 in
3550 3110 3689 3157 nostra
3758 3104 3759 3111 ‘

2140 3201 2355 3259 Civitate
2384 3202 2736 3277 pontiﬁcatum
2760 3218 2956 3273 gessere
2981 3208 3349 3261 accusauerunt
3374 3215 3488 3269 eos,
3515 3197 3590 3263 qui
3616 3193 3688 3249 Fi-
3758 3204 3759 3215 ‘

488 3272 812 3351 Concilium
843 3303 1055 3360 quoque
1082 3288 1484 3360 Antiochepum
1517 3288 1749 3358 primum
1780 3290 2031 3346 eumdem
2059 3284 2105 3346 C
2142 3295 2269 3349 lium
2313 3272 2598 3367 creaturam
2631 3272 2885 3367 dicerent,
2918 3302 3003 3348 aut
3042 3294 3128 3364 qui
3168 3301 3410 3366 negarent
3452 3306 3555 3345 eum
3586 3302 3687 3341 ron-

442 3380 496 3435 in
537 3379 703 3437 Paulo
731 3379 1085 3455 Samosateno
1132 3380 1479 3451 reprehendit
1516 3396 1794 3460 eri-orem.
1814 3381 2038 3439 Scilicet

444 3471 640 3541 Filium
669 3474 723 3543 in
764 3471 1099 3544 procreando
1134 3472 1335 3545 mundo
1365 3471 1645 3545 Paternam
1682 3473 1920 3542 implesse
1948 3489 2036 3528 vo-
2066 3498 2079 3504 -~

442 3567 718 3637 tuntatem,
752 3568 896 3638 eique
924 3576 977 3624 ut
1020 3567 1073 3643 id
1097 3567 1284 3637 faceret
1327 3567 1625 3637 prtecepisse
1672 3565 1899 3621 Patrem.
1944 3566 2032 3622 ln-

443 3658 804 3733 acqualitatcnt
836 3674 965 3731 vero
988 3658 1282 3716 excludunt
1309 3658 1551 3729 ejusdem
1583 3660 1792 3715 concilii
1824 3660 2028 3729 Patres.

449 3751 708 3825 Operatur
736 3762 905 3825 utpote
949 3752 1163 3822 Verbum
1188 3754 1411 3830 simulet
1439 3753 1611 3821 Deus,
1640 3770 1729 3824 per
1748 3770 1895 3826 quem
1926 3771 2034 3808 om-

446 3849 530 3899 nia
554 3846 679 3915 fecit
700 3843 880 3915 Pater,
914 3862 1015 3903 non
1040 3848 1300 3918 tamquam
1341 3864 1431 3921 per
1466 3849 1885 3914 instrumentum,
1945 3866 2033 3903 ne-

441 3954 541 4008 que
593 3946 851 4009 tamquam
904 3955 993 4006 per
1018 3936 1304 4009 Scientiam
1326 3982 1341 4008 ,
1374 3957 1474 3996 non
1501 3958 1593 4013 per
1630 3957 1683 3998 se
1712 3942 2028 4011 existentem.

444 4028 500 4085 ln
518 4030 703 4093 eadem
727 4032 994 4099 sententia
1010 4031 1249 4101 loquitur
1271 4031 1730 4091 etAlexandrinu's
1744 4032 2032 4105 Dionysius

438 4132 625 4183 contra
649 4120 1057 4191 Samosatenum
1087 4122 1246 4178 verba
1279 4124 1367 4178 illa
1394 4125 1671 4194 explicans
1700 4124 1986 4183 Hieremiae
2012 4143 2026 4181 :

445 4212 559 4285 Ego
569 4214 699 4275 sicut
711 4230 877 4284 agnus
895 4214 1160 4282 inuocem,
1175 4216 1262 4286 qui
1278 4215 1482 4272 ducitur
1502 4220 1570 4271 ad
1591 4216 1943 4288 sacri/icium,
1960 4219 2032 4275 ita

446 4305 498 4358 in
529 4305 765 4365 Persona
793 4302 1001 4363 Christi
1030 4306 1303 4376 loquitur:
1329 4308 1473 4379 Ego,
1500 4309 1709 4381 inquam
1729 4350 1746 4378 ,
1776 4295 1865 4382 qui
1902 4328 2033 4368 sem-

443 4412 533 4468 per
558 4395 791 4453 Persona
815 4396 1055 4452 Christus
1084 4398 1295 4466 aqualis
1326 4396 1475 4454 Patri
1521 4400 1664 4457 nulla
1709 4381 2034 4458 dissimilitu-

445 4488 565 4542 dine
591 4486 886 4542 substantite
908 4498 1187 4543 cowternus
1219 4484 1439 4557 Domino
1464 4490 1713 4561 Spiritui,
1747 4504 1850 4550 etc.
1873 4493 2034 4549 Com-

442 4588 656 4651 pertum
703 4582 885 4651 itaque
930 4590 1054 4647 est,
1100 4596 1342 4637 errorem
1386 4584 1528 4638 hunc
1559 4583 1627 4639 de
1667 4585 2032 4656 inaequalitate

2137 3389 2516 3444 substantialem
2565 3387 2733 3443 Patri.
2768 3386 2947 3457 Neque
2972 3388 3086 3457 ejus
3112 3388 3321 3459 ignarus
3345 3394 3452 3441 erat
3478 3382 3686 3438 Eusebius

2139 3484 2410 3554 episcopus
2455 3482 2955 3553 Ctesariensis,‘qui
3003 3498 3121 3534 cum
3168 3482 3314 3550 prius
3357 3477 3687 3548 stt/fragorem
3758 3502 3759 3509 ι

2140 3573 2394 3630 Arianiéa:
2414 3572 2614 3640 Secttv,
2645 3583 2818 3643 postea
2844 3582 3011 3626 tamen
3043 3569 3248 3625 Nicceni
3275 3571 3481 3625 concilii
3498 3565 3686 3622 Decretit

2137 3666 2471 3735 subscripsit,
2502 3675 2549 3720 et
2590 3666 2729 3734 apud
2757 3681 2876 3719 suos
2901 3663 2955 3717 id
2985 3665 3150 3732 ipsum
3178 3662 3403 3733 pr0priis
3431 3658 3593 3716 litteris
3616 3660 3685 3724 αι’·
3758 3676 3759 3707 :

2139 3760 2381 3826 ﬁrmavit,
2406 3760 2557 3830 cujus
2580 3758 2688 3811 haec
2717 3756 2866 3811 verba
2890 3767 3039 3812 sunt:
3059 3773 3077 3805 t
3096 3754 3357 3811 Novimtts
3376 3751 3615 3824 quosdam
3634 3762 3683 3800 ex
3758 3810 3759 3831 χ

2137 3848 2331 3920 priscis
2376 3850 2656 3913 eruditos,
2706 3858 2761 3903 et
2812 3848 3101 3917 praelatos
3152 3846 3437 3901 Autistitcs
3483 3845 3685 3910 aliosque
3758 3892 3759 3899 η

2136 3943 2461 4011 scriptores,
2496 3954 2615 3994 cum
2645 3938 2713 3994 de
2744 3939 2953 4003 Putris.
2974 3949 3026 3994 et
3057 3936 3181 3992 Filii
3209 3937 3419 3993 Deitate
3444 3937 3684 4006 loquercn-
3758 3938 3759 3951 ‘

2138 4041 2256 4098 tur,
2292 4047 2423 4088 voce
2443 4030 3023 4107 consubstantialitatis
3047 4045 3174 4087 usos
3203 4042 3348 4086 esse.
3398 4049 3420 4084 ι
3447 4029 3551 4086 Hac
3580 4042 3701 4097 rore.
3758 4036 3759 4049 ι

2139 4132 2392 4195 tanquam
2436 4139 2464 4177 a
2507 4112 2757 4178 Patribus
2798 4131 3022 4193 accepta
3054 4138 3181 4179 usus
3229 4130 3313 4178 est
3347 4123 3405 4179 S.
3435 4121 3683 4192 Dionysius
3758 4176 3759 4191 χ

2134 4215 2534 4273 Alexandrinus
2546 4216 2794 4280 Gallieno
2814 4230 3033 4272 coaevus
3061 4224 3249 4271 contra
3270 4216 3679 4273 Samosatenum:

2135 4307 2406 4363 Desertum
2436 4308 2563 4364 dicis
2591 4324 2707 4364 eum
2738 4308 2824 4382 qui
2856 4318 2962 4363 erat
2990 4317 3175 4362 natura
3205 4307 3479 4377 Dominus,
3510 4315 3553 4361 et
3588 4304 3681 4358 Vtr-

2136 4400 2252 4455 bum
2278 4399 2455 4455 Patris
2475 4441 2490 4466 ,
2521 4417 2611 4470 per
2631 4417 2776 4470 quem
2806 4402 2976 4454 omnia
2998 4400 3188 4471 pariter
3206 4400 3332 4472 fecit
3349 4440 3368 4471 ,
3393 4407 3440 4455 et
3459 4414 3544 4470 per
3566 4410 3680 4467 quem

2136 4492 2314 4548 Sancti
2355 4490 2537 4546 Patres
2581 4490 2881 4546 homousiori
2925 4476 3074 4546 Patri
3114 4482 3434 4548 vocaverunt.
3464 4487 3680 4559 Dionysio

2134 4592 2315 4638 autem
2353 4581 2513 4651 hujus
2555 4584 2703 4637 vocis
2741 4583 3101 4653 antiquiorem
3132 4598 3293 4640 usum
3324 4584 3491 4641 fuisse
3522 4581 3679 4654 probat

443 4672 569 4732 Filii
607 4673 672 4733 ad
695 4672 911 4735 Patrem
944 4673 1104 4728 tertio
1132 4673 1353 4740 saeculo,
1378 4684 1432 4729 et
1457 4673 1705 4735 Gallieno
1732 4676 2028 4748 imperante
2056 4674 2109 4735 D
2135 4675 2474 4730 doctissimus
2518 4673 2857 4729 Cbt'iStianus
2886 4673 3069 4744 Lupus
3108 4675 3350 4744 pluribus
3386 4672 3609 4747 allegatis
3632 4670 3677 4725 S.

447 4766 703 4834 viguisse,
733 4766 803 4825 ita
830 4776 886 4820 ut
913 4765 966 4822 in
993 4766 1141 4822 illum
1161 4782 1321 4836 agere
1341 4765 1581 4837 ejusdem
1611 4766 1831 4838 urgeret
1844 4784 2030 4825 neces-

442 4858 577 4916 sitas
604 4860 881 4928 temporis.
913 4859 1032 4919 Non
1073 4859 1216 4916 enim
1245 4859 1430 4917 Ariani
1465 4861 1566 4916 soli
1592 4872 1777 4917 contra
1808 4862 2030 4932 aequali-

364 4950 373 4958 “
443 4958 606 5008 tatem
645 4949 767 5006 Filii
809 4965 930 5009 cunt
970 4951 1127 5008 Patre
1171 4962 1296 5008 sunt
1323 4952 1582 5019 oblocuti.
1614 4954 1685 5011 At
1726 4952 1868 5027 forte
1910 4954 2030 5023 quis

441 5046 686 5118 Origenis
732 5049 931 5118 scripta
969 5048 1037 5109 ab
1081 5049 1295 5105 Arianis
1342 5050 1528 5107 ialsata
1578 5049 1787 5107 causari
1834 5050 2025 5105 volet:

440 5140 575 5195 Num
609 5139 749 5197 forte
775 5155 898 5195 eum
940 5140 1070 5196 latet
1107 5139 1353 5211 Origenis
1392 5151 1682 5200 aestuosum
1714 5140 1986 5212 ingenium
2008 5182 2023 5207 ,

438 5234 589 5302 quasi
622 5247 771 5288 mare
796 5248 903 5289 non
932 5247 1155 5301 semper.
1179 5236 1462 5304 tranquilla
1489 5236 1712 5291 veritate
1745 5242 2021 5305 pacatum,

438 5327 533 5384 sed
564 5325 816 5382 ﬂuctibus
856 5325 1121 5383 variarunt
1167 5327 1474 5395 Opinionum
1506 5330 1743 5383 testuans
1773 5328 2028 5399 frequen-

437 5429 515 5479 ter
560 5420 626 5479 ad
672 5420 924 5480 falsitatis
968 5419 1220 5488 scopulos
1262 5420 1531 5477 allisisse?
1573 5422 1721 5493 lianc
1758 5403 2021 5494 siquidem

436 5516 756 5586 scriptorum
802 5514 973 5586 ipsius
1016 5517 1416 5586 corruptionem
1460 5519 1619 5577 inane
1655 5532 2017 5581 commentum

438 5623 557 5667 esse
583 5651 598 5675 ,
638 5609 872 5666 evidenti
917 5607 1128 5666 ratione
1166 5608 1403 5665 ostendit
1443 5604 1819 5685 Hieronymus.
1862 5614 2021 5670 Solus

438 5701 671 5755 inventus
703 5708 773 5756 est
807 5701 1049 5771 Origenes
1069 5742 1084 5766 ,
1115 5704 1262 5771 cujus
1299 5703 1490 5773 scripta
1519 5704 1571 5755 in
1601 5714 1701 5760 toto
1729 5708 1846 5761 orbe
1876 5710 2019 5778 puri-

438 5804 511 5845 ter
538 5796 847 5861 falsarentur
874 5814 886 5849 :
920 5806 966 5850 et
1003 5798 1151 5865 quasi
1176 5796 1243 5849 ad
1271 5794 1589 5851 Mithridatis
1632 5800 1825 5855 litteras
1854 5802 2020 5856 omnis

437 5889 619 5949 veritus
646 5904 747 5946 uno
775 5887 857 5943 die
881 5886 943 5955 de
973 5888 1315 5949 columinibus
1336 5893 1480 5973 illius
1501 5895 1785 5975 raderetur.
1804 5896 1866 5962 Si
1890 5913 2021 5955 unus

2134 4770 2322 4825 lrenmi
2346 4811 2358 4834 ,
2388 4785 2450 4825 ac
2487 4768 2807 4825 Tertulliani
2852 4768 3121 4834 testibus,
3164 4784 3229 4823 ex
3275 4770 3467 4839 quibus
3505 4766 3676 4821 infert:

2137 4864 2461 4934 QuaprOpter
2489 4864 2568 4917 ha:
2592 4878 2733 4917 uoces
2770 4860 3279 4935 (consubstantialis,
3314 4858 3677 4917 consubstanticu

2140 4956 2336 5023 Virtus,
2365 4959 2593 5028 ejusdem
2610 4951 2926 5024 substantite)
2956 4969 3115 5025 neque
3138 4970 3169 5006 a
3200 4952 3454 5017 Romano,
3479 4960 3569 5015 aut
3583 4950 3677 5002 Ale-

2131 5048 2386 5103 xandrino
2416 5046 2665 5118 Dionysio
2697 5046 2962 5101 aduersum
2999 5043 3226 5099 Paulum
3269 5044 3675 5101 Samosatensemt

2133 5166 2291 5220 neque
2314 5166 2344 5201 α
2376 5146 2695 5202 Tcrtulliano
2715 5186 2730 5212 ,
2764 5160 2919 5223 neque
2941 5145 3065 5220 item
3081 5160 3113 5196 α
3135 5143 3196 5212 S.
3230 5143 3429 5198 lrenao
3454 5148 3586 5207 sunt,
3608 5134 3676 5190 sed

2133 5252 2249 5298 sunt
2283 5241 2343 5294 ab
2376 5241 2502 5311 ipsis
2535 5240 2813 5312 Apostolis.
2846 5238 3173 5306 Etenimﬁon
3214 5234 3479 5302 dumtaxat
3503 5240 3676 5298 uterque

2131 5334 2412 5405 Dionysius
2430 5374 2444 5399 ,
2474 5349 2534 5385 ac
2564 5334 2683 5386 item
2710 5330 3055 5387 Tertullianus
3075 5370 3092 5399 ,
3118 5331 3208 5385 sed
3234 5337 3279 5383 et
3316 5330 3422 5400 ipse
3449 5326 3510 5384 S.
3537 5323 3672 5392 Poly-

2130 5428 2271 5497 carpi
2301 5422 2586 5495 discipulus
2614 5423 2675 5481 S.
2709 5424 2940 5491 [renatus
2985 5424 3058 5478 eis
3087 5422 3249 5475 utitur
3279 5430 3530 5489 tamquam
3566 5430 3674 5468 com-

2126 5520 2361 5576 munibus
2382 5521 2436 5573 in
2459 5518 2714 5582 Ecclesia,
2740 5517 2949 5588 ideoque
2969 5516 3291 5589 Apostolicis.
3314 5513 3418 5569 Eas
3437 5508 3676 5569 Tertullia-

2130 5637 2223 5673 nus
2252 5635 2283 5671 a
2308 5617 2496 5672 Latina
2516 5658 2530 5683 ,
2557 5615 2784 5671 Irenteus
2813 5614 3006 5685 accepit
3031 5632 3063 5666 a
3086 5611 3269 5668 Grteca
3295 5610 3536 5669 Ecclesia.
3568 5604 3675 5659 Hinc

2130 5711 2234 5764 illa:
2254 5710 2392 5779 apud
2420 5721 2684 5779 utramque
2709 5714 2827 5763 sunt
2847 5705 3212 5774 antiquissimae
3240 5702 3332 5774 (In
3355 5704 3559 5759 Dissert.
3584 5703 3674 5768 post

2130 5803 2219 5855 hu.
2252 5802 2315 5859 de
2354 5818 2462 5856 voc.
2503 5802 2660 5856 subst.
2698 5799 2894 5854 Essent.
2920 5795 3073 5857 Pers.
3101 5813 3149 5851 c.
3172 5794 3209 5850 4
3229 5838 3243 5864 ,
3270 5807 3448 5868 qucest.
3480 5795 3540 5861 ‘2,
3574 5790 3672 5846 edit.

2130 5914 2243 5959 nov.
2296 5896 2423 5966 Ven.
2480 5896 2673 5975 ιω).
2720 5896 2935 5976 Optime
2980 5892 3216 5983 quidem.
3276 5890 3674 5975 sapientissimus

3600 393 3679 446 (360
3758 390 3759 393 “
