3822 6220
266 332 370 386 661

1682 323 2149 381 DISSERTATIO.

3444 320 3565 389 cce

259 424 472 516 quippe
500 444 594 499 Vir
641 444 946 499 institutum
986 450 1211 496 noverat
1249 442 1300 494 in
1332 440 1573 505 Ecclesia
1621 438 1863 496 tradendi
1892 438 1947 498 Δ
1970 450 2073 501 cat,
2098 416 2253 495 hunc
2292 443 2515 495 alienum
2546 456 2654 495 esse
2679 441 2742 493 ab
2766 438 3116 495 'ecclesiastica
3146 437 3327 509 regula
3356 437 3573 491 arbitra-

258 534 690 591 Catechumenis
730 533 1115 603 Aposmlorum
1164 530 1504 602 Symbolum.
1548 529 1685 584 Num
1730 528 1867 582 forte

260 628 445 683 nudas
486 628 691 695 litteras
725 626 1046 682 tradebant?
1085 624 1277 680 Nonne
1315 634 1368 678 et
1416 622 1667 694 mysteria
1715 622 1767 675 in
1802 635 1867 675 co

260 732 531 777 contenta
561 719 946 790 explicabant?
973 717 1109 773 Hinc
1137 718 1334 786 ubique
1364 698 1581 785 semper
1619 713 1745 769 Filii
1772 712 1868 766 Di-

258 816 501 879 vinitas,
533 824 588 871 et
618 828 740 867 cum
775 812 935 866 Patre
979 810 1511 865 consubstantialitas
1536 816 1826 877 propagata
1847 847 1863 871 ,

256 916 321 962 et
366 908 435 960 ita
466 905 573 960 alte
613 904 878 961 Fidelium
908 903 1165 959 cordibus
1199 902 1358 957 inﬁxa
1382 944 1395 967 ,
1432 912 1488 955 ut
1531 910 1674 955 tanta
1709 898 1865 953 forti-

254 999 459 1054 tudine
480 1041 493 1063 ,
525 1008 686 1067 atque
714 998 1049 1063 constantia,
1081 997 1299 1062 exiliis,
1335 995 1664 1050 cruciatibus
1685 1036 1699 1060 ,
1736 1008 1863 1048 san-

256 1093 437 1163 guine
474 1100 541 1146 et»
574 1093 687 1162 ipsa
728 1098 932 1153 morte,
974 1102 1159 1145 contra
1207 1089 1492 1143 haereticos
1532 1087 1668 1141 hanc
1713 1085 1863 1141 Fidei

259 1166 673 1239 confessionem
716 1184 988 1240 tutandam
1040 1182 1292 1238 duxerint
1340 1182 1667 1236 Orthodoxi.
1715 1180 1863 1235 Hanc

255 1277 430 1333 Verbi
462 1277 764 1331 Divinitatis
812 1276 997 1330 Fidem
1048 1292 1111 1330 ex
1158 1290 1223 1329 eo
1278 1276 1328 1329 in
1378 1274 1620 1329 Ecclesia
1674 1272 1862 1343 vulga-

257 1386 402 1442 tam,
432 1388 800 1437 communem,
842 1383 896 1427 et
937 1362 1201 1441 publicam
1251 1379 1549 1439 agnoscunt
1580 1370 1861 1431 Petavius,

255 1467 486 1535 Lupus,
539 1464 941 1530 Thomasinus,
989 1464 1131 1532 quod
1181 1462 1554 1516 cententiones
1595 1468 1755 1514 tanta:
1809 1459 1862 1513 in

254 1557 697 1615 Alexandrinum
762 1554 1075 1625 Dionysium
1140 1554 1339 1607 iuerint
1396 1554 1664 1606 excitatm.
1724 1549 1861 1604 Audi

255 1652 474 1720 Lupum
503 1668 516 1703 :
551 1648 661 1703 Ista
707 1664 803 1702 vox
831 1657 949 1700 tunc
979 1646 1204 1714 formosa
1227 1687 1240 1709 ,
1272 1661 1331 1698 ac
1377 1645 1604 1714 gloriosa
1643 1644 1863 1714 (uetnpc

253 1738 790 1817 consubstantialis)
819 1750 891 1792 cst
924 1755 1024 1791 non
1045 1737 1327 1790 dumtaxat
1358 1735 1498 1804 apud
1540 1733 1861 1797 Romanam,

1971 548 2109 585 mur.
2138 534 2557 603 Antiquissimus
2585 532 2745 587 etiam
2782 531 2840 586 S.
2870 530 3114 587 JuSIinus
3143 537 3352 599 martyr
3382 529 3429 583 si
3461 542 3569 583 non

1971 625 2232 692 apertius,
2278 640 2341 679 ac
2385 624 2441 679 ὃ.
2492 624 2638 678 Zeno
2687 619 2873 677 contra
2923 625 3061 679 hanc
3103 620 3464 687 calumniam,
3502 636 3569 675 ex

1970 731 2126 781 inquo
2151 724 2325 775 tamen
2350 718 2621 771 disseruit.
2652 716 2855 771 Audias
2882 716 3034 770 illum
3061 717 3288 771 iterum:
3316 714 3570 770 Virtutem

1970 805 2115 859 illuni
2151 823 2261 859 esse
2305 806 2402 859 Dei
2453 807 2543 879 (de
2578 807 2755 861 Verbo
2792 808 2900 861 Deo
2926 807 3184 879 loquitur)
3227 824 3289 861 ac
3328 805 3498 862 Deum
3536 823 3571 860 a

1970 895 2235 966 Propheta
2266 899 2574 969 nuncupari,
2607 914 2708 950 non
2744 898 2817 951 ita
2846 906 2902 950 ut
2925 899 3047 951 solis
3076 900 3167 952 lux
3187 900 3297 952 solo
3324 899 3568 953 vocabulo

1971 999 2282 1069 numeratur,
2308 989 2399 1042 sed
2421 1005 2635 1043 numero
2662 988 2881 1043 alterum
2918 988 3163 1059 quiddam
3186 1006 3292 1044 esse
3318 1007 3336 1056 ,'
3363 1008 3467 1045 non
3490 1001 3569 1043 ta-

1970 1100 2082 1136 men
2109 1084 2382 1147 recisione,
2414 1092 2679 1157 tamquam
2716 1081 2895 1136 Patris
2925 1083 3212 1149 substantia
3249 1094 3466 1151 secetur,
3497 1085 3574 1138 uti

1969 1186 2152 1230 ca'tera
2178 1175 2360 1240 divisa,
2395 1177 2545 1244 atque
2572 1186 2709 1229 secta
2741 1190 2845 1227 non
2876 1183 2995 1227 sunt
3015 1173 3219 1241 eadem,
3257 1184 3409 1244 atque
3428 1187 3573 1231 erant

1970 1278 2089 1323 ante
2117 1269 2401 1322 sectionem
2430 1267 2520 1340 (In
2543 1267 2688 1322 Dial.
2721 1284 2838 1322 cum
2867 1265 3113 1338 Tryph.).
3154 1266 3285 1323 Vide
3310 1283 3432 1338 qua:
3460 1268 3573 1324 dixi

1973 1362 2093 1434 515
2120 1372 2173 1417 et
2206 1361 2295 1417 14.

1970 1475 2222 1547 §XVIIL
2270 1475 2347 1530 De
2398 1477 2635 1547 formulis
2693 1474 3003 1529 Arianorum
3060 1476 3283 1547 propriis
3323 1492 3575 1547 nusquam

2479 1570 2707 1622 meminit
2761 1568 2799 1624 S
2812 1610 2823 1621 .
2876 1568 3039 1626 Zeno.

2045 1661 2120 1715 De
2168 1662 2492 1718 Arianorum
2544 1661 2789 1716 formulis
2832 1662 2938 1716 huc
2983 1678 3155 1733 usque
3204 1662 3565 1719 consideratis

1971 1753 2176 1806 nullum
2221 1767 2509 1821 superesse
2536 1753 2791 1819 dubium,
2834 1753 2893 1807 S.
2933 1752 3208 1809 Zenonem
3238 1756 3349 1809 suis
3378 1755 3430 1809 in
3456 1770 3571 1810 ser-

254 1835 493 1904 αιιεοίιιιε
520 1843 567 1888 εί
600 1848 798 1886 omnem
830 1829 1068 1883 ιαίίπατη
1096 1827 1399 1910 Ε’ῗείεδίαθη
1422 1866 1437 1893 ν
1479 1827 1567 1881 θεά
1595 1824 1743 1877 “iam
1774 1841 1865 1893 Ρεν
1891 1816 1943 1876 Β
1972 1845 2220 1913 monibus
2252 1846 2473 1900 minime
2502 1853 2691 1900 contra
2730 1846 2961 1899 Arianos
2992 1846 3197 1916 egisse,
3232 1846 3571 1901 demonstra-

252 1927 593 1998 Pentapolim
613 1967 628 1992 ,
674 1941 734 1978 ac
763 1940 961 1978 omnem
993 1906 1212 1993 digypti
1244 1920 1519 1975 dioecesim.
1576 1917 1699 1972 Hazc
1725 1920 1861 1971 vocis

250 2022 426 2091 gloria
468 2021 566 2091 fuit
604 2018 882 2072 accusandi
926 2027 972 2070 et
1024 2015 1338 2085 corripiendi
1379 2014 1705 2068 Patriarclue
1743 2012 1863 2080 {un-

227 2103 576 2167 damentum.
634 2111 829 2177 Quarto
875 2110 1118 2163 discimus
1146 2149 1160 2173 ,
1207 2108 1341 2176 quod
1382 2107 1534 2160 etiam
1577 2103 1860 2176 Dionysius

254 2204 576 2258 Patriarcha
631 2204 891 2272 agnoverit
940 2202 1089 2254 istam
1133 2201 1270 2251 vocis
1318 2197 1701 2268 abnegationem
1754 2212 1863 2251 esse

252 2298 451 2352 crimen
484 2312 502 2349 :
536 2296 653 2347 hinc
694 2295 857 2365 ipsam
906 2292 1200 2362 abnegavit,
1252 2291 1514 2359 rescripsit
1555 2289 1700 2342 aliud
1737 2306 1768 2342 a
1808 2306 1862 2345 se

167 2453 173 2458 ,
254 2408 360 2444 non
384 2392 581 2442 dictum
608 2388 669 2441 de
698 2389 796 2440 ista
824 2401 942 2438 voce
966 2427 978 2449 ,
1008 2402 1158 2455 quam
1185 2384 1320 2452 quod
1343 2399 1442 2435 non
1474 2393 1600 2436 esset
1622 2398 1862 2453 expressa

252 2485 311 2537 in
354 2483 537 2538 Sacris
583 2483 783 2536 litteris.
820 2479 974 2533 Haud
1016 2480 1167 2533 dubie
1210 2479 1305 2531 hoc
1334 2479 1523 2531 dictum
1568 2478 1683 2547 fecit
1716 2477 1861 2530 illum

252 2587 575 2643 suspectum,
610 2585 653 2626 et
682 2572 995 2625 accusationi
1025 2570 1165 2623 dedit
1192 2571 1461 2639 originem,
1488 2579 1535 2622 et
1564 2567 1711 2632 adesa
1742 2585 1863 2636 pur-

253 2644 490 2739 gandum
512 2668 775 2737 professus
797 2674 869 2717 est
894 2681 994 2717 non
1017 2663 1335 2717 solummodo
1358 2662 1700 2730 significatam
1724 2674 1860 2727 rem,

252 2761 349 2815 sed
376 2770 426 2814 et
455 2761 622 2829 ipsam
648 2773 819 2825 vocem
846 2758 941 2810 sibi
974 2757 1179 2809 omnino
1213 2754 1437 2823 probari.
1474 2753 1598 2807 Haec
1630 2752 1861 2807 Gallieni

255 2863 509 2920 tempora
542 2849 857 2918 respiciunt.
912 2848 1025 2916 Qua
1059 2849 1125 2901 de
1165 2862 1220 2901 re
1249 2848 1407 2917 igitur
1436 2847 1495 2900 S.
1533 2844 1681 2900 Zeno
1704 2886 1718 2910 ,
1760 2842 1863 2899 etsi

255 2962 366 3001 non
403 2946 523 3008 bis,
555 2955 647 2998 aut
677 2953 757 2997 ter
780 2983 794 3007 ,
822 2942 914 2997 sed
946 2938 1163 2996 ceulum
1196 2940 1355 2993 unius
1385 2938 1703 3005 substantia:
1728 2951 1863 2990 voce

260 3052 395 3093 usus
426 3046 609 3100 esset,
642 3044 705 3109 .et
748 3048 881 3087 voce
928 3052 947 3085 ι
984 3030 1459 3099 consubstantialis
1498 3049 1515 3081 ι
1550 3017 1651 3100 qua
1697 3028 1765 3084 de
1805 3045 1863 3083 re

255 3129 596 3189 censendum
629 3135 711 3182 est
744 3126 1053 3181 in;Arianos
1096 3124 1345 3178 habuisse
1372 3124 1660 3177 eonciones
1683 3163 1697 3188 ,
1738 3136 1860 3175 cum

255 3234 315 3277 ct
367 3224 530 3277 tertio
578 3222 779 3277 saeculo
829 3222 1292 3305 perstrepentibus
1339 3219 1580 3291 Dionysii
1625 3220 1859 3274 Alexan-
1891 3201 1936 3265 C

253 3320 401 3375 drini
430 3318 902 3386 accusationibus,
933 3330 1097 3386 atque
1122 3318 1273 3371 Pauli
1306 3316 1643 3373 SamOSateni
1666 3314 1861 3369 hairesi

257 3413 681 3472 debacchaute,
725 3411 894 3481 ipsius
938 3412 1087 3464 vocis
1134 3408 1467 3465 iucuICandm
1512 3416 1713 3462 tantam
1764 3407 1858 3461 ba-

257 3507 443 3561 buerit
490 3504 877 3577 occasionem?
929 3503 1108 3559 Semel
1143 3512 1347 3557 tantum
1390 3501 1546 3571 hujus
1576 3501 1724 3555 vocis
1768 3499 1862 3553 ho-

257 3598 542 3656 mousion.
586 3610 684 3649 seu
724 3594 1170 3648 consubstantialts
1218 3596 1546 3648 mentionem
1578 3592 1769 3646 fecisse
1801 3591 1858 3646 S.

257 3689 414 3745 Zeno
435 3688 578 3760 (ipse
602 3702 833 3756 namque
850 3727 863 3751 ,
887 3698 941 3742 et
971 3689 1301 3755 antiquiores
1326 3686 1511 3741 Patres
1528 3727 1542 3751 ,
1569 3684 1729 3738 unius
1755 3693 1864 3737 tan-

257 3793 377 3837 tum
402 3781 727 3838 substantiae
759 3778 1084 3833 Vocabulum
1113 3777 1380 3845 adhibuit)
1423 3777 1599 3846 aliqua
1633 3776 1752 3830 licet
1783 3777 1868 3829 in-

254 3874 584 3929 subsistenti
634 3872 846 3927 ratione
892 3870 1212 3941 procederet
1276 3878 1676 3938 argumentum.
1727 3870 1862 3923 Cum

256 3981 395 4021 vero
441 3964 579 4019 nihil
625 3962 731 4017 tale
774 3963 824 4015 in
871 3976 939 4017 eo
984 3961 1314 4031 deprehendi
1356 3962 1440 4016 vel
1472 3976 1566 4030 per
1618 3962 1860 4015 umbram

258 4057 441 4127 possit
469 4097 483 4122 ,
514 4070 615 4110 cur
649 4069 687 4108 δ
713 4068 805 4107 sua
839 4062 997 4113 aetate
1034 4068 1061 4104 a
1096 4054 1253 4107 tertio
1294 4066 1489 4122 nempe
1532 4052 1730 4107 saeculo
1770 4051 1865 4107 de-

258 4150 570 4205 trudendus
600 4150 705 4212 sit,
736 4146 919 4217 utique
948 4162 1052 4201 non
1083 4146 1260 4201 video.

335 4242 483 4297 Idem
512 4238 803 4295 dicendum
838 4248 920 4293 est
949 4239 1017 4293 de
1041 4236 1275 4292 absurdo
1299 4236 1443 4305 quod
1472 4238 1525 4291 in
1556 4234 1865 4291 Catholicos

259 4336 637 4407 impingebant
660 4334 866 4394 Ariani.
891 4331 1044 4386 Hanc
1060 4348 1214 4385 unam
1232 4332 1588 4396 substantiam,
1614 4340 1667 4384 ut
1683 4332 1864 4386 Ariani

257 4432 327 4483 de
374 4428 544 4482 medio
589 4427 846 4489 tollerent,
886 4424 1193 4497 objiciebant
1229 4426 1327 4477 hac
1370 4426 1570 4477 ratione
1599 4425 1661 4477 de
1689 4424 1864 4477 Patris

255 4521 555 4576 substantia
595 4520 788 4589 aliquid
826 4518 986 4589 fuisse
1022 4518 1301 4586 demptum,
1348 4527 1401 4569 ut
1434 4514 1479 4567 F
1482 4516 1600 4569 ilius
1632 4517 1864 4586 gignere-

256 4626 368 4679 tur,
399 4616 573 4684 sicQue
606 4615 951 4677 imminutum,
998 4621 1043 4666 et
1086 4613 1442 4682 imperfectum
1481 4608 1689 4662 Patrem
1714 4627 1743 4661 a
1770 4609 1865 4663 (λα-
1890 4594 1945 4653 ἶ)

259 4708 473 4763 tltolicis
504 4706 881 4760 admittendum
906 4705 1229 4759 dictitabant.
1280 4704 1439 4759 Fides
1474 4706 1672 4759 etenim
1706 4705 1861 4759 unius

261 4802 362 4857 Dei
396 4802 447 4855 in
472 4800 646 4855 tribus
672 4799 941 4855 distinctis
973 4800 1241 4868 personis,
1271 4800 1413 4869 quod
1445 4798 1668 4869 perinde
1693 4806 1779 4853 est
1806 4814 1869 4856 ac

261 4908 431 4947 unam
476 4876 715 4947 divinam
760 4892 1116 4947 substantiam
1160 4892 1211 4945 in
1245 4892 1420 4947 tribus
1464 4907 1492 4946 a
1536 4907 1594 4947 se
1638 4892 1867 4946 invicem

260 4985 541 5040 distinctis
574 4986 816 5054 personis
849 4984 1088 5054 proﬁteri
1113 5027 1126 5049 ,
1171 5001 1386 5054 semper
1418 4986 1468 5039 in
1501 4986 1741 5041 Ecclesia
1775 4984 1872 5039 ilo-

264 5081 416 5143 ruit,
451 5079 940 5149 hmreticortimque
979 5082 1223 5135 solemne
1263 5083 1356 5135 fuit
1406 5093 1592 5137 contra
1624 5083 1870 5137 Catholi-

261 5187 365 5227 cos
417 5172 559 5227 banc
627 5172 947 5227 calumniam
995 5174 1322 5241 obtrudere,
1374 5176 1515 5245 quod
1566 5175 1868 5229 dividentes

262 5280 537 5337 personas
573 5264 925 5321 substantiam
958 5266 1194 5320 divinam
1223 5267 1548 5332 dividerent,
1580 5276 1741 5337 atque
1770 5272 1871 5321 im-

265 5361 601 5419 minuerent,
636 5373 699 5412 ac
736 5359 917 5426 plures
958 5352 1089 5413 deos
1117 5361 1463 5415 admitterent
1494 5379 1506 5417 :
1556 5362 1697 5431 quod
1744 5362 1865 5415 ani-

264 5452 680 5504 madverterunt
726 5460 779 5503 et
835 5450 1023 5503 Patres
1072 5453 1284 5505 concilii
1340 5454 1495 5521 primi
1548 5454 1869 5509 Antioclieni

261 5552 459 5599 contra
486 5543 898 5597 Samosatenum
927 5559 939 5594 :
986 5542 1086 5609 Qui
1128 5554 1297 5596 autem
1336 5544 1645 5598 contradicit
1680 5545 1873 5600 Filium

268 5636 375 5689 Dei
406 5651 510 5687 non
543 5650 650 5687 esse
683 5644 797 5687 ante
822 5637 1232 5688 constitutionem
1259 5637 1439 5689 nmntli
1457 5679 1468 5696 .
1516 5637 1739 5707 dicitque
1768 5657 1877 5695 cre-

263 5730 411 5792 dere,
444 5736 495 5782 et
525 5728 756 5796 confiteri
780 5742 886 5781 esse
907 5726 1089 5793 Deum,
1122 5744 1223 5785 non
1254 5744 1358 5782 esse
1380 5729 1543 5793 aliud,
1571 5723 1721 5800 quoin
1747 5733 1877 5786 duos

264 5822 393 5883 deos
423 5819 732 5897 prwtlicare.
768 5818 865 5895 Qui
892 5817 1087 5877 Filium
1119 5816 1213 5885 Dei
1240 5834 1341 5874 non
1370 5835 1476 5876 esse
1499 5818 1663 5875 Deum
1681 5821 1875 5894 prtt’di-

1969 1947 2080 1991 tum
2111 1952 2230 1992 esse
2252 1979 2267 2004 ,
2296 1938 2639 1992 conﬁdimus.
2670 1937 2829 1993 Modo
2857 1950 3024 2005 vero,
3054 1947 3109 1993 et
3136 1938 3267 1992 illud
3302 1948 3571 2009 tamquam

1967 2042 2172 2085 certum
2206 2016 2489 2099 ponimus.
2539 2032 2710 2100 ipsum
2750 2029 2809 2087 S.
2850 2029 3143 2086 Praesulem
3176 2046 3241 2085 ne
3268 2046 3428 2085 unam
3460 2031 3579 2100 qui—
3663 2068 3681 2091 ς

1967 2121 2090 2176 dem
2116 2121 2387 2190 prum-iam
2421 2122 2746 2176 Arianorum
2774 2122 3067 2198 formulam
3092 2122 3283 2177 leviter
3307 2122 3575 2193 attigisse.

1968 2213 2121 2281 Quod
2163 2222 2218 2266 ut
2258 2223 2474 2268 constet
2518 2217 2570 2267 in
2618 2222 2857 2268 mentem
2891 2213 3022 2267 illud
3061 2212 3428 2268 revocandum
3463 2223 3569 2279 est,

1968 2306 2108 2375 quod
2140 2306 2389 2375 superius
2428 2306 2808 2369 ostendimus,
2857 2305 3045 2362 Arium
3076 2320 3274 2374 nempe
3298 2346 3311 2370 ,
3348 2305 3572 2374 ejusque

1968 2405 2285 2459 sectatores,
2334 2406 2454 2465 pest
2480 2386 2595 2452 Arii
2621 2399 2691 2451 ab
2725 2396 2967 2451 Ecclesia
2995 2396 3388 2466 expulsionem,
3423 2380 3573 2451 erro-

1968 2508 2056 2546 res
2084 2507 2213 2545 suos
2248 2490 2477 2560 quadam
2510 2507 2576 2545 ex
2620 2500 2772 2560 parte
2799 2489 3120 2544 itmnutatos
3145 2528 3159 2554 ,
3202 2489 3306 2543 alia
3337 2490 3569 2543 circum-

1912 2653 1922 2662 .
1968 2584 2191 2648 vestitos
2214 2583 2550 2638 exhibuisse.
2578 2582 2733 2636 lllnm
2762 2584 3034 2651 praecipue
3061 2583 3300 2638 correxit
3323 2597 3565 2636 errorem

1967 2692 1996 2729 a
2023 2676 2256 2746 Beryllo,
2291 2692 2384 2729 seu
2417 2691 2445 2729 a
2476 2662 2834 2731 Samosateno
2864 2685 3169 2746 acceptum,
3197 2690 3357 2745 quem
3393 2674 3571 2744 primo

1969 2768 2025 2824 S.
2056 2766 2360 2821 Alexander
2392 2767 2699 2833 patriarcha
2733 2767 2866 2823 Ario
2896 2767 3118 2836 objecit.
3154 2768 3419 2820 Asserunt
3445 2776 3571 2820 tem-

1975 2874 2069 2927 pus
2096 2856 2377 2925 aliquando
2402 2858 2561 2927 fuisse
2599 2874 2715 2909 cum
2745 2874 2847 2911 non
2889 2866 3019 2912 esset
3054 2856 3229 2910 Filius
3266 2855 3381 2910 Dei.
3416 2859 3575 2912 Arius

1970 2950 2020 3004 in
2047 2950 2283 3017 Epistula
2310 2950 2373 3003 ad
2402 2949 2688 3003 Eusebium
2713 2949 3202 3015 Nicomediensem,
3230 2949 3424 3003 Filium
3445 2960 3575 3007 ante

1970 3052 2209 3112 tetnpora
2238 3041 2480 3112 genitum
2511 3044 2709 3097 l'atetnt'
2732 3053 2851 3095 ante
2875 3051 3137 3113 tempora,
3171 3052 3217 3095 et
3244 3050 3361 3094 ante
3380 3043 3572 3098 uacula

1972 3138 2175 3206 plenum
2206 3134 2372 3189 Deum
2401 3138 2676 3190 exstitisse.
2728 3135 2957 3191 Sanctus
3000 3135 3148 3190 Zeno
3196 3136 3426 3205 primum
3456 3137 3574 3192 Arii

1969 3241 2209 3281 errorem
2250 3226 2550 3280 coofntavit
2589 3226 2697 3281 illis
2732 3227 2952 3282 verbis:
2996 3225 3275 3281 Videamus
3304 3244 3460 3294 nunc,
3483 3245 3573 3300 0p-

1967 3316 2087 3369 time
2129 3316 2877 3386 Christiane,quemadmodum
2895 3317 3027 3374 inter
3048 3316 3258 3371 Patrem
3284 3316 3575 3388 Filiumqtte

1940 3406 1943 3413 λ
1967 3420 2165 3477 tempus
2190 3411 2436 3479 infulcias
2456 3426 2474 3464 :
2496 3412 2538 3462 si
2558 3413 2693 3464 enim
2722 3412 2939 3482 tempori
2959 3428 3061 3465 non
3088 3412 3184 3466 sibi
3206 3412 3411 3477 debent,
3434 3414 3574 3484 quod

1966 3506 2043 3557 esl
2071 3506 2200 3556 alter
2223 3504 2369 3556 alteri
2396 3504 2669 3571 obnoxius,
2701 3505 2883 3572 procul
2908 3502 3087 3569 dubio,
3118 3514 3174 3558 ut
3206 3516 3259 3559 tu
3281 3508 3377 3572 vis,
3404 3507 3571 3577 major

1968 3615 2041 3658 est
2057 3612 2261 3668 natura,
2281 3617 2432 3671 quam
2454 3598 2615 3654 Deus.
2635 3602 2697 3654 At
2712 3616 2831 3654 cum
2858 3611 3101 3655 naturam
3124 3616 3190 3655 ex
3212 3601 3375 3655 nihilo
3391 3602 3570 3671 fecerit

1970 3692 2224 3759 Christus,
2273 3693 2336 3745 sit
2379 3702 2547 3745 autem
2589 3709 2651 3746 ea:
2697 3703 2885 3745 natura
2922 3701 3144 3761 tempus,
3188 3693 3421 3763 ineptum
3444 3695 3572 3748 satis

1969 3800 2042 3842 est
2082 3805 2211 3856 Opus
2251 3804 2342 3840 suo
2376 3804 2674 3857 prazponere
2714 3787 2937 3853 Artiﬁci.
2972 3786 3185 3854 Optime
3224 3796 3416 3841 contra
3459 3788 3570 3857 pri-

1971 3896 2116 3933 mum
2139 3893 2378 3933 errorem
2412 3886 2790 3947 argumentum
2819 3876 3060 3946 procedit
3090 3892 3153 3932 ea
3180 3878 3410 3943 ratione,
3439 3880 3566 3948 quia

1969 3986 2033 4026 ex
2057 3975 2301 4040 tempore
2327 3970 2645 4040 interposito
2691 3971 2832 4024 inter
2858 3970 3068 4024 Patrem
3096 3978 3151 4024 et
3174 3968 3368 4025 Filium
3396 3969 3567 4026 infer-

1970 4070 2155 4125 retur,
2176 4069 2439 4115 .naturam
2472 4064 2729 4131 majorem
2750 4075 2885 4115 esse
2923 4061 3055 4114 Deo.
3086 4060 3277 4115 Procul
3304 4061 3483 4125 dubio,
3514 4072 3570 4116 ut

1968 4166 2021 4209 tu
2052 4156 2146 4222 vis,
2190 4156 2355 4219 maior
2403 4164 2476 4209 est
2515 4165 2719 4219 natura,
2762 4170 2916 4219 quant
2955 4153 3112 4209 Deus.
3160 4152 3295 4208 Nam
3322 4153 3572 4212 Christus

1972 4258 2214 4303 naturam
2248 4246 2374 4301 fecit
2400 4262 2465 4302 ex
2493 4248 2698 4303 nihilo:
2733 4246 2859 4301 Cum
2887 4255 3127 4301 naturam
3156 4262 3220 4301 ea:
3240 4246 3405 4301 nihilo
3428 4249 3563 4319 [ece-

1970 4342 2035 4394 rit
2060 4339 2311 4395 Christus.
2349 4340 2585 4408 Tempus
2616 4354 2746 4395 vero
2786 4339 2911 4409 quid
2955 4338 3200 4393 naturale
3227 4346 3327 4393 est.
3362 4338 3445 4393 Sit
3471 4354 3567 4391 au-

1972 4443 2068 4489 tem
2095 4450 2159 4487 ea:
2187 4442 2370 4487 natura
2399 4442 2614 4501 tempus.
2654 4432 2708 4487 Si
2737 4447 2868 4503 ergo
2899 4442 3113 4500 tempus
3142 4440 3267 4485 ante
3296 4431 3566 4486 Christum

1974 4528 2138 4582 Deum
2170 4536 2410 4582 creatum
2444 4538 2545 4581 est.
2597 4525 2739 4597 Opus
2772 4543 2865 4580 suo
2895 4526 3216 4597 prceponitur
3243 4524 3462 4592 Artiﬁci.
3499 4523 3571 4580 At

1972 4630 2159 4675 contra
2224 4620 2337 4675 Arii
2394 4636 2633 4675 errorem
2692 4618 3038 4673 emendatum
3078 4658 3093 4684 ,
3164 4617 3370 4673 scilicet
3426 4617 3569 4686 quod

1970 4712 2219 4768 Christus
2257 4712 2416 4768 fuerit
2447 4721 2565 4766 ante
2607 4722 2860 4781 tempora,
2892 4712 2954 4764 et
2984 4718 3102 4763 ante
3133 4709 3325 4764 sa’cula
3360 4710 3568 4779 plenum

1975 4804 2163 4859 Deum.
2221 4805 2363 4860 Nihil
2387 4805 2526 4859 valet
2554 4804 2952 4875 argumentatio
2974 4846 2988 4871 ,
3019 4818 3084 4857 eo
3116 4801 3255 4869 quod
3286 4801 3368 4854 sui
3406 4801 3461 4855 in
3482 4816 3569 4856 er-

1977 4900 2115 4955 roris
2148 4900 2527 4955 emendatione
2563 4896 2718 4951 Arius
2752 4905 2962 4964 tempus
2991 4894 3235 4949 Creatori
3259 4894 3569 4965 postponit,

1976 5010 2149 5063 neque
2179 4992 2369 5047 deduci
2405 5000 2611 5060 potest:
2641 4988 2882 5057 Ineptum
2907 4988 3031 5040 satis
3060 4995 3131 5039 est
3159 5003 3290 5055 opus
3312 5002 3407 5039 suo
3434 5002 3573 5056 prte-

1976 5100 2163 5156 poncre
2189 5085 2396 5154 artiﬁci.
2428 5084 2624 5137 Contra
2656 5082 2883 5149 primum
2910 5082 3089 5149 itaque
3116 5095 3385 5143 errorem,
3409 5096 3570 5150 quem

1982 5180 2135 5234 Arius
2164 5180 2231 5232 ab
2266 5171 2623 5252 anterioribns
2655 5173 2923 5228 hmreticis
2953 5185 3197 5227 mutuum
3240 5188 3564 5244 acceperat,

1977 5283 2129 5341 urget
2152 5270 2380 5323 Zenonis
2403 5268 2557 5333 ratio,
2585 5268 2811 5331 idecque
2833 5266 2914 5319 vel
2938 5272 3123 5319 contra
3157 5265 3573 5321 Samosatcnum

1976 5378 2238 5425 coazvum,
2276 5360 2357 5413 vel
2391 5370 2578 5412 contra
2612 5357 2850 5429 Dionysii
2882 5358 3234 5412 Alexandrini
3260 5359 3573 5428 impruden-

1979 5465 2084 5509 tem
2120 5452 2402 5505 verborum
2439 5452 2643 5519 lapsum
2688 5451 2747 5504 S.
2798 5450 2947 5504 Zeno
2978 5459 3355 5521 argumentum
3384 5450 3577 5507 fecisse

1979 5546 2240 5600 dicendus
2282 5555 2363 5599 est
2393 5588 2406 5611 ,
2456 5561 2560 5599 non
2596 5556 2781 5599 contra
2815 5546 3037 5608 Arium,
3086 5562 3243 5614 quem
3285 5562 3313 5600 a
3348 5546 3575 5615 pristino

1981 5653 2163 5692 errore
2192 5637 2521 5691 resilientem
2548 5679 2560 5701 ,
2591 5653 2898 5704 novumque
2925 5638 3208 5691 docentem
3241 5638 3295 5692 S.
3333 5636 3579 5694 [uictoris

1982 5748 2085 5784 non
2120 5731 2343 5784 revincit
2382 5729 2657 5785 instantia.
2691 5732 2818 5784 Illud
2854 5744 2981 5783 Vero
3019 5730 3251 5781 maxime
3281 5729 3574 5783 notandum

1982 5832 2084 5889 est,
2117 5821 2175 5878 S.
2206 5822 2477 5879 Zenonem
2520 5833 2789 5893 tamquam
2826 5832 3029 5877 certum
3059 5834 3364 5892 proponere
3392 5819 3579 5875 Chris-
