3822 6220
377 223 483 277 om
1525 232 1610 285 nt:
1657 197 1903 290 SANC'I‘I
1950 234 2240 292 χιςκοκιδ
2283 237 2550 294 tamam
3573 244 3675 298 tot

378 346 491 391 tum
524 354 590 394 ex
625 341 792 396 nihilo
832 342 1022 397 fecisse
1054 358 1234 398 rerum
1270 353 1535 399 naturam.
1573 347 1635 399 At
1671 364 1787 400 cum
1826 359 1975 403 natn-
2006 354 2052 410 Α
2081 360 2300 406 sanctus
2325 351 2496 418 Zeno,
2549 336 2759 410 cautius
2787 358 3030 426 profecto
3087 356 3412 412 sententiam
3461 371 3676 426 expres-

378 448 491 485 rmn
528 449 590 486 ea:
632 433 792 488 nihilo
833 437 1007 503 fecerit
1052 433 1308 489 Christus.
1362 438 1522 497 Arius
1554 451 1681 494 vero
1705 436 1980 495 Christum
2085 442 2250 498 sisset
2276 457 2452 510 suam,
2482 460 2659 513 neque
2684 447 2736 501 in
2767 448 3058 501 Arianismi
3091 448 3453 514 suspicionem
3480 447 3680 516 potuis-

384 540 452 579 ex
485 525 654 592 nihilo
676 540 798 579 esse
828 525 1066 580 dicebat.
1099 525 1230 579 Tum
1253 528 1393 596 quod
1420 528 1639 584 dicintus
1668 547 1783 584 eum
1804 531 1984 602 (Chri-
2021 543 2036 565 κ
2085 545 2170 589 set
2193 530 2434 591 adduci:
2481 539 2654 594 Siculi
2684 539 2808 595 aliis
2833 540 2994 595 etiam
3029 541 3401 596 Antcnicaznis
3441 542 3679 596 Patrilms

380 621 553 686 stum)
600 635 664 671 ea:
693 617 855 671 nihilo
899 629 1150 675 constare.
1200 621 1272 676 Ita
1319 624 1500 676 Arius.
1546 623 1700 680 Hnnc
1738 640 1980 680 errorem
2083 630 2373 698 contigisse
2395 634 2780 700 comperimus.

385 711 441 766 S.
473 709 620 764 Zeno
649 725 823 780 neque
851 727 958 766 uno
988 713 1213 767 vcrbnlo
1239 716 1440 784 arguit.
1475 714 1551 770 Illi
1574 731 1708 787 ergo
1737 733 1984 786 comper—
2156 720 2270 776 Arii
2298 724 2459 776 etiam
2494 723 2655 794 impia
2681 725 2930 794 dogmata
2956 740 3070 794 pra:
3087 727 3261 782 oculis
3290 742 3396 782 non
3427 727 3678 784 habuisse

384 811 470 854 tus
519 815 624 855 non
667 813 806 867 erat,
852 804 896 856 si
927 817 1050 857 cum
1105 806 1333 873 praecise
1372 807 1764 863 convellendas
1813 817 1982 876 esset,
2086 820 2330 866 nostrum
2350 813 2625 872 Zenonem
2655 817 2936 872 evidenter
2955 820 3323 886 concluditur,
3347 822 3472 889 quia
3498 822 3549 875 in
3566 822 3670 889 pri-
3735 849 3743 853 -

385 898 659 964 proprium
705 897 769 952 ad
815 897 1251 954 confirmandum
1291 909 1672 972 argumentum
1719 905 1981 973 prmterit.
2089 918 2173 955 ma
2204 902 2418 965 lueresi,
2449 921 2608 972 quam
2631 905 2884 963 Tractatu
2910 910 3141 978 septimo
3164 910 3260 966 lib.
3285 911 3509 966 secundi
3533 927 3675 967 com-

386 988 522 1042 Antc
557 989 728 1057 ipsum
758 1005 885 1060 ergo
913 1006 1155 1046 errorem
1185 994 1423 1063 scripsit.
2087 1005 2353 1049 memorat
2379 1012 2613 1064 nempe:
2646 996 2762 1053 Una
2785 999 3005 1072 denique
3031 1003 3220 1057 asserit
3248 1002 3308 1057 J.
3341 1002 3400 1057 C.
3446 1009 3508 1057 ab
3538 1013 3674 1058 utero

463 1083 533 1136 De
566 1082 787 1152 reliquis
830 1084 1064 1152 propriis
1105 1086 1430 1141 Arianorum
1465 1086 1712 1142 formulis
1741 1103 1875 1158 quas
1902 1104 1987 1144 re-
2095 1084 2325 1156 Virgiuis
2356 1086 2542 1143 Mariae
2578 1092 2856 1162 sumpsisse
2902 1095 3216 1165 principium
3249 1113 3260 1146 :
3305 1094 3561 1164 Deumque
3583 1112 3672 1151 ea:-

388 1175 700 1228 ccnsuimus
721 1217 734 1240 ,
769 1176 910 1244 apud
931 1178 986 1231 S.
1017 1176 1295 1232 Zenonem
1325 1179 1496 1233 altum
1529 1176 1988 1235 silentium.‘For-
2088 1179 2208 1234 inde
2247 1181 2310 1235 ob
2329 1183 2590 1253 justitiam
2619 1188 2815 1262 factum
2860 1173 2978 1242 esse
3014 1205 3115 1242 non
3145 1199 3364 1258 natum,
3397 1179 3493 1258 Qui
3535 1190 3672 1244 Pauli

387 1272 550 1322 tttnlzn
597 1270 920 1324 Arianorum
967 1271 1051 1326 hu:
1093 1281 1263 1326 sunt:
1294 1271 1418 1326 Non
1459 1290 1657 1346 semper
1696 1271 1838 1328 Deus
1881 1286 1990 1330 erat
2090 1274 2429 1330 Samosateni
2480 1288 2635 1332 error
2681 1287 2806 1333 est:
2870 1280 3218 1336 Contrarium
3269 1283 3398 1336 Ario
3445 1297 3671 1337 errortm

389 1362 570 1426 Pater,
601 1379 702 1415 non
730 1380 928 1435 semper
955 1361 1147 1418 Filius.
1179 1407 1191 1419 .
1222 1406 1234 1418 .
1267 1362 1397 1418 Cum
1419 1367 1592 1419 omnia
1617 1368 1720 1420 sint
1741 1367 1981 1431 condita,
2092 1367 2314 1422 indicat.
2339 1367 2500 1422 Arius
2540 1385 2736 1440 nempe
2786 1372 3108 1443 Episcopum
3136 1375 3307 1444 gratia
3339 1373 3526 1428 factum
3560 1388 3673 1426 esse

382 1460 494 1526 ipse
521 1475 716 1529 quoque
747 1443 964 1530 (Filius)
992 1461 1256 1514 conditum
1285 1460 1554 1530 quiddam,
1589 1470 1636 1515 et
1660 1477 1787 1533 opus
1810 1461 1992 1516 haberi
2091 1461 2261 1516 Deum
2285 1461 2556 1530 prmdicat.
2579 1460 2710 1530 Cum
2734 1465 2886 1538 vellet
2907 1443 3314 1537 nosprocreare,
3345 1477 3464 1518 tunc
3489 1480 3677 1535 quoque

388 1551 554 1605 debet.
589 1592 602 1604 .
642 1593 653 1605 .
686 1551 820 1604 Eum
870 1551 1087 1624 (Filium
1137 1553 1356 1624 nempe)
1400 1571 1504 1607 non
1536 1565 1722 1606 natura
1750 1554 1803 1606 in
1834 1552 1993 1606 Patre
2092 1552 2244 1605 istum
2288 1555 2602 1623 procreauit,
2663 1571 2810 1626 quem
2849 1565 3119 1628 postquam
3159 1557 3360 1628 genitus
3413 1556 3673 1626 appellarit

389 1646 630 1708 existere,
665 1660 762 1720 nec
803 1658 912 1698 esse
944 1645 1214 1716 proprium
1253 1646 1366 1715 ejus
1409 1645 1710 1698 substantias
1751 1642 1988 1709 Verbum,
2101 1644 2364 1700 Verbum:
2414 1647 2503 1700 sed
2529 1659 2575 1700 et
2602 1648 2771 1716 ipsum
2795 1650 2963 1720 gratia
3003 1651 3189 1703 extitit.
3223 1649 3387 1703 Arius
3425 1647 3672 1722 (inquam)

393 1755 486 1792 nec
514 1718 782 1809 propriam
812 1737 1154 1809 Sapientiam,
1196 1739 1250 1792 in
1278 1755 1379 1807 qua
1406 1739 1656 1791 ntundum
1675 1739 1825 1792 illum
1849 1754 1994 1792 crea-
2023 1732 2069 1791 Β
2097 1741 2264 1808 gratio
2303 1740 2470 1793 Deum
2509 1740 2753 1795 extitiSse
2781 1718 2930 1796 dicit.
2985 1741 3150 1796 Error
3190 1753 3377 1795 contra
3415 1718 3562 1811 quem
3597 1741 3674 1793 in-

395 1833 487 1897 ιιὶι,
511 1831 601 1886 sed
623 1833 675 1885 in
699 1830 859 1886 Patre
882 1849 990 1888 esse
1019 1831 1165 1885 aliud
1188 1832 1477 1902 proprium,
1513 1842 1557 1884 et
1579 1831 1838 1902 peculiare
1867 1829 1994 1884 Ver-
2095 1831 2245 1885 vehit
2267 1831 2322 1886 S.
2368 1832 2512 1886 Zeno
2537 1875 2552 1898 ,
2585 1843 2689 1887 nOn
2716 1835 2885 1904 gratia
2916 1877 2929 1897 ,
2956 1833 3050 1890 sed
3079 1836 3270 1888 merito
3296 1875 3312 1897 ,
3342 1834 3403 1886 ob
3433 1833 3672 1904 justitiam

397 1925 537 1987 bum,
582 1922 841 1992 aliamque
873 1924 995 1976 item
1024 1922 1286 1994 prapriam
1313 1921 1640 1991 sapientiam,
1685 1921 1738 1974 in
1781 1937 1884 1990 qua
1910 1939 1997 1974 sas
2099 1907 2266 1976 Deum
2296 1921 2492 1977 faetttm
2515 1925 2730 1978 asserit.

400 2014 605 2085 pientia'
624 2015 794 2082 ipsum
831 2010 1230 2084 Verbum'fecit:
1271 2013 1436 2084 Atque
1457 2012 1587 2067 adeo
1616 2013 1786 2083 ipsum
1817 2012 1995 2066 Domi-
2172 2015 2441 2079 Quantum
2471 2016 2713 2085 profecto
2745 2017 2905 2085 longe
2944 2015 3013 2070 al)
3037 2016 3314 2085 impietate
3342 2015 3453 2070 Arii
3480 2058 3494 2081 ,
3535 2016 3672 2068 Aria-

401 2121 520 2158 nunt
537 2103 797 2161 Christum
815 2105 1422 2177 respectu‘rationalium,
1445 2109 1562 2173 qua:
1577 2104 1740 2158 verbis
1761 2114 1996 2170 utuntur,
2101 2122 2405 2177 nurumque
2439 2108 2751 2163 insectauda
2795 2107 3026 2163 abfuerit
3075 2107 3132 2164 S.
3171 2108 3493 2163 Veranensis
3532 2110 3670 2160 Anti-

413 2195 632 2251 Verbum
660 2212 768 2251 esse
794 2189 1169 2269 nuncupatum.
1203 2237 1216 2250 .
1247 2235 1262 2249 .
1297 2241 1305 2249 .
1347 2196 1511 2250 Deum
1539 2213 1639 2250 non
1671 2213 1764 2251 nos
1795 2207 1999 2268 propter
2101 2208 2243 2261 stes,
2276 2202 2376 2252 hac
2417 2198 2702 2254 manifesta
2733 2200 3114 2256 observatione
3143 2200 3424 2255 evidenter
3450 2199 3670 2254 ostendi-

401 2290 551 2343 illmn
604 2284 856 2361 (Filium)
890 2289 982 2342 sed
1023 2287 1174 2343 illum
1211 2294 1421 2360 propter
1449 2305 1543 2342 uos
1578 2287 1890 2342 condidisse.
1934 2327 1945 2339 .
1983 2328 1997 2339 .
2103 2298 2227 2344 tttr:
2274 2287 2574 2359 Numquam
2608 2290 2661 2344 in
2690 2291 3033 2349 Tractatilius
3075 2292 3134 2348 S.
3178 2293 3430 2348 Doctoris
3463 2293 3630 2347 Arium
3654 2334 3669 2358 ,

404 2381 534 2433 tium
572 2382 723 2435 vellet
750 2398 842 2436 nos
865 2396 1158 2451 procreare,
1200 2393 1320 2435 tunc
1350 2397 1549 2450 quoque
1577 2381 1731 2433 istum
1758 2395 2001 2446 procrea-
2102 2381 2188 2436 vel
2219 2381 2452 2464 Arianos
2478 2383 2745 2438 nominari
2770 2402 2784 2438 :
2841 2385 2915 2440 De
2951 2386 3182 2440 concilio
3207 2385 3429 2440 Niceno
3471 2399 3534 2464 ne
3562 2399 3668 2438 rer-

401 2477 491 2533 vt't.
517 2491 668 2541 quem
689 2482 958 2544 postquam
976 2474 1171 2544 genitus
1191 2483 1288 2536 est,
1311 2473 1587 2542 appellavit
1619 2470 1867 2525 Verbum:
1895 2469 2003 2525 Sed
2104 2474 2230 2529 bunt
2263 2473 2732 2546 quidem'reperiri
2761 2496 2775 2532 :
2804 2477 2880 2533 De
2896 2476 3274 2544 Constantino,
3302 2489 3358 2534 et
3379 2474 3669 2553 Constantio

409 2581 456 2622 et
484 2571 653 2640 ipsum
680 2569 847 2639 gratia
878 2569 1092 2623 exstitit.
1131 2608 1142 2620 .
1179 2608 1190 2620 .
1222 2565 1484 2621 Christum
1511 2582 1613 2619 nou
1655 2581 1765 2618 esse
1789 2574 2005 2617 nalttra-
2108 2569 2309 2622 nullum
2355 2573 2682 2625 mentionem
2717 2570 2852 2626 fieri.
2908 2573 3041 2627 Cum
3089 2589 3213 2627 vero
3257 2573 3325 2627 iis
3373 2573 3672 2642 temporibus

409 2663 527 2727 lem,
561 2672 607 2717 et
635 2679 804 2717 veram
839 2663 931 2716 Dei
964 2661 1266 2732 potentiam,
1309 2661 1400 2716 sed
1428 2661 1555 2713 sicut
1585 2674 1776 2724 erucw,
1804 2668 1852 2710 ct
1882 2658 2002 2710 brué
2088 2651 2163 2714 'S.
2194 2660 2341 2716 Zeno
2369 2677 2399 2716 a
2431 2662 2676 2718 Dominis
2707 2664 3014 2719 Balleriniis
3041 2665 3403 2720 consﬁtuatur
3425 2707 3438 2730 ,
3483 2664 3671 2734 quando

409 2760 491 2812 chi
523 2759 850 2829 appellantur
877 2757 1113 2827 potentiae
1143 2754 1520 2820 Omnipotentis
1558 2754 1689 2819 Dei,
1737 2753 1812 2806 ita
1838 2753 2006 2823 ipsum
2109 2753 2319 2821 ipsimet
2346 2756 2532 2810 Ariani
2564 2757 2854 2825 primaevus
2879 2757 3026 2826 impii
3071 2759 3154 2811 sui
3193 2757 3440 2812 Doctoris
3480 2771 3671 2811 errores

410 2868 608 2921 quoque
630 2850 883 2920 appellari
909 2847 1350 2912 Omnipotentiam
1373 2844 1568 2899 Patris.
1601 2886 1615 2898 .
1645 2882 1659 2896 .
1684 2841 1731 2895 F
1733 2843 1881 2897 ilium
1903 2858 2004 2895 non
2109 2843 2178 2899 ab
2207 2846 2440 2916 antiquis
2471 2847 2738 2902 haereticis
2768 2859 3019 2918 acceptos
3049 2849 3598 2914 anathematizarunt,
3625 2857 3671 2900 ut

409 2955 584 2999 exacte
612 2960 915 3015 cognoscere
931 2942 1162 3006 Patrem,
1178 2957 1268 2995 nec
1290 2956 1436 2994 suam
1461 2938 1668 3006 quidem
1692 2937 1856 3006 ipsius
1877 2934 2003 2987 sub-
2045 2935 2054 2944 ”
2112 2939 2165 2994 in
2209 2940 2545 2996 Antiochenu
2587 2941 2908 2997 Arianorum
2947 2942 3157 3012 synodo
3204 2953 3325 3013 post
3361 2941 3669 2997 Constantini

409 3038 651 3090 stantiam
699 3037 956 3104 cognitam
1004 3034 1209 3088 habere.
1269 3032 1364 3087 Hae
1401 3041 1529 3086 sunt
1567 3045 1704 3101 quas
1753 3030 2007 3084 Socrates
2048 3105 2066 3106 γ
2114 3042 2342 3085 mortem
2389 3033 2573 3088 habita
2622 3050 2764 3088 anno
2789 3033 2848 3090 C.
2879 3034 2979 3090 5M
3007 3076 3022 3100 ,
3073 3036 3124 3089 in
3154 3051 3258 3106 qua
3288 3033 3515 3089 formula
3542 3033 3670 3088 Fidei

411 3128 503 3181 lib.
545 3143 584 3192 ι,
626 3143 744 3196 cap.
785 3126 839 3193 6,
870 3126 1094 3180 novellas
1118 3167 1132 3190 ,
1169 3134 1215 3178 et
1243 3124 1502 3178 inauditas
1539 3123 1646 3176 Arii
1687 3122 2004 3176 adsertiones
2032 3105 2078 3167 C
2115 3124 2260 3178 edita
2286 3135 2392 3191 est,
2420 3133 2477 3180 et
2502 3125 2554 3179 itt
2575 3140 2636 3180 ea
2667 3126 3066 3192 damnanturii,
3093 3105 3211 3197 qua:
3239 3137 3520 3182 asserunt:
3553 3124 3673 3180 Tent-

413 3222 646 3274 vocavit:
676 3219 740 3273 Et
769 3219 1100 3275 Suzomenus
1121 3218 1210 3272 lib.
1243 3200 1282 3281 t,
1313 3233 1430 3286 cap.
1464 3216 1552 3282 I5,
1581 3219 1718 3284 quod
1747 3232 1779 3267 a
1813 3213 2012 3266 nemine
2113 3233 2230 3286 pus,
2255 3222 2343 3268 a'ut
2365 3227 2692 3278 momentum,
2725 3229 2814 3270 aut
2839 3217 3083 3279 saculum
3111 3235 3243 3283 esse,
3267 3219 3346 3272 cel
3373 3220 3530 3289 fuisse
3553 3228 3670 3268 ante-

416 3328 663 3380 umquam
699 3312 889 3365 dictant
927 3314 1095 3381 fuerat
1118 3311 1228 3379 ipse
1261 3307 1466 3380 (Arius)
1504 3309 1557 3360 in
1589 3305 1821 3360 Ecclesia
1853 3320 2011 3360 ausus
2115 3323 2268 3375 quam
2292 3309 2584 3379 gigneretur
2607 3305 2835 3362 'Filius:
2884 3307 2975 3364 Vel
3009 3311 3054 3362 si
3091 3311 3204 3379 quis
3234 3311 3457 3375 dixerit,
3502 3307 3670 3362 Filium

418 3409 571 3477 fuerit
609 3405 923 3477 prtedicare;
967 3416 1084 3458 ante
1119 3421 1244 3472 quos
1285 3414 1524 3472 utrosque
1556 3399 1801 3466 Rufinus
1853 3399 1942 3451 lib.
1973 3411 2009 3451 ι
2117 3408 2406 3450 creaturam
2420 3415 2536 3452 esse
2556 3409 2800 3465 tanquam
2823 3417 2976 3454 unam
3005 3418 3066 3455 ea:
3086 3403 3288 3456 creatis.
3316 3401 3393 3457 Ita
3423 3412 3476 3457 et
3501 3401 3552 3456 in
3578 3401 3670 3454 fetv

417 3499 540 3553 hist.
567 3515 682 3568 cap.
718 3502 738 3552 ί
769 3515 787 3554 :
811 3497 984 3552 Pravo
1004 3498 1241 3568 quautam
1265 3497 1327 3549 de
1352 3497 1456 3566 fide
1470 3493 1661 3549 Christi
1683 3494 1932 3564 proferre,
1963 3502 2011 3545 et
2116 3493 2259 3547 mula
2289 3509 2320 3547 a
2341 3493 2594 3549 Narcisso
2612 3494 2803 3561 Cilice,
2835 3495 3062 3564 aliiSque
3095 3497 3268 3550 tribus
3283 3496 3671 3567 EpiscOpispro-

416 3609 532 3662 quis
573 3601 726 3646 antea
763 3594 818 3645 in
855 3593 1185 3661 quaestionem
1226 3605 1502 3656 numquam
1543 3599 1821 3653 uenerant,
1860 3587 2012 3656 coepit
2115 3588 2372 3656 mulgata,
2397 3603 2502 3657 qua
2530 3587 2871 3643 anathemate
2899 3587 3316 3658 feriuntur,qni
3344 3587 3669 3646 dicerentFi-

415 3684 623 3759 (Arius)
649 3686 782 3739 unde
810 3695 858 3738 et
898 3683 1134 3737 Hilarius
1174 3684 1421 3737 Arianam
1453 3699 1638 3736 novam
1664 3681 1898 3734 hteresitn
1926 3696 2012 3733 vo~
2115 3679 2247 3733 lium
2277 3694 2398 3734 esse
2425 3696 2488 3734 ea:
2507 3697 2610 3734 non
2635 3680 2966 3734 existentibus
2986 3725 2998 3740 .
3026 3682 3104 3736 vel
3130 3683 3376 3735 exaltera
3403 3681 3638 3753 lrypostasi
3656 3719 3668 3743 ,

417 3790 500 3833 cat
524 3780 612 3832 lib.
643 3795 714 3832 VII
743 3780 806 3831 de
842 3776 1096 3830 Trinitate
1122 3793 1176 3831 η.
1211 3777 1266 3841 5,
1300 3776 1532 3839 hazresim
1569 3774 1821 3828 novellam
1859 3790 1912 3824 ιι.
1951 3771 2009 3836 6,
2117 3783 2164 3825 et
2191 3764 2290 3824 non
2312 3788 2376 3826 ex
2399 3769 2528 3837 Deo,
2551 3783 2641 3826 ant
2662 3774 2821 3843 fuisse
2835 3773 3113 3843 aliquando
3134 3783 3460 3845 tempuscum
3475 3771 3671 3826 nonduin

421 3883 466 3924 et
492 3872 743 3924 novellam
775 3871 909 3924 luem
938 3878 1053 3937 post
1080 3862 1485 3940 quadringentos
1520 3869 1627 3936 [ere
1655 3881 1817 3918 annos
1850 3880 2014 3934 nuper
2125 3873 2272 3916 esset.
2305 3862 2476 3929 Idem,
2502 3875 2556 3917 et
2586 3863 2638 3917 in
2662 3864 2872 3934 synodo
2900 3864 3185 3919 Sirmiensi
3209 3865 3282 3919 ab
3310 3865 3521 3919 Arianis
3547 3862 3671 3916 haltio

426 3963 678 4015 inventam
707 3963 796 4015 lib.
835 3978 873 4022 ι,
903 3961 970 4012 ad
999 3959 1354 4014 Constantium
1384 3976 1527 4013 num.
1565 3960 1619 4024 5,
1656 3975 1813 4028 quam
1867 3951 2029 4010 scilio'
2119 3966 2174 4010 tu
2204 3971 2347 4010 anno
2375 3956 2500 4011 55L
2519 3957 2656 4011 Cum
2685 3958 2900 4026 inquam
2929 3973 2956 4009 a
2985 3958 3224 4013 Dominis
3245 3953 3541 4014 Ballcriniis
3563 3965 3671 4010 trhis

418 4064 495 4108 cet
538 4066 652 4108 ante
689 4054 871 4107 Arium
908 4053 1103 4116 docuit,
1144 4060 1194 4106 et
1235 4052 1579 4123 propugnam't
1614 4067 1778 4104 nemo.
1813 4050 2012 4103 Contra
2118 4046 2178 4102 S.
2201 4047 2435 4102 Zenonis
2458 4057 2578 4116 post
2597 4051 2776 4102 omnia
2806 4048 2919 4106 haec
2949 4062 3262 4120 reponatur,
3285 4067 3428 4106 anne
3450 4049 3670 4105 credibile

421 4147 536 4201 ltzec
582 4148 642 4201 Ι).
680 4146 826 4200 Zeno
855 4158 954 4200 nec
987 4145 1144 4198 ntulit
1166 4145 1403 4213 quidem.
1433 4143 1580 4199 Alias
1608 4143 1888 4208 formulas,
1917 4157 2014 4196 seu
2118 4148 2202 4194 est
2222 4139 2279 4194 S.
2310 4139 2585 4195 Zenonem
2619 4142 2672 4194 in
2697 4143 2943 4210 antiquas
2971 4141 3208 4197 haereses
3234 4146 3302 4198 ab
3329 4147 3459 4213 ipsis
3488 4143 3669 4197 Arianis

417 4259 637 4296 errores
661 4243 822 4303 alios,
868 4255 1006 4304 quos
1040 4238 1199 4293 Arius
1235 4255 1263 4290 a
1295 4239 1672 4302 Samosateno,
1704 4244 1921 4292 Artema
1951 4249 2016 4288 ac
2117 4236 2399 4290 damnatas
2428 4236 2698 4291 disserere
2719 4277 2738 4302 ,
2766 4247 3113 4306 recentesque
3144 4241 3396 4292 omittere
3421 4237 3632 4291 voluisse
3652 4238 3670 4270 ν

421 4334 630 4388 Ebione
658 4331 1133 4394 hausit.enmdem
1165 4340 1442 4385 auctorem
1471 4329 2014 4390 nostrntnimoetisse
2117 4328 2367 4397 Nihilque
2410 4328 2479 4382 de
2517 4326 2717 4382 celebri
2765 4329 3112 4382 contentione
3157 4329 3246 4383 illa
3289 4321 3431 4384 circa
3478 4329 3666 4384 verbum

418 4428 672 4486 vidimus.
698 4425 754 4479 et
775 4440 837 4479 ea
859 4441 978 4495 quae
1002 4422 1256 4494 Dionysio
1282 4422 1651 4477 Alexandrino
1672 4423 2009 4487 exciderunt,
2041 4490 2081 4495 _
2119 4425 2206 4478 τὸν
2232 4420 2507 4493 ὁμοουσιοϋ
2537 4418 2748 4488 penitus
2769 4418 3053 4489 attigisse?
3081 4437 3200 4489 qua:
3224 4430 3394 4486 tanto,
3420 4431 3474 4476 et
3497 4419 3666 4476 Catho-

419 4533 486 4572 eo
507 4517 648 4587 quod
673 4490 892 4571 incaute
914 4490 1216 4584 protulerit.
1244 4511 1374 4567 Cum
1401 4514 1465 4566 sit
1493 4529 1572 4566 res
1594 4514 1753 4582 facta,
1784 4530 1884 4587 non
1908 4523 2015 4566 erat
2041 4490 2095 4549 D
2122 4490 2347 4567 licorum
2375 4554 2390 4575 ,
2442 4520 2497 4566 et
2524 4512 2845 4566 Arianorum
2875 4510 3073 4566 ardore
3093 4554 3110 4576 ,
3152 4523 3203 4566 et
3229 4512 3450 4568 defensa
3478 4555 3492 4578 ,
3517 4521 3563 4567 et
3588 4512 3668 4564 itu-

418 4578 692 4679 antequarn
717 4611 862 4679 fieret
887 4578 1066 4663 {Haec
1089 4606 1306 4676 vulgata
1335 4613 1496 4675 atque
1527 4578 1885 4658 damnata’ub
1915 4603 2017 4660 Ec-
2121 4615 2350 4679 pugnata
2379 4603 2478 4658 fuit.
2504 4618 2572 4658 eo
2597 4603 2716 4672 ipso
2746 4614 3007 4672 tempore,
3039 4617 3147 4672 quo
3177 4603 3472 4658 Veronensi
3516 4602 3666 4659 eccle-

423 4706 610 4768 clesia,
643 4715 699 4756 nt
731 4704 1160 4757 demonstratum
1189 4708 1272 4754 est
1299 4713 1486 4768 supra,
1513 4713 1635 4753 cum
1665 4699 1780 4753 Arii
1809 4708 2018 4766 tempus
2120 4700 2214 4752 size
2240 4698 2296 4753 S.
2329 4696 2600 4751 Zenonem
2629 4694 2927 4763 praeficiunt
2955 4695 3306 4762 eruditissimi
3335 4695 3525 4751 laudati
3558 4694 3665 4747 Viri.

419 4778 650 4854 minime
680 4806 979 4853 connotent
999 4837 1014 4862 ,
1060 4793 1157 4849 sed
1189 4793 1420 4849 Gallieni
1445 4810 1464 4858 ;
1506 4792 1650 4846 nulla
1689 4791 1900 4845 ratione
1950 4793 2019 4844 ah
2125 4789 2200 4843 De
2229 4788 2330 4842 hoc
2357 4801 2487 4841 vero
2511 4801 2755 4856 agemus,
2778 4801 2898 4838 cum
2923 4785 2996 4839 de
3019 4784 3343 4842 Arianorum
3371 4785 3655 4842 formulisre

417 4873 582 4959 huius
604 4888 948 4958 imperatoris
967 4901 1084 4942 (evo
1109 4885 1474 4940 romovcndus
1497 4893 1580 4937 est
1599 4883 1658 4938 S.
1685 4882 1859 4937 Zeno:
1881 4882 2019 4950 Quin
2123 4881 2258 4934 dtbit
2282 4894 2479 4935 sermo.
2509 4879 2740 4963 Intactas
2765 4879 2941 4948 itaque
2968 4877 3030 4933 S.
3063 4877 3212 4935 Zeno
3233 4881 3542 4936 Arianorum
3567 4894 3669 4950 pro-

423 4983 530 5035 imo
571 4997 694 5036 cum
731 4982 800 5036 de
832 4981 942 5036 Arii
985 4981 1216 5050 pr0priis
1259 4979 1537 5033 erroribus
1581 4977 1782 5030 nullout
1825 4976 2012 5031 fecerit
2121 4974 2266 5042 prius
2295 4971 2555 5027 formulas
2581 4985 2704 5024 cum
2733 4970 3026 5040 reliquerit,
3058 4969 3190 5026 Ario
3210 4974 3560 5058 posteriorem
3588 4973 3667 5025 Ita-

423 5077 774 5138 mentionem,
806 5075 974 5128 multo
998 5082 1122 5128 ante
1147 5072 1348 5128 vixisse
1370 5071 1632 5127 dicendus
1653 5083 1756 5126 est.
2120 5065 2353 5119 bendnm
2382 5079 2488 5118 non
2516 5077 2640 5118 esse
2662 5061 3062 5116 evidentissime
3085 5075 3316 5119 constat.

496 5167 570 5220 Ex
593 5182 659 5220 eo
686 5166 902 5236 quidem
932 5165 990 5221 S.
1015 5165 1287 5219 Zenonem
1315 5165 1476 5219 tertio
1507 5163 1708 5218 saeculo
1731 5163 2016 5232 scripsisse
2119 5157 2148 5229 §
2193 5159 2334 5243 XIX.
2371 5157 2478 5214 SS.
2525 5155 2706 5210 Patres
2728 5156 2850 5209 Ario
2877 5159 3180 5227 posteriores
3198 5203 3214 5226 ,
3239 5162 3351 5214 Arii
3375 5203 3390 5227 ,
3419 5171 3464 5216 et
3482 5160 3667 5215 Arianae

421 5268 666 5324 constat,
698 5257 840 5314 uuod
881 5257 1022 5311 circa
1050 5258 1380 5327 praecipuum
1412 5255 1561 5310 illum
1591 5255 1703 5308 Arii
1732 5269 1974 5308 errorem
2001 5295 2012 5306 .
2173 5267 2289 5301 rum
2319 5249 2558 5320 proprias
2581 5247 2832 5318 formulas
2851 5249 2956 5302 suis
2984 5251 3039 5302 in
3073 5253 3308 5320 operibus
3336 5256 3619 5326 eet-primunt.

425 5348 552 5401 (Tum
590 5350 736 5403 rellet
778 5365 867 5402 nos
914 5364 1184 5416 procreare
1231 5346 1462 5419 (Pater),
1498 5358 1615 5400 tunc
1638 5363 1837 5416 quoque
1859 5347 2014 5398 istum
2190 5346 2409 5414 Aliquot
2451 5345 2743 5412 seligemus
2780 5341 2876 5398 SS.
2915 5344 3130 5398 Patrum
3157 5389 3175 5412 ,
3221 5348 3315 5418 qui
3355 5355 3472 5417 post
3508 5345 3662 5399 Arium

425 5441 668 5511 (Filium)
696 5441 996 5511 procreavit.
1024 5439 1320 5506 Quamdam
1351 5455 1472 5493 cum
1502 5440 1604 5494 hoc
1623 5454 1809 5493 errore
1838 5438 2015 5491 aflini-
2117 5438 2470 5505 scripserunt.
2499 5435 2815 5502 sententias,
2848 5444 2907 5489 ut
2934 5438 2990 5489 in’
3015 5437 3080 5491 iis
3109 5441 3358 5509 preprias
3379 5439 3663 5494 Arianorum

423 5544 583 5587 tatem
611 5535 898 5586 verborum
922 5534 1111 5586 saltem
1133 5531 1184 5584 in
1206 5529 1522 5598 quibusdam
1549 5531 1606 5587 S.
1635 5531 1868 5584 Zenonis
1895 5545 2011 5583 ser-
2116 5527 2377 5581 formulas
2426 5526 2744 5594 indicemus.
2801 5527 2876 5582 Ex
2919 5543 3084 5598 supra
3113 5533 3442 5586 enumeratis
3469 5529 3664 5586 Ariano-

424 5624 674 5675 mouilnts
699 5624 922 5689 reperiri
949 5634 1100 5692 putat
1126 5622 1393 5685 Petavius,
1418 5623 1484 5675 de
1507 5638 1611 5691 quo
1637 5621 1862 5676 inferius
1883 5635 2011 5691 age-
2118 5638 2232 5674 rum
2260 5621 2502 5674 formulis
2531 5621 2702 5689 prima
2731 5631 2813 5678 est
2838 5638 2852 5676 :
2875 5621 2997 5677 Non
3039 5640 3240 5694 semper
3269 5622 3412 5680 Deus
3448 5632 3545 5678 erat
3581 5619 3663 5674 Ρη·

419 5729 554 5766 mo“.
589 5715 643 5763 Si
669 5730 900 5773 namque
929 5725 1047 5783 post
1076 5718 1256 5767 Arium
1289 5726 1567 5769 sermones
1590 5729 1718 5769 suos
1742 5708 2016 5769 habuisset
2118 5722 2212 5776 ter,
2239 5728 2340 5764 non
2365 5723 2562 5779 semper
2586 5708 2634 5762 F
2635 5712 2771 5770 ilius.
2803 5709 3004 5769 Contra
3029 5709 3173 5770 lianc
3191 5727 3433 5771 errorem
3454 5728 3544 5802 pro
3558 5710 3662 5767 60""
