3822 6220
125 315 223 366 (Λίῗί

1541 311 2007 368 ιιῑεδιςιιτΑΤιυ.

3301 311 3403 364 666

124 429 269 482 t-inne
299 427 364 482 ad
401 427 662 500 Populum
695 427 1014 482 exclamavit
1052 429 1107 485 S.
1141 427 1447 484 Alexander
1481 425 1715 480 Patriar-
1742 431 1795 488 Α
1818 427 2020 496 genitus
2062 439 2136 482 est
2177 428 2456 497 appellavit
2491 426 2734 485 Verbum.
2770 446 2788 482 ι
2821 427 2879 481 S.
2913 426 3149 482 Hilarius
3175 425 3414 480 secundo

123 520 218 574 cha
248 521 672 586 Alexandrinus,
698 521 786 591 qui
818 536 936 575 eam
977 521 1226 574 haeresim
1259 521 1466 590 primus
1494 517 1716 572 damna-

122 615 213 668 vit.
248 613 466 684 Semper
491 612 654 679 Deus,
678 631 874 686 semper
899 613 1070 668 Filius
1095 656 1110 678 ,
1143 613 1299 668 simul
1328 612 1487 668 Pater
1511 654 1525 678 ,
1560 611 1717 665 simul
1740 670 1743 673 ,

125 705 309 760 Filius.
339 707 471 762 Cum
501 707 612 763 Deo
629 709 854 779 ingenito
887 706 1060 777 Filius
1083 717 1328 778 perpetuo
1355 707 1548 771 existit,
1585 721 1718 759 sem-

124 815 211 868 per
235 800 434 868 genitus
460 801 524 854 ab
554 801 777 872 ingenito
802 801 1002 870 genitus
1028 816 1043 862 ;
1074 816 1232 870 neque
1254 799 1586 868 cogitatione,
1623 814 1716 851 ne-

124 907 216 959 que
253 902 513 944 momento
555 891 660 945 ullo
725 890 864 945 Deus
923 890 1120 944 Filium
1173 892 1446 944 antecedit.
1500 889 1717 957 Semper

123 981 277 1047 Deus,
300 1000 504 1053 semper
531 983 701 1036 Filius
738 1001 800 1038 ea:
824 985 937 1053 ipso
965 983 1073 1038 Deo
1099 982 1146 1037 F
1149 984 1289 1037 ilius.
1341 981 1713 1036 Theodoretus

125 1088 330 1142 quoque
356 1073 710 1146 synodalibus
737 1075 980 1144 epistolis
1010 1074 1348 1129 Sardicensis
1374 1072 1586 1126 concilii
1611 1070 1714 1125 hoc

124 1165 546 1219 additamentum
581 1166 762 1220 subdit
799 1184 812 1196 ο
844 1165 1161 1236 Proﬁtemur
1181 1181 1340 1234 neque
1367 1163 1578 1217 Patrem
1606 1163 1715 1216 sine

126 1254 281 1322 Filio,
311 1273 475 1328 neque
508 1256 702 1310 Filium
726 1258 884 1325 fuisse
903 1276 1121 1326 unquam
1143 1259 1250 1313 sine
1273 1257 1448 1324 Patre,
1490 1238 1580 1309 nec
1605 1271 1714 1308 esse

127 1366 287 1418 posse,
318 1353 462 1421 quod
503 1361 577 1404 est
625 1350 843 1404 Verbum
875 1352 984 1405 sine
1005 1350 1230 1418 Spiritu.
1282 1351 1714 1405 Absurtlissimum

126 1460 336 1513 namque
381 1453 460 1496 est
508 1444 677 1496 dicere
703 1443 978 1513 aliquando
1024 1443 1229 1497 Patrem
1271 1460 1370 1496 non
1410 1444 1570 1513 [uisse
1603 1441 1712 1494 Pa-

130 1545 270 1596 trem.
301 1544 348 1590 et
392 1535 605 1589 Patrem
637 1537 744 1589 sine
773 1535 913 1589 Filio
939 1552 1096 1605 neque
1119 1537 1394 1598 nominari,
1426 1551 1580 1604 neque
1607 1550 1714 1587 esse

131 1645 293 1696 posse,
317 1631 428 1700 ipse
454 1628 625 1683 Filius
654 1631 902 1683 testatur.’

191 1763 437 1819 Secunda
475 1764 588 1818 Arii
612 1762 836 1818 hmresis
864 1771 968 1817 est.
1000 1759 1128 1815 Cum
1159 1761 1330 1814 omnia
1358 1761 1455 1814 sint
1487 1775 1550 1812 ea:
1580 1757 1715 1811 nihi-

129 1859 196 1922 lo,
217 1859 368 1911 etiam
393 1855 495 1910 Dei
525 1855 693 1910 Filius
715 1873 778 1910 ea:
805 1856 970 1908 nihilo
993 1855 1219 1908 emersit.
1249 1852 1398 1907 Hanc
1427 1851 1710 1905 formulam

129 1948 289 2003 refert
334 1947 669 2002 Athanasius
703 1948 752 1998 in
799 1945 1013 2000 laudata
1048 1945 1218 2012 prima
1251 1944 1494 1997 oratione
1526 1950 1710 1996 contra

129 2040 352 2095 Ariauos
379 2080 397 2105 ,
426 2042 570 2093 sicut
599 2051 654 2093 et
683 2039 917 2107 reliquas
943 2079 957 2102 ,
990 2051 1123 2106 quas
1153 2051 1214 2090 es
1263 2037 1377 2104 ipso
1406 2033 1710 2088 retulimus.

133 2129 202 2186 De
229 2147 291 2186 ea
341 2130 612 2192 meminit,
645 2139 701 2184 et
731 2129 788 2186 S.
833 2128 1089 2183 Hilarius.
1140 2125 1335 2187 Plures
1380 2135 1551 2177 autem
1610 2139 1712 2176 non

132 2241 238 2278 rere
283 2222 587 2278 Diuinitatis
633 2219 1020 2294 Demn.ineque
1053 2240 1116 2276 ex
1140 2220 1380 2274 Paterna
1422 2219 1712 2291 Majestatis

133 2327 413 2388 naturaque
447 2317 760 2386 proprietate
778 2316 1050 2369 subsistere
1073 2316 1328 2368 disserunt
1352 2331 1372 2379 ;
1404 2314 1490 2367 sed
1509 2323 1715 2366 teternte

133 2412 421 2464 substantiis
434 2410 644 2480 Deoque
656 2409 888 2474 diuersaz,
903 2425 1017 2477 qua:
1033 2409 1083 2460 in
1102 2407 1430 2475 adeptionem
1445 2406 1571 2460 Filii
1581 2406 1713 2460 elec-

135 2514 183 2574 ta
214 2504 280 2556 sit
307 2504 462 2556 modo
493 2513 851 2556 creaturarum
877 2517 940 2554 ea:
969 2501 1154 2566 nihilo,
1178 2500 1362 2566 quibus
1397 2499 1541 2552 nulla
1571 2499 1714 2568 origo

134 2598 350 2649 anterior
379 2597 471 2659 sit,
495 2595 800 2648 constiterit.
821 2594 882 2648 Et
907 2593 961 2648 in
996 2593 1088 2646 lib.
1126 2609 1159 2645 ιι
1186 2594 1252 2646 de
1283 2589 1428 2645 Trin.
1468 2606 1614 2644 num.
1646 2590 1713 2642 ιε

140 2687 204 2742 Ut
231 2690 389 2758 aliqui
410 2689 574 2762 hujus
602 2705 737 2742 nunc
761 2688 1001 2759 temporis
1028 2687 1410 2754 prwdicntores,
1445 2686 1530 2753 qui
1556 2699 1619 2736 ea:
1639 2685 1720 2734 ni-

136 2781 264 2844 hilo.
301 2796 459 2854 atque
478 2801 512 2836 a
546 2793 774 2851 tempore
800 2785 1048 2852 formum,
1073 2792 1118 2834 et
1147 2781 1485 2848 sapientiam,
1510 2789 1557 2832 et
1598 2766 1720 2832 Vir-

137 2882 280 2926 tutem
339 2873 433 2926 Dei
505 2875 808 2944 provehunt.
879 2874 936 2926 S.
990 2871 1287 2942 Gregorius
1349 2871 1720 2924 Nazianzenus

137 2964 297 3033 (Orat.
323 2967 419 3035 ιθ)
445 2963 650 3018 Filium
673 2965 767 3019 Dei
794 2967 1118 3031 mutabilem,
1141 2974 1183 3016 et
1213 2963 1613 3027 conuertibilent,
1639 2971 1720 3015 ut-

139 3067 247 3125 pote
288 3074 391 3110 non
435 3058 502 3110 de
539 3056 718 3110 Patris
757 3056 1041 3110 substantia
1065 3057 1353 3109 constitisse
1378 3055 1676 3124 conﬁngant
1702 3068 1722 3106 :

142 3149 202 3203 Et
227 3152 311 3221 qui
335 3151 546 3204 initium
575 3168 638 3202 ea:
677 3161 923 3215 tempore,
946 3158 1173 3218 etortum
1197 3165 1260 3201 ea:
1272 3149 1453 3213 nihilo,
1474 3158 1520 3201 et
1537 3155 1718 3200 nomen

140 3257 196 3292 es
218 3243 375 3296 altero
401 3241 596 3294 habere
621 3256 822 3306 semper
858 3240 1157 3293 docuerunt.
1208 3239 1425 3292 Lucifer
1461 3237 1720 3292 Calerita-

141 3348 232 3386 nus
258 3335 348 3388 lib.
394 3353 412 3389 ι
452 3335 790 3403 apologetico
820 3351 916 3403 pro
945 3333 1003 3388 S.
1035 3335 1328 3387 Athanasio
1355 3351 1369 3386 :
1400 3331 1720 3386 Catholicam

142 3427 252 3479 dicit
290 3428 447 3495 [idem
485 3426 653 3489 illam,
684 3442 798 3495 qua:
825 3427 986 3490 dicat,
1005 3425 1171 3479 Deum
1201 3442 1300 3479 non
1330 3423 1518 3478 habere
1545 3440 1720 3477 verum

143 3517 344 3580 Filium.
369 3535 491 3590 qua:
517 3519 651 3572 dicat
679 3518 862 3587 fuisse,
889 3519 1093 3586 quando
1124 3535 1225 3572 non
1254 3519 1428 3588 fuerit,
1454 3533 1568 3587 qua:
1583 3518 1720 3569 dicat

142 3615 319 3678 factum
345 3628 411 3688 ex
440 3611 643 3667 nihilo?
665 3610 737 3664 Ita
768 3610 857 3664 ille.
882 3611 1144 3691 adversus
1169 3608 1553 3679 imperatorem
1579 3609 1722 3662 Con-

144 3708 412 3760 stantium.

207 3819 380 3875 Tertia
409 3818 738 3874 Arianorum
769 3817 1015 3872 formula.
1078 3816 1249 3870 Etiam
1296 3817 1348 3869 id
1391 3833 1589 3885 quoque
1627 3818 1722 3869 ad-

146 3897 277 3965 dunt.
310 3910 447 3965 Eum
472 3929 578 3965 non
605 3924 792 3964 natura
813 3913 862 3963 in
896 3909 1053 3963 Patre
1077 3911 1313 3972 existere,
1348 3925 1436 3962 nec
1468 3926 1577 3963 esse
1598 3926 1720 3978 pro-

145 4006 299 4072 prium
329 4008 446 4076 ejus
487 4004 785 4057 substantite
818 4001 1038 4054 Verbum
1060 4045 1074 4068 ,
1112 4017 1201 4054 nec
1227 4002 1492 4070 propriam
1518 4001 1724 4068 sapien-

148 4095 279 4159 tiam,
305 4097 360 4149 in
396 4112 504 4166 qua
517 4095 766 4168 mundum
793 4094 944 4146 istum
975 4092 1160 4145 creavit
1186 4108 1203 4144 :
1230 4093 1321 4145 sed
1351 4093 1402 4145 in
1428 4089 1588 4144 Patre
1616 4109 1723 4146 esse

147 4188 280 4240 aliud
307 4189 579 4258 proprium
601 4227 617 4252 ,
648 4196 693 4240 et
735 4186 992 4256 peculiare
1018 4183 1242 4238 Verbum
1267 4225 1280 4247 ,
1309 4185 1567 4253 aliamque
1605 4185 1725 4237 item

149 4285 398 4351 propriam
438 4280 745 4348 sapientiora
770 4319 785 4340 ,
832 4277 885 4328 in
911 4263 1014 4341 (ἱνα
1042 4277 1293 4345 sapientia
1328 4277 1468 4329 istud
1500 4275 1724 4329 Verbum

149 4373 290 4440 fecit:
329 4382 484 4442 atque
517 4353 630 4422 ideo
674 4369 838 4436 ipsum
875 4365 1155 4419 Dominum
1195 4366 1452 4420 Christum
1493 4377 1726 4436 respectu

150 4465 488 4528 rationalinm,
514 4461 628 4531 que
653 4458 810 4512 verbis
839 4468 1055 4511 utuntur
1077 4498 1092 4520 ,
1129 4455 1353 4511 Verbum
1382 4474 1491 4512 esse
1529 4475 1727 4511 nuncu-
1779 4480 1784 4484 ·

152 4565 334 4620 patum.
371 4555 444 4608 Ita
475 4554 532 4608 5.
559 4550 884 4607 Athanasius
913 4548 1121 4619 (Oratio
1145 4549 1301 4600 citata
1321 4550 1353 4602 5
1375 4558 1549 4601 contra
1571 4549 1721 4603 Aria-
1751 4581 1805 4640 Β

155 4646 279 4714 nos).
311 4656 365 4700 et
392 4646 460 4700 de
486 4643 767 4699 Sententia
800 4639 1063 4711 Dyonisii.
1110 4639 1192 4691 Ad
1226 4649 1407 4693 autem
1433 4639 1572 4693 mala
1603 4657 1718 4704 sua,

152 4749 192 4790 et
213 4739 338 4793 hanc
363 4755 566 4809 quoque
592 4734 964 4798 sententialem,
996 4742 1044 4786 et
1073 4733 1420 4802 esterquilinio
1449 4733 1722 4804 depromp-

155 4840 244 4881 tum
268 4832 476 4902 adjecit.
507 4827 728 4882 Verbum
753 4843 854 4879 non
880 4841 986 4878 esse
1007 4823 1153 4877 Patri
1182 4840 1330 4877 suum
1346 4841 1407 4876 ac
1430 4825 1720 4891 proprium,

153 4921 231 4973 sed
256 4922 469 4974 alterum
497 4935 607 4972 esse
651 4916 867 4971 Verbum
889 4918 944 4969 in
976 4915 1125 4981 Deo;
1163 4914 1298 4968 hunc
1336 4924 1507 4967 autem
1540 4913 1720 4972 Domi,-

155 5027 263 5062 uum
304 5022 533 5066 nostrum
574 5027 683 5063 esse
727 5010 953 5062 alienum
979 5025 1010 5060 α
1041 5007 1214 5062 Patris
1257 5009 1579 5071 substantia,
1620 5007 1722 5060 dici

164 5100 367 5155 Verbum
395 5101 759 5170 imaginarium
783 5139 799 5164 ,
848 5115 1009 5168 neque
1058 5115 1164 5153 esse
1207 5097 1512 5152 naturaliter
1549 5113 1723 5150 uerunt:

157 5191 240 5246 Dei
270 5193 478 5259 Filium,
519 5191 610 5246 sed
630 5191 904 5260 adoptione
930 5192 1026 5243 hoc
1055 5206 1235 5244 nomen
1257 5190 1532 5244 obtinuisse
1550 5200 1726 5256 utpote

159 5297 279 5338 creat
283 5301 448 5338 uram.

220 5399 408 5466 Quarta
442 5395 552 5450 Arii
585 5392 816 5447 formula
841 5408 906 5448 ex
935 5393 1126 5447 eodem
1153 5395 1210 5450 S.
1238 5395 1559 5449 Athanasio:
1589 5394 1721 5450 Rur-

160 5506 235 5542 sus
262 5491 393 5542 idem
422 5489 494 5541 ait
522 5484 685 5550 Deum
714 5500 818 5537 non
849 5500 941 5536 nos
999 5474 1206 5555 propter
1244 5487 1390 5539 illum
1415 5529 1430 5550 ,
1461 5487 1550 5540 sed
1573 5488 1720 5540 illum

161 5591 350 5650 propter
366 5597 454 5634 nos
472 5578 786 5633 condidisse;
819 5593 838 5625 ι
863 5573 990 5628 Erat
1021 5576 1174 5637 enim,
1191 5577 1535 5644 inquit,solas
1557 5578 1716 5645 Deus,

162 5688 240 5724 nec
258 5683 359 5726 erat
385 5671 606 5725 Verbum
633 5684 746 5722 cunt
773 5682 832 5720 eo
854 5683 873 5720 :
922 5665 1117 5740 Deinde
1157 5683 1270 5720 cum
1299 5671 1444 5721 vellet
1471 5687 1566 5721 nos
1595 5688 1715 5737 pro-

163 5777 344 5830 rrrare,
373 5770 490 5818 tunc
527 5773 726 5832 quoque
749 5758 900 5812 istum
925 5745 1206 5828 procreavit
1233 5793 1244 5810 .
1278 5774 1420 5824 quem
1452 5764 1718 5830 namnam

1820 518 2121 588 lragtnento
2153 519 2410 574 historico
2451 536 2603 575 num.
2634 519 2735 575 26:
2786 517 3078 574 Tradebant
3104 526 3276 571 autem
3305 516 3416 572 Arii

1821 609 1949 663 talia
1977 627 1995 662 :
2025 609 2231 665 Patrem
2260 609 2426 664 Deum
2456 611 2760 664 instituendi
2783 609 2936 690 Qrbis
2967 624 3153 675 causa,
3182 608 3418 680 genuisse

1825 700 1874 755 F
1877 703 2025 755 ilium
2051 743 2064 765 ,
2096 712 2143 757 et
2172 719 2266 777 pro
2289 713 2558 770 potestate,
2586 704 2666 756 sui
2702 719 2768 757 ea:
2802 701 2966 756 nihilo
2993 702 3046 756 in
3074 700 3418 755 substantiam

1818 811 2022 860 novam,
2054 807 2204 865 atque
2231 795 2469 860 alteram,
2505 794 2674 849 Deum
2694 811 2880 850 nouum
2904 794 3225 864 alterumque
3259 795 3414 864 fecis-

1814 905 1869 942 se
1890 905 1911 941 :
1959 887 2167 958 profani
2204 889 2261 943 in
2299 887 2511 944 Patrem
2546 907 2610 944 ex
2651 890 2813 943 nihilo
2843 886 3114 959 opinantes
3138 888 3338 959 aliquid
3366 887 3415 940 ei

1816 981 1986 1035 simile
2011 984 2239 1053 potuisse
2263 966 2548 1053 generari:
2590 980 2875 1052 blasphemi
2920 981 2976 1034 in
3017 978 3281 1035 Christum
3321 980 3409 1033 in-

1816 1075 2028 1142 finitatis
2053 1091 2167 1130 eum
2203 1074 2441 1130 Paterna!
2459 1069 2797 1148 generositate
2815 1075 3152 1142 espoliantes.
3171 1073 3244 1130 .ln
3269 1071 3414 1128 libro

1815 1152 1892 1222 in
1914 1169 1983 1223 de
2013 1168 2160 1224 Trin.
2195 1185 2346 1224 num.
2381 1170 2472 1235 45,
2500 1168 2642 1224 idem
2674 1156 2910 1224 llilarius
2936 1186 2949 1221 ε
2974 1166 3073 1220 Aut
3103 1168 3238 1238 forte
3256 1165 3403 1228 velis,

1814 1262 1869 1315 id
1894 1262 2032 1332 quod
2081 1265 2133 1315 in
2163 1278 2318 1333 opera
2349 1272 2599 1327 creaturi,
2650 1262 2722 1314 ita
2742 1245 2978 1330 intelligi
3014 1268 3250 1329 Oportere
3280 1299 3294 1322 ,
3353 1264 3411 1310 ut

1815 1365 2024 1425 propter
2047 1371 2202 1424 opera
2231 1356 2296 1408 sit
2317 1364 2566 1419 creatum.
2597 1351 2666 1406 Id
2691 1362 2765 1408 est
2792 1363 2846 1406 ut
2865 1349 3101 1407 Christus
3122 1367 3277 1404 causa
3303 1349 3413 1419 eﬂio

1816 1447 2118 1500 ciendorum
2144 1428 2359 1513 operum
2387 1449 2449 1500 sit
2478 1434 2678 1501 creatus
2698 1457 2751 1500 ut
2777 1447 2886 1516 ipse
2909 1461 3082 1500 servus
3117 1445 3286 1515 potius
3309 1484 3327 1510 ,
3359 1451 3405 1495 et

1819 1549 2054 1608 aperator
2069 1540 2245 1592 mundi
2258 1545 2502 1603 maneret,
2520 1557 2622 1594 non
2637 1540 2888 1594 Dominus
2899 1539 3078 1610 gloria
3093 1547 3240 1593 natus
3256 1546 3403 1592 esset.

1817 1631 1874 1686 S.
1911 1647 2123 1700 quoque
2150 1631 2444 1701 Gregorius
2481 1632 2844 1687 Nazianzenus
2869 1634 2886 1699 (
2913 1628 3205 1702 omn-46)
3253 1644 3414 1699 quar-

1821 1733 1928 1778 tum
1958 1723 2118 1790 hanc,
2143 1735 2196 1779 et
2225 1733 2541 1794 sequentem
2572 1725 2812 1793 quintam
2854 1722 3139 1777 formulam
3178 1737 3416 1777 comme-

1746 1822 1789 1880 B
1817 1824 2028 1870 morat:
2061 1815 2232 1870 Filius
2262 1832 2459 1886 quoque
2477 1814 2550 1869 ita
2578 1815 2864 1870 credendus
2891 1823 2965 1869 est
3001 1814 3135 1886 (Arii
3165 1814 3414 1868 ἣξει-θεῖαι

1794 1909 1984 1963 refert
2015 1911 2181 1977 ipsius
2213 1910 2319 1965 Arii
2351 1924 2571 1963 sensum
2616 1909 2929 1977 exprimens
2955 1906 2976 1979 )
3003 1918 3057 1961 ut
3087 1923 3177 1978 per
3204 1904 3414 1961 Esaiam

1816 2001 2006 2069 populo
2032 2000 2226 2052 dictum
2255 2009 2349 2065 est,
2381 1998 2548 2076 Filios
2571 1999 2839 2069 generari;
2860 2009 2908 2053 et
2937 1999 3194 2063 exaltari;
3218 2008 3265 2052 et
3291 1997 3414 2052 alibi

1815 2091 1904 2146 Dii
1947 2093 2101 2155 estis,
2147 2103 2194 2146 et
2239 2091 2366 2146 Filii
2412 2092 2664 2147 Altissimi
2689 2108 2864 2147 omnes
2907 2093 3200 2159 uocamini;
3247 2092 3336 2145 sed
3364 2103 3411 2145 et

1815 2187 2187 2256 primogenitus
2235 2185 2308 2238 ita
2354 2183 2624 2239 habebitur
2651 2227 2666 2249 ,
2694 2187 2951 2254 quomo‘do
2979 2195 3025 2239 et
3048 2183 3217 2238 Israel
3243 2202 3275 2238 α
3306 2183 3412 2237 Deo

1816 2280 2183 2349 primogenitus
2210 2277 2379 2348 Filius
2406 2279 2696 2350 appellatus
2719 2289 2812 2342 est,
2843 2293 2935 2332 nec
2961 2294 3061 2331 non
3085 2286 3134 2332 et
3158 2277 3413 2349 primoge-

1816 2373 1955 2425 nitus
1985 2373 2136 2425 totius
2162 2382 2432 2439 creaturaz,
2459 2373 2604 2440 quasi
2633 2372 2691 2425 in
2715 2371 2894 2426 ordine
2923 2373 3179 2442 {actorum
3221 2370 3413 2441 primo-

1814 2466 2011 2534 genitus
2038 2465 2316 2530 habeatur,
2367 2474 2419 2518 ut
2464 2481 2528 2518 ea:
2559 2481 2620 2518 eo
2648 2467 2833 2518 seriem
2859 2463 3134 2533 quamdam
3176 2460 3412 2516 creandis

1817 2557 1992 2609 mundi
2022 2559 2167 2608 rebus
2191 2558 2474 2627 assignant.
2998 2613 3000 2616 ,

1889 2649 2082 2713 Quinta
2109 2647 2384 2700 Fovmula.
2437 2646 2557 2700 Non
2584 2649 2718 2701 enim
2746 2657 2821 2702 est
2854 2645 3026 2700 Patris
3053 2645 3311 2716 proprius,
3358 2656 3408 2700 et

1819 2740 2071 2792 naturalis
2100 2744 2248 2808 fletus
2281 2738 2538 2804 Verbum,
2589 2741 2678 2812 sed
2718 2750 2768 2794 et
2797 2741 2964 2810 ipsum
3005 2739 3172 2810 gratia
3221 2738 3402 2791 extitit.

1821 2829 2021 2884 Eadem
2091 2831 2346 2898 exprimit
2391 2831 2448 2885 S.
2494 2830 2730 2886 Hilarius
2770 2831 2865 2885 lib.
2913 2846 2965 2886 tv
3037 2829 3107 2885 de
3144 2828 3410 2884 Trinitatc

1821 2937 1972 2977 num.
2002 2923 2036 2977 3
2061 2940 2074 2974 :
2105 2921 2261 2975 Aiunt
2296 2938 2512 2992 namque
2536 2923 2760 2976 hteretici
2782 2938 2880 2976 non
2903 2939 2966 2976 ea:
2996 2921 3105 2977 Deo
3131 2937 3238 2976 esse
3262 2919 3412 2975 Chri-
3469 2913 3472 2916 ’

1819 3026 1974 3081 stum,
2015 3016 2071 3068 id
2091 3027 2166 3069 est
2197 3014 2394 3070 Filium
2422 3033 2524 3069 non
2550 3033 2610 3070 ea:
2637 3015 2795 3070 Patre
2823 3026 2997 3070 natum
3015 3057 3030 3081 ,
3056 3031 3216 3077 neque
3247 3013 3410 3068 Deum

1820 3126 1885 3163 ea:
1911 3119 2118 3173 natura,
2148 3109 2236 3162 sed
2261 3125 2324 3162 ea:
2349 3109 2711 3162 constitutioae
2739 3124 2847 3162 esse
2865 3150 2880 3171 ,
2921 3108 3246 3176 adoptionem
3275 3107 3410 3160 scili-

1746 3198 1792 3261 C
1822 3211 1900 3256 cet
1926 3205 2037 3274 ejus
2064 3204 2116 3268 in
2157 3203 2360 3256 nomine
2382 3244 2396 3266 ,
2435 3203 2554 3270 quia
2579 3203 2712 3256 sicut
2740 3203 2912 3268 plures
2936 3199 3045 3256 Deo
3072 3199 3203 3255 Filii
3222 3242 3238 3267 ,
3267 3203 3339 3254 ita
3366 3211 3414 3255 et

1820 3293 1904 3347 hic
1950 3293 1993 3346 F
1997 3295 2118 3347 ilius
2153 3295 2260 3354 sit:
2303 3293 2490 3347 dehinc
2517 3294 2874 3358 liberalitatem
2903 3295 2959 3348 in
2986 3294 3265 3365 dignitate;
3293 3293 3414 3362 quia

1821 3387 1955 3460 sicut
1983 3385 2068 3438 Dii
2096 3387 2268 3456 plures
2295 3398 2435 3451 sunt,
2461 3389 2534 3440 ita
2559 3399 2606 3442 et
2628 3387 2713 3440 hic
2746 3387 2886 3441 Deus
2912 3388 3012 3441 sit:
3041 3387 3417 3458 indulgentiore

1823 3487 1992 3529 tamen
2022 3477 2076 3528 in
2101 3493 2159 3530 eo
2179 3518 2194 3538 ,
2225 3486 2273 3529 et
2311 3463 2604 3547 adaptionis
2629 3519 2644 3538 ,
2677 3488 2724 3531 et
2760 3478 3153 3546 nuncupationis
3181 3476 3372 3543 alfectu
3396 3517 3412 3544 ,

1823 3577 1896 3629 ut,
1926 3579 1973 3621 et
2001 3584 2108 3635 pra!
2136 3570 2330 3621 (ceteris
2358 3570 2426 3622 sit
2453 3569 2729 3638 adoptatus
2750 3611 2764 3632 ,
2795 3579 2844 3622 et
2868 3569 3123 3638 adoptivis
3157 3551 3277 3621 aliis
3305 3582 3416 3619 ma-

1813 3661 1904 3730 jor
1923 3659 2032 3726 ipse
2061 3660 2124 3711 sit
2147 3657 2321 3712 Filius
2345 3699 2360 3722 ,
2390 3671 2436 3712 et
2460 3659 2786 3714 excellentius
2810 3661 3004 3713 cunctis
3033 3661 3230 3712 naturis
3267 3674 3414 3712 crea-

1823 3759 1932 3812 tus,
1969 3751 2217 3802 creaturis
2253 3750 2382 3819 ipsis
2412 3752 2608 3803 t'tcteris
2638 3760 2863 3819 prastat.
2921 3750 3077 3802 Aiunt
3109 3749 3262 3802 etiam
3300 3748 3414 3818 qui-

1825 3843 1942 3893 dam
1977 3857 2170 3906 eorum,
2203 3839 2296 3912 Dei
2318 3840 2752 3911 Omnipotentiam
2771 3841 3067 3909 confitentes
3092 3841 3144 3894 in
3175 3838 3412 3893 similitu-

1825 3934 1994 3989 dinem
2048 3951 2164 3987 eum
2209 3934 2305 3988 Dei
2353 3945 2578 3988 creatum
2607 3975 2622 3997 ,
2650 3945 2697 3987 et
2745 3949 2810 3988 ea:
2839 3933 3022 3994 nihilo,
3056 3945 3110 3985 ut
3148 3943 3331 3986 cetera
3359 3932 3410 3985 in

1825 4028 2000 4080 interni
2024 4027 2162 4080 illius
2189 4024 2448 4080 Creatoris
2470 4027 2550 4080 sui
2574 4027 2844 4096 imaginem
2872 4027 3226 4079 constituisse:
3252 4023 3412 4079 Verbo

1827 4118 2056 4173 videlicet
2081 4123 2143 4172 de
2171 4136 2273 4172 non
2301 4119 2590 4174 extantibus
2612 4120 2816 4190 jussum
2841 4133 2950 4171 esse
2982 4116 3274 4182 subsistere,
3303 4115 3414 4171 Deo

1830 4220 2028 4279 potente
2055 4211 2436 4265 similitudinem
2466 4212 2545 4264 sui
2570 4227 2635 4265 ea:
2663 4211 2823 4264 nihilo
2849 4222 3107 4278 coaptare.
3141 4209 3266 4263 Hzt-c
3282 4209 3420 4279 satis

1830 4318 1951 4358 esse
1992 4315 2219 4372 possunt
2269 4303 2335 4356 ad
2374 4304 2708 4357 innitendum
2755 4302 2850 4358 SS.
2881 4303 3110 4372 Patres,
3158 4302 3248 4371 qui
3295 4287 3412 4370 post

1829 4396 2015 4449 Arium
2043 4395 2408 4465 scripserunt,
2449 4395 2556 4449 Arii
2589 4397 2836 4466 proprias
2867 4394 3100 4448 lia-roses
3136 4390 3413 4447 enuntias-

1829 4501 1910 4550 se,
1942 4500 2005 4539 ac
2035 4484 2303 4540 refutasse
2330 4503 2342 4543 :
2369 4485 2522 4553 Quod
2554 4487 2605 4540 in
2637 4485 2694 4541 S.
2719 4485 2955 4539 Zenonis
2976 4483 3311 4538 sermonibus
3333 4483 3414 4541 in-

1832 4579 2000 4632 veniri
2025 4593 2130 4632 non
2163 4587 2362 4648 potest.
2563 4574 2567 4575 ⁷
3103 4560 3113 4566 ’

1828 4712 1855 4784 §
1887 4712 2009 4766 XX.
2045 4687 2263 4767 Nullum
2303 4726 2661 4788 argumentum
2683 4732 2745 4769 ex
2781 4731 2868 4779 eo,
2915 4714 3049 4781 quod
3096 4714 3149 4765 In
3178 4711 3416 4784 aperibus

1899 4804 2008 4860 SS.
2051 4804 2269 4859 Patrum
2325 4808 2404 4861 rel
2447 4807 2746 4872 innuantur,
2788 4806 2866 4859 uel
2901 4806 3198 4876 refellantur
3246 4819 3415 4856 recen-

1897 4899 2050 4952 tiores
2087 4898 2326 4968 hcereses,
2353 4901 2463 4954 erui
2493 4910 2678 4972 potest,
2699 4899 2767 4953 ad
2793 4901 3018 4971 ipsorum
3045 4896 3150 4953 SS.
3197 4896 3414 4951 Patrum

1899 4988 2164 5060 Epocham
2197 4993 2620 5046 constituendam.

1900 5124 2016 5178 Non
2065 5127 2249 5195 utique
2297 5127 2507 5182 inlicior
2550 5143 2615 5182 ex
2668 5128 2751 5192 iis,
2779 5142 2897 5196 qute
2928 5126 2988 5180 1).
3021 5124 3167 5180 Zeno
3207 5128 3318 5181 suis
3360 5127 3412 5180 in

1829 5214 2144 5273 tractatibus
2186 5217 2385 5272 dixerit
2413 5220 2689 5292 veritatem
2719 5220 2968 5275 omnibus
2999 5219 3107 5272 Arii
3140 5219 3413 5274 erroribus

1827 5308 2152 5365 contrariam
2179 5317 2368 5378 aperte
2406 5294 2765 5380 deprehendi;
2800 5327 2918 5365 nam
2949 5311 3136 5364 Filium
3171 5312 3411 5382 ejusdem

1829 5413 1948 5454 esse
1979 5397 2291 5453 substantia:
2323 5416 2443 5456 cum
2475 5402 2633 5458 Patre
2662 5403 2998 5472 apertissime
3017 5419 3136 5456 cum
3159 5402 3409 5470 fateatur,

1830 5491 2038 5560 ipsique
2084 5489 2226 5544 Patri
2281 5495 2540 5562 aequalem
2572 5505 3034 5562 coaeternumque;
3069 5495 3287 5562 perinde
3331 5506 3412 5549 est

1827 5598 1889 5637 ac
1920 5581 2130 5634 Patrem
2154 5597 2369 5652 semper
2393 5585 2556 5639 fuisse
2585 5586 2790 5638 Putrem
2815 5600 3088 5649 assereze;
3125 5584 3316 5638 Filium
3345 5603 3409 5640 t'X

1828 5675 1996 5728 nihilo
2025 5671 2132 5728 non
2159 5674 2323 5731 fuisse
2355 5687 2626 5741 creatum;
2678 5693 2851 5747 neque
2900 5677 3106 5731 initium
3159 5677 3410 5732 habuisse

1828 5760 1985 5822 etiam
2017 5771 2140 5847 nate
2173 5780 2359 5824 omnes
2388 5778 2698 5832 erepturus.
2742 5777 2798 5821 ut
2851 5763 3027 5824 Ariani
3072 5767 3400 5834 delirnbant;
