3822 6220
528 343 628 398 667
814 372 815 375 η
1186 360 1189 361 ⁷
1625 345 1710 399 DE
1738 342 1981 400 SANCTI
2020 341 2124 398 ΖΕῙ

2236 342 2309 398 IIS
2352 343 2621 398 EPOCHA
2734 376 2739 381 τ
3042 353 3046 356 ’
3671 350 3739 401 (iiii

526 470 702 526 neque
730 457 873 521 aliud
902 473 1022 516 esse
1051 458 1282 514 Verbum
1315 460 1367 514 in
1409 458 1564 515 Patre
1585 474 1615 513 a
1642 455 1857 514 Christo
1878 458 2107 515 Domino
2133 459 2185 521 Α
2210 456 2369 512 batur
2396 457 2446 513 in
2478 458 2707 527 epistola
2726 498 2742 525 ,
2774 473 2933 529 quam
2960 473 3073 515 sua:
3103 448 3360 515 Ecclesia:
3392 460 3595 516 clericis
3618 464 3737 517 dedit.

526 548 826 615 diversum;
856 564 1027 619 eoque
1048 551 1223 606 minus
1251 541 1485 606 verbum
1515 560 1736 621 propter
1758 566 1857 605 nos
1883 564 2004 605 esse
2031 549 2109 605 l'a-
2210 546 2411 605 Eodem
2437 549 2589 605 modo
2614 550 2765 608 etiant
2804 549 2938 605 illud
2980 547 3176 605 Filium
3217 549 3366 605 Patri
3395 552 3741 606 consubstantia-

526 648 701 708 ctum,
734 642 1055 711 minimeque
1092 644 1381 701 essentiam
1431 643 1605 700 Patris
1654 657 1752 699 sua
1804 642 2110 713 cognitione
2212 629 2310 697 lem
2354 657 2462 696 esse
2503 641 2721 705 ratione,
2754 652 2799 696 et
2825 642 3129 713 exquisitum
3157 652 3231 696 est
3274 652 3318 695 et
3368 642 3647 712 probatum,
3674 662 3741 697 eos

525 732 1000 815 comprehendere.
1025 714 1158 790 Ηωὲ
1186 736 1372 806 procul
1396 735 1559 792 dubio
1579 752 1643 791 ex
1664 718 1903 810 ejusdem
1928 735 1983 791 S.
2011 735 2113 790 Ze-
2154 804 2158 815 ν
2212 750 2365 790 more
2381 751 2622 808 corporeo
2652 734 2832 790 debere
2859 733 3101 805 intelligi,
3126 751 3285 803 neque
3304 734 3579 806 quidquam
3608 736 3743 789 habet:

525 823 682 881 nanis
712 812 952 882 doctrina
984 842 1104 884 esse
1132 843 1161 882 a
1195 828 1299 884 fide
1348 828 1503 884 devia
1550 828 2009 885 demonstrantur.
2046 830 2113 883 At
2156 812 2157 815 η
2211 826 2379 881 simile
2407 843 2524 880 cum
2565 826 2864 882 mortalibus
2906 826 3271 881 animantibus.
3308 824 3446 880 Nam
3472 842 3624 894 neque
3651 829 3741 881 diei-

452 956 455 958 -
524 930 649 973 cum
673 918 925 987 superius
946 928 1223 977 08tensum
1254 921 1343 984 sit,
1370 920 1467 977 SS.
1499 920 1773 975 Trinitatis
1804 920 2111 990 Mysterium
2212 919 2355 973 sione
2389 919 2718 986 sttbstatttite,
2769 928 2930 988 neque
2964 919 3243 974 mutatione
3276 916 3515 973 Paternte
3566 922 3741 974 essentia
3776 916 3777 990 ξ

528 1009 598 1064 ab
626 1010 744 1080 ipso
788 1009 1044 1070 Ecclesiae
1077 1014 1229 1069 initio
1271 1013 1438 1069 fuisse
1479 1023 1687 1081 notum,
1717 1012 1844 1070 nihil
1877 1013 2115 1083 profecto
2214 1022 2260 1079 et
2283 1014 2543 1083 facultatis
2570 1029 2718 1084 posse
2746 1023 3001 1069 constare.
3028 1011 3323 1086 ingenitam
3346 1013 3481 1065 enim
3509 1010 3742 1067 Potrisns-
3776 1009 3777 1049 ἶ

530 1104 724 1160 mirum
749 1100 868 1171 "est,
899 1105 945 1163 si
974 1107 1027 1166 in
1053 1107 1245 1179 eodem
1273 1108 1591 1179 explicando
1614 1124 1830 1165 errores
1857 1109 2110 1180 oppositi,
2180 1137 2183 1141 «
2216 1117 2381 1161 turam
2422 1107 2485 1162 ab
2543 1107 2605 1160 iis
2656 1106 2889 1161 omnibus
2940 1118 3168 1175 prorsus
3197 1105 3421 1159 alienam
3465 1121 3603 1168 esse,
3652 1106 3743 1157 nihil

531 1198 694 1255 etiam
723 1187 1078 1267 recentiores,
1113 1204 1558 1272 perstringuntur.
2024 1270 2027 1273 Ἴ
2212 1198 2357 1252 aliud
2379 1197 2661 1275 ostendere,
2686 1215 2835 1264 quam
2852 1194 3049 1251 Filium
3066 1195 3170 1252 ilei
3194 1199 3261 1250 ad
3288 1184 3510 1267 reliquas
3536 1210 3743 1253 creatum

607 1294 723 1350 Mos
745 1310 774 1350 a
807 1278 1099 1366 majoribus
1126 1302 1376 1363 acceptus
1416 1310 1630 1365 semper
1672 1294 1725 1350 in
1771 1293 2007 1349 Ecclesia
2035 1293 2114 1347 vi-
2215 1291 2410 1345 nullam
2435 1289 2622 1344 habere
2646 1282 3054 1355 similitudinem,
3077 1287 3167 1342 sed
3196 1288 3349 1342 unius
3378 1286 3570 1351 Patris,
3595 1290 3669 1357 qui
3703 1292 3744 1340 il-

533 1387 662 1455 guit,
688 1395 1005 1455 semperque
1033 1389 1175 1457 viget
1205 1402 1369 1442 novos
1406 1398 1627 1442 exortus
1655 1400 1872 1442 errores
1900 1384 2113 1440 Veteris
2214 1381 2319 1434 lunt
2352 1382 2544 1451 genuit,
2572 1382 2777 1434 omnino
2806 1381 3023 1435 similent
3059 1397 3187 1447 esse,
3216 1397 3376 1450 neque
3402 1397 3465 1436 es:
3493 1381 3613 1445 alia,
3635 1398 3743 1449 quam

534 1492 594 1530 ac
620 1476 751 1534 Novi
775 1467 1124 1541 Testamenti,
1156 1493 1363 1551 necnon
1396 1478 1491 1535 SS.
1525 1478 1741 1542 Patrum
1763 1478 2004 1532 doctrina
2031 1492 2114 1532 re-
2211 1490 2276 1528 ea;
2298 1471 2472 1528 Patris
2500 1474 2784 1527 substantia
2828 1483 2879 1527 et
2914 1474 3127 1529 essentia
3164 1475 3410 1545 genitum.
3458 1472 3640 1528 Eadem
3664 1474 3743 1541 epi—

534 1567 739 1634 fellere,
763 1568 902 1637 quod
931 1577 987 1624 et
1015 1569 1067 1626 in
1114 1571 1479 1627 recentiorum
1516 1570 1886 1625 lnereticorum
1936 1568 2115 1638 impiis
2213 1566 2349 1622 stola
2395 1564 2627 1620 allirmat
2654 1561 3080 1622 ConStantinum'
3111 1566 3359 1637 Magnum
3394 1565 3615 1620 Verbum
3656 1579 3744 1619 con-
3776 1568 3777 1609 ξ

534 1660 875 1731 dogmatibus
900 1660 1199 1718 refutandis
1228 1663 1474 1731 prtesenti
1496 1663 1655 1718 etiam
1681 1670 1922 1729 tempore
1942 1661 1992 1715 in
2017 1675 2113 1715 usu
2215 1660 2564 1716 subdantiale
2606 1660 2962 1717 intellexisse.
3002 1652 3449 1716 Consubstantiale
3486 1660 3550 1715 de
3572 1662 3745 1731 corpora
3776 1654 3777 1731 ξ

534 1760 638 1810 est.
664 1754 801 1811 Num
835 1739 1014 1826 itaque
1038 1764 1092 1810 et
1121 1754 1415 1826 Scripturae
1444 1755 1737 1817 canonicas,
1769 1766 1818 1809 et
1864 1748 1961 1808 SS.
1994 1768 2111 1807 om-
2216 1752 2574 1822 affectionibus
2604 1771 2705 1809 non
2728 1770 2872 1829 posse
2902 1755 3141 1828 intelligi,
3172 1772 3331 1825 neque
3358 1754 3452 1808 Dei
3493 1750 3668 1808 Filium
3696 1758 3746 1806 rel

535 1862 635 1903 nes
656 1832 983 1916 antiquiores
1009 1842 1217 1915 Patres,
1244 1858 1407 1918 atque
1443 1847 1698 1903 EccleSize
1717 1847 1964 1901 doctores
1990 1844 2114 1901 Cal-
2141 1850 2189 1910 Β
2215 1847 2479 1910 divisione,
2513 1849 2588 1903 vel
2624 1847 2911 1917 defectione
2937 1889 2952 1920 ,
2992 1856 3047 1901 ut
3076 1849 3147 1901 ita
3176 1847 3365 1912 dicam,
3397 1865 3460 1902 ea:
3500 1846 3644 1902 Putre
3667 1864 3745 1899 cos-

534 1939 685 2004 vino,
717 1933 973 2005 Lutliero,
1004 1938 1258 1995 Jansenio
1305 1938 1627 2009 posteriores
1667 1939 1825 1994 sunt?
1853 1938 1982 2007 Quis
2013 1939 2113 1994 hoc
2217 1949 2368 1999 stare.
2406 1938 2544 1992 Nam
2586 1938 2688 1994 non
2726 1956 2875 2012 posse
2916 1941 3048 2009 ﬁeri,
3080 1950 3136 1993 ut
3167 1951 3383 2006 natura,
3426 1957 3541 2009 quia
3578 1942 3777 2013 materie}

535 2030 618 2085 Vel
648 2030 909 2100 suspicari
936 2016 1166 2085 audeat?
2216 2047 2394 2103 expers
2438 2038 2530 2097 est,
2562 2047 2674 2097 quae
2712 2030 2822 2085 sola
2861 2031 3197 2102 intelligentia
3224 2034 3524 2104 percipitur,
3548 2049 3646 2097 qua
3670 2050 3748 2084 t-m-
3776 2026 3777 2077 ἓ

602 2120 762 2177 Certe
789 2122 840 2176 in
869 2120 1147 2190 Ephesius
1181 2108 1389 2193 synodo
1412 2162 1427 2189 ,
1462 2130 1516 2175 ut
1560 2122 1864 2192 exemplum
1896 2121 2112 2190 aliquod
2214 2139 2338 2195 pore
2367 2132 2529 2188 vacat,
2563 2126 2857 2194 corpoream
2880 2122 3043 2177 ullam
3061 2121 3393 2190 affectionem
3422 2126 3477 2177 in
3496 2141 3547 2177 se
3563 2124 3747 2194 exripiat.
3776 2118 3777 2193 ξ

534 2212 860 2282 praecipuum
883 2212 1185 2280 afferamus,
1209 2229 1349 2269 anno
1370 2211 1568 2269 Christi
1581 2212 1683 2268 451
1699 2213 1993 2281 celebrata,
2010 2222 2117 2267 tes-
2224 2216 2380 2270 Vides
2399 2231 2554 2287 quam
2576 2213 2801 2287 praecise
2828 2216 3138 2288 Eutychetis
3164 2233 3319 2271 error
3340 2216 3749 2284 exttlicalur,con-
3776 2204 3777 2277 ξ

537 2304 754 2360 timonia
778 2306 935 2364 allata
972 2314 1114 2373 sunt,
1144 2316 1199 2361 ut
1227 2322 1292 2363 ex
1312 2306 1553 2377 ejusdem
1581 2307 1795 2362 concilii
1819 2310 1951 2361 actis
1980 2321 2114 2361 con-
2218 2308 2519 2378 ﬁgiturque,
2547 2308 2635 2375 qui
2658 2323 2874 2383 carnem
2900 2307 3096 2362 Christi
3120 2311 3167 2360 in
3189 2308 3525 2363 divinitatem
3551 2310 3749 2362 transisse

533 2405 660 2462 stat,
692 2406 747 2453 et
774 2397 975 2469 Basilii,
1000 2399 1091 2469 qui
1113 2399 1327 2454 annoC.
1358 2400 1481 2465 378,
1504 2400 1795 2463 Ambrosii,
1828 2399 1917 2469 qui
1944 2398 2111 2468 an.C.
2219 2400 2535 2456 somniabat.
2573 2399 2707 2454 Nam
2736 2418 2836 2455 non
2865 2399 3014 2470 posse
3032 2402 3166 2471 ﬁeri,
3193 2412 3248 2456 ut
3278 2414 3483 2479 natura,
3511 2419 3617 2474 qua!
3640 2412 3749 2454 ηιυιξ·
3776 2436 3777 2483 ζ

531 2488 661 2554 397,
694 2490 935 2559 Gregorii
963 2491 1282 2548 Nazianzeni
1309 2536 1324 2557 ,
1365 2494 1455 2562 qui
1488 2508 1576 2547 an.
1604 2492 1666 2548 C.
1698 2492 1804 2573 589
1827 2534 1840 2557 ,
1870 2493 2123 2565 Gregorii
2217 2500 2310 2547 rite
2333 2510 2508 2566 expers
2544 2504 2649 2558 est,
2688 2511 2799 2565 qua:
2836 2495 2948 2549 sola
2987 2496 3323 2569 intelligentia
3361 2498 3646 2568 percipitur,
3672 2512 3750 2564 qua

531 2580 763 2648 Nisseni,
795 2581 885 2651 Qui
917 2598 1004 2636 an.
1039 2582 1100 2637 C.
1134 2582 1240 2641 594
1280 2581 1515 2637 defuncti
1550 2592 1697 2648 sunt,
1725 2584 1967 2654 allegatie
1988 2626 2000 2647 ,
2036 2584 2118 2638 in-
2219 2605 2427 2657 corpore
2447 2600 2610 2653 vacat,
2641 2606 2936 2660 corpoream
2968 2590 3127 2644 ullam
3154 2588 3479 2656 aﬁ‘ectionem
3504 2593 3555 2645 in
3579 2608 3625 2645 se
3650 2594 3777 2667 ratio

530 2688 723 2742 quam,
760 2674 1041 2759 sententiae
1090 2673 1323 2738 fuerunt,
1360 2674 1425 2729 ad
1472 2675 1707 2731 Nestorii
1735 2676 2119 2733 convellendas

2236 2681 2343 2732 aiat.
2366 2680 2429 2734 Et
2446 2680 2573 2734 illud
2591 2680 2829 2750 ejusdem
2847 2680 3159 2752 Eutychetis
3176 2723 3190 2747 ,
3216 2701 3233 2733 ι
3256 2682 3550 2747 Christum,
3568 2684 3751 2735 atticum
3776 2690 3777 2759 ξ

448 2824 453 2831 ,
532 2774 777 2833 errores;
821 2766 948 2838 quin
980 2757 1034 2827 et
1073 2766 1129 2825 S.
1163 2766 1413 2840 Cypriani
1457 2768 1549 2839 qui
1584 2769 1708 2833 170,
1733 2778 1788 2825 et
1817 2757 2116 2838 Athanasii,
2221 2772 2388 2827 fuisse
2417 2788 2686 2844 passum,»
2708 2774 3044 2843 apertissime
3060 2776 3340 2830 refellitur.
3362 2775 3538 2848 Neque
3560 2757 3777 2848 divisioni

532 2858 626 2928 qui
647 2858 717 2914 60
741 2857 913 2937 ferme
940 2860 1094 2917 annis
1124 2870 1249 2917 ante
1278 2862 1437 2917 idem'
1465 2862 1791 2932 Ephesinum
1826 2863 2118 2919 concilium
2220 2864 2530 2927 substantite,
2563 2882 2721 2935 neque
2750 2865 3047 2935 defectione,
3084 2884 3241 2935 neque
3267 2871 3546 2922 mutatione
3571 2867 3754 2921 Paterne

533 2952 723 3008 esivis
749 2961 1112 3009 excesserant.
1152 2952 1322 3009 Nemo
1347 2964 1521 3009 autem
1564 2970 1725 3008 ausus
1751 2962 1853 3020 est,
1889 2954 1987 3010 hos
2018 2956 2117 3010 SS.
2222 2957 2451 3009 essentia:
2470 2966 2517 3009 et
2544 2957 2807 3026 facultatis
2830 2973 2975 3028 posse
3000 2968 3251 3012 constare.
3288 2960 3470 3030 Itaque
3494 2961 3689 3014 verbum
3713 2958 3753 3010 il-

534 3047 719 3104 Patres
750 3048 1029 3119 Ephesinte
1052 3049 1259 3121 synodo
1285 3050 1611 3119 posmriores
1634 3063 1902 3115 asserere,
1937 3057 2119 3119 poste-
2222 3046 2309 3101 lud
2341 3047 2772 3101 consubstantiale
2803 3048 3149 3125 explicando,
3181 3051 3323 3120 quod
3364 3053 3432 3106 de
3464 3053 3573 3106 sola
3611 3046 3777 3125 divini}

535 3141 708 3196 riores
735 3140 851 3195 licet
884 3133 1118 3197 hzereses
1147 3141 1579 3211 praedamnarint.
1610 3140 1808 3197 Verum
1832 3140 2027 3196 afferre
2060 3141 2123 3195 li-
2225 3150 2332 3196 tate
2363 3140 2579 3205 Christi,
2604 3142 2691 3212 qui
2725 3142 2969 3197 eamdem
2998 3158 3120 3198 cum
3161 3144 3320 3198 Patre
3361 3145 3523 3199 habet
3563 3133 3777 3215 suhstin-j

536 3232 708 3289 betS.
739 3230 1021 3289 Athanasii
1056 3243 1259 3290 textum
1291 3251 1393 3302 quo
1421 3234 1730 3304 Eutychetis
1759 3221 1884 3287 ante
1904 3243 2119 3303 septua-
2144 3235 2189 3298 C
2224 3235 2351 3287 tiam
2406 3235 2629 3307 intelligi
2682 3233 2896 3297 debeat,
2939 3236 3280 3308 apertissime
3328 3236 3447 3290 dum
3502 3237 3551 3290 in
3594 3234 3756 3289 Cinis»

535 3327 680 3396 ginta
709 3325 820 3381 fere
846 3339 1018 3382 annos
1046 3327 1116 3380 ita
1144 3329 1371 3397 praecise
1401 3316 1671 3396 redarguit
1700 3334 1943 3381 exortum
1973 3340 2123 3381 erro-
2225 3338 2586 3398 agnoscuntur
2612 3335 2837 3393 naturae,
2866 3327 3045 3382 divina
3077 3328 3285 3383 scilicet
3308 3338 3374 3383 et'
3395 3328 3638 3392 humana,
3662 3320 3777 3379 enim

537 3434 651 3475 rem
678 3460 694 3485 ,
741 3428 797 3475 ut
842 3419 990 3474 illum
1035 3434 1150 3490 pne
1188 3421 1357 3475 oculis
1408 3420 1654 3474 habuisse
1689 3416 1953 3473 videatur.
1994 3416 2122 3475 litvo
2229 3430 2306 3474 tra
2355 3420 2572 3491 impium
2607 3420 2865 3493 Eutychis
2911 3422 3134 3492 dogma,
3166 3422 3253 3492 qui
3284 3434 3408 3492 post
3435 3416 3777 3493 adunationem;

535 3512 742 3581 quando
769 3512 1101 3583 prodierunt?
1128 3512 1244 3567 lino
1284 3514 1395 3583 quis
1433 3508 1662 3584 infernus
1700 3510 1797 3565 iita
1838 3511 2125 3566 eructavit?
2226 3510 2441 3566 easdem
2463 3511 2860 3577 confundenda,
2885 3528 3044 3565 unam
3078 3522 3281 3566 tantum
3309 3513 3362 3566 in
3391 3511 3601 3566 Christo
3619 3498 3777 3581 ροιὶῖιῆ

540 3605 607 3660 Ut
630 3608 1061 3661 consubstantiale
1090 3606 1224 3661 dicat
1262 3622 1447 3676 corpus
1478 3621 1539 3660 ea:
1566 3594 1736 3660 Maria
1760 3585 1986 3678 genitum
2012 3620 2125 3658 cum
2227 3618 2362 3668 sam,
2398 3612 2453 3658 et
2482 3604 2682 3671 divina,
2714 3614 2765 3658 et
2798 3604 3048 3666 humana,
3080 3613 3324 3658 naturam
3350 3604 3667 3658 admittebat.
3696 3601 3777 3653 3hr

541 3696 693 3753 Verbi
719 3695 1017 3763 divinitate,
1056 3700 1163 3751 aut
1189 3697 1410 3752 Verbum
1439 3697 1493 3750 in
1523 3711 1696 3761 carne,
1725 3706 1769 3750 et
1798 3713 1930 3759 ossa,
1958 3705 2004 3749 et
2039 3711 2123 3748 co-
2229 3698 2372 3752 nime
2401 3697 2564 3767 igitur
2587 3713 2651 3752 ex
2683 3698 2855 3752 allatis
2883 3705 3073 3752 contra
3104 3697 3218 3751 Arii
3249 3713 3465 3752 errores
3495 3697 3549 3752 S.
3581 3694 3777 3767 leuatis;

535 3801 659 3854 stas,
688 3798 736 3843 et
760 3805 961 3855 nervos,
991 3798 1039 3843 et
1067 3805 1275 3861 prorsus
1302 3790 1357 3843 in
1383 3804 1567 3858 corpus
1595 3804 1701 3842 esse
1727 3772 2119 3850 commutatum,
2228 3789 2485 3844 docltiuis
2543 3789 2724 3845 inferri
2783 3800 2957 3860 potest
2984 3834 2997 3857 ,
3052 3790 3223 3859 ipsum
3273 3789 3404 3845 Ario
3462 3772 3777 3865 posteriorem;

535 3894 584 3939 et
604 3900 636 3936 a
655 3899 747 3938 sua
767 3890 950 3937 natura
977 3882 1339 3953 degenerasse?
1366 3881 1491 3947 Quis
1506 3881 1610 3934 ista
1624 3880 1680 3933 in
1699 3876 1954 3946 Ecclesia,
1974 3887 2060 3931 aut
2092 3894 2125 3930 a
2228 3883 2413 3937 fuisse.
2449 3883 2679 3938 Perinde
2706 3884 2971 3951 siquidem
3002 3878 3181 3947 esset,
3216 3897 3278 3936 ac
3321 3882 3674 3945 Athanasium,
3702 3878 3761 3931 5i-

538 3974 841 4030 Chrislianis
867 3973 1099 4029 audivit?
1125 3971 1359 4035 Fidione
1385 3989 1485 4028 ηοη
1510 3982 1685 4039 “vita
1710 3970 1876 4026 υθωη
1902 3968 2124 4025 Verbum
2228 3989 2543 4044 ozenumque
2578 3975 2862 4030 concilium
2901 3984 3227 4045 postponere
3255 3975 3493 4029 concilio
3521 3968 3777 4045 Chalcedo-l

537 4083 723 4140 corpus
762 4083 867 4121 esse
901 4065 1129 4136 factum?
1167 4065 1268 4118 Aut
1315 4066 1427 4135 quis
1468 4065 1537 4120 ita
1575 4064 1761 4134 impius
1800 4054 1920 4131 fuit,
1951 4071 2006 4117 ut
2048 4061 2126 4142 vel
2230 4072 2404 4126 "ensi,
2429 4070 2751 4141 statuaque
2775 4070 2916 4141 (μ,οά
2949 4070 3282 4140 probandum
3309 4054 3777 4142 suseel,imus.gui.l

539 4161 702 4215 verbis
744 4160 962 4225 diceret,
991 4159 1067 4213 uel
1106 4160 1275 4211 animo
1321 4158 1597 4228 cogitaret,
1642 4158 1809 4226 ipsam
1849 4154 2121 4220 Deilalem.
2229 4163 2340 4218 lum
2366 4171 2757 4234 argumentum,
2785 4162 2852 4217 ad
2874 4161 2970 4219 SS.
2997 4162 3213 4216 Patrum
3237 4173 3453 4217 :etatem
3480 4154 3777 4234 {irritandam

540 4268 643 4323 qua
673 4252 843 4305 Patris
884 4262 955 4306 est
990 4250 1457 4315 consubstantialis,
1487 4250 1644 4320 fuisse
1672 4247 2043 4311 circumcisam,
2080 4256 2126 4301 et
2230 4256 2437 4311 desumi
2470 4271 2625 4327 posse
2652 4249 2730 4311 ‘ex
2776 4256 3015 4325 ipsorum
3056 4255 3328 4323 doctrina,
3353 4272 3459 4327 qua
3491 4254 3777 4321 recentiotesl

542 4360 606 4399 ea:
634 4345 856 4415 perfecta
897 4342 1151 4398 redditam
1197 4340 1580 4411 imperfectam?
1628 4340 1694 4396 Et
1741 4342 1876 4396 illud
1915 4356 2125 4412 corpus,
2232 4349 2469 4405 limosas
2499 4349 2925 4404 com-enimn";

491 4462 500 4469 -
541 4436 679 4508 quod
698 4437 749 4490 in
765 4452 913 4490 cruce
936 4433 1172 4506 pependit
1195 4450 1295 4507 nop
1321 4449 1504 4505 corpus
1526 4434 1824 4499 humanum,
1849 4418 1938 4487 sed
1964 4434 2129 4503 ipsam

541 4545 650 4583 esse
700 4508 1304 4600 opiﬁcem'Sapientiam
1351 4524 1490 4598 ('Ep.
1539 4525 1607 4579 ad
1659 4524 1831 4598 Epict.
1890 4523 2124 4580 Corinth.

544 4619 744 4694 Epis.).
778 4619 915 4686 Quid
947 4619 1257 4689 expressius
1289 4617 1475 4673 haberi
1501 4627 1670 4686 potest
1716 4617 1781 4672 ad
1823 4617 2133 4688 improban-

526 4714 663 4768 ‘Adam
718 4711 1034 4786 Eutychetis
1081 4710 1361 4775 haeresim,
1405 4724 1511 4780 qua
1547 4709 1774 4764 docebat
1820 4711 1871 4765 in
1919 4710 2133 4764 Christo

544 4821 702 4861 unam
734 4813 939 4860 tantum
965 4819 1090 4859 esse
1118 4790 1384 4871 naturam,
1414 4818 1518 4857 non
1542 4800 1699 4868 duas,
1724 4801 1955 4857 divinam
1985 4802 2132 4859 scill-
2311 4804 2368 4859 In
2398 4819 2651 4860 sermone
2681 4804 2852 4874 primo
2882 4803 2947 4859 de
2976 4803 3105 4859 Fide
3132 4802 3197 4858 ad
3227 4803 3344 4858 hzec
3367 4805 3533 4861 verba
3556 4804 3613 4859 D.
3641 4800 3766 4855 Zeno-

543 4908 630 4955 cet
659 4909 711 4955 et
739 4900 1051 4964 humanam,
1080 4896 1173 4951 sed
1209 4896 1305 4951 has
1335 4894 1469 4950 duas
1501 4907 1720 4950 naturas
1765 4906 1883 4968 post
1929 4895 2135 4950 aduna-
2238 4902 2321 4955 nis
2351 4918 2363 4957 ;
2395 4899 2651 4968 Sequitur,
2680 4909 2731 4952 ut
2768 4899 2897 4952 scire
2932 4898 3199 4951 debeamus
3226 4906 3402 4963 utrum
3438 4906 3679 4952 tractatum
3701 4890 3764 4942 l'i-

547 4991 742 5047 tionem
788 4990 1040 5046 confusas
1080 4997 1134 5045 et
1161 4996 1597 5058 contemperatas
1627 4987 1838 5043 fuisse?
1881 4988 2132 5044 Attamen
2239 4988 2895 5065 dei,aquidemtractatus
2914 4982 3767 5054 debemttttsasstrere,adnotantdo-

548 5092 693 5139 tanto
721 5094 842 5154 post
872 5083 1222 5138 Athanasium
1250 5066 1503 5151 tempore
1529 5080 1801 5153 Eutyches
1840 5081 1954 5137 haec
1983 5096 2133 5137 somo
2242 5082 2468 5139 ctissimi
2493 5081 2762 5137 Ballerinii
2796 5079 2933 5135 :Hic
2964 5081 3024 5136 S.
3054 5079 3192 5134 Zeno
3224 5098 3325 5134 non
3348 5080 3612 5136 Nil-tenam
3632 5086 3767 5131 traria-

547 5176 714 5232 niavit
740 5176 1117 5252 deliramenta,
1139 5190 1260 5246 quae
1292 5174 1431 5230 idem
1463 5174 1520 5230 S.
1551 5174 1743 5230 doctor
1767 5184 1916 5231 tanto
1943 5173 2139 5232 ardore
2242 5184 2345 5230 tant
2387 5173 2647 5248 intelligit,
2682 5172 2769 5227 sed
2816 5190 2918 5238 eos,
2946 5173 3031 5243 qui
3064 5182 3173 5241 post
3220 5169 3499 5225 Nictenum
3529 5170 3586 5224 ab
3618 5162 3769 5222 Arietis

549 5270 791 5325 ΐθνὶηείιο
2244 5266 2521 5341 conscripti
2565 5268 2795 5338 (uerunt,
2828 5261 2950 5338 quos
2987 5275 3101 5338 post
3146 5282 3313 5336 pauca
3356 5266 3543 5319 multos
3587 5268 3769 5317 tractatis

2236 4482 2264 4554 §
2292 4481 2432 4543 XXI.
2468 4464 2732 4541 Tractatus
2755 4480 2928 4545 Fidei,
2946 4499 3070 4554 quos
3094 4483 3155 4539 S.
3180 4482 3321 4539 Zeno
3347 4492 3681 4553 cotttmemorat
3703 4480 3761 4529 iii.

2156 4623 2209 4683 Β
2304 4576 2490 4655 primo,
2526 4575 2772 4631 Sermone
2814 4579 2974 4644 primo
2995 4577 3059 4631 de
3088 4575 3244 4644 Fide,
3271 4579 3337 4633 de
3364 4580 3659 4639 Arianorum
3692 4579 3764 4643 [or~

2310 4671 2460 4725 mulis
2480 4670 2797 4741 intelligendi
2819 4688 2921 4727 non
2949 4682 3084 4725 sunt.

619 5362 796 5447 Addit.
816 5361 939 5416 huic
978 5362 1055 5417 rei
1091 5362 1246 5444 fidem
1280 5362 1331 5416 id
1362 5362 1501 5432 quod
1535 5363 1587 5417 in
1614 5362 1715 5417 hoc
1740 5362 1905 5419 verbo
1926 5362 2141 5417 consub-
2178 5374 2179 5377 ‘
2242 5364 2498 5435 appellat,
2532 5371 2800 5447 prOpterea
2826 5359 2980 5431 lqnod
3024 5372 3131 5411 tum
3180 5359 3229 5409 in
3272 5353 3767 5447 pseudosgnodimsl

550 5437 801 5511 stantiali}
829 5437 1181 5525 explicando,
1223 5459 1274 5510 in
1318 5456 1436 5526 ipso
1463 5457 1696 5512 concilio
1736 5456 1952 5512 Nicanto
1997 5471 2138 5511 anno
2246 5456 2397 5510 etiam
2425 5474 2456 5509 α
2486 5444 2747 5518 nonnullis
2790 5450 3043 5527 episcopis
3086 5451 3360 5517 separatim
3411 5450 3533 5504 editi
3563 5452 3693 5519 fuere.
3719 5437 3771 5493 llit

496 5610 500 5613 .
553 5547 656 5603 525
694 5548 964 5604 celebrato
990 5591 1004 5615 ,
1044 5548 1241 5603 foetum
1269 5556 1351 5602 est
1390 5567 1400 5601 :
1434 5565 1627 5618 nempe
1658 5561 1714 5604 ut
1748 5549 2056 5621 Eutychetis
2086 5551 2136 5604 in
2243 5558 2297 5605 et
2342 5548 2689 5603 adnotatione
2720 5547 2805 5610 15,
2840 5546 2929 5609 16,
2959 5545 3049 5601 29.
3074 5542 3164 5606 52,
3194 5542 3537 5612 potissimum
3567 5551 3677 5592 vero
3707 5529 3767 5583 atl-

552 5643 719 5712 ipsiu’s
746 5643 904 5699 Verbi
944 5644 1303 5713 explicatione
1346 5644 1694 5698 damnaretur
1740 5645 1990 5719 Invrcsis,
2022 5660 2141 5713 quae
2246 5649 2357 5695 not.
2392 5640 2483 5705 5'5,
2528 5639 2647 5705 hos,
2680 5653 2814 5709 quos
2855 5637 2911 5694 S.
2954 5635 3100 5689 Zeno
3144 5644 3534 5688 commemorat
3578 5631 3769 5719 tracttltt‘i

560 5718 681 5805 post
713 5720 815 5793 126
840 5752 1009 5791 annos
1041 5740 1091 5791 in
1133 5736 1558 5792 Chalcedonensi
1586 5718 1815 5791 concilio
1846 5738 2142 5805 proscripta
2248 5732 2505 5788 formulas
2534 5746 2657 5787 esse
2686 5730 2868 5786 volunt
2894 5731 3035 5783 circa
3070 5726 3230 5781 tidem
3260 5727 3331 5780 ab
3366 5726 3573 5781 Ariaitis
3596 5718 3771 5805 courCl'l‘

563 5830 686 5903 luit,
709 5832 853 5906 quod
875 5833 1042 5907 ipsius
1065 5831 1422 5893 Caesareensis
1446 5828 1664 5893 Eusebii
1691 5804 1998 5891 testimonio
2021 5841 2147 5904 pro-
2256 5834 2374 5905 ptas
2395 5863 2412 5898 ,
2445 5840 2550 5902 qua
2574 5824 2950 5887 observatione
2981 5818 3293 5882 continuari
3323 5826 3512 5895 putant
3537 5833 3552 5874 :
3575 5813 3713 5879 llaec
3730 5804 3769 5863 5-
