3822 6220
130 406 249 459 (69

1555 409 2021 466 1ὶιὸἑ4ΕΕΤΑΤΙΟ.

3316 408 3418 463 ΗΟ

128 519 373 576 Zenonis
403 524 690 587 sententias,
715 538 825 576 cum
850 523 929 576 his
958 523 1266 595 temporibus
1297 524 1567 598 (vulgata:
1593 526 1737 580 scili-
1761 532 1809 591 Α
1838 526 2047 582 similes
2090 523 2315 596 reperiri
2362 524 2673 592 sententias,
2721 540 2856 597 quas
2902 522 2992 579 hic
3026 520 3282 580 conferre
3315 543 3418 579 non

127 626 229 669 cet
264 616 589 672 Arianorum
614 616 859 687 haeresis)
883 616 1098 669 historia
1119 618 1271 686 probe
1290 633 1591 688 congruere,
1609 618 1736 671 adeo

128 718 197 780 ut.
218 710 358 763 nihil
386 710 552 764 simile
568 708 909 781 superioribus
939 710 1159 774 stcculis,
1182 709 1367 781 quibus
1383 711 1530 765 illum
1554 712 1738 765 vixisse

130 778 386 857 nonnulli
412 778 723 867 existimant,
747 801 925 870 σπου-τί
953 801 1124 870 queat,
1149 804 1232 858 cui
1263 778 1374 859 illa;
1388 821 1631 885 parceque
1658 822 1739 859 re-

127 894 452 961 spondeant.
493 893 569 949 Ita
593 904 647 951 et
681 911 799 966 cap.
832 898 855 951 i
884 896 1286 951 Dissertationis
1315 897 1566 953 secunda:
1594 896 1740 951 al'lir-

129 995 297 1039 mant
345 987 557 1055 pariter.
604 986 768 1042 Erant
797 988 985 1059 quippe
1010 990 1181 1059 plures
1202 986 1356 1043 Fidei
1376 982 1611 1059 formulte
1634 999 1741 1043 tum

128 1078 302 1131 variis
324 1079 629 1134 Arianorum
651 1091 696 1135 et
721 1079 1157 1139 Semiarianorum
1192 1068 1401 1153 synodis
1440 1081 1613 1147 editw,
1633 1092 1738 1137 tum

128 1185 258 1238 qua:
301 1190 335 1225 a
368 1172 669 1242 quibusdam
699 1175 950 1249 episcopis
985 1177 1038 1230 in
1085 1192 1191 1231 suas
1216 1190 1364 1232 sectte
1392 1162 1753 1248 defensionem

132 1263 629 1334 promulgabantur.
686 1264 783 1319 Ha:
824 1268 996 1337 itaque
1026 1278 1147 1323 sunt
1196 1286 1215 1320 ι
1244 1268 1323 1323 illi
1356 1270 1509 1324 multi
1542 1278 1737 1325 tracta-

142 1372 162 1405 s
210 1363 328 1417 tus,
362 1356 543 1411 multae
568 1357 747 1424 Fides,
792 1370 847 1415 et
889 1361 1103 1432 quidem
1158 1362 1405 1430 novellas,
1437 1374 1489 1419 et
1520 1363 1632 1419 litis
1663 1365 1737 1419 la-

139 1466 159 1498 s
203 1448 362 1511 bore,
394 1457 448 1503 et
492 1448 673 1506 favore
713 1455 927 1507 nutrita:
967 1473 985 1507 ι
1028 1472 1155 1526 quas
1187 1455 1247 1512 S.
1273 1455 1411 1512 Zeno
1438 1475 1738 1513 commemo-

135 1550 252 1603 rat,
289 1551 443 1594 tract.
478 1558 515 1608 ι,
548 1559 689 1597 num.
721 1548 771 1609 5,
807 1547 896 1600 lib.
926 1549 1077 1616 prim.

219 1632 377 1686 Nulla
411 1645 586 1690 tamen
634 1636 887 1693 incumbit
936 1643 1248 1707 necessitas,
1280 1642 1378 1702 hos
1420 1651 1678 1700 tractatus
1708 1660 1739 1699 a

135 1725 206 1779 D.
241 1724 465 1783 Zenone
491 1730 799 1785 enuntiatos
838 1733 905 1787 de
934 1732 1176 1789 formulis
1197 1730 1517 1789 Arianorum
1541 1735 1742 1791 intelli-

131 1836 310 1889 gere;
345 1822 486 1913 quod
511 1831 569 1875 ut
596 1824 934 1879 manifestum
963 1828 1051 1890 sit,
1078 1825 1610 1881 animadvertendum
1637 1838 1741 1895 est,

1841 619 2034 687 pigeat.

1910 708 2291 763 Tertullianus.
2356 706 2433 761 Ea
2484 719 2582 775 est,
2636 709 2828 778 inquit,
2876 708 3091 763 materia
3141 706 3426 776 Sapientia:

1840 801 2105 855 swcularis
2131 800 2399 854 temeraria
2443 801 2693 870 interpres
2718 798 2916 855 Divinis
2947 798 3187 865 Naturtc,
3239 808 3287 853 et
3332 798 3425 852 Di-

1840 893 2158 963 spositionis,
2186 894 2379 964 quibus
2410 893 2749 949 Valentinum
2780 896 2954 963 carpit
2986 894 3219 950 subdens
3246 912 3259 949 τ
3290 893 3425 949 Inde

1840 1004 2017 1052 conas,
2045 998 2093 1043 et
2118 992 2294 1059 formte
2334 988 2499 1043 nescio
2544 1004 2678 1059 quae,
2708 996 2755 1043 et
2798 990 2999 1043 trinitas
3046 989 3261 1044 hominis
3284 988 3423 1062 apud

1849 1072 2205 1137 Valentinum.

1911 1175 1968 1231 S.
1997 1176 2142 1232 Zeno
2172 1176 2368 1247 (Serm.
2395 1176 2559 1245 prted.
2594 1193 2646 1232 n.
2679 1174 2738 1247 3)
2764 1192 2779 1230 :
2812 1175 2909 1232 Sin
2934 1191 3051 1230 vero
3092 1175 3229 1247 quod
3259 1177 3422 1247 magis

1840 1278 1937 1334 est,
1966 1268 2057 1323 sub
2088 1285 2213 1323 sono
2242 1269 2390 1340 legis,
2418 1287 2478 1323 ac
2512 1266 2667 1322 Fidei
2696 1269 2958 1324 saecularis
3003 1284 3177 1325 amore
3213 1273 3424 1342 jactan-

1840 1364 1926 1418 tiw
1950 1380 2192 1418 accensus
2224 1364 2475 1418 nascentis
2508 1363 2603 1417 Dei
2649 1363 2713 1418 de
2750 1363 2855 1417 Deo
2885 1365 3209 1436 .E‘piritusque
3247 1364 3425 1419 Sancti

1840 1456 2265 1520 intestimabilem,
2297 1456 2959 1527 incomprehensibilemque
2987 1454 3283 1510 Divinitatt’s
3310 1471 3426 1525 per-

1844 1550 2136 1615 petuitatem
2170 1552 2292 1622 jure
2340 1551 2470 1621 ipso,
2515 1565 2613 1619 quo
2656 1566 2721 1603 ea:
2754 1566 2860 1603 sese
2903 1560 2998 1613 est,
3038 1549 3349 1621 argumentis
3378 1556 3424 1603 te

1841 1654 2041 1709 cogere,
2093 1642 2406 1705 examinare,
2453 1641 2618 1696 metiri
2652 1658 2711 1694 ac
2741 1640 3026 1694 discernere
3049 1657 3198 1711 posse
3225 1655 3424 1710 pra‘su-

1844 1733 1961 1785 mis.
1997 1729 2091 1786 Illa
2120 1732 2319 1786 etenim
2353 1733 2513 1788 verba
2545 1734 2803 1787 stccularis
2827 1749 2998 1787 amore
3031 1735 3296 1806 jactantia:
3336 1749 3423 1787 ac-

1845 1838 2021 1875 census
2069 1825 2379 1893 argumentis
2421 1832 2469 1878 te
2513 1840 2711 1895 cogere.
2758 1826 3083 1888 examinare,
3128 1825 3318 1889 metiri,
3365 1839 3426 1878 ac

137 1915 363 1968 erudite
389 1915 633 1986 quamvis
658 1917 819 1970 iidem
845 1918 1117 1973 Ballerinii
1141 1919 1420 1985 aduoteut,
1447 1917 1744 1990 Expositio-
1774 1932 1822 1992 B
1848 1914 2101 1969 discutere
2168 1917 2556 1987 philosophiam
2617 1916 2908 1974 Gentilium
2954 1915 3322 1987 reprehendit,
3372 1927 3429 1972 ut

139 2024 237 2060 nes
273 2005 448 2072 Fidei,
475 2002 563 2062 seu
592 2008 846 2081 formulas
873 2008 1024 2065 Fidei
1055 2013 1118 2065 ab
1150 2013 1401 2083 episcOpis
1442 2014 1496 2066 in
1525 2014 1742 2068 concilio

140 2100 495 2155 tractantibus
516 2101 702 2168 editas,
726 2113 970 2156 tractatus
992 2100 1167 2167 Fidei,
1183 2120 1271 2157 seu
1292 2105 1444 2157 etiam
1457 2106 1623 2159 solum
1639 2114 1743 2158 tra-

141 2202 322 2245 ctatus
350 2193 603 2262 appellari
641 2194 819 2262 solere.
854 2194 1105 2249 Attamen
1136 2204 1391 2251 traCtatus
1417 2211 1612 2250 nomen
1660 2197 1747 2251 his

140 2284 422 2353 lonuulis,
452 2302 544 2340 seu
573 2288 1003 2358 expositionibus
1034 2288 1182 2344 Fidei
1214 2306 1315 2343 non
1358 2290 1428 2344 ita
1458 2305 1577 2345 esse
1620 2307 1744 2359 prn-

138 2379 349 2449 prium,
382 2388 441 2433 ut
481 2380 640 2433 aliam
689 2382 930 2451 quamvis
965 2374 1340 2438 tractationem
1380 2392 1528 2439 extra
1561 2386 1743 2440 conci-

139 2470 280 2523 lium
331 2470 565 2525 habitam
614 2471 916 2542 signiﬁcare
944 2490 1049 2529 nou
1086 2476 1284 2543 possit;
1318 2490 1507 2545 nempe
1532 2485 1583 2531 et
1612 2490 1743 2530 con-

138 2563 363 2618 cionem
387 2561 453 2615 ad
477 2563 730 2631 pupulum
755 2564 1079 2630 habitam,et
1100 2566 1462 2639 apologeticos
1488 2574 1744 2623 tractatus

140 2669 249 2725 pro
275 2654 432 2724 Fide,
464 2667 554 2709 aut
579 2664 799 2722 contra;
842 2655 942 2709 hoc
973 2655 1161 2735 iisdem
1194 2656 1249 2713 S.
1278 2656 1511 2712 Zenonis
1540 2674 1746 2713 sermo-

144 2750 317 2805 nibus
337 2751 744 2818 comprobatur,
772 2750 862 2819 qui
885 2766 1072 2805 omnes
1097 2758 1352 2805 tractatus
1378 2751 1531 2827 titulo
1557 2751 1747 2806 inscri-

144 2843 392 2905 buntur;
439 2859 605 2913 quare
645 2852 701 2896 ut
746 2843 907 2897 iidem
948 2852 1166 2898 nmnent
1208 2842 1428 2898 inferius
1458 2844 1747 2898 clarissimi

143 2937 257 2992 viri
286 2936 347 2993 S.
374 2936 520 2991 Zeno
548 2942 803 2991 tractatus
826 2937 1063 2999 nomine,
1080 2951 1179 2988 non
1197 2935 1452 3007 simplices
1467 2933 1619 2988 Fidei
1642 2938 1748 3005 for-

146 3033 356 3097 mulas,
390 3032 479 3085 sed
510 3031 725 3100 fusiores
751 3031 1088 3101 expositiones
1119 3026 1290 3093 Fidei,
1316 3030 1368 3083 in
1395 3028 1574 3099 quibus
1600 3045 1771 3082 suam.

142 3127 367 3195 quisque
424 3123 580 3179 Fidei
634 3125 934 3179 sententious
976 3125 1287 3196 argumentis
1345 3134 1395 3178 et
1436 3123 1745 3178 rationibus-

144 3222 419 3273 adstruere
440 3218 740 3286 conabatur,
789 3228 842 3272 ut
888 3234 952 3272 ea:
988 3228 1225 3272 contextu
1268 3204 1588 3289 exploratum
1633 3228 1739 3284 est,

1848 2008 2231 2065 Tertullianus.
2276 2010 2357 2065 Ea
2380 2021 2455 2066 est
2505 2014 2717 2065 materia
2758 2013 3021 2083 sapientia:
3064 2012 3425 2067 swculariste-

1846 2102 2065 2157 uteraria
2103 2105 2351 2172 interpres
2400 2103 2600 2158 Divina:
2636 2113 2853 2159 natura.
2898 2105 3029 2173 Aliis
3069 2119 3197 2159 vero
3234 2105 3289 2160 S.
3317 2104 3429 2159 Ze-

1846 2195 2003 2249 nonis
2028 2212 2041 2248 :
2070 2194 2342 2251 Nascentis
2370 2195 2460 2251 Del
2490 2195 2675 2251 deDeo
2704 2184 3030 2266 Spiritusque
3062 2198 3263 2263 Sancti,
3293 2209 3425 2265 etc.,

1847 2288 2207 2348 Valentiniani
2254 2291 2569 2359 reprehensi
2600 2292 2874 2356 videntur,
2906 2288 2998 2360 qui
3046 2291 3267 2360 turpiter
3294 2291 3429 2346 adeo

1845 2383 1985 2437 cirea
2016 2383 2109 2437 Dei
2141 2383 2329 2453 (verbo
2356 2384 2424 2437 sit
2450 2383 2627 2451 venia)
2669 2378 2927 2452 originem
2971 2382 3084 2436 suis
3114 2382 3170 2435 in
3201 2381 3431 2435 eonilms

1844 2478 2162 2533 delirarunt.
2194 2478 2323 2532 Nam
2352 2489 2406 2532 et
2442 2478 2494 2531 in
2527 2477 2629 2531 line
2658 2476 2926 2532 sermonis
2957 2474 3197 2544 Apostoli
3228 2482 3431 2529 textum

1849 2570 1911 2625 Ι).
1943 2570 2089 2625 Pauli
2128 2570 2327 2642 allegat
2356 2580 2539 2626 noster
2566 2571 2775 2636 auctor,
2816 2585 2923 2641 quo
2952 2568 3333 2639 Genealogias,
3376 2577 3432 2623 et

1815 2660 2054 2721 -labulas
2079 2664 2252 2733 carpit
2276 2664 2331 2720 S.
2363 2664 2677 2735 Apostolus.

1858 2776 1863 2777 ν
1916 2755 2365 2829 Tertullianus(l.
2410 2774 2456 2810 c.
2484 2774 2534 2811 c.
2562 2755 2931 2827 i0).Carterum
2976 2757 3019 2810 si
3048 2758 3189 2827 quia,
3236 2766 3280 2810 et
3325 2757 3429 2811 alia

1847 2861 1989 2905 tanta
2014 2853 2076 2905 ab
2106 2851 2223 2904 aliis
2268 2862 2384 2904 sunt
2426 2850 2678 2916 instituta,
2711 2861 2977 2923 propterea
3004 2851 3057 2903 in
3097 2858 3294 2904 tantum
3324 2866 3433 2903 cre-
3500 2908 3511 2920 ,

1846 2940 1967 2994 dere
1988 2941 2247 3006 debemus,
2274 2942 2329 2995 in
2354 2951 2597 3011 quantum
2639 2959 2908 3015 possumus
2948 2941 3195 3007 invenire,
3238 2957 3435 3012 semper
3495 2932 3501 2939 ’

1848 3050 2151 3102 ᾳιιιενεηιηε,
2209 3045 2253 3087 et
2300 3051 2561 3105 nunquam
2614 3036 2817 3088 omnino
2866 3034 3145 3088 credemus.
3200 3033 3298 3091 Ubi
3344 3035 3436 3089 erit

1849 3128 1969 3193 finis
1995 3127 2299 3194 quccrendi?
2332 3127 2429 3182 Ubi
2455 3129 2607 3181 statio
2638 3126 2917 3182 credendi?

1921 3219 1979 3275 S.
2010 3219 2187 3275 Zeno:
2224 3220 2381 3274 Video
2409 3230 2673 3290 prwterea,
2701 3222 2832 3274 sicut
2863 3220 3183 3274 adsertorum
3210 3220 3439 3275 indicant

145 3312 389 3381 accepit.
425 3311 534 3365 Hoc
564 3326 726 3365 sensu
756 3318 812 3366 et
855 3311 1219 3365 'i‘ertulliauus
1254 3311 1744 3367 Valentinianorum
1775 3316 1818 3379 (ζ
1854 3313 2061 3366 nomina
2108 3312 2241 3383 (qua:
2289 3312 2330 3365 si
2385 3315 2592 3383 auferas
2642 3312 2785 3365 nulla
2836 3312 3072 3384 fortassis
3122 3321 3193 3365 est
3243 3312 3437 3382 pugna)

146 3413 201 3457 et
242 3402 719 3468 Marcionitarmn,
765 3402 1099 3473 aliorumque
1133 3404 1505 3458 haereticorum
1559 3414 1747 3458 contra

145 3493 346 3549 Fidem
379 3493 772 3563 disputationes
799 3504 1101 3548 retractatus
1128 3494 1378 3563 appellat.
1405 3491 1611 3547 Eaedem
1629 3510 1745 3547 ma-

148 3588 298 3641 teria:
328 3585 469 3656 apud
501 3587 762 3639 Inereticos
801 3595 852 3640 et
895 3585 1224 3658 philosOphos
1267 3587 1579 3651 volutantur,
1611 3587 1746 3640 idem

148 3690 459 3734 retractatus
487 3681 836 3749 implicantur.
887 3680 1117 3736 Praecise
1143 3682 1303 3736 etiam
1336 3692 1578 3736 tractatus
1618 3680 1748 3736 dicit

149 3776 217 3829 de
252 3772 527 3827 lucreticis
555 3773 779 3842 loquens
804 3789 816 3825 :
841 3771 946 3827 Sed
975 3789 1087 3825 cum
1108 3772 1392 3841 decipiendi
1418 3773 1584 3844 gratia
1609 3786 1744 3841 prat—

149 3871 369 3925 tendunt
386 3909 405 3937 ,
432 3886 488 3925 se
514 3871 685 3924 adhuc
724 3884 948 3939 quaerere
967 3908 981 3932 ,
1012 3878 1071 3921 ut
1098 3864 1238 3922 nobis
1267 3883 1357 3932 per
1384 3867 1746 3933 sollicitudinis

149 3966 481 4036 injectionem
501 3972 745 4018 tractatus
768 3977 888 4017 suos
916 3962 1187 4019 insinuent.
1217 3959 1333 4015 Non
1383 3969 1588 4013 tantum
1618 3972 1747 4012 vero

152 4061 267 4127 agit
326 4056 693 4112 Tertullianus
746 4055 813 4111 de
873 4054 1244 4113 hatreticorum
1296 4052 1787 4122 disputationibus,

150 4152 301 4207 eirea
337 4147 541 4215 Fidem,
569 4147 663 4203 sed
685 4157 739 4203 et
761 4144 1183 4205 Catholicorum.
1218 4144 1373 4199 Venio
1404 4145 1571 4212 itaque
1594 4143 1661 4196 ad
1683 4142 1750 4197 il-

151 4243 264 4295 lum
291 4240 593 4307 articulum,
618 4251 771 4309 quem
791 4246 836 4292 et
860 4236 1022 4292 nostri
1043 4236 1363 4309 pratendunt
1384 4234 1452 4290 ad
1472 4234 1746 4289 ineundum

151 4332 546 4396 curiositatem,
597 4340 643 4385 et
691 4328 916 4385 hatretici
959 4325 1216 4382 inculcant
1260 4326 1327 4380 ad
1372 4316 1749 4399 importandum

152 4424 633 4494 scrupulositatens.

231 4518 468 4574 Sanctus
515 4528 731 4586 quoque
780 4513 924 4569 Zeno
962 4513 1015 4567 iu
1065 4511 1167 4568 hoc
1212 4512 1475 4571 Sermone
1501 4509 1571 4565 de
1620 4508 1751 4565 Fide

158 4622 531 4679 quoscumque
580 4613 861 4672 tractatus,
905 4604 1099 4674 quibus
1136 4603 1204 4667 de
1250 4602 1380 4663 Fide
1409 4605 1584 4673 agitur
1638 4602 1751 4657 sive

1850 3407 2038 3459 multos
2067 3406 2227 3477 fuisse
2256 3415 2530 3472 tractatus,
2578 3406 2768 3460 multas
2803 3404 2953 3473 ﬁdes,
3003 3414 3049 3458 et
3096 3403 3300 3474 quidem
3348 3406 3441 3457 no-i

1850 3499 2026 3563 vellus,
2081 3508 2126 3553 et
2176 3499 2281 3553 litis
2330 3500 2519 3562 labore,
2566 3514 2625 3550 ac
2671 3500 2845 3569 favore
2872 3498 3111 3563 nutritas,
3142 3511 3288 3566 quas,
3321 3498 3439 3565 quia

1849 3604 1966 3642 vera
1998 3591 2081 3643 vis:
2108 3601 2269 3657 potest
2299 3592 2535 3655 inveniri,
2561 3589 2715 3644 credo
2743 3606 2809 3643 ne
2845 3589 3022 3660 populi
3053 3590 3269 3657 penuria
3292 3588 3439 3641 labo-

1851 3696 2026 3739 rarent
2074 3685 2272 3739 venales
2320 3700 2430 3738 esse
2476 3684 2784 3753 prepositas.
2845 3681 3221 3745 Verumtamen
3253 3695 3315 3733 ea:
3361 3680 3441 3731 his

1851 3776 2082 3831 omnibus
2139 3776 2428 3845 eligendum
2476 3775 2599 3846 quid
2645 3775 2730 3839 sit,
2783 3789 2885 3829 non
2934 3783 3096 3841 potest
3137 3773 3298 3836 nasci,
3350 3782 3441 3827 aut

1850 3868 2232 3937 comprehendi,
2265 3868 2387 3936 quia
2414 3882 2516 3919 non
2542 3868 2641 3919 erit
2662 3881 2753 3920 nec
2781 3865 3067 3937 proprium,
3098 3879 3188 3917 nec
3210 3864 3436 3932 ﬁrmum,

1848 3959 1985 4029 quod
2017 3959 2163 4013 habet
2190 3966 2378 4012 statum
2403 3975 2601 4028 semper
2645 3959 2911 4021 incertum,
2938 3958 3128 4027 quippe
3148 3972 3262 4009 cum
3291 3959 3439 4009 unius

1826 4054 2029 4125 _electio
2057 4054 2123 4107 sit
2168 4051 2382 4106 alterius
2414 4051 2723 4116 reprobatio.
2777 4049 2845 4104 Et
2890 4047 3203 4103 Tertulliani
3258 4046 3440 4115 itaque

1851 4152 2098 4216 tempore
2146 4144 2296 4198 multi
2338 4148 2494 4197 erant
2521 4142 2669 4197 Fidei
2700 4141 3018 4197 Tractatus:
3057 4139 3120 4191 Et
3161 4138 3266 4191 alia
3295 4147 3438 4191 tanta

1850 4235 1911 4291 ab
1941 4236 2057 4291 aliis
2082 4244 2195 4289 sunt
2220 4234 2699 4303 instituto;quihus
2728 4230 2963 4285 concinit
2990 4230 3047 4284 S.
3078 4229 3264 4284 Zeno:
3300 4226 3440 4281 Mul-

1852 4337 1930 4383 tos
1960 4328 2120 4399 fuisse
2150 4335 2417 4392 tractatus,
2467 4325 2653 4378 multas
2697 4323 2825 4393 ﬁdes
2865 4331 2910 4375 et
2939 4319 3141 4393 quidem
3189 4318 3435 4373 novellas.

1853 4422 2090 4491 Utertjue
2118 4420 2283 4474 etiam
2308 4418 2714 4489 ambiguitatem
2727 4425 2999 4471 causatur.
3027 4412 3395 4469 Tertullianus
3422 4428 3435 4464 :

1856 4514 2067 4584 Semper
2092 4526 2397 4584 qmeretuus,
2429 4517 2473 4563 et
2501 4524 2758 4579 nunquam
2786 4507 2990 4561 omnino
3018 4505 3299 4560 credemus.
3342 4503 3442 4559 Ubi

1854 4608 1946 4660 erit
1989 4607 2107 4675 ﬁnis
2150 4603 2450 4675 querendi?
2497 4602 2593 4659 Ubi
2638 4600 2790 4655 statio
2836 4598 3116 4654 credendi?
3160 4599 3217 4653 S.
3252 4597 3437 4652 Zeno:

156 4700 570 4757 Catholicorum
622 4699 737 4753 sive
783 4696 1180 4762 haereticorum,
1227 4696 1446 4752 nomine
1495 4705 1752 4752 tractatus
1780 4704 1828 4765 υ
1861 4699 1982 4753 Νοη
2012 4698 2105 4753 erit
2133 4714 2223 4752 nec
2252 4697 2535 4770 proprium,
2583 4710 2672 4749 nec
2712 4694 2939 4764 ﬁrmant,
2985 4690 3121 4761 quod
3165 4689 3312 4765 habet
3340 4699 3445 4743 sta-

157 4794 431 4865 iutelligit,
466 4794 608 4864 quod
638 4808 706 4847 ex
749 4792 923 4860 ipsius
964 4790 1146 4847 verbis
1169 4791 1367 4862 percipi
1403 4780 1575 4860 potest
1617 4806 1753 4860 prcc-

154 4891 318 4957 eipue
360 4903 509 4943 num.
543 4888 596 4941 2.
632 4886 929 4956 Disputatio
972 4882 1106 4943 enim
1133 4888 1265 4943 sicut
1313 4886 1497 4940 excolit
1538 4883 1750 4955 Fidem,

156 4984 228 5035 ita
257 4983 304 5037 si
333 4991 533 5036 versuta
562 4982 626 5035 sit
654 4980 887 5043 eruditas
910 4977 1119 5047 Fidem,
1150 4968 1291 5051 quia.
1317 4978 1474 5033 Fides
1521 4980 1750 5049 profecto

158 5090 261 5126 non
310 5082 407 5139 est,
460 5072 546 5125 ubi
592 5073 841 5141 quaeritur
884 5066 1066 5137 Fides,
1108 5082 1163 5127 et
1229 5061 1450 5126 inferius
1496 5089 1510 5125 :
1561 5071 1751 5128 Multos

159 5167 323 5237 fuisse
357 5175 629 5232 tractatus,
661 5166 849 5221 multas
884 5162 1058 5231 Fides,
1098 5178 1143 5219 et
1172 5166 1374 5233 quidem
1416 5165 1662 5230 novellas,
1704 5174 1751 5217 et

160 5258 265 5313 litis
299 5258 490 5325 labore,
522 5274 583 5312 ac
614 5262 790 5328 favore
812 5258 1053 5315 nutritas.
1090 5258 1163 5313 De
1190 5256 1593 5313 Catholicorum
1627 5272 1754 5313 vero

165 5352 621 5422 disputationibus
668 5350 813 5406 circa
844 5350 1028 5408 Fidem
1072 5361 1189 5421 post
1215 5351 1457 5421 ejusdem
1486 5353 1753 5406 sermonis

164 5444 399 5499 medium
428 5443 597 5499 addit.
638 5442 744 5498 Sed
776 5446 875 5497 nan
912 5459 970 5496 eo
1019 5442 1212 5508 dicant,
1265 5454 1318 5497 ut
1365 5444 1621 5513 ingratum
1671 5444 1752 5511 fa-

162 5538 293 5590 ciant
322 5536 572 5589 doctrina:
596 5536 923 5603 beneﬁcium,
966 5535 1053 5591 sed
1099 5545 1153 5589 ut
1199 5538 1327 5590 sciat
1382 5538 1747 5605 unusquisque,

160 5630 306 5685 aliud
348 5645 461 5685 esse
505 5626 711 5691 Fiaem,
759 5628 903 5683 aliud
944 5645 1052 5684 esse
1094 5639 1527 5701 tractatumhnee
1560 5628 1610 5684 F
1614 5631 1749 5684 idem

166 5738 253 5786 per
282 5729 556 5775 tractatum
580 5735 729 5789 posse
754 5719 831 5772 vel
857 5718 994 5785 durs,
1027 5721 1103 5774 vel
1129 5723 1289 5787 nasci,
1321 5724 1396 5775 vel
1425 5722 1637 5778 destrui.

234 5818 365 5875 Illud
420 5830 630 5889 quoque
672 5817 960 5871 notandum
1028 5827 1133 5883 est,
1191 5819 1497 5888 complures
1540 5829 1647 5874 tam
1692 5820 1747 5876 in

167 5912 518 5983 Tertulliano,
552 5927 714 5987 quam
754 5911 807 5969 in
835 5910 937 5970 hoc
968 5911 1029 5968 ι).
1062 5911 1293 5979 Zenonis
1324 5911 1587 5974 Sermone
1616 5926 1746 5977 con.

1858 4802 1965 4845 tum
2012 4805 2212 4857 semper
2255 4791 2527 4855 incertum,
2572 4788 2777 4859 quippe.
2804 4802 2919 4839 cum
2961 4787 3110 4839 unius
3150 4783 3345 4848 electio,
3379 4781 3443 4835 sit

1857 4884 2069 4939 alterius
2097 4881 2402 4952 reprobatio.

1929 4974 2295 5030 Tertullianus
2340 4976 2402 5043 (l.
2435 4990 2481 5028 c.
2511 4988 2557 5026 c.
2593 4969 2720 5043 H):
2754 4970 2820 5025 At
2850 4969 2979 5023 enim
3008 4969 3053 5021 si
3099 4966 3236 5036 quod
3285 4964 3439 5018 debui

1857 5072 2082 5135 credere,
2128 5067 2344 5135 credidi,
2396 5076 2441 5121 et
2484 5063 2627 5119 aliud
2674 5063 2841 5117 denuo
2888 5069 3011 5129 puto
3054 5055 3437 5126 requirendum,

1857 5181 2006 5235 spero
2049 5164 2239 5233 utique,
2279 5170 2325 5216 st
2365 5159 2507 5215 aliud
2548 5172 2652 5212 esse
2691 5146 3257 5215 inveniendum,‘nullo
3286 5148 3440 5201 modo

1858 5265 2157 5330 speraturus
2207 5256 2364 5319 istud,
2396 5254 2495 5309 nisi
2524 5254 2661 5321 quia,
2713 5254 2802 5301 aut
2829 5260 2931 5298 non
2977 5240 3316 5305 credideram,
3350 5242 3439 5309 qui

1856 5353 2061 5409 videbar
2092 5350 2387 5405 credidisse.
2418 5345 2504 5400 Ita
2549 5341 2732 5395 Fidem
2773 5353 2934 5392 meum
2972 5334 3231 5399 deserens,
3270 5350 3441 5404 nega.

1857 5456 1936 5501 tor
1961 5443 2175 5497 invenio.
2210 5439 2379 5494 Semel
2405 5435 2645 5489 dixerim.
2680 5428 2841 5485 Nemo
2871 5425 3053 5491 credit,
3078 5426 3176 5479 nisi
3206 5425 3314 5493 qui,
3351 5434 3441 5478 aut

1858 5556 1959 5594 non
1986 5534 2181 5600 habuit,
2212 5543 2301 5589 aut
2332 5524 2577 5601 perdidit.

1930 5626 2190 5689 Pressius,
2210 5624 2320 5693 pari
2353 5635 2531 5676 tamen
2562 5621 2636 5684 vi,
2668 5625 2889 5686 sanctus
2914 5612 3093 5667 Zeno:
3125 5608 3284 5664 Fides
3318 5626 3443 5673 pro-

1865 5725 1995 5792 fecto
2028 5733 2125 5771 non
2151 5728 2246 5781 est,
2278 5715 2362 5770 ubi
2388 5714 2630 5785 quaeritur
2657 5706 2836 5763 Fides.

1925 5812 2323 5869 Tertullianus:
2356 5810 2418 5871 At
2460 5822 2576 5863 cum
2605 5800 2791 5859 tenenti
2833 5797 3059 5869 quidem,
3104 5804 3159 5852 ut
3203 5794 3438 5860 credunt,

1854 5908 2181 5989 quaerendum
2226 5916 2391 5975 tamen
2461 5901 2662 5975 dicunt,
2709 5907 2762 5955 ut
2813 5892 3114 5952 defendant.
3168 5898 3437 5961 antequam
