3822 6220
467 309 564 362 671

469 425 767 495 defendant,
800 432 1004 496 negant,
1036 421 1169 490 quod
1191 419 1404 474 credunt
1449 436 1467 475 :

472 516 594 570 dum
622 515 898 571 credidisse
923 511 1043 564 dum
1068 504 1322 579 quarunt.

542 609 601 664 S.
652 606 835 661 Zeno:
863 602 1052 658 Edicat
1100 602 1226 655 mihi
1278 603 1560 673 perniciosa
1613 602 1710 655 ista
1758 601 2051 656 adinventio

470 709 712 754 tractatus
753 697 855 762 sui,
885 711 986 767 quo
1030 695 1232 766 proﬁcit
1271 697 1485 766 pugna?
1538 695 1622 751 Ne
1661 696 1812 767 ﬁdes,
1863 697 2048 768 inquit,

467 795 698 855 intereat,
745 805 862 842 cum
907 789 1042 842 male
1085 797 1178 841 aut
1223 787 1587 854 creditur,-‘aut
1628 787 1858 842 docetur.
1901 790 2052 855 Quod

466 885 659 940 malum
699 892 776 938 est
799 883 898 936 ista
943 883 1076 936 ratio
1122 865 1587 939 mox‘sidebimus.
1640 883 1878 938 Numero
1922 899 2053 939 vero

467 987 621 1031 sexto
659 975 739 1029 sic
764 973 924 1028 habet
951 991 963 1028 :
998 972 1168 1044 Negat
1200 973 1426 1044 quodam
1448 973 1603 1028 modo
1636 974 1798 1029 Deum
1827 976 2053 1045 quisquis

467 1064 657 1123 adserit
699 1066 862 1121 Deum
907 1081 927 1119 :
974 1066 1205 1136 defensio
1250 1066 1383 1120 enim
1414 1068 1625 1120 nonnisi
1651 1067 1892 1121 imbecilli
1921 1084 2053 1138 pra:-

466 1170 651 1227 statur,
685 1176 775 1215 nec
815 1144 980 1227 potest
1020 1175 1132 1213 eum
1162 1159 1398 1218 revereri.
1441 1159 1530 1229 qui
1559 1160 1753 1231 ingenii
1780 1161 1861 1214 sui
1906 1170 2054 1231 putat

468 1269 597 1319 esse,
626 1251 763 1323 quod
792 1251 880 1305 ille
905 1251 1058 1322 fuerit
1083 1251 1388 1306 testimatus.
1561 1308 1564 1311 ,

540 1343 944 1400 Tertullianus‘:
980 1341 1270 1399 Nouissime
1328 1343 1567 1413 ignorare
1613 1344 1794 1398 melius
1845 1353 1941 1409 est,
1994 1360 2056 1398 ne

416 1492 420 1495 .
468 1437 605 1508 quod
649 1453 751 1490 non
776 1435 980 1502 debeas,
1010 1437 1171 1514 noris,
1201 1436 1344 1507 quia,
1371 1436 1507 1500 quod
1543 1436 1748 1504 debeas,
1781 1438 1935 1490 nosti.
1967 1432 2058 1490 Fi-

471 1531 569 1586 des
612 1531 774 1600 inquit
815 1538 904 1584 tua
933 1512 1231 1602 tendinum
1275 1528 1417 1584 fecit.
1455 1527 1578 1583 Non
1608 1529 1901 1583 exercitatio
1929 1529 2056 1581 scri-

473 1629 778 1698 pturarum:
799 1609 962 1676 Fides
982 1621 1035 1675 in
1064 1621 1242 1692 regula
1268 1621 1432 1693 posita
1457 1632 1550 1676 est.
1589 1620 1757 1674 Habes
1802 1619 1979 1690 legem,
2010 1631 2056 1674 et
2080 1631 2084 1635 '

473 1717 690 1771 salutem
718 1715 782 1769 de
808 1717 1153 1770 observatione
1176 1716 1336 1785 legis;
1361 1715 1660 1774 exercitatio
1686 1725 1853 1768 autem
1885 1715 1937 1766 in
1969 1729 2058 1765 cu-

1518 304 1607 360 DE
1645 302 1889 360 SANCTI
1934 303 2232 361 ZENONIS
2277 305 2540 361 EI‘OCIIA

1515 420 1810 488 conﬁtentes
1839 435 1892 473 se
1918 427 2125 483 που-,Λ
2156 422 2334 475 uitatis
2391 420 2763 493 philosoplticis
2826 419 3138 490 argumentis
3181 417 3461 471 exhaurire
3510 419 3745 470 conaris?

3647 303 3744 354 ϋῗέ

2156 517 2219 571 Si
2244 516 2478 585 peritiam
2506 517 2633 587 legis
2659 515 2922 570 ostendere
2947 515 3113 584 cupis,
3141 513 3416 566 lectionum
3445 511 3624 564 nubila
3655 514 3746 564 dis-

2153 626 2352 664 serena.
2401 607 2565 672 Doce,
2609 625 2718 662 eam
2764 608 2860 661 sibi
2903 623 3004 660 non
3053 621 3161 658 esse
3206 603 3523 672 contrariam
3568 616 3586 655 :
3631 602 3744 653 doce

2157 703 2349 766 omnia,
2379 716 2494 769 qua:
2523 700 2679 764 canit,
2709 714 2820 751 esse
2847 697 3118 751 credenda.
3145 695 3397 748 Caterum
3426 693 3473 746 si
3497 696 3606 764 ejus
3634 709 3747 761 par-

2157 804 2257 847 tem
2277 790 2481 862 probes,
2509 789 2748 856 reprobes
2773 797 2992 857 partem,
3016 787 3270 853 quomodo
3294 800 3385 849 per
3405 783 3540 835 hanc
3565 779 3744 834 Fidem

2154 884 2360 954 quieris,
2385 899 2536 952 quam
2563 883 2714 935 etiam
2735 881 2898 949 ipsam
2918 876 3244 947 inﬁdelitatis
3270 892 3413 929 ream
3438 875 3745 928 constituis?

2160 979 2319 1032 Vides
2349 978 2434 1032 hic
2459 977 2515 1033 S.
2548 976 2819 1031 Zenonem
2849 991 2944 1028 eos
2984 988 3232 1044 carpere,
3281 973 3372 1041 qui
3402 970 3530 1025 dolo
3559 969 3740 1024 ﬁdeles

2155 1069 2448 1137 decipiunt.
2496 1067 2632 1133 Quia
2659 1082 2802 1136 quem
2835 1075 2986 1135 putas
3031 1066 3110 1119 vel
3149 1066 3212 1118 de
3256 1065 3358 1118 tuis
3387 1062 3515 1134 ipsis
3559 1062 3740 1116 studiis

2155 1161 2532 1233 ﬁdelissimum,
2566 1159 2650 1212 ltic
2700 1158 2929 1227 inﬁdelis
2959 1171 3050 1213 est.
3103 1158 3212 1213 Hos
3239 1169 3295 1214 et
3332 1159 3510 1227 carpit
3537 1156 3596 1210 S.
3631 1156 3739 1210 lre—

2157 1269 2332 1308 naeus:
2364 1252 2623 1319 Quoniam
2651 1252 2885 1306 nonnulli
2912 1251 3184 1322 repudiata
3209 1252 3440 1318 ueritate,
3463 1266 3740 1310 sermones,

2157 1357 2206 1401 et
2251 1347 2575 1417 genealogias
2615 1345 2786 1398 varias
2816 1343 3085 1408 inducunt,
3118 1360 3178 1396 ac
3219 1360 3311 1411 per
3339 1343 3740 1415 probabilitatem

2157 1437 2372 1492 subdole
2411 1445 2796 1504 comparatam,
2842 1435 3092 1488 seducunt
3134 1444 3325 1488 mentes
3371 1436 3736 1504 imperitorum.

2156 1529 2515 1586 Commendat
2561 1528 2617 1584 S.
2649 1528 2797 1583 Zeno
2823 1521 2961 1594 eos,
3009 1527 3099 1597 qui
3139 1527 3191 1580 in
3221 1527 3558 1595 explicandis
3605 1527 3740 1582 Scri-

2163 1624 2335 1693 pturis
2378 1621 2776 1692 simplicitatem
2805 1629 3102 1684 sectantur,
3133 1627 3188 1672 et
3211 1629 3399 1672 contra
3433 1634 3529 1673 eos
3567 1635 3742 1688 reprc-

2163 1717 2372 1780 hendit,
2413 1716 2504 1786 qui
2534 1716 2844 1783 Scripturas
2881 1709 3300 1778 corrumpendo,
3349 1710 3498 1766 Fidei
3532 1720 3738 1765 contra-

475 1810 709 1864 νὶοεὶιαεε
753 1810 1002 1873 Consistit,
1052 1807 1240 1862 habent
1282 1810 1503 1881 gloriam
1546 1808 1713 1861 salum
1758 1807 1822 1860 de
1865 1806 2059 1877 ρενὶιὶαδ
2089 1813 2136 1872 Β
2163 1814 2364 1868 dicunt.
2397 1811 2522 1866 Cum
2548 1813 2714 1882 magis
2740 1813 2805 1866 sit
2837 1811 2924 1864 ille
2951 1809 3139 1879 ﬁdelis,
3168 1807 3254 1876 qui
3286 1824 3438 1860 sacra
3462 1809 3517 1859 in
3555 1808 3736 1878 pradi-

477 1901 670 1956 sludio.
722 1900 880 1956 Cedat
924 1901 1196 1955 curiositas
1239 1899 1428 1962 Fidei;
1480 1899 1624 1967 cedat
1673 1899 1839 1969 gloria
1881 1898 2056 1951 saluti.

478 1993 625 2049 Certe
666 2003 755 2048 aut
803 2011 904 2047 non
950 1993 1262 2063 obstrepant,
1291 2003 1378 2045 aut
1418 1993 1680 2060 quiescant
1707 1991 1951 2044 adversus
1980 2005 2057 2043 re-

436 2092 441 2097 ’
475 2085 671 2155 gulam.
705 2083 859 2138 Nihil
885 2085 1022 2137 ultra
1046 2085 1198 2149 scire,
1229 2085 1400 2136 omnia
1420 2085 1554 2136 scire
1580 2093 1673 2137 est.

545 2180 603 2233 S.
634 2178 779 2234 Zeno
805 2196 820 2232 :
853 2176 1328 2248 Manifestissimum
1355 2187 1502 2250 puto,
1550 2178 1700 2231 nimis
1744 2186 1913 2230 astuto
1938 2177 2061 2230 sim-

477 2274 662 2345 plicem
707 2272 991 2338 meliorem,
1042 2272 1166 2341 quia
1211 2271 1430 2343 simplex
1471 2272 1704 2325 omnibus
1753 2269 1848 2323 Dei
1897 2271 2061 2349 verbis

477 2365 776 2438 simpliciter
801 2365 1000 2430 credit;
1031 2374 1229 2419 astutus
1268 2372 1436 2418 autem
1459 2364 1616 2417 nimia
1647 2364 1896 2436 sapientia
1924 2363 2062 2435 infa-

479 2461 677 2526 tuatus,
706 2457 1118 2525 inquisitionibus
1144 2457 1288 2511 vanis
1317 2458 1639 2528 semetipsum
1667 2455 1958 2525 confundit.

547 2549 625 2604 Eu
645 2561 776 2618 quot
791 2532 1087 2604 tinilormes
1115 2549 1399 2604 sententia:
1417 2547 1630 2603 diversa
1647 2546 1746 2603 sub
1767 2548 1949 2617 phrasi
1973 2547 2058 2601 in-

445 2643 801 2699 ‘-cluduntur:
836 2652 893 2697 et
908 2643 1042 2699 alias
1069 2643 1276 2698 similes
1305 2652 1492 2697 notare
1507 2641 1701 2712 cuique
1731 2642 1906 2696 liceat.
1931 2641 2058 2696 Mihi

477 2738 693 2794 interim
725 2752 1038 2808 persuasum
1070 2746 1174 2803 est,
1203 2736 1344 2807 quod
1377 2745 1431 2790 et
1451 2737 1570 2791 aliis
1598 2751 1910 2805 persuasum
1947 2735 2061 2792 fore

476 2829 710 2896 conﬁdo,
759 2847 827 2886 ex
861 2829 944 2885 bis
987 2831 1301 2886 tractatibus
1329 2846 1423 2884 seu
1452 2815 1520 2884 de
1577 2829 1708 2884 Fide
1755 2830 2063 2899 disputatio-

478 2923 657 2990 nibus,
690 2923 836 2977 nullo
861 2932 1014 2993 pacto
1035 2923 1227 2993 conjici
1260 2938 1418 2992 posse
1448 2935 1691 2992 tempora
1720 2923 1870 2988 Ario,
1919 2923 2062 2992 ejus-

481 3031 588 3087 que
611 3016 854 3072 sectariis
883 3018 1203 3086 posteriora,
1231 3031 1352 3070 cum
1379 3024 1436 3069 et
1457 3015 1771 3070 Tertulliani
1818 3024 1974 3068 :‘ctate
2007 3013 2060 3067 lii

482 3101 659 3175 multi,
713 3118 781 3164 et.
811 3107 1235 3174 Catltolicorum,
1288 3117 1344 3163 et
1393 3107 1770 3163 haereticorum
1797 3095 2061 3162 tractatus

2166 1911 2363 1963 catione
2408 1926 2510 1962 non
2539 1909 2691 1972 ultra,
2724 1924 2876 1973 quam
2904 1906 3098 1959 licitum
3140 1913 3214 1957 est
3250 1905 3422 1965 aciem.
3444 1921 3552 1957 sua:
3590 1913 3740 1956 teten-

2165 2002 2295 2055 derit
2340 2002 2561 2054 mentis:
2617 2017 2674 2054 eo
2722 1999 2852 2053 enim
2902 2014 2983 2052 res
3053 1995 3272 2050 deducta
3324 2005 3434 2059 est,
3493 2005 3543 2048 ut
3591 1993 3738 2047 Fides

2150 2088 2338 2160 nostra
2367 2109 2459 2160 per
2505 2083 2600 2144 Dei
2646 2092 2938 2160 requiratur
2981 2091 3325 2162 injuriam....
3376 2085 3507 2140 Cum
3532 2087 3639 2140 hcc
3679 2087 3740 2136 ita

2162 2185 2282 2250 sint,
2318 2201 2414 2237 cur
2443 2184 2604 2254 legem
2632 2185 2742 2253 lege
2768 2182 3076 2253 distringis?
3103 2179 3212 2234 Cur
3232 2180 3325 2235 sub
3354 2179 3578 2258 imagine
3605 2177 3739 2231 Fidei

2165 2273 2348 2330 Fidem
2377 2277 2593 2346 deponis
2609 2276 2700 2331 .’...
2735 2277 2777 2330 si
2829 2276 3066 2346 peritiam
3111 2273 3236 2345 legis
3280 2272 3546 2328 ostendere
3586 2271 3737 2341 cupis,

2164 2368 2436 2423 lectionum
2474 2369 2651 2423 nubila
2700 2369 2982 2439 disserena.
3007 2365 3152 2422 Doce
3199 2384 3312 2422 eam
3360 2367 3458 2421 sibi
3505 2381 3605 2419 non
3649 2380 3740 2417 esse

2122 2515 2130 2527 ,
2162 2463 2566 2518 contrariam...
2601 2459 2852 2516 Cancrum
2883 2463 2928 2516 si
2963 2465 3076 2535 ejus
3103 2470 3302 2533 partem
3331 2459 3536 2533 probes,
3575 2472 3738 2527 repro-

2165 2554 2249 2608 bes
2281 2565 2497 2622 partem,
2537 2555 2793 2624 quomodo
2819 2573 2910 2626 per
2957 2557 3089 2608 hanc
3119 2551 3307 2608 Fidem
3345 2553 3558 2621 gnaris,
3602 2566 3737 2622 quam

2165 2649 2318 2701 etiam
2367 2649 2532 2718 ipsam
2581 2648 2917 2722 inﬁdelitatis.
2950 2663 3089 2700 ream
3138 2645 3444 2700 constituis’
3487 2643 3624 2712 Quid
3671 2651 3738 2695 est

2163 2755 2408 2808 «pta-rere
2433 2739 2616 2796 Fidem
2636 2755 2742 2811 per
2768 2740 2858 2794 Dei
2885 2740 3171 2808 iniuriam;
3198 2739 3380 2809 legem,
3394 2738 3514 2808 lege
3540 2735 3737 2791 distrin-

2163 2846 2328 2900 gere;
2371 2827 2471 2886 s'ub
2514 2832 2746 2902 imagine
2777 2831 2926 2888 Fidei
2957 2830 3232 2901 deponere
3276 2827 3508 2894 Fidem;
3555 2835 3737 2896 partem

2169 2925 2400 2993 probare
2427 2933 2482 2980 et
2531 2934 2737 2994 partem
2769 2925 2899 2993 legis
2932 2923 3262 2993 reprobare;
3308 2921 3498 2975 Fidem
3530 2915 3737 2973 inﬁdeli-

2168 3018 2296 3070 tatis
2341 3032 2490 3071 ream
2539 3017 2909 3072 constituere?
2954 3015 3056 3070 nisi
3101 3015 3372 3084 corruptis
3411 3011 3741 3078 adductisque

2165 3126 2447 3182 perperam
2475 3111 2766 3190 Scriptura:
2797 3110 3031 3167 testibus
3061 3111 3269 3166 veritati
3300 3107 3590 3163 Catholica:
3623 3119 3739 3159 con-

482 3209 883 3271 spargerenwr.
929 3209 1115 3256 contra
1140 3215 1275 3270 quos
1303 3200 1471 3255 multa
1516 3200 1652 3255 adeo
1681 3202 1797 3271 ipse
1823 3199 2061 3255 disserit.
2092 3201 2138 3264 C
2171 3219 2254 3261 ira
2303 3208 2400 3262 ire.
2434 3206 2550 3262 Hoc
2579 3222 2684 3260 non
2737 3215 2884 3262 tanta
2905 3205 3126 3276 quidem
3155 3203 3426 3259 sermonis
3473 3199 3737 3269 elegantia.

479 3291 612 3357 Qua:
656 3307 786 3346 vero
837 3292 1014 3348 allata:
1057 3290 1181 3346 sunt
1219 3293 1522 3357 sententiae,
1570 3292 1624 3346 in
1654 3305 1850 3362 genere
1875 3303 2058 3348 contra

481 3382 847 3439 curiositatem
876 3384 927 3438 in
947 3383 1095 3440 Fidei
1124 3384 1286 3440 rebus
1315 3384 1608 3460 tractandis
1629 3384 1901 3455 quibusvis
1925 3395 2059 3439 tem-

482 3477 704 3546 poribus
743 3477 916 3545 aptari
948 3487 1192 3546 possunt.
1344 3465 1345 3468 “
1967 3497 1971 3503 ι
2040 3526 2045 3531 ,

553 3568 624 3622 At
665 3583 765 3625 cur
811 3571 1184 3626 tantummodo
1209 3571 1279 3626 de
1307 3572 1641 3628 Tertulliauo
1686 3587 1862 3643 agam,
1913 3573 2063 3640 quasi

480 3661 595 3729 ipse
625 3675 765 3716 unus
792 3659 863 3717 de
885 3662 1463 3732 eodemdisputaverit
1491 3666 1848 3734 argumento?
1880 3643 2065 3720 Nonne

480 3763 538 3810 et
585 3754 654 3810 de
680 3754 774 3810 illo
803 3757 1138 3827 antiquiores
1167 3758 1394 3814 secundi
1421 3760 1605 3817 saeculi
1638 3757 1826 3814 Patres
1871 3769 2066 3814 tracta-

480 3850 661 3903 tiones
708 3849 982 3919 longiores
1028 3849 1400 3906 instituerunt?
1449 3851 1506 3907 S.
1556 3851 1788 3906 lreoaaus
1824 3862 1974 3906 certe
1999 3852 2067 3907 de

487 3942 586 3997 hac
613 3957 774 3997 causa
799 3943 1039 4013 quinque
1066 3957 1198 3997 suos
1221 3954 1414 3998 contra
1459 3944 1693 3999 haereses
1741 3944 1906 4016 libros
1933 3945 2068 3998 scri-

489 4033 661 4102 psisse
727 4033 1000 4104 prtelatur.
1053 4031 1312 4099 Quoniam
1361 4034 1458 4106 (ita
1517 4035 1775 4108 lrenaaus)
1833 4037 2068 4090 nonnulli

484 4127 754 4199 repudiata
778 4127 1006 4191 ueritate
1049 4144 1323 4194 semiones,
1354 4139 1400 4182 et
1429 4130 1748 4201 genealogias
1790 4130 1959 4183 uarias
1989 4131 2068 4182 in-

485 4219 700 4285 ducunt,
751 4235 866 4289 qua
909 4220 1114 4289 quidem
1142 4222 1443 4289 qutestiones
1470 4223 1660 4293 potius,
1693 4233 1748 4276 ut
1793 4222 2069 4294 Apostolus

485 4313 582 4377 ait,
627 4323 894 4384 prastant,
937 4330 1088 4380 quam
1113 4315 1505 4383 adiﬁcationem
1535 4315 1652 4380 Dei,
1683 4332 1796 4386 qua
1837 4317 1891 4369 in
1935 4313 2069 4369 Fide

469 4412 561 4473 ,est
591 4421 608 4456 :
634 4420 696 4456 ac
725 4420 817 4474 per
846 4403 1255 4474 probabilitatem
1284 4405 1499 4458 subdole
1533 4417 1881 4478 comparatam
1919 4406 2072 4460 sedu-

489 4504 612 4548 cunt
639 4507 856 4549 mentem
880 4496 1251 4566 imperitorum,
1277 4489 1465 4567 eosque
1493 4498 1830 4570 deprauandis
1852 4501 2073 4553 oraculis

2163 3300 2260 3355 sed
2289 3301 2461 3371 magis
2488 3299 2651 3355 obvio
2679 3313 2932 3353 sermone
2961 3286 3218 3369 arguitLS.
3249 3296 3486 3351 lreoaaus
3512 3311 3528 3345 :
3562 3290 3743 3360 Eosqu

2165 3392 2509 3462 depravandis
2541 3390 2766 3445 oraculis
2815 3389 3036 3452 Divinis,
3079 3389 3264 3460 iisque,
3289 3402 3424 3459 qua
3465 3394 3600 3438 recta
3624 3383 3740 3435 dicta

2166 3494 2308 3550 sunt,
2341 3486 2477 3537 male
2521 3483 2836 3552 exponendis
2875 3483 3104 3553 captiuos
3147 3481 3378 3535 trahunt.
3425 3472 3740 3541 Philosophi-

2167 3589 2260 3629 cas
2289 3574 2529 3643 argutias
2558 3573 2863 3627 detestatur
2897 3572 2956 3626 υ.
2989 3572 3138 3626 Zeno
3167 3591 3181 3625 :
3206 3569 3314 3625 Cur
3341 3569 3514 3640 ipsum
3545 3563 3738 3618 Fontent

2171 3665 2468 3720 Divinitatis
2497 3664 2868 3737 pltilosOphicis
2895 3663 3209 3739 argumentis
3229 3662 3506 3717 exhaurire
3529 3655 3738 3713 conaris?

2173 3760 2483 3813 Detestatur
2507 3769 2560 3812 et
2592 3759 2649 3814 S.
2686 3758 2948 3834 lrenaaus.
3001 3753 3298 3822 Sermones,
3345 3764 3396 3808 et
3437 3750 3737 3822 genealogis:

2170 3853 2341 3906 varias
2386 3850 2660 3915 inducunt,
2709 3859 2826 3921 qua:
2869 3849 3074 3919 quidem
3118 3848 3427 3918 quastiones
3473 3844 3651 3916 potius.
3695 3848 3737 3891 Il

2173 3945 2451 4016 Apostolus
2499 3945 2593 4007 ait,
2638 3953 2905 4014 prtestant,
2949 3951 3054 3997 etc.
3086 3941 3496 3996 AﬂeCtationem
3525 3934 3736 3992 scientia

2173 4049 2424 4091 causatur
2459 4038 2517 4091 D.
2551 4036 2696 4090 Zeno
2727 4054 2740 4088 :
2778 4037 2839 4091 Si
2868 4036 3104 4107 peritiam
3132 4035 3259 4104 legis
3303 4032 3572 4087 ostendere
3595 4028 3732 4098 capis.

2173 4128 2320 4182 Idem
2367 4137 2423 4180 et
2476 4129 2534 4182 S.
2586 4127 2840 4182 lrenams.
2894 4125 3230 4194 Scientiarque
3270 4133 3524 4195 pratextu
3577 4122 3734 4173 multo:

2174 4233 2420 4275 evertunt.

2245 4317 2376 4382 Qua:
2401 4316 2503 4388 huc
2528 4330 2695 4385 usque
2722 4315 3040 4370 suutallatx
3075 4315 3136 4367 D.
3169 4312 3411 4367 Zenonis
3446 4310 3730 4368 sententiae.

2175 4408 2295 4477 quis
2321 4405 2473 4476 putet
2507 4406 2829 4461 Arianorum
2864 4419 3107 4476 tempora
3150 4407 3384 4475 sapere?
3411 4405 3476 4460 At
3524 4420 3616 4459 nec
3639 4415 3733 4475 qua?

2177 4515 2363 4554 sumus
2390 4500 2633 4560 allaturi.
2678 4514 2744 4554 ea
2774 4500 2898 4553 licet
2930 4511 3201 4567 tamquam
3235 4497 3462 4566 prarcisa
3503 4497 3730 4551 adnotew

493 4587 717 4654 Divinis,
747 4589 928 4656 iisque,
957 4605 1071 4656 qua
1097 4598 1234 4642 recta
1264 4590 1400 4642 dicta
1424 4601 1542 4644 sunt
1579 4593 1710 4646 male
1740 4592 2070 4664 exponendis,
2099 4596 2153 4656 1)
2179 4601 2267 4648 tur
2294 4636 2308 4658 ,
2340 4594 2668 4649 Arianorum
2699 4604 2940 4662 tempora
2972 4595 3244 4664 respicere
3269 4635 3284 4660 ,
3328 4592 3612 4648 dicendum
3649 4599 3730 4644 εει.

491 4681 718 4751 captiuos
739 4679 971 4744 trahunt,
999 4682 1319 4751 scientiaque
1341 4691 1591 4752 prtetextu
1614 4683 1802 4736 multos
1829 4697 2069 4738 evertunt.

565 4773 768 4829 Eodem
793 4789 956 4828 sensu
977 4773 1046 4828 Ι).
1077 4773 1229 4828 Zeno
1258 4774 1452 4842 (Serm.
1485 4790 1524 4836 ι,
1553 4791 1609 4829 n.
1639 4773 1696 4840 4,
1728 4775 1767 4828 ι.
1800 4775 1840 4848 ι)
1865 4794 1879 4829 :
1913 4776 2078 4847 Igitur

491 4883 608 4920 cum
637 4869 991 4939 possibilitatis
1018 4868 1258 4921 humana:
1284 4884 1384 4921 non
1405 4869 1472 4922 sit
1493 4866 1644 4922 Fidei
1662 4869 1834 4922 uidere
1862 4882 2076 4934 secreta,

491 4977 769 5030 nusquam,
794 4957 1004 5026 Frater,
1041 4970 1128 5014 tua
1157 4961 1448 5024 curiositas,
1478 4978 1728 5031 nusquam
1755 4972 1844 5015 tua
1882 4965 2081 5034 proﬁcit

492 5068 698 5124 pugna;
724 5054 846 5122 quia
876 5069 1026 5122 quem
1054 5063 1205 5123 putas
1231 5053 1308 5106 vel
1336 5053 1402 5105 de
1428 5053 1531 5106 tuis
1572 5053 1714 5124 ipsis
1742 5054 1925 5107 studiis
1952 5055 2081 5123 fide-

491 5144 763 5209 lissimum,
807 5145 888 5197 hic
931 5144 1196 5214 inﬁdelis;
1240 5154 1289 5199 et
1324 5160 1472 5213 quem
1502 5146 1758 5214 putaueris
1801 5145 2079 5214 inﬁdelem,

494 5239 577 5292 hic
602 5238 771 5305 ﬁdelis
795 5250 885 5294 est.
919 5237 1078 5293 Forte
1106 5241 1162 5292 in
1191 5254 1250 5293 eo
1271 5255 1325 5293 se
1354 5240 1470 5308 quis
1492 5239 1751 5292 existimat
1777 5239 2080 5308 ﬁdeliorem,

495 5335 538 5386 si
569 5334 808 5405 loquatur
836 5344 1037 5406 argute,
1085 5351 1203 5388 cum
1257 5334 1422 5402 magis
1465 5349 1613 5386 uerus
1655 5335 1723 5385 sit
1762 5332 1851 5386 ille
1893 5334 2080 5401 ﬁdelis,

496 5429 584 5497 qui
627 5443 722 5481 sua
767 5429 822 5481 in
867 5428 1238 5497 prtedicatione
1277 5443 1377 5480 non
1422 5425 1560 5480 ultra
1585 5442 1737 5492 quam
1766 5425 1960 5478 licitum
1989 5437 2083 5492 est,

497 5521 659 5574 aciem
685 5536 792 5576 sua:
818 5521 1084 5576 tetenderit
1113 5522 1294 5574 mentis
1317 5537 1336 5574 :
1367 5537 1425 5574 eo
1452 5521 1586 5574 enim
1629 5536 1710 5573 res
1737 5519 1958 5572 deducta
1989 5529 2083 5586 est,

499 5621 556 5664 ut
582 5610 754 5680 Fides
801 5622 974 5667 nostra
1018 5630 1110 5686 per
1138 5611 1236 5666 Dei
1264 5614 1558 5681 requiratur
1586 5611 1926 5684 injuriam....
1961 5610 2088 5664 Cum

511 5705 616 5759 lucc
659 5707 732 5759 ita
759 5707 862 5760 sint
892 5723 986 5760 cur
1013 5707 1172 5778 legem
1216 5709 1326 5777 lege
1352 5693 1658 5778 distringis?
1696 5706 1802 5760 Cur
1838 5705 1933 5758 sub
1957 5705 2088 5758 ima-

510 5797 625 5850 nine
675 5792 820 5850 Fidei
848 5793 1044 5850 Fidem
1090 5801 1304 5866 deponis
1323 5798 1348 5848 9
1375 5796 1479 5850 Cur
1506 5799 1673 5861 ipsum
1705 5793 1924 5853 Formm
1952 5793 2091 5850 Divic-

2177 4686 2330 4754 Quod
2357 4687 2555 4741 ctenim
2585 4687 2790 4742 dicitS.
2815 4686 2983 4741 Zeno.
3016 4685 3272 4741 Novellus
3295 4686 3452 4746 ﬁdes.
3478 4699 3573 4741 seu
3599 4684 3728 4738 Trac—

2179 4788 2325 4834 tutus
2353 4780 2555 4832 venales
2597 4795 2704 4834 esse
2741 4780 3031 4850 propositos
3057 4778 3125 4833 de
3157 4778 3536 4848 largitioiiibus
3565 4793 3592 4830 a
3617 4776 3731 4827 Con-

2182 4872 2380 4926 stantio
2401 4871 2454 4923 in
2485 4885 2581 4924 eos
2623 4869 2808 4934 lactis,
2837 4872 2924 4940 qui
2955 4885 3052 4940 pro
3074 4870 3295 4926 Arianis
3321 4880 3564 4936 starent,
3593 4879 3728 4934 expo-

2185 4958 2562 5029 nere,'sensus
2593 4977 2780 5016 eorum
2804 4963 3088 5016 vetbnrum
3114 4978 3218 5016 non
3245 4965 3464 5033 patitur.
3496 4961 3614 5016 Haec
3633 4961 3731 5011 sunt

2183 5054 2347 5109 verba
2373 5071 2387 5107 :
2421 5053 2594 5118 Quas,
2623 5054 2743 5122 quia
2773 5070 2888 5107 vera
2923 5055 3011 5108 vix
3042 5065 3206 5123 potest
3233 5057 3451 5108 inueniri
3470 5098 3485 5117 ,
3529 5052 3664 5109 credo
3685 5063 3730 5099 ut

2185 5147 2364 5221 populi
2387 5147 2605 5218 penuria
2643 5147 2933 5201 laborarent
2960 5148 3162 5200 uenales
3189 5164 3300 5201 esse
3325 5151 3624 5218 prepositas.
3647 5142 3728 5199 0b.

2187 5241 2308 5293 vius
2334 5253 2526 5299 sensus
2556 5247 2640 5292 est
2671 5255 2685 5290 :
2715 5236 2793 5292 Ne
2821 5238 3027 5292 scilicet
3057 5239 3238 5308 populi
3272 5242 3496 5307 penuria
3525 5241 3728 5310 disputa.

2186 5332 2393 5386 tionum
2414 5371 2431 5396 ,
2462 5345 2554 5384 seu
2582 5335 2902 5384 tractatuum
2931 5329 3009 5383 ‘de
3038 5328 3191 5395 Fide,
3232 5346 3393 5399 quam
3421 5333 3664 5387 novellam
3684 5328 3725 5377 5.

2189 5422 2342 5478 Zeno
2370 5423 2531 5486 dicit,
2565 5422 2690 5491 quia
2716 5430 2904 5476 contra
2927 5419 3112 5475 Fidem
3139 5420 3511 5491 Catholicam,
3533 5423 3641 5479 ideo
3660 5434 3728 5474 εει

2189 5518 2394 5586 positas
2418 5515 2470 5568 in
2500 5513 2618 5568 loro
2645 5512 2835 5580 fuisse,
2865 5523 2922 5569 ut
2947 5515 3178 5570 curiosis
3213 5517 3551 5586 emptoribus
3575 5516 3728 5572 distrto

2190 5611 2469 5666 herentur.

2224 5714 2238 5721 '
2273 5705 2399 5757 Htec
2427 5716 2643 5772 quoque
2665 5702 2725 5756 D.
2757 5702 2987 5758 Zenonis
3009 5703 3174 5758 verba
3208 5721 3222 5758 :
3260 5703 3307 5759 0
3333 5723 3489 5774 quam
3517 5707 3728 5774 indefessa

2203 5791 2408 5854 (Fines)
2437 5807 2552 5855 amr.-
2573 5807 2767 5856 "nunc,
2792 5795 3060 5864 furtivum.
3091 5795 3327 5864 dir-ltum,
3357 5793 3615 5864 nliqtmtiﬂ
3628 5785 3729 5850 tua"
