3822 6220
41 238 140 292 675

1434 244 1903 300 DISSERTATIO.

3211 250 3316 306 674

42 356 185 421 pejus
239 363 308 406 est
353 357 585 425 gentium
611 355 863 411 desiderat
897 372 985 426 per
1032 368 1282 411 momenta
1327 360 1628 428 patrocinia.
1661 360 1708 420 A
1811 360 2045 428 Tempus
2065 359 2248 423 etiam,
2282 374 2389 431 quo
2420 361 2506 416 ltic
2534 362 2596 416 D.
2623 362 2854 418 Zenonis
2877 363 3156 418 Tractalus
3185 365 3318 418 scri-

45 448 110 499 Dc
146 449 444 514 patrocinio
473 466 585 506 suzr
629 453 866 520 ipsorum
919 458 1080 504 sectae
1121 466 1149 504 a
1179 450 1532 514 Constantio,
1577 460 1632 505 et

40 537 263 595 Valente
280 583 294 606 ,
327 543 739 612 imperatoribus
768 542 835 596 ab
855 540 1072 596 Arianis
1095 551 1309 612 captato
1326 557 1596 612 exponere
1612 585 1627 610 ,

42 653 153 704 qum
180 641 321 694 ratio
350 640 466 694 est?
489 640 618 693 Nam
649 649 702 694 et
729 651 850 710 post
877 639 1108 710 primum
1157 642 1414 697 Ecclesia:
1456 656 1631 697 Stccu-

42 730 142 783 lum
169 731 612 801 imperatoribus,
634 748 698 788 ac
725 725 972 789 Romano
997 734 1208 788 senatui
1237 735 1452 790 oblatas
1473 735 1634 789 Chri-

40 824 332 893 stianorum
361 823 710 880 defensiones
739 823 908 880 fuisse
935 834 1183 892 constat;
1213 839 1269 882 et
1314 842 1343 880 a
1385 827 1443 884 S.
1487 826 1634 895 Qua-

45 915 198 971 drato
250 916 582 972 Athenarum
633 919 926 987 episcopo,
967 930 1125 990 atque
1172 919 1444 986 Aristide,
1477 917 1636 974 Chri-

41 1008 574 1080 stianonilosopho,
602 1011 873 1067 Hadriano
894 1013 1204 1083 imperatori
1234 1034 1247 1070 :
1275 1029 1306 1068 a
1330 1014 1386 1071 S.
1420 1014 1633 1070 Justino

49 1114 281 1175 martyre
315 1107 542 1174 primum
574 1108 850 1162 Antonino
874 1108 990 1174 Pio,
1027 1119 1136 1180 tum
1171 1110 1351 1165 Marco
1377 1110 1596 1165 Aurelio
1617 1151 1631 1174 ,

43 1204 93 1250 et
118 1196 283 1251 Lucio
313 1197 452 1253 Vero
479 1199 918 1268 imperatoribus,
948 1216 1011 1255 ac
1033 1202 1244 1256 senatui
1265 1200 1546 1265 Romano;
1579 1210 1635 1254 et

42 1306 67 1342 a
100 1290 355 1345 ilelitone
380 1292 635 1362 episcopo
657 1293 913 1348 Sardensi
947 1293 998 1347 in
1029 1294 1178 1360 Asia,
1209 1293 1387 1349 Marco
1409 1295 1633 1371 Aurelio

42 1383 354 1452 imperatori
384 1393 579 1450 :atqne
601 1385 670 1437 ab
692 1386 838 1452 aliis,
865 1401 1062 1456 nempe
1095 1385 1163 1440 ab
1183 1386 1479 1456 Apollinari
1510 1385 1632 1450 epi-

42 1488 201 1544 scopo
234 1473 659 1545 Herapolitano,
719 1493 746 1529 a
796 1478 1029 1533 Miltiade
1071 1479 1349 1550 theologo,
1391 1490 1446 1535 et
1488 1480 1631 1534 aliis.
1678 1528 1679 1531 η

41 1562 375 1621 Christianos
403 1582 534 1621 vero
565 1583 689 1624 esse
731 1577 825 1623 eos
852 1612 866 1631 ,
901 1572 993 1639 qui
1029 1587 1216 1642 regutn
1246 1573 1468 1634 nomine
1499 1589 1634 1626 nun-

45 1666 325 1726 cupantur,
356 1661 660 1728 excogitata
686 1660 1062 1732 interpretatio
1087 1671 1202 1728 est,
1237 1664 1380 1719 nulla
1417 1666 1501 1720 vel
1532 1665 1634 1720 levi

1737 461 1856 519 plus
1885 451 2072 518 fuerit,
2102 452 2371 522 conjicere
2411 455 2510 508 sibi
2550 471 2707 523 posse
2751 457 3001 513 videntur
3028 457 3314 512 clarissimi

1735 542 2006 598 Ballet'inii
2041 544 2202 614 (Adn.
2244 541 2370 615 58):
2401 548 2550 611 Quo‘d
2589 548 2632 601 si
2667 549 2749 602 cui
2781 549 3058 616 probetur,
3084 552 3202 622 jam
3235 547 3320 601 Itic

1734 639 1932 706 primus
1959 636 2229 692 Tractatus
2250 638 2545 694 lucubratus
2565 642 2747 712 fuisset
2774 652 2886 712 post
2914 642 3050 696 diem
3081 651 3319 712 quartant

1735 727 1861 782 Kal.
1894 729 2085 797 Aprilis
2120 736 2255 783 anno
2285 729 2420 795 564,
2450 749 2549 802 quo
2588 731 2772 787 Valens
2803 750 3017 805 regnare
3040 734 3209 801 carpit.
3240 733 3318 789 Ita

1734 821 1858 890 ipsi.
1879 819 2013 875 Cum
2047 837 2178 877 vero
2206 822 2438 878 alienam
2469 841 2656 881 eorum
2682 827 2974 882 viderimus
2996 826 3319 898 interpreta-

1690 958 1693 960 .
1736 915 1959 980 tionem,
1992 915 2190 970 excidit
2214 918 2521 985 conjectura
2547 920 2828 989 temporis.

1803 1008 1859 1065 Si
1889 1025 2020 1064 vero
2048 1009 2378 1078 conjecturis
2408 1011 2682 1083 indulgere
2723 1013 2880 1068 liceat
2901 1057 2915 1080 ,
2969 1014 3166 1085 potiori
3193 1014 3318 1085 jure

1734 1112 1861 1156 ante
1899 1117 2100 1157 annum
2140 1103 2204 1158 (ὲ.
2235 1102 2362 1164 254,
2394 1120 2499 1174 quo
2525 1104 2786 1174 Origenes
2811 1106 3011 1162 obiisse
3041 1108 3316 1171 creditur,

1734 1193 1820 1248 vel
1846 1203 1968 1263 post
1989 1194 2156 1262 ipsius
2183 1194 2427 1264 Origenis
2450 1196 2677 1263 obitum,
2709 1207 2990 1254 tractatum
3015 1199 3155 1254 hunc
3182 1200 3317 1254 scri-

1736 1295 1883 1353 pttttn
1907 1285 2072 1341 fuisse
2093 1286 2377 1342 dicendum
2395 1289 2513 1343 erit.
2540 1286 2876 1360 Conjectura:
2898 1279 3058 1360 hujus
3078 1293 3316 1348 rationes

1733 1377 2160 1438 consideremus.
2409 1373 2412 1376 ’

1809 1471 1985 1526 Prima
2011 1473 2149 1539 ratio
2180 1482 2292 1535 est,
2325 1473 2466 1542 quod
2509 1474 2596 1529 hic
2636 1475 2920 1530 Tractatus
2950 1476 3175 1544 epistola
3214 1492 3312 1546 po-

1736 1562 1841 1617 tius
1867 1561 2032 1618 fuisse
2060 1563 2291 1629 videtur,
2323 1579 2480 1634 quam
2513 1565 2703 1620 concio
2728 1566 2794 1620 ad
2820 1567 3084 1636 Populum
3111 1567 3312 1622 habita.

1734 1657 1809 1711 ita
1831 1658 2090 1712 adnotant
2116 1657 2334 1727 ipsimet
2367 1659 2748 1729 sapientissimi
2772 1660 3048 1716 Ballerinii
3091 1680 3105 1716 :
3142 1661 3317 1717 Unum

42 1750 351 1818 conjectura
383 1750 620 1805 suﬂ'ulta.
673 1751 876 1808 Sensus
906 1755 1105 1824 quippe
1148 1757 1398 1826 proprius
1442 1758 1631 1812 allato-
1664 1742 1707 1801 Β
1736 1751 1868 1804 illud
1888 1753 2116 1812 movebat
2135 1793 2148 1814 ,
2179 1769 2241 1805 ne
2261 1751 2396 1805 hunc
2417 1753 2640 1822 primunt
2665 1753 2975 1808 Zenonianis
2995 1753 3318 1810 Tractatibus

45 1857 155 1896 rum
188 1843 479 1899 verborum
510 1852 613 1900 est.
647 1845 931 1903 Tractatus
958 1846 1106 1903 Fidei
1131 1865 1288 1903 suum
1315 1849 1544 1917 pondus,
1579 1860 1634 1906 et

45 1937 184 1990 vices
211 1936 557 1993 emettdicare
585 1953 614 1992 a
640 1939 880 2009 regibus,
905 1955 936 1994 a
960 1941 1255 2010 jttdicibus,
1289 1958 1319 1996 a
1351 1944 1630 2010 divitibus,

50 2041 97 2082 ct
123 2029 262 2097 quod
294 2031 466 2102 magis
492 2041 668 2102 urget,
693 2033 760 2088 ab
809 2033 919 2104 ipsa
951 2036 1230 2104 gentilium
1255 2036 1590 2107 philosophia
1611 2081 1625 2106 ,

55 2136 208 2194 atque
231 2124 426 2180 fabulis
456 2135 766 2195 poetarum;
818 2127 960 2198 quod
1003 2127 1200 2184 factum
1256 2129 1421 2185 fuisse
1462 2130 1513 2184 in
1547 2147 1633 2184 rc-

57 2218 272 2274 ccnsitis
319 2233 415 2287 pro
449 2218 758 2275 ehristianis
805 2221 1068 2291 apologiis
1116 2222 1170 2276 in
1218 2220 1469 2277 confesso
1526 2232 1628 2277 est.

51 2309 160 2379 ipse
188 2327 420 2382 namque
445 2311 503 2369 S.
527 2310 770 2367 Justinus
807 2319 1047 2385 martyr,
1078 2314 1256 2369 aiente
1290 2314 1524 2368 Eusebio
1555 2314 1627 2386 (ι.

49 2417 92 2452 n-
126 2401 264 2456 Hist.
300 2419 346 2457 c.
383 2402 498 2474 i8),
529 2403 902 2460 defensionem
929 2420 1027 2476 pro
1049 2403 1408 2471 Christianis,
1445 2406 1535 2461 ubi
1561 2407 1630 2461 de

48 2493 347 2549 Christiana
377 2494 513 2550 Fide
542 2496 731 2566 agitur.
765 2496 889 2558 Non
919 2496 1087 2551 solum
1107 2498 1325 2561 nostris,
1355 2498 1409 2551 id
1438 2507 1512 2552 est
1537 2497 1633 2552 Di-

48 2589 189 2649 v'nis.
219 2588 312 2641 sed
335 2590 489 2642 etiam
518 2589 786 2660 gentilium
832 2591 1035 2659 scriptis
1063 2591 1465 2658 conﬁrmaverit.
1506 2590 1634 2646 Haec

51 2679 101 2733 S.
126 2678 363 2734 Zenonis
393 2680 446 2748 in
475 2680 649 2735 allatis
677 2681 859 2753 verbis
887 2684 1260 2751 interpretatio
1300 2683 1469 2753 ipsius
1505 2698 1635 2738 con-

52 2773 210 2827 tcxtui
238 2783 505 2828 consonat
531 2816 546 2841 ,
569 2789 692 2830 cum
718 2774 828 2829 hoc
857 2775 908 2828 in
933 2775 1122 2830 eodem
1154 2775 1481 2830 numero-de
1507 2774 1636 2829 doc-

53 2868 184 2920 trina
213 2875 370 2936 agat,
404 2883 510 2921 non
555 2867 624 2922 de
655 2868 706 2920 vi
751 2883 848 2938 per
875 2867 1230 2937 imperatores
1250 2909 1265 2935 ,
1315 2867 1597 2936 praalecms
1618 2909 1633 2932 ,

53 2960 125 3009 vel
147 2957 359 3025 judices
379 2959 677 3014 Catltolicis
704 2959 889 3014 inlata.
927 2959 1082 3015 Nunc
1110 2961 1240 3014 scire
1261 2962 1410 3030 cupio
1428 3002 1441 3026 ,
1477 2959 1634 3013 Fides

53 3066 108 3102 ex
133 3051 365 3104 doctrina
387 3061 614 3119 constet,
642 3069 709 3105 an
734 3069 797 3106 ea:
818 3051 1121 3106 credulitate
1142 3095 1155 3116 ,
1185 3070 1250 3106 an
1291 3069 1354 3106 ex
1379 3053 1634 3122 utroque?

1735 1833 2134 1912 accenserentus,
2163 1847 2300 1914 quod
2329 1846 2741 1917 epistola'potius
2760 1833 2828 1900 ud
2851 1849 3140 1918 quemdam.
3171 1865 3319 1921 quem

1736 1940 1971 1996 Fratrem
1993 1940 2245 2012 appellat,
2271 1942 2461 1996 tradita
2478 1984 2492 2006 ,
2520 1958 2673 2012 quant
2699 1951 2944 1996 tractatus
2968 1944 3036 1996 ad
3059 1941 3320 2013 Populum

1737 2033 1941 2086 habitus
1967 2033 2232 2100 uideatur;
2261 2049 2378 2086 eum
2408 2033 2541 2086 enim
2572 2042 2815 2102 perpetuo
2854 2034 3158 2103 alloquitur,
3183 2018 3318 2088 ntul-

1734 2129 1896 2195 tisque
1919 2127 2229 2197 argumentis
2258 2125 2322 2180 ab
2345 2127 2602 2199 ejusmodi
2627 2125 2962 2181 Tractatnunt
2997 2128 3273 2196 scriptione
3295 2169 3311 2191 ,

1737 2235 1850 2288 qua:
1880 2217 2032 2288 plena
2057 2227 2163 2272 erat
2189 2218 2405 2287 periculi
2421 2259 2434 2279 .
2462 2218 2732 2280 deterrere,
2755 2228 2803 2270 et
2832 2233 3065 2272 amouere
3083 2229 3314 2272 conatur.

1737 2311 1972 2373 Accedit,
2012 2310 2149 2379 quod
2178 2309 2367 2363 Petrus
2409 2308 2535 2364 Calo
2559 2350 2574 2375 ,
2611 2308 2825 2364 Ordinis
2873 2309 3276 2366 Praedicatorunt
3299 2351 3316 2378 ,

1733 2406 1821 2474 qui
1849 2405 1973 2458 vixit
1999 2405 2204 2458 ineunte
2226 2402 2413 2457 sarculo
2443 2419 2530 2456 xtv
2553 2443 2566 2465 ,
2591 2404 2646 2456 in
2680 2419 2804 2457 mss.
2837 2403 3155 2457 collectaneis
3177 2406 3320 2474 apud

1736 2497 2121 2551 Henschenium
2146 2507 2266 2550 tom.
2295 2511 2352 2560 ιι,
2395 2495 2592 2564 Aprilis
2619 2512 2739 2564 pag.
2773 2495 2872 2560 76,
2901 2511 3060 2564 opera
3099 2511 3318 2551 comme—

1735 2605 1941 2643 morans
1966 2587 2028 2643 S.
2072 2587 2327 2653 Zenonis,
2359 2603 2472 2658 qua:
2511 2604 2566 2641 se
2588 2587 2776 2642 vidisse
2810 2589 2883 2640 ait
2922 2606 2942 2640 ε
2991 2588 3043 2642 in
3071 2602 3174 2642 ms.
3207 2587 3320 2642 Mo-

1737 2679 1957 2735 nasterii
1989 2680 2047 2735 S.
2092 2679 2328 2734 Zenonis
2358 2678 2426 2734 de
2464 2680 2673 2734 Verona
2713 2697 2732 2731 ι
2771 2695 2871 2732 non
2914 2696 2934 2730 t
2972 2678 3254 2735 Tractatus
3293 2697 3344 2732 t-

1736 2775 1903 2829 solum
1938 2791 1956 2824 ι
1995 2774 2297 2844 octoginta,
2339 2791 2358 2826 ι
2394 2773 2483 2826 sed
2512 2782 2559 2826 et
2592 2791 2612 2824 ‹
2645 2774 2905 2842 epistolas
2932 2790 2951 2825 ι
2982 2789 3038 2827 se
3079 2773 3135 2827 in
3159 2790 3216 2827 eo
3245 2774 3320 2828 le-

1737 2869 1871 2939 gisse
1897 2868 2133 2938 afﬁrmat.
2164 2867 2308 2921 Inter
2339 2867 2510 2938 Opera
2533 2883 2649 2922 vero
2677 2867 2737 2923 S.
2754 2867 2973 2921 Zenonis
2994 2867 3126 2921 nulli
3140 2868 3322 2922 melius

1737 2962 1967 3030 epistola:
1988 2977 2170 3015 nomen
2193 3003 2206 3025 ,
2236 2977 2391 3029 quant
2419 2962 2539 3014 ltuic
2562 2961 2822 3015 'tractatui
2843 2960 3112 3014 conuenire
3135 2969 3318 3030 potest.

1739 3053 1795 3108 Si
1826 3070 1953 3123 ergo
1999 3054 2083 3109 hic
2128 3053 2410 3109 Tractatus
2449 3055 2677 3124 epistola
2700 3054 2935 3128 dicenda
2965 3063 3081 3119 est,
3112 3054 3255 3124 quod
3291 3069 3323 3110 a

54 3143 140 3195 Sin
166 3159 282 3197 vero
308 3159 370 3197 ea:
392 3153 604 3212 utroque
623 3142 1049 3198 Patriam/tarum
1088 3161 1318 3197 semensa
1350 3143 1508 3203 Fides
1533 3155 1627 3210 est,
1659 3133 1705 3196 C
1735 3146 2027 3199 verosimili
2079 3160 2183 3199 non
2216 3144 2496 3206 abhorret.
2553 3145 2674 3200 dico
2715 3145 2852 3200 ltanc
2890 3145 3171 3214 epistolam
3205 3161 3236 3200 a
3263 3143 3322 3200 S.

55 3251 105 3285 ης
134 3251 219 3299 per
256 3235 357 3288 hoc
388 3235 494 3288 illis
539 3233 1140 3289 constitutionis'nostrte
1176 3235 1481 3290 decernendi
1521 3245 1634 3289 sunt

59 3327 182 3388 libri.
207 3336 260 3380 ut
276 3328 477 3397 possint
497 3337 606 3381 esse
627 3313 860 3397 perfecti.
884 3327 929 3381 Ο
949 3344 1099 3397 quam
1130 3329 1317 3389 misera
1341 3338 1419 3382 est
1450 3327 1630 3391 Fides,

59 3435 197 3484 quam
223 3419 372 3472 verba
400 3419 746 3471 concinnant!
783 3416 829 3472 Ο
857 3435 1014 3486 quam
1058 3417 1237 3472 debilis
1259 3461 1273 3484 ,
1320 3420 1470 3483 cuius
1509 3435 1638 3486 quo-

60 3514 168 3566 tidie
193 3495 518 3585 dissipantur
562 3513 716 3566 variis
744 3512 1270 3584 argumentationibus
1294 3510 1557 3565 membra!
1589 3510 1633 3564 0

58 3621 195 3671 quam
219 3606 518 3674 indefensa,
542 3621 656 3675 qua:
684 3621 882 3677 regum,
907 3613 1011 3658 etc.
1047 3603 1352 3666 Doctrinatn
1383 3645 1398 3668 ,
1428 3603 1594 3658 libros
1620 3644 1634 3669 ,

58 3698 238 3763 vctba,
287 3697 786 3767 argumentationes
841 3695 929 3750 hic
966 3695 1236 3750 enuntiari
1300 3694 1481 3760 vides,
1531 3709 1635 3748 non

61 3805 230 3854 attna,
265 3805 373 3844 non
421 3789 652 3850 milites,
682 3789 815 3842 utin
847 3786 945 3843 SS.
985 3788 1202 3842 Patrum
1233 3787 1552 3842 testimoniis
1585 3788 1637 3841 in

55 3881 389 3936 adnotatione
413 3881 659 3936 adductis
695 3880 976 3957 inspicitur
996 3921 1011 3947 ,
1037 3878 1096 3934 S.
1125 3879 1403 3934 Ambrosii
1439 3897 1450 3932 :
1480 3880 1639 3935 .I’one

60 3990 180 4027 nunc
208 3985 328 4028 ante
353 3981 678 4044 conspectum
707 3971 1035 4027 secutoribus
1074 3972 1295 4025 Arianos
1339 3971 1526 4025 studiis
1553 3973 1637 4024 in-

57 4076 236 4132 tentos,
278 4067 366 4133 qui
407 4065 717 4118 Societatem
756 4063 990 4131 potentia:
1027 4061 1234 4133 Regalis
1264 4061 1545 4129 a/fectant,
1585 4072 1638 4114 ut

56 4159 198 4210 armis
217 4156 523 4210 militaribus
545 4156 844 4225 impugnent
873 4153 1118 4226 Ecclesia:
1141 4154 1421 4220 veritatem;
1450 4152 1507 4208 S.
1543 4153 1636 4207 lli-

63 4250 169 4303 larii
200 4269 214 4304 :
247 4242 428 4321 Neque
466 4261 643 4320 postea
679 4258 1033 4330 prtesutnant,
1077 4257 1227 4316 atque
1272 4257 1558 4316 usurpant,
1593 4255 1641 4301 et

63 4354 223 4411 putent
268 4361 323 4398 se
365 4360 641 4397 consensus
666 4359 971 4414 cognoscere
998 4339 1348 4408 Clericorum,
1401 4351 1448 4395 et
1493 4342 1642 4394 inno-

57 4450 208 4492 centes
233 4439 466 4494 homines
497 4439 655 4493 uariis
676 4439 1125 4509 afﬂictatimtibus,
1152 4437 1327 4504 minis,
1360 4437 1610 4490 violentiis
1627 4477 1640 4501 ,

61 4533 321 4586 terroribus
349 4534 611 4604 frangere,
642 4544 794 4600 atque
823 4546 1022 4584 vexare.
1174 4603 1177 4605 _

124 4625 175 4679 Si
201 4641 328 4681 vero
352 4627 570 4695 penitus
582 4624 757 4679 sancti
781 4623 1012 4678 Zenonis
1032 4637 1249 4677 sensum
1269 4621 1640 4692 inspiciamus,

63 4735 155 4772 non
187 4728 418 4788 possunt
449 4719 619 4787 ipsius
658 4719 817 4774 verba
845 4717 964 4772 sine
1002 4716 1284 4771 manifesta
1332 4716 1644 4770 extorsiOue

66 4813 123 4866 de
152 4815 535 4881 imperatorum
562 4812 882 4866 Arianorum
909 4810 1248 4880 protectione
1270 4809 1384 4863 Arii
1419 4806 1644 4863 asseclis

67 4909 286 4973 pr.estita
334 4906 585 4976 intelligi.
636 4905 742 4976 ipsi
783 4920 1012 4973 namque
1062 4906 1416 4972 imperatores
1454 4901 1641 4955 Fidem

67 4999 440 5068 oppugnabant
466 5015 482 5062 ;
516 5012 579 5050 ac
619 4997 688 5051 de
717 5012 784 5052 eo
810 4999 863 5050 in
894 4996 1120 5050 laudatis
1147 4994 1390 5050 testibus
1417 4994 1645 5047 Ambro-

67 5088 196 5153 sius,
242 5100 295 5144 et
327 5089 565 5144 Hilarius
602 5101 1026 5160 conquerantur.
1066 5089 1127 5144 S.
1171 5097 1349 5144 autem
1400 5086 1645 5144 Zenode

69 5181 355 5246 patrocinio
385 5182 454 5236 ab
505 5182 916 5245 imperatoribus
958 5181 1264 5250 prmstztttdo
1305 5181 1453 5250 agit,
1500 5179 1643 5248 quod

70 5275 359 5343 signiﬁcant
384 5274 475 5329 illa
506 5276 672 5330 verba
704 5292 717 5328 :
752 5273 1052 5329 Desiderant
1074 5291 1163 5345 per
1189 5283 1444 5327 momenta
1465 5282 1641 5343 patro-

70 5367 207 5419 cinia.
239 5368 291 5421 Itl
315 5368 376 5423 S.
401 5368 730 5434 Quadratus,
772 5369 830 5423 S.
863 5368 1106 5422 Justinus
1133 5367 1334 5424 aliique
1361 5366 1642 5435 apologia-

73 5473 175 5511 runt
213 5461 518 5530 Scriptores
559 5462 628 5514 ab
667 5461 1117 5529 imperatoribus,
1148 5468 1202 5513 et
1238 5459 1438 5513 Senatu
1483 5473 1646 5526 expe-

73 5554 268 5615 tebant,
302 5563 360 5607 ut
394 5568 423 5605 a
476 5551 852 5620 persecutione
892 5557 1204 5613 cessarent,
1243 5559 1298 5602 et
1330 5557 1645 5617 persecuto-

76 5642 205 5696 ribus
236 5644 509 5713 judicibus
532 5685 547 5707 ,
597 5642 917 5713 prresidibus
939 5684 954 5708 ,
1005 5642 1268 5697 ministris
1304 5640 1643 5697 Christianos
1673 5632 1678 5637 ’

79 5734 258 5792 liberos
285 5751 410 5793 esse
435 5736 713 5807 juberent.

1737 3237 1953 3292 Zenone
1980 3237 2197 3307 Origeni
2229 3236 2393 3293 fuisse
2415 3238 2597 3293 datam
2628 3249 2747 3306 post
2772 3255 2971 3293 annutn
2993 3237 3192 3293 Christi
3215 3238 3327 3294 252

1739 3329 1952 3397 quando
1980 3328 2210 3398 degettte
2235 3328 2574 3384 Alexandria:
2599 3328 2831 3400 Origene
2873 3332 3038 3385 tantis
3067 3329 3168 3386 fuit
3194 3346 3326 3385 exa-

1738 3421 1935 3489 gitatus
1976 3418 2352 3474 vexationibus
2398 3432 2620 3490 pr0pter
2670 3437 2920 3487 errores,
2967 3422 3163 3491 quibus
3208 3423 3329 3492 ejus

1739 3511 2021 3565 scatebant
2047 3511 2246 3580 scripta
2265 3551 2281 3578 ,
2309 3512 2577 3582 praecipue
2615 3527 2753 3586 opus
2783 3513 2915 3567 illud
2944 3514 3087 3582 quod
3115 3513 3328 3570 Periar-

1740 3600 1880 3656 cbon
1930 3600 2271 3667 inscribitur,
2304 3615 2398 3655 seu
2443 3601 2510 3656 de
2540 3602 2845 3671 -Principiis
2889 3621 2902 3657 :
2943 3617 3049 3672 quo
3091 3603 3143 3657 in
3187 3603 3326 3659 libro

1741 3694 1908 3748 multa
1937 3708 1965 3746 a
1995 3691 2340 3762 Philosophis
2388 3691 2634 3748 Ethnicis
2683 3693 2982 3756 ntutuavit.
3033 3694 3328 3766 multisque

1740 3788 1968 3842 refertus
1993 3785 2326 3840 erroribus'a
2377 3785 2437 3840 S.
2475 3784 2807 3857 Hieronymo
2836 3794 3070 3841 notatur.
3111 3785 3166 3842 Si
3199 3802 3329 3844 vero

1742 3887 1862 3947 post
1883 3877 2130 3948 Origenis
2156 3889 2384 3931 mortem
2406 3876 2663 3945 scriptam
2690 3879 2855 3933 luisse
2886 3878 3173 3947 epistolam
3203 3879 3326 3948 quis

1740 3969 2070 4038 opinaretur,
2099 3967 2260 4022 alicui
2289 3968 2537 4038 Origenis
2563 3970 2822 4024 sectatOt‘i
2865 3971 3083 4024 missam
3118 3969 3282 4025 fuisse
3309 4012 3324 4036 ,

1740 4061 2026 4117 dicendum
2056 4061 2179 4116 erit.
2206 4060 2280 4114 Ea
2306 4062 2450 4115 enim
2483 4062 2663 4116 omnia
2693 4078 2813 4132 qua:
2841 4071 3030 4117 contra
3055 4063 3156 4117 hos
3187 4074 3329 4118 trac—

1742 4164 1882 4210 tatus
1906 4158 2148 4226 congerit
2195 4155 2253 4210 S.
2286 4156 2487 4211 Doctor
2528 4158 2581 4210 in
2632 4156 2828 4211 librum
2875 4157 3201 4213 Periarcbon
3231 4174 3329 4228 op-

1742 4253 1870 4305 time
1901 4259 2154 4319 congesta
2192 4250 2476 4316 videntur,
2509 4249 2650 4320 quod
2689 4250 2790 4306 hac
2827 4251 3066 4307 secunda
3111 4253 3319 4309 ratione

1743 4344 2119 4400 conﬁrmatur.

1816 4436 2018 4507 Nempe
2041 4420 2152 4493 toto
2184 4416 2461 4493 in'eodem
2494 4427 2723 4494 tractatu
2743 4481 2757 4504 ,
2785 4417 2883 4494 seu
2913 4439 3152 4507 Epistola
3197 4437 3328 4494 nihil

1662 4523 1716 4582 D
1742 4531 1810 4587 de
1849 4531 2120 4585 haereticis
2169 4531 2487 4586 nominatim
2539 4532 2786 4587 meminit
2826 4532 2882 4587 S.
2914 4531 3060 4586 Zeno
3084 4554 3110 4595 ,v
3151 4546 3328 4601 neque

1746 4639 1970 4694 usquam
2002 4633 2187 4679 contra
2228 4624 2447 4679 eosdem
2495 4623 2700 4679 invehit
2731 4641 2746 4678 :
2779 4638 2946 4693 quare
2973 4622 3185 4678 videtur
3230 4615 3329 4691 p04

1747 4714 1851 4769 tius
1878 4716 1928 4770 in
1963 4731 2028 4770 eo
2055 4758 2069 4781 ,
2104 4731 2261 4784 quem
2285 4715 2575 4786 alloquitur
2600 4714 2766 4769 fratre
2806 4712 3208 4782 reprehendere
3236 4729 3334 4768 cu-

1745 4809 2042 4863 riositatem
2083 4809 2409 4877 nimiamque
2436 4806 2785 4861 subtilitatem
2827 4804 2880 4858 in
2928 4803 3093 4859 rebus
3139 4804 3330 4870 Fidei,

1747 4902 2284 4972 pltilostvplticatnque
2317 4901 2575 4969 rationem
2598 4899 2749 4968 sequi
2781 4899 2844 4951 iis
2881 4897 2937 4952 in
2964 4897 3324 4967 explicandis.

1752 4996 1863 5050 lvloc
1908 5011 1972 5049 ex
2003 4995 2121 5058 his,
2153 5009 2272 5061 quae
2313 4991 2560 5061 superius
2601 4991 2779 5044 allatae
2817 5000 2944 5044 sunt
2987 4991 3050 5043 D.
3097 4990 3331 5045 Zenonis

1751 5088 2033 5144 sententiis
2055 5087 2393 5141 manifestum
2425 5095 2540 5151 est,
2571 5093 2735 5152 atque
2759 5090 2872 5139 toto
2898 5099 2966 5138 ex
2986 5081 3148 5152 hujus
3171 5082 3334 5136 Trac-

1753 5191 1895 5238 tatus
1924 5188 2178 5236 contextu
2218 5178 2517 5234 evidentius
2562 5188 2734 5247 patet.
2778 5178 2836 5233 S.
2890 5179 3088 5234 etenim
3136 5177 3335 5231 Doctor

1704 5285 1710 5291 '
1753 5284 1896 5328 totus
1925 5275 1976 5327 in
2004 5287 2069 5326 eo
2098 5280 2213 5336 est,
2248 5279 2307 5326 ut
2343 5271 2595 5327 ostendat
2637 5272 2827 5345 Fidem
2871 5287 2975 5326 non
3018 5271 3231 5336 addici,
3277 5278 3336 5324 ut

1747 5375 1958 5421 cmterre
1979 5363 2302 5428 disciplinae,
2337 5363 2566 5433 ideoque
2591 5363 2858 5418 internum
2887 5363 3016 5416 dicit
3046 5361 3196 5414 initio
3227 5361 3334 5416 illis

1749 5455 1802 5510 in
1831 5454 2011 5508 verbis
2037 5472 2048 5506 :
2082 5451 2391 5507 Christiana:
2431 5452 2728 5510 Fidelitatis
2752 5453 2974 5524 felicitas
3004 5452 3228 5506 maxima
3262 5462 3336 5506 est

1749 5546 1900 5599 Fidei
1925 5561 2070 5599 nosse
2098 5555 2358 5611 naturam,
2381 5562 2497 5617 qua:
2518 5546 2636 5600 talis
2655 5586 2669 5610 ,
2711 5562 2770 5598 ac
2807 5551 2948 5597 tanta
2977 5551 3081 5608 est,
3113 5553 3166 5597 ut
3212 5544 3334 5596 uni—

1747 5646 1928 5710 cuique
1953 5641 2150 5694 homini
2203 5659 2302 5696 non
2339 5642 2400 5696 ab
2441 5643 2546 5696 alio
2585 5638 2966 5702 commodatur,
3011 5637 3102 5691 sed
3129 5653 3193 5691 ea:
3220 5638 3332 5691 eius

1749 5733 2005 5787 uoluntate
2026 5743 2288 5787 nascatur.
2319 5732 2504 5803 Neque
2533 5733 2624 5787 illo
2645 5728 2811 5784 verlm
2898 5727 2910 5746 '
