3822 6220
371 227 475 287 673

1475 231 1561 284 DE
1615 227 1855 284 SANCTI
1899 227 2191 286 ZENONIS
2230 229 2499 286 EPbCllA

3539 208 3660 284 (ἐς

366 346 602 403 excludit
637 346 727 417 (ut
749 329 1047 414 opportune
1101 342 1359 395 adnotant
1389 341 1730 396 celeberrimi
1771 339 1946 397 Balle—
1976 344 2020 403 A
2054 353 2171 397 sunt
2201 344 2490 398 contenti...
2516 342 2614 415 ipsi
2643 357 2840 414 quoque
2865 340 3166 414 conveniunt
3193 348 3239 394 et
3270 341 3332 393 de
3363 339 3500 395 Fide
3530 357 3618 396 sui
3638 376 3655 384 ο

365 440 484 493 riuii
509 438 525 508 )
553 438 712 509 (adn.
738 437 791 498 ὅ,
824 435 914 488 Tr.
947 432 1022 503 i).
1059 431 1210 496 Quod
1239 448 1351 485 cum
1379 432 1439 486 S.
1465 430 1754 485 Zenodixit
1776 473 1790 496 ,
1813 431 1944 485 illud

365 545 524 582 unum
553 529 604 580 in
629 529 798 579 animo
833 524 1042 590 habuit,
1081 540 1182 576 non
1209 532 1262 576 ut
1283 522 1504 593 gratiam
1540 522 1848 588 excluderet,
1883 522 1946 576 de

365 637 464 688 qua
519 631 623 673 tum
677 634 776 672 non
823 619 1104 689 agebatur,
1161 633 1410 688 quamque
1467 625 1514 671 et
1577 617 1735 687 paulo
1794 625 1940 686 post,

364 725 407 766 et
458 713 579 765 alibi
617 713 738 766 satis
786 711 1069 764 luculenter
1106 709 1369 774 adstruit,
1421 709 1510 764 sed
1557 718 1615 764 ut
1662 724 1746 762 eos
1790 708 1947 778 refel-

363 806 510 867 leret,
541 804 629 875 qui
671 804 1014 874 argumentis,
1057 809 1102 856 et
1147 799 1442 855 tractatibus
1473 798 1659 856 Fidem
1695 813 1946 870 exponere

361 895 671 949 conabantur
695 934 709 960 ,
746 911 806 947 ac
852 894 895 947 si
936 894 1186 967 ejusmodi
1224 892 1478 959 industria
1508 889 1662 945 Fides
1703 888 1945 944 cordibus

360 971 638 1052 inseretur;
665 986 1059 1057 Glossemaque
1089 986 1218 1041 illud
1251 987 1418 1042 textui
1455 986 1517 1040 D.
1551 982 1784 1039 Zenonis
1810 996 1943 1036 cou-

360 1086 438 1132 tra
469 1093 567 1132 ms.
605 1079 888 1133 veritatem
921 1079 1186 1132 intrusum
1220 1078 1416 1132 merito
1457 1076 1800 1130 abraserunt.
1834 1070 1946 1126 Ηοο

358 1172 479 1224 mini
516 1187 617 1223 non
647 1172 709 1223 ab
746 1169 850 1224 alio
871 1212 886 1235 ,
912 1171 1004 1225 sed
1030 1173 1144 1243 ejus
1184 1188 1246 1224 ea:
1285 1170 1581 1234 voluntate,
1613 1167 1947 1237 pra’oeniente

359 1263 588 1332 Spiritus
620 1262 798 1318 Sancti
823 1263 1180 1330 inspiratiOne,
1219 1271 1372 1330 atque
1402 1261 1513 1331 ejus
1533 1257 1802 1329 ‘adjutorio
1825 1271 1944 1309 nas-

357 1368 522 1411 catur.
552 1356 824 1411 lnternam
857 1357 1037 1427 itaque
1065 1356 1123 1411 S.
1156 1354 1305 1409 Zeno
1335 1369 1456 1408 esse
1484 1351 1668 1407 Fidem
1687 1350 1939 1412 affirmat,

356 1464 475 1519 qua:
521 1465 628 1503 non
651 1447 963 1503 'addiscitur
983 1489 998 1514 ,
1031 1445 1126 1514 sed
1155 1447 1494 1502 illuminante
1521 1444 1632 1498 Deo
1651 1485 1664 1507 ,
1695 1455 1758 1498 ac
1783 1455 1941 1495 reve-

356 1542 500 1596 laute
529 1540 861 1611 concipitur;
895 1543 1368 1611 quaresequitur:
1397 1538 1648 1594 Caeterum
1674 1537 1738 1590 sit
1759 1542 1809 1586 ut
1829 1532 1940 1602 qui-

357 1633 478 1686 dum
510 1641 728 1702 putant,
755 1633 984 1688 docentis
1007 1634 1190 1704 pendet
1223 1645 1285 1686 ex
1320 1644 1428 1695 ore,
1461 1629 1639 1698 procul
1668 1626 1824 1680 dubio
1857 1640 1940 1678 eo-

2049 447 2186 489 tuere
2213 437 2480 490 simulant.
2509 436 2976 490 Commemoratur
3015 431 3228 487 Nica‘na
3270 436 3517 502 synodus
3542 476 3558 500 ,
3591 446 3660 489 et

2051 530 2373 583 Arianorum
2406 528 2848 599 pseudosynodus
2900 529 2950 580 in
2997 526 3232 580 secundo
3279 525 3526 596 ejusdem
3583 529 3650 583 S.

2046 619 2327 674 Athanasii
2370 629 2536 674 textu.
2581 619 3031 688 Disceptantesque
3069 617 3313 670 adversus
3368 617 3658 672 Niccenam

2048 710 2336 780 Synodnm,
2366 711 2549 762 multas
2571 718 2616 762 et
2645 709 2746 776 ipsi
2773 707 3010 778 Synodos
3031 706 3366 762 celebrarunt.
3392 706 3460 762 Et
3494 709 3552 762 in
3585 709 3653 764 S.

2047 802 2231 857 llilarii
2265 809 2409 856 textu
2436 801 2502 855 de
2529 801 2738 856 Nicaeus
2786 802 3004 871 Synodo
3053 802 3256 857 mentio
3289 802 3381 868 iit,
3415 813 3470 857 et
3505 804 3660 857 lato-

2047 907 2160 948 rum
2194 895 2245 948 in
2277 894 2508 967 Synodis
2537 893 2960 948 auathematum.
2995 892 3198 948 Conscii
3226 895 3359 949 enim
3386 895 3539 949 nobis
3565 897 3658 948 in—

2043 987 2198 1042 vicem
2219 1004 2423 1053 sumus,
2459 997 2572 1056 post
2610 986 2812 1040 Nirazni
2851 997 3126 1042 conventus
3169 988 3467 1058 synodum,
3503 989 3656 1042 nihil

2045 1082 2190 1135 aliud
2207 1123 2220 1139 .
2248 1097 2398 1152 quam
2432 1079 2614 1134 Fidem
2641 1081 2892 1135 scribi....
2924 1091 3215 1134 monstruas
3243 1083 3306 1136 de
3335 1080 3444 1136 Deo
3476 1082 3653 1136 Fides

2045 1173 2383 1237 decernimus,
2434 1173 2647 1227 decretis
2689 1175 3010 1242 pwnitemus,
3059 1176 3355 1243 paenitentes
3400 1175 3654 1246 defendi-

2045 1282 2176 1328 mus,
2221 1265 2456 1334 defensos
2483 1267 2994 1320 anathematizamus.
3045 1265 3292 1321 Profecto
3334 1266 3386 1321 in
3436 1267 3544 1323 hoc
3581 1266 3648 1323 S.

2043 1359 2277 1414 Zenonis
2308 1343 2534 1413 tractatu
2566 1358 2870 1429 bujusmodi
2916 1374 3005 1415 res
3035 1376 3101 1417 ne
3128 1361 3212 1416 vel
3239 1376 3334 1430 per
3360 1361 3648 1417 somnium

2042 1450 2258 1518 quidem
2306 1451 2426 1520 quis
2458 1452 2619 1521 leget.
2674 1452 2812 1506 Nihil
2868 1453 2933 1507 de
2983 1455 3133 1518 Ario,
3166 1469 3324 1524 quem
3371 1470 3650 1523 nusquam

2041 1545 2153 1597 suis
2184 1543 2235 1596 in
2267 1542 2608 1598 Tractatibus
2653 1545 2737 1599 vel
2786 1527 3045 1614 implicita
3088 1547 3354 1601 nominat.
3391 1545 3538 1600 Nihil
3574 1546 3651 1600 de

2041 1634 2258 1690 Niczeua
2303 1633 2555 1708 Synodo;
2605 1636 2746 1691 Nihil
2777 1637 2843 1692 de
2886 1635 3210 1692 Arianorum
3258 1637 3532 1708 Synodis,
3571 1636 3650 1692 de

358 1725 471 1778 dem
499 1735 586 1778 aut
616 1735 867 1800 cessante,
899 1736 987 1778 aut
1013 1726 1162 1789 aliter
1183 1723 1392 1777 docente
1410 1719 1746 1775 consumitur.
1793 1717 1934 1770 Prte-

2081 1727 2471 1802 natlicmatibus
2497 1728 2651 1783 nihil.
2681 1729 2792 1795 Qua
2823 1744 2953 1799 ergo
2979 1729 3289 1799 conjectura
3315 1731 3372 1786 S.
3397 1727 3650 1784 Zenonis

357 1821 546 1887 cipuus
577 1820 758 1889 itaque
785 1818 957 1872 sancti
991 1816 1232 1870 lioetoris
1254 1825 1448 1882 scapus
1474 1823 1556 1865 est
1578 1851 1592 1874 ,
1649 1807 1938 1862 ostendere

357 1925 464 1964 non
527 1910 757 1964 humana
825 1919 941 1963 arte
1008 1906 1180 1976 neque
1245 1905 1522 1958 hominum
1596 1899 1934 1969 eruditorum

355 2002 612 2068 scientia,
651 2017 715 2058 ac
738 2004 926 2072 peritia
954 2043 967 2066 ,
1013 1999 1173 2054 tidem
1205 1998 1424 2062 haberi,
1455 2011 1575 2050 cum
1616 1993 1789 2048 errori
1836 1991 1935 2044 bu-

354 2109 513 2150 maua
545 2108 697 2150 mens
739 2095 809 2149 sit
835 2092 1064 2149 obnoxia
1088 2132 1103 2158 ,
1136 2099 1223 2145 aut
1256 2091 1404 2144 aliter
1444 2089 1670 2142 docente.
1705 2085 1821 2140 Non
1852 2098 1936 2138 re-

355 2194 543 2263 probat
572 2189 787 2260 quidem
819 2187 1116 2243 doctrinam
1143 2203 1156 2238 :
1189 2183 1293 2240 Sed
1333 2199 1432 2237 non
1462 2199 1522 2236 eo
1563 2183 1677 2235 dico
1699 2222 1716 2248 ,
1759 2191 1813 2232 ut
1852 2182 1932 2232 in-

352 2296 557 2357 gratum
576 2281 765 2356 faciam
786 2283 1028 2336 doctrina:
1056 2281 1372 2352 beneficium,
1403 2277 1491 2332 sed
1532 2286 1586 2330 ut
1615 2277 1742 2330 sciat
1779 2288 1937 2326 unus-

352 2378 585 2444 quisque,
613 2375 757 2430 aliud
779 2391 887 2429 esse
907 2373 1110 2440 Fidem,
1143 2372 1289 2427 aliud
1315 2387 1420 2425 esse
1449 2368 1768 2423 Tractatum.
1799 2364 1933 2419 Nam

353 2469 513 2523 iidem
546 2482 709 2536 supra
753 2478 992 2521 naturam
1024 2481 1145 2521 esse
1174 2476 1361 2534 aperte
1392 2464 1571 2517 docet.
1618 2460 1786 2530 Igitur
1816 2474 1934 2513 cum

351 2559 702 2633 possibilitatis
725 2561 958 2614 humana:
981 2574 1081 2611 non
1107 2558 1171 2611 sit
1212 2555 1359 2609 Fidei
1385 2555 1555 2608 videre
1581 2562 1772 2607 secreta
1799 2591 1813 2617 ,
1838 2560 1937 2604 suo

352 2665 528 2710 tamen
558 2641 772 2724 semper
821 2661 1141 2724 argumento
1184 2650 1454 2706 inluerens
1477 2690 1492 2714 ,
1540 2634 1890 2702 Tractatuum
1921 2685 1935 2709 ,

351 2751 464 2803 sive
493 2748 912 2817 disputationum
957 2747 1100 2800 circa
1141 2743 1324 2798 Fidem
1364 2743 1550 2796 vitimn
1597 2741 1801 2809 optime
1847 2753 1937 2792 ar-

352 2844 496 2913 gnit;
539 2840 754 2911 quando
799 2840 1046 2894 videlicet
1091 2834 1655 2908 argumentationibus
1699 2826 1938 2901 pbiloSo-

353 2933 562 3004 pineis,
613 2943 666 3010 et
694 2932 940 2986 humanis
980 2929 1277 2984 rationibus
1298 2930 1418 2996 quis
1458 2925 1618 2980 nimis
1652 2920 1936 2992 indulget,

355 3030 681 3098 modumque
711 3026 774 3080 de
803 3025 933 3080 Fide
961 3023 1222 3079 tractandi
1254 3022 1402 3076 fratri
1425 3035 1581 3090 quem
1609 3017 1937 3088 alloquitur,

2043 1835 2324 1875 sermones
2353 1820 2679 1875 Arianorum
2727 1823 3063 1890 temporibus
3103 1822 3413 1877 conformes
3453 1831 3651 1878 osten-

2045 1914 2175 1968 dere
2221 1917 2343 1985 quis
2387 1913 2622 1984 poterit?
2669 1913 3076 1970 Evidentissima
3122 1915 3385 1986 siquidem
3433 1923 3519 1970 est
3563 1914 3653 1970 di-

2042 2020 2201 2062 versa
2229 2007 2499 2064 scribendi
2529 2009 2666 2064 ratio
2689 2008 2830 2064 inter
2849 2011 2910 2062 ὃ.
2941 2007 3176 2064 Zenonis
3206 2008 3522 2073 Sermones,
3550 2009 3653 2063 ad—
3689 2043 3695 2047 -

2041 2099 2342 2169 ductosqne
2370 2097 2680 2164 Athanasii,
2712 2109 2767 2155 et
2797 2099 2987 2155 llilarii
3019 2110 3230 2165 textus,
3265 2115 3427 2169 quam
3457 2106 3515 2155 et
3546 2102 3650 2155 ob-

2043 2191 2233 2246 levatis
2259 2191 2429 2246 oculis
2450 2191 2676 2261 quisque
2705 2193 3020 2262 conSpicere
3048 2199 3244 2260 potest.
3280 2176 3544 2246 Fateatur
3563 2191 3652 2260 ἱνα

2043 2281 2206 2337 simet
2235 2281 2579 2338 Veronenses
2608 2284 3064 2354 perspicaeissimi
3098 2285 3457 2341 aduotatores
3476 2283 3646 2357 (Adn.

2043 2373 2135 2438 56,
2169 2371 2230 2428 fn
2262 2373 2378 2429 eod.
2415 2369 2502 2429 Tr.
2541 2389 2595 2440 ι,
2626 2375 2715 2429 lib.
2749 2376 2823 2444 ι),
2857 2374 2914 2430 S.
2950 2375 3224 2431 Zenonem
3255 2381 3516 2429 tractatus
3548 2388 3653 2429 no-

2045 2466 2190 2522 mine
2238 2483 2341 2522 non
2394 2467 2692 2537 accepisse-
2715 2467 2864 2526 Fidei
2915 2466 3202 2531 formulas,
3227 2483 3322 2523 seu
3349 2467 3600 2538 symbola
3629 2509 3647 2533 ,

2044 2559 2132 2615 sed
2163 2565 2383 2633 fusiores
2423 2561 2774 2633 expositiones
2800 2559 2977 2625 Fidei,
3026 2545 3078 2614 in
3109 2559 3292 2631 quibus
3321 2575 3470 2613 suam
3499 2562 3648 2630 quis-

2044 2638 2142 2722 que
2195 2651 2347 2706 Fidei
2391 2655 2690 2708 sententiam
2737 2653 3071 2724 argumentis,
3126 2661 3172 2707 et
3217 2651 3503 2706 rationibus
3549 2652 3652 2706 ad-

2044 2755 2240 2798 struere
2265 2755 2500 2809 conatur,
2528 2755 2585 2798 ut
2625 2761 2687 2798 ea:
2714 2754 2952 2799 contextu
2990 2745 3309 2815 exploratum
3338 2752 3432 2798 est.
3461 2743 3525 2798 Hi
3557 2743 3653 2797 Fi-

2046 2837 2134 2891 dei
2187 2845 2479 2900 tractatus,
2516 2852 2611 2892 seu
2655 2837 3049 2906 disputationes
3093 2835 3161 2889 ab
3205 2851 3319 2888 ravo
3369 2836 3652 2890 nascentis

2048 2928 2309 2984 Ecclesia:
2339 2931 2389 2984 in
2419 2944 2516 2984 usu
2549 2929 2727 2994 fuere;
2760 2929 2884 3000 quid
2915 2944 3042 3000 ergo
3068 2927 3122 2984 S.
3153 2928 3382 2983 Zenonis
3412 2929 3649 2983 senten-

2047 3024 2135 3078 tia:
2162 3023 2227 3078 ad
2277 3024 2420 3078 solas
2464 3025 2785 3079 Arianorum
2819 3022 3080 3076 formulas
3109 3021 3446 3077 coarctandre
3475 3030 3607 3074 sunt
3633 3063 3650 3087 ,

356 3118 674 3192 praescribit.
727 3116 861 3174 Vide
911 3116 1159 3173 eumdem
1211 3114 1526 3170 Tractatum
1585 3110 1728 3166 circa
1777 3110 1941 3163 ﬁnem
1971 3114 2016 3177 C
2048 3129 2169 3168 cum
2201 3114 2363 3169 nulla:
2392 3115 2443 3169 in
2473 3114 2538 3168 iis
2583 3113 2904 3170 Arianorum
2937 3121 3242 3181 temporum
3288 3115 3655 3168 circumstan-

355 3232 503 3271 uum.
530 3215 565 3272 5
594 3225 645 3270 ct
670 3215 722 3268 6.
750 3215 877 3280 Qua:
908 3211 1085 3266 omnia
1113 3226 1235 3266 cum
1272 3208 1593 3263 tractatibus
1619 3215 1900 3260 auctorum
1924 3246 1939 3270 ,

354 3289 490 3380 quos
513 3323 671 3378 supra
703 3305 1117 3362 memoravimus
1141 3301 1400 3367 secundo,
1423 3309 1478 3355 et
1507 3299 1664 3353 tertio
1689 3296 1942 3350 Ecclesize

355 3403 555 3458 sacculo
592 3401 822 3456 exaratis
849 3399 1204 3461 conveniant,
1245 3396 1388 3448 nulla
1421 3394 1559 3447 ratio
1588 3399 1672 3446 est
1703 3389 1842 3443 lnmc
1875 3387 1939 3442 D.

355 3473 585 3550 Zenonis
636 3493 952 3549 Sermonem
1003 3488 1068 3544 ad
1121 3485 1270 3543 Fidei
1311 3484 1570 3539 formulas
1612 3483 1679 3536 ab
1730 3480 1944 3534 Arianis

353 3585 526 3644 editas
566 3586 870 3641 amandare.
900 3585 1036 3651 Quin
1071 3584 1239 3636 satius
1267 3580 1482 3634 videtur
1505 3575 1652 3630 illum
1694 3573 1944 3643 Origenis

359 3689 603 3749 tempore
633 3678 893 3747 scriptum
930 3671 1122 3739 fateri,
1159 3674 1238 3727 vel
1275 3671 1374 3740 ipsi
1416 3667 1630 3738 Origeni
1675 3664 1947 3720 transmis-

357 3787 474 3827 sum
497 3814 510 3838 ,
544 3772 632 3840 qui
666 3780 883 3840 propter
915 3769 1137 3822 nimium
1177 3760 1534 3836 philosotihiae
1576 3759 1834 3824 studium,
1869 3763 1948 3811 tot

357 3862 629 3920 erroribus
675 3877 772 3917 sua
815 3860 1074 3930 respersit
1104 3873 1290 3926 opera.
1345 3855 1549 3922 Potuit,
1582 3863 1636 3906 et
1686 3846 1805 3922 post
1833 3852 1948 3904 Uri-

359 3957 511 4026 genis
555 3963 780 4009 mortem
829 3953 989 4006 alicui
1035 3950 1374 4018 Origeniana:
1423 3945 1680 4001 doctrinm
1729 3944 1945 3998 addicto

361 4049 523 4105 scribi
559 4032 624 4103 ad
655 4047 800 4102 illius
822 4046 1258 4100 instructionem.

432 4141 659 4197 Accedit
686 4139 842 4195 tertia
867 4179 882 4205 ,
911 4148 965 4193 et
1004 4137 1194 4190 ultima
1228 4133 1364 4190 ratio
1415 4150 1427 4186 :
1476 4129 1684 4203 Nullam
1741 4129 1949 4185 scilicet

361 4232 820 4290 circumstantiam
851 4232 903 4285 iu
933 4230 1034 4284 hoc
1066 4229 1122 4283 S.
1152 4226 1385 4281 Zenonis
1418 4233 1644 4280 tractatu
1678 4223 1942 4291 reperiri,

359 4345 532 4399 neque
557 4328 610 4382 in
641 4328 846 4392 aliis,ut
871 4329 923 4378 in
951 4323 1036 4386 iis,
1070 4339 1187 4392 quae
1208 4321 1464 4391 prolaturi
1488 4333 1695 4384 sumus,
1719 4317 1945 4388 patebit,

358 4439 477 4494 qua:
543 4421 853 4477 necessario
902 4418 1070 4488 aptari
1109 4409 1304 4472 debeat
1371 4413 1696 4467 Arianorum
1742 4420 1949 4480 tempo-

359 4517 527 4572 ribus.

434 4607 672 4679 Reperiri
703 4615 924 4678 putant,
957 4612 1010 4658 et
1037 4601 1254 4674 quidem
1284 4597 1680 4668 irrefragabiles
1715 4595 1954 4650 Adnota-

362 4719 508 4763 tores
533 4702 874 4759 solertisslmi
904 4697 1250 4756 Veronenses
1276 4695 1434 4766 (Adn.
1465 4694 1558 4755 55,
1606 4692 1720 4744 eod.
1760 4689 1845 4742 'I‘r.
1882 4704 1950 4752 tt,

363 4802 398 4855 ι.
435 4800 496 4871 1).
538 4797 604 4853 Ut
650 4805 819 4850 autem
864 4793 1218 4865 intelligantur
1244 4804 1359 4856 qua?
1403 4786 1465 4839 de
1493 4802 1619 4857 vago
1665 4785 1957 4850 incertoque

364 4890 516 4947 Fidei
564 4891 878 4944 Arianorum
942 4896 1078 4939 statu
1129 4883 1184 4937 id
1233 4883 1329 4936 loci
1371 4881 1666 4942 traduntur,
1707 4875 1958 4943 shnulque

364 4985 693 5052 confirmetur
717 4980 942 5034 dilucide
971 4978 1122 5030 hasce
1147 4974 1208 5030 S.
1243 4970 1465 5027 Zenonis
1487 4970 1760 5025 sententias
1784 5009 1797 5033 ,
1841 4983 1955 5019 cum

367 5081 520 5152 hujus
543 5074 784 5147 temporis
813 5072 1027 5126 historia
1058 5066 1215 5138 probe
1245 5080 1551 5137 congruere,
1590 5061 1719 5116 adeo
1749 5069 1799 5114 ut
1827 5059 1956 5113 nihil

364 5171 530 5226 simile
559 5167 911 5240 superioribus
943 5160 1167 5224 sarculis,
1201 5156 1384 5227 quibus
1414 5158 1561 5210 illum
1603 5155 1787 5210 uixisse
1821 5167 1955 5205 non-

366 5265 497 5318 nulli
526 5261 853 5320 existimant,
883 5253 1059 5321 afferri
1087 5260 1266 5321 queat,
1309 5251 1390 5304 cui
1432 5249 1539 5304 illa:
1579 5263 1807 5319 perteque
1851 5262 1957 5300 res-

367 5355 626 5428 pondeant
646 5393 661 5417 ,
693 5346 957 5404 recitando
984 5356 1223 5417 putamus
1253 5344 1446 5413 aliquot
1487 5344 1710 5414 insignia
1736 5341 1955 5395 Patrum

369 5453 482 5504 loca
503 5491 515 5510 ,
548 5462 662 5516 qua:
691 5459 802 5499 cum
833 5440 1067 5511 praiseuti
1094 5438 1315 5508 mirifice
1359 5435 1649 5490 concinunt.
1687 5435 1820 5490 Tum
1849 5435 1955 5490 duo

371 5543 606 5611 allegant
650 5538 706 5593 S.
739 5533 1016 5590 Athanasii
1049 5541 1250 5598 testus,
1298 5540 1351 5586 et
1374 5530 1431 5584 S.
1466 5529 1651 5583 Hilarii
1680 5541 1867 5581 unum.
1899 5527 1954 5580 ln

370 5633 426 5688 S.
463 5628 738 5686 Athanasii
761 5625 989 5682 adducto
1020 5632 1167 5680 textu
1197 5630 1690 5677 commemorantur
1718 5622 1954 5683 decreta,

374 5737 428 5783 et
457 5731 752 5784 conventus
780 5722 1121 5777 Arianorum.
1161 5717 1269 5771 Nec
1299 5726 1465 5769 tamen
1487 5715 1595 5768 suis
1624 5711 1838 5766 decretis
1858 5711 1961 5780 ipsi

2050 3212 2138 3262 tite
2167 3208 2394 3262 inveniri
2438 3208 2680 3279 possint?
2718 3209 2826 3263 lloc
2875 3208 2993 3263 sine
3039 3215 3226 3277 aperta
3266 3207 3320 3262 vi
3367 3207 3486 3261 lieri
3537 3223 3651 3262 non

2049 3316 2210 3370 posse
2237 3301 2438 3356 dicam.
2466 3300 2881 3356 Circumstantia
2912 3315 3139 3370 namque
3183 3298 3274 3354 illa
3302 3299 3369 3355 de
3396 3300 3654 3354 multitu-

2050 3395 2176 3448 dine
2205 3393 2557 3449 formularum
2591 3395 2780 3461 Fidei,
2823 3410 3121 3463 eorumque
3151 3393 3540 3448 contrarietate
3570 3395 3654 3446 in-

2052 3497 2134 3542 ter
2161 3488 2274 3542 Arii
2299 3498 2596 3542 sectatores
2625 3487 2697 3542 nil
2727 3485 2940 3556 quidem
2973 3486 3193 3542 revelat.
3239 3486 3372 3541 Cum
3402 3485 3460 3540 S.
3497 3484 3654 3540 Zeno

2051 3580 2185 3646 ipsis
2211 3578 2555 3647 opinantibus
2589 3579 2824 3633 Dominis
2857 3576 3159 3633 Balleriniis
3198 3593 3305 3632 non
3336 3577 3405 3630 de
3432 3576 3656 3631 brevio-

2052 3672 2201 3725 ribus
2246 3665 2489 3726 formulis
2531 3672 2596 3725 ad
2640 3671 2809 3725 instar
2843 3670 3111 3741 symboli,
3159 3671 3315 3725 sicuti
3349 3675 3506 3723 erant
3540 3671 3652 3723 lor-

2053 3765 2212 3819 mulre
2238 3763 2592 3828 Arianorum,
2624 3767 2718 3820 sed
2767 3763 3061 3820 fusioribus
3107 3761 3256 3818 Fidei
3285 3763 3648 3832 expositioni—

2053 3855 2151 3908 bus
2178 3865 2318 3925 agat.
2351 3855 2554 3910 Horum
2592 3873 2721 3912 vero
2753 3866 3080 3911 tractatuum
3111 3858 3252 3910 circa
3287 3854 3474 3910 Fidem
3506 3857 3650 3909 ntul-

2054 3946 2335 4002 titudinem
2387 3962 2517 4003 sane
2549 3953 2808 4018 majorem
2859 3949 3001 4002 inter
3045 3948 3333 4004 Gnosticos
3374 3945 3564 4012 fuisse,
3596 3957 3654 4001 et

2055 4038 2461 4096 Valentinianus
2493 4041 2871 4096 Ecclesiastica
2923 4030 3151 4094 Historia
3203 4049 3474 4092 recenset.
3505 4038 3652 4092 Satis

2054 4135 2233 4204 itaque
2275 4149 2549 4204 superque
2590 4135 2890 4190 ostendisse
2931 4135 3276 4196 arbitrantur,
3332 4131 3534 4184 nullam
3568 4130 3652 4185 iu-

2053 4227 2310 4283 cumbere
2335 4228 2711 4282 necessitatem
2733 4227 2790 4283 S.
2816 4227 3052 4282 Zenonis
3079 4225 3375 4281 sententias
3398 4225 3464 4278 ad
3497 4226 3653 4279 Aria-

2056 4335 2246 4374 norum
2281 4329 2525 4390 tempora
2553 4321 2777 4389 rejicere
2802 4339 2814 4374 :
2845 4321 2982 4389 Quin
3012 4335 3132 4375 cum
3165 4317 3412 4388 Origenis
3442 4331 3651 4389 tempo-

2056 4413 2203 4468 ribus
2235 4415 2478 4482 apprime
2505 4417 2869 4477 conveniant,
2915 4415 3130 4482 Origeni
3168 4412 3341 4482 potius
3381 4413 3650 4466 directum

1982 4509 2037 4569 Ι)
2065 4506 2205 4559 hunc
2240 4508 2471 4575 primum
2509 4505 2577 4560 de
2607 4507 2740 4562 Fide
2771 4507 3077 4560 Tractatum
3111 4504 3308 4558 saniori
3356 4505 3649 4574 utiqueju-

2059 4597 2201 4651 dicio
2249 4598 2624 4651 aiiirmandum
2672 4609 2773 4653 est.
2825 4599 2920 4651 Cui
2972 4597 3098 4651 nihil
3145 4596 3199 4650 in
3251 4596 3352 4650 hoc
3396 4595 3646 4650 Tractatn

2061 4690 2414 4755 discordans;
2453 4690 2579 4760 quin
2622 4691 2745 4745 im0'
2769 4694 2965 4744 mirum
3003 4690 3056 4744 in
3095 4690 3311 4744 modum
3339 4690 3650 4744 consentire

2061 4783 2238 4837 omnia
2268 4785 2424 4840 exiis
2445 4825 2460 4850 ,
2493 4800 2612 4854 qure
2640 4785 2778 4838 dicta
2809 4794 2952 4848 sunt,
2981 4783 3134 4838 facile
3163 4794 3243 4838 eSt
3270 4783 3505 4853 eplnari.

2133 4877 2249 4928 Alia
2282 4877 2446 4930 multa
2481 4876 2722 4946 profecto
2746 4887 2901 4944 sunt,
2948 4893 3067 4947 quae
3105 4889 3214 4931 tum
3265 4877 3316 4930 iu
3361 4877 3492 4944 hoc,
3539 4887 3647 4933 tum

2062 4968 2114 5022 in
2143 4969 2362 5038 reliquis
2392 4967 2449 5025 S.
2486 4964 2720 5024 Zenonis
2758 4969 3101 5024 Tractalibus
3137 4968 3421 5023 clarissimi
3471 4968 3650 5024 Adno-

2066 5072 2268 5116 latores
2297 5062 2361 5115 ad
2397 5062 2621 5116 Arianos
2650 5065 2884 5126 trahunt,
2918 5069 2972 5116 et
2993 5062 3232 5116 secundo
3268 5064 3460 5116 horum
3489 5063 3642 5117 Trac-

2056 5163 2262 5212 tatuum
2291 5156 2431 5211 libro
2471 5157 2681 5211 titulum
2714 5199 2727 5221 ,
2764 5154 2955 5210 Contra
2987 5156 3226 5223 Arianos,
3277 5155 3380 5226 ipsi
3431 5157 3648 5211 coaliti-

2058 5258 2210 5320 gunt.
2260 5251 2329 5302 At
2375 5249 2425 5302 in
2482 5250 2546 5303 iis
2587 5247 2841 5304 omnibus
2869 5248 3229 5304 eruditionem
3259 5249 3475 5319 quidem
3521 5252 3673 5306 satis

2061 5341 2418 5412 prrrcipuam;
2450 5343 2498 5396 in
2528 5343 3063 5413 interpretationibus
3091 5358 3250 5407 vero,
3280 5358 3398 5411 qua:
3431 5342 3541 5396 Arii
3567 5360 3653 5398 er-

2061 5449 2248 5502 rores,
2303 5452 2365 5492 ac
2416 5448 2656 5506 tempora
2703 5450 3036 5493 conceruunt
3087 5437 3367 5491 arbitrium
3426 5436 3603 5506 potius
3633 5481 3649 5506 ,

2060 5545 2218 5596 quam
2249 5531 2539 5599 genuinum
2575 5529 2637 5582 ι).
2669 5528 2906 5584 Zenonis
2933 5545 3147 5584 sensum
3172 5527 3546 5596 deprehendet
3575 5540 3652 5584 at-

2061 5631 2237 5676 tentus
2271 5625 2454 5678 lector.

2066 5713 2091 5783 ς
2121 5713 2284 5768 XXII.
2319 5713 2394 5766 De
2421 5713 2643 5769 Zenonis
2670 5715 2925 5781 doctrina,
2960 5714 3108 5784 quasi.
3137 5713 3488 5767 Arianismum
3518 5717 3650 5772 olens
