3822 6220
113 175 210 230 U77

1507 164 1975 233 DlSSERTATIO.

3293 184 3395 244 678

178 310 209 346 a
242 291 460 349 Petavio
505 296 745 349 traducta
780 292 1087 366 explicatur,
1115 293 1432 365 defenditur,
1464 308 1594 349 sana
1614 335 1629 361 ,
1662 302 1706 347 et
1735 293 1787 351 Α
1815 305 1914 344 nus
1944 288 2028 343 hic
2057 303 2251 344 sensus
2280 304 2310 344 a
2337 289 2560 347 Petavio
2590 292 2639 347 ln
2670 292 2728 350 S.
2756 292 2989 349 Zenonis
3016 294 3194 351 allatis
3225 302 3401 355 verbis

181 384 452 441 Catholica
475 387 874 441 demonstratur.

183 478 480 537 Maximum
504 497 635 536 vero
662 479 875 552 pondus
896 479 994 547 iis,
1021 495 1141 550 qua:
1168 480 1424 536 hactenus
1452 476 1712 533 disserui-

116 587 230 626 mus
260 574 483 629 accedit
507 588 572 630 es
602 588 701 636 eo,
732 572 875 644 quod
904 580 1111 628 tantum
1145 572 1298 628 abest
1334 572 1393 629 S.
1430 570 1710 627 Zenonem

119 666 223 719 Arii
249 667 569 733 erroribus,
597 666 665 722 de
695 666 892 736 quibus
923 665 1163 735 egimus,
1196 650 1503 732 obstitisse,
1533 672 1591 717 ut
1620 678 1715 717 eo-

117 760 362 816 tunnlem
387 776 418 813 a
448 760 667 815 Petavio
699 774 826 813 reus
856 757 1217 813 insimuletur.
1246 759 1311 811 At
1338 745 1578 811 Petavius
1606 756 1713 809 An-

115 853 378 908 tenictenis
415 854 609 924 aliquot
647 850 887 905 Patribus
917 850 1050 904 male
1078 850 1351 917 traductis,
1384 837 1495 904 cum
1522 847 1715 904 venerit

115 945 180 998 ad
203 944 471 1000 Zenonem
498 942 800 1015 episcopum
833 943 1175 999 Veronensem
1192 986 1204 1004 .
1249 959 1366 997 eum
1383 985 1398 1009 ,
1427 958 1573 1012 quem
1599 954 1712 1011 post

118 1035 395 1091 Nictenam
437 1036 690 1108 synodum
718 1037 980 1107 ﬂorentem
1025 1035 1307 1090 subindicat
1329 1077 1341 1098 ,
1373 1050 1465 1087 nec
1494 1048 1595 1088 non
1617 1031 1703 1086 ad-

115 1145 286 1183 versus
310 1129 538 1182 Ariauos
577 1129 921 1182 testimonium
960 1128 1209 1182 dicentem
1253 1126 1442 1181 alicubi
1480 1125 1707 1197 allegat,

116 1238 215 1275 una
246 1239 366 1275 cum
396 1221 569 1293 Mario
608 1222 867 1277 Victorino
892 1221 1123 1295 ejusdem
1150 1222 1327 1276 saeculi
1353 1221 1624 1291 scriptore,
1650 1217 1712 1271 ob

114 1315 304 1381 aliquot
338 1314 577 1388 ejusdem
602 1315 799 1387 generis
828 1315 1137 1381 locutidnes,
1176 1314 1230 1367 in
1261 1313 1491 1386 ejusdem
1520 1311 1713 1367 erroris

116 1406 466 1474 suspicionem
512 1405 755 1459 inducere
781 1401 912 1458 nihil
938 1404 1159 1458 dubitat.
1207 1406 1473 1458 Accenset
1519 1415 1713 1485 nempe

118 1499 371 1575 Petavius
400 1500 463 1554 D.
498 1498 772 1555 Zenonem
800 1513 921 1553 cum
951 1498 1015 1552 iis
1042 1496 1407 1569 Antenictenis
1440 1494 1710 1560 Patribus,

118 1596 204 1666 qui
261 1610 407 1659 teoo,
461 1595 713 1667 dignitate
750 1635 764 1657 ,
842 1609 903 1647 ac
956 1593 1182 1665 potentia
1236 1591 1555 1659 superiorem
1606 1603 1716 1642 esse

1820 391 2061 448 notatur,
2099 398 2293 451 nempe
2324 402 2337 439 :
2399 384 2609 440 Verbum
2639 388 2733 441 Dei
2766 406 2829 443 ea:
2867 392 3005 445 omni
3029 392 3313 445 aternitatc
3351 394 3401 446 in

1819 474 1999 530 Patris
2020 475 2155 546 sinu,
2188 488 2235 530 et
2255 480 2491 542 essentia,
2525 480 2676 534 veluti
2706 481 3033 538 indiscretum
3060 526 3075 549 ,
3105 495 3150 538 ct
3196 486 3404 555 amatum

1814 568 2043 638 htesisse,
2066 573 2441 644 latetisseque...
2473 585 2646 645 postea
2677 591 2790 630 vero
2816 595 2930 632 cum
2957 568 3276 651 designatum
3302 596 3332 632 a
3353 596 3406 635 se

1812 679 1985 718 rerum
2009 666 2387 739 universitatem
2416 668 2587 721 moliri
2627 670 2770 724 uellet
2795 712 2808 736 ,
2836 687 2953 725 eum
2979 673 3144 745 ipsum
3191 691 3253 730 ea:
3298 690 3407 729 sese

1815 774 2161 830 propagasse,
2191 775 2251 814 ac
2295 762 2550 833 genuisse.
2594 750 2929 830 Excludunt,
2984 766 3230 837 inquam,
3267 780 3405 824 lem-

1817 866 1917 921 pus
1969 852 2110 908 inter
2156 853 2405 919 Patrem,
2455 863 2511 909 et
2561 854 2796 921 Filium,
2847 856 2940 911 sed
2989 872 3093 912 non
3129 861 3301 929 prius,
3353 869 3409 915 et

1817 955 1969 1014 post;
1998 960 2118 1001 cum
2149 945 2309 1002 Pater
2334 950 2385 1001 in
2415 962 2577 1002 sensu
2622 946 2740 1002 Arii
2788 950 3036 1018 genuerit
3062 950 3257 1007 Filium
3284 963 3408 1009 ante

1815 1052 1979 1093 omne
2033 1049 2274 1094 creatum
2322 1049 2572 1119 tempus,
2622 1042 2670 1096 ei
2716 1056 2824 1097 non
2867 1043 3081 1098 videtur
3133 1044 3409 1102 adversari

1815 1130 1992 1184 saneti
2032 1129 2266 1186 Zenonis
2320 1134 2618 1200 sententia,
2671 1146 2776 1205 qua
2826 1138 3061 1202 asserit,
3125 1136 3320 1192 Filium
3356 1139 3407 1194 iu

1818 1221 1930 1277 Deo
1980 1223 2139 1279 Patre
2176 1223 2434 1291 velatum,
2465 1240 2527 1281 ac
2570 1225 3002 1296 delitescentem,
3038 1238 3164 1284 tunc
3193 1247 3223 1285 e
3245 1230 3410 1287 corde

1817 1315 1989 1372 Patris
2018 1318 2280 1387 prodiisse
2300 1360 2315 1385 ,
2350 1335 2469 1373 cum
2508 1336 2590 1376 res
2617 1338 2790 1377 omnes
2819 1341 3090 1396 procreare
3117 1310 3307 1394 voluit,
3352 1334 3411 1382 ut

1818 1406 2067 1462 Petavius
2093 1410 2349 1479 explicat,
2374 1410 2547 1467 allatis
2572 1412 2817 1483 ejusdem
2846 1417 2903 1472 S.
2930 1414 3163 1487 Zenonis
3193 1418 3407 1475 verbis:

1816 1499 1979 1572 Cujus
2019 1518 2081 1556 ex
2121 1517 2208 1556 ore
2247 1513 2301 1557 ut
2341 1519 2514 1557 rerum
2542 1516 2751 1572 natura,
2784 1524 2897 1573 qua:
2935 1525 3034 1562 non
3076 1503 3217 1576 erat,
3249 1512 3410 1584 linge-

1818 1600 1977 1654 retur,
2011 1593 2230 1662 prodicit
2267 1594 2437 1648 cordis
2465 1597 2575 1667 ejus
2606 1596 2791 1650 nobilis
2816 1599 3098 1666 inquilinus
3127 1600 3311 1655 exinde
3338 1602 3411 1655 vi-

126 1686 290 1741 Verbo
327 1685 542 1740 Patrem
571 1686 807 1741 arbitrati
844 1694 994 1751 sunt,
1047 1696 1113 1741 ex
1153 1682 1473 1754 quibusdam
1512 1680 1711 1735 adduc-
1745 1679 1794 1743 B
1820 1678 1984 1739 sibilis
2014 1685 2246 1754 eﬂ‘ectus,
2293 1690 2727 1759 quiachumanum
2770 1708 2929 1764 genus
2956 1694 3254 1749 visitaturus
3278 1705 3407 1750 erat.

119 1780 183 1834 tis
208 1780 267 1836 S.
302 1781 549 1851 ejusdem
575 1781 753 1835 Patris
794 1776 1076 1835 Sententiis
1102 1822 1115 1843 ,
1159 1794 1387 1849 quarum
1430 1791 1590 1830 unam
1616 1771 1718 1827 vai-

122 1873 261 1929 ferre
312 1874 547 1929 sufﬁciat
595 1890 657 1930 ex
702 1872 957 1930 TraCIatu
999 1890 1046 1927 νη
1075 1872 1165 1928 lib.
1198 1889 1231 1927 ll
1270 1889 1285 1927 :
1344 1871 1713 1939 Principium,

120 1953 375 2039 Fratres,
436 1968 690 2023 Dominus
741 1981 913 2024 noster
951 1970 1275 2022 incontanter
1320 1976 1389 2022 est
1443 1964 1710 2029 Christus,

119 2075 264 2128 quem
289 2070 414 2115 ante
449 2063 619 2116 Omnia
647 2063 835 2117 stecula
868 2062 1027 2117 Pater
1054 2061 1224 2115 adhuc
1254 2070 1527 2130 utrumque
1554 2060 1607 2112 in
1634 2075 1714 2114 se-

120 2154 339 2220 metipso
388 2152 527 2207 Deus
570 2154 728 2208 beata:
779 2156 1133 2225 perpetuitatis
1174 2136 1455 2207 indiscreta
1487 2152 1716 2224 Spiritus

121 2244 461 2314 plenitudine,
505 2248 673 2300 nescio
715 2264 816 2317 qua
857 2265 952 2302 sua
998 2249 1307 2302 conscientia
1336 2247 1559 2302 velatum
1587 2246 1715 2300 Filii

122 2351 221 2390 non
247 2338 360 2391 sine
388 2336 598 2407 affectu,
622 2338 710 2392 sed
736 2340 844 2392 sine
862 2340 1156 2394 discrimine
1174 2340 1601 2411 amplectebatur;
1624 2338 1713 2394 sed

123 2434 527 2506 magitatarum
552 2474 565 2498 ,
596 2442 651 2487 ut
683 2433 911 2486 ordinem
940 2434 1277 2498 instruerent,
1302 2451 1484 2488 .rerum
1522 2432 1709 2501 ineffa-

124 2523 235 2579 bilis
262 2525 357 2579 illa
394 2525 594 2591 Virtus,
633 2524 1260 2595 incomprehensibilisque
1288 2526 1555 2597 Sapientia
1581 2543 1608 2581 e
1628 2542 1711 2580 re-

124 2619 269 2691 gione
290 2618 469 2672 cordis
498 2625 691 2672 emetat
723 2616 943 2671 Verbum
968 2659 982 2684 ,
1020 2614 1403 2685 Omnipotentia
1430 2634 1482 2671 se
1522 2632 1712 2689 prepa-

124 2720 237 2781 gat,
264 2710 329 2763 de
358 2707 472 2761 Deo
503 2708 732 2762 nascitur
758 2706 918 2771 Deus,
949 2717 1107 2761 totum
1142 2707 1314 2761 Patris
1342 2708 1550 2771 habens,
1582 2707 1716 2761 nihil

125 2801 376 2873 derogans
403 2798 551 2853 Patri
573 2841 587 2865 ,
619 2810 719 2855 etc.
755 2800 835 2855 Ita
869 2800 932 2854 D.
984 2797 1133 2854 Zeno
1159 2799 1243 2854 cui
1293 2798 1587 2871 Sententiae
1620 2816 1712 2853 su-

125 2892 317 2947 binl'ert
350 2893 642 2948 Petavius:
694 2893 796 2946 Hic
842 2890 1005 2957 Zeno
1038 2891 1263 2947 Verbum
1313 2890 1412 2946 Dei
1466 2908 1531 2945 ea;
1578 2891 1717 2945 omni

126 2984 436 3040 {Eternitate
462 2986 516 3038 in
542 2984 715 3041 Patris
740 2986 877 3045 sinu,
898 2996 943 3039 et
964 2985 1181 3039 essentia
1201 2986 1333 3039 velut
1360 2984 1713 3050 indiscretum,

1818 1776 2159 1848 Quapropter
2184 1779 2372 1834 eadem
2405 1796 2620 1850 semper
2645 1784 2965 1854 ambiguitas
2996 1786 3048 1839 in
3085 1786 3146 1839 D.
3179 1786 3411 1844 Zenonis

1818 1880 1979 1923 sensu
2010 1858 2225 1937 manet,
2256 1872 2609 1945 ejusdemque
2635 1879 2836 1934 erroris
2862 1872 3195 1949 conjectura.

1890 1962 2042 2017 Absit
2081 1975 2258 2022 tamen
2282 2009 2297 2034 ,
2346 1967 2610 2040 longeque
2652 1973 2837 2039 procul
2883 1975 3026 2030 absit
3054 1991 3083 2031 a
3122 1985 3310 2033 nostro
3342 1977 3406 2033 Ι).

1816 2052 2032 2110 Zenone
2052 2054 2357 2126 hujusmodi
2384 2059 2599 2117 Arianae
2620 2065 2789 2134 pestis
2810 2067 3065 2135 suspicio.
3092 2066 3231 2138 Sana
3256 2086 3409 2141 pror-

1816 2159 1911 2201 sus
1939 2146 2007 2203 de
2033 2148 2130 2205 SS.
2166 2148 2452 2217 Trinitate,
2483 2169 2552 2220 ac.
2577 2154 2849 2225 pra'cipue
2878 2158 2946 2213 de
2976 2159 3261 2215 Divinitatc
3287 2160 3409 2217 Filii

1817 2237 1933 2307 ejus
1965 2239 2212 2295 doctrina
2240 2254 2324 2297 est
2353 2258 2365 2296 :
2398 2244 2563 2315 ipsius
2594 2247 2738 2301 enim
2768 2248 3046 2304 Catholica
3075 2267 3230 2307 mens
3268 2254 3411 2310 unde

1815 2332 2008 2401 magis,
2033 2348 2193 2402 quam
2223 2349 2287 2389 ex
2320 2335 2677 2405 ejusdemmet
2707 2339 2883 2396 verbis
2911 2344 3023 2396 erui
3069 2344 3257 2413 possit,
3303 2359 3408 2401 non

1786 2422 1994 2498 "video.
2027 2424 2378 2483 Proferantur
2406 2430 2584 2501 itaque
2613 2430 2848 2488 Zenonis
2874 2437 3182 2503 sententiae,
3214 2436 3408 2508 quibus

1816 2513 2023 2571 diserte
2052 2517 2190 2573 adeo
2218 2522 2606 2576 coaeternitatis
2637 2521 2781 2590 Filii,
2810 2528 3241 2598 {Bqtlulilalisqlte
3279 2543 3404 2586 cum

1818 2604 2002 2671 Patre,
2018 2609 2375 2681 ejusdemque
2397 2614 2735 2682 substantim,
2766 2631 2829 2672 ac
2852 2618 2903 2672 in
2926 2617 3165 2676 Persona
3189 2618 3409 2678 distinc—

1820 2698 1985 2752 tionis
2006 2702 2206 2755 veritas
2235 2703 2539 2760 exhibetur.

1890 2791 2029 2859 Quid
2052 2796 2289 2863 apertius
2315 2796 2383 2849 de
2412 2799 2826 2857 coaeternitate?
2850 2801 2949 2856 llic
2980 2810 3053 2859 est
3077 2800 3217 2860 Deus
3241 2817 3412 2862 uoster

1821 2879 2029 2936 Αἰτετηὶ
2061 2881 2153 2939 Dei
2186 2896 2469 2942 coteternus
2501 2877 2676 2944 Filius
2706 2892 2806 2961 (S.
2840 2892 2980 2948 Zeno
3010 2896 3048 2950 l.
3089 2912 3126 2951 tt
3148 2940 3161 2965 ,
3205 2895 3298 2954 Tr.
3332 2912 3409 2965 IX,

1821 2974 1847 3045 §
1876 2974 1963 3047 ‘2).
1998 2974 2053 3033 Si
2082 2988 2384 3035 coaeternus
2414 2980 2602 3049 Filius,
2636 2997 2741 3038 non
2774 2988 2921 3054 prius
2973 2987 3136 3045 Pater
3160 3032 3173 3051 ,
3204 2997 3259 3046 et
3285 3006 3409 3065 pos-

125 3089 173 3132 et
197 3079 408 3149 afﬁxam
438 3078 664 3144 hcesisse,
688 3078 991 3148 lutuisseque
1016 3078 1368 3144 demonstrat;
1398 3087 1573 3147 postea
1601 3094 1717 3130 vero
1742 3061 1787 3125 (ἶ
1825 3082 1906 3125 lea
1941 3070 2107 3127 Filius
2127 3113 2141 3139 ,
2185 3074 2277 3128 sed
2322 3084 2431 3131 tota
2474 3078 2630 3131 simul
2658 3077 2715 3133 in
2740 3078 3065 3137 )Eternitate
3103 3099 3223 3138 cum
3256 3061 3412 3141 Patre

128 3187 239 3223 cum
265 3171 587 3239 designatum
614 3186 645 3221 a
675 3185 728 3222 se
746 3184 919 3221 rerum
940 3169 1317 3222 universitatem
1348 3168 1518 3221 moliri
1544 3168 1711 3247 uellet,

127 3279 235 3316 eum
264 3263 437 3333 ipsum
465 3277 529 3316 ea:
552 3278 661 3315 sese
685 3277 1017 3331 propagasse,
1046 3277 1107 3314 ac
1136 3261 1371 3333 genuisse
1393 3261 1516 3313 dicit
1536 3270 1716 3329 ;atque

127 3356 252 3409 hanc
281 3356 504 3425 primam
532 3371 558 3408 e
580 3354 780 3408 duabus
810 3370 918 3407 esse
947 3354 1323 3417 nativitatibus,
1343 3369 1499 3424 quam
1541 3352 1594 3407 in
1635 3368 1716 3407 se-

125 3448 390 3518 quentibus
418 3448 734 3502 sermonibus
776 3447 942 3521 (nunc
972 3456 1128 3501 tract.
1158 3463 1231 3501 vn
1259 3456 1313 3501 et
1339 3444 1453 3518 vm)
1482 3448 1709 3515 exponit.

191 3542 402 3596 Nullam
433 3557 566 3597 vero
590 3541 751 3595 allato
797 3541 854 3597 S.
903 3522 1140 3596 Zenonis
1186 3540 1355 3595 textui
1411 3541 1585 3595 lucem
1634 3538 1713 3593 af—

130 3634 263 3690 lcrre
291 3644 542 3700 constat,
578 3648 697 3702 qua:
745 3640 801 3687 ut
846 3635 1118 3702 prtecipua
1165 3631 1216 3685 in
1266 3632 1407 3685 dicta
1455 3632 1713 3686 disserta-

130 3730 268 3785 tione
292 3729 329 3782 2
350 3772 365 3795 ,
392 3743 510 3797 cap.
548 3727 599 3802 1.,
626 3727 654 3799 §
680 3728 743 3790 2,
776 3726 1024 3781 laudatur
1058 3726 1173 3780 btec
1201 3726 1444 3795 ejusdem
1482 3725 1539 3781 S.
1572 3724 1713 3779 Doc-

128 3825 256 3877 toris
283 3822 553 3877 sententia
603 3837 615 3873 :
676 3819 946 3873 Videamus
977 3836 1131 3882 nunc,
1164 3819 1353 3885 optime
1398 3815 1706 3880 Christiane,

128 3912 552 3982 quemadmodum
592 3911 721 3972 inter
747 3909 979 3975 Patrem,
1010 3918 1057 3964 et
1100 3907 1296 3964 Filium
1324 3918 1521 3979 tempus
1549 3907 1711 3978 inful-

128 4007 248 4059 cias.
284 4004 653 4060 Recolendum
687 4015 915 4073 namque
942 4011 1026 4056 est
1053 4001 1195 4071 quod
1237 4015 1397 4068 supra
1427 4000 1570 4053 circa
1597 3999 1707 4053 Arii

128 4114 336 4153 errores
376 4099 679 4152 notavimus
712 4094 1043 4165 paragrapho
1088 4107 1231 4148 nono
1263 4110 1275 4145 :
1307 4092 1491 4146 Arium
1520 4090 1711 4145 videli-

128 4199 209 4243 cet
229 4190 404 4258 primo
428 4204 549 4245 cum
575 4188 819 4251 Ebione,
852 4190 1104 4252 Artema,
1144 4192 1201 4240 et
1240 4184 1408 4238 Paulo
1455 4184 1711 4239 Samosa-

132 4296 251 4338 teno
278 4285 603 4348 asseruisse,
648 4279 911 4336 Christum
957 4288 1073 4333 ante
1120 4276 1343 4332 Mariam
1389 4293 1488 4331 non
1517 4277 1706 4345 fuisse,

129 4372 378 4439 fuisseque
397 4384 613 4444 tempus,
638 4371 843 4442 quando
865 4387 964 4424 non
994 4369 1111 4438 fuit.
1136 4370 1330 4423 Pes-tea
1355 4382 1485 4423 vero
1511 4382 1633 4421 cum
1678 4383 1706 4420 a

1822 3164 1993 3220 Filius
2026 3181 2126 3220 una
2155 3167 2207 3222 in
2237 3169 2560 3238 Substantia,
2586 3170 2639 3226 in
2676 3173 2910 3227 Porsena
2941 3175 3226 3232 distinctus
3253 3194 3278 3231 a
3314 3178 3413 3233 Pa-

1820 3265 1920 3311 tre.
1959 3260 2030 3313 l)e
2057 3264 2430 3316 cozrternitate
2457 3278 2563 3318 non
2592 3265 2765 3319 solum
2798 3265 2942 3332 Filii,
2969 3269 3062 3324 sed
3097 3278 3148 3323 ct
3178 3269 3411 3339 Spiritus

1819 3352 2000 3405 Sancti
2029 3367 2148 3406 cum
2182 3353 2361 3409 Patre.
2402 3355 2503 3409 llic
2536 3366 2608 3411 est
2637 3356 2774 3413 Deus
2804 3371 2974 3414 noster
2998 3361 3085 3426 qui
3116 3379 3169 3415 se
3202 3362 3411 3434 digessit

1816 3443 1867 3494 in
1902 3441 2083 3496 Deum.
2121 3442 2217 3496 Hic
2250 3443 2404 3499 Pater
2432 3448 2520 3517 qui
2544 3464 2639 3501 suo
2668 3462 2902 3504 manente
2929 3451 3123 3519 integro
3153 3461 3305 3513 statu.
3332 3463 3409 3507 to-

1819 3544 1924 3586 tum
1948 3552 2001 3588 se
2032 3536 2371 3603 reciprocavit
2397 3538 2448 3591 in
2477 3536 2699 3605 Filium,
2727 3557 2792 3593 ne
2815 3542 2937 3609 quid
2964 3540 3159 3595 sibimet
3190 3543 3408 3614 deroga-

1814 3636 1908 3678 ret.
1936 3625 2168 3698 Denique
2193 3628 2324 3681 alter
2347 3629 2399 3681 in
2426 3629 2585 3683 altera
2611 3632 2805 3684 exultat
2826 3647 2941 3684 cum
2967 3631 3196 3703 Spiritus
3223 3633 3407 3689 Sancti

1813 3720 2135 3789 plenitudine
2160 3737 2264 3773 una
2295 3722 2535 3793 originali
2556 3742 2557 3745 η
2579 3724 2925 3779 coteternitate
2955 3728 3200 3781 renitens.
3233 3731 3310 3783 Ac
3337 3730 3407 3785 de

1814 3810 1950 3865 Filio
1981 3827 2144 3881 agens
2175 3822 2230 3867 et
2258 3813 2558 3881 explicans,
2589 3829 2685 3868 cur
2719 3815 3108 3885 primogenitus
3135 3829 3260 3874 ante
3282 3835 3404 3874 out-

1814 3916 1933 3957 nem
1978 3903 2135 3957 aliam
2180 3915 2482 3959 creaturam
2522 3906 2753 3973 dicatur,
2799 3907 3039 3977 ejusdem
3087 3926 3206 3965 cum
3245 3912 3403 3970 Patre
3474 3976 3476 3979 ,

1812 3996 2266 4060 eomternitatem,
2308 3995 2531 4065 perinde
2557 3998 2862 4053 continuat.
2901 3999 2999 4055 Hic
3026 4003 3197 4068 itaque
3235 4006 3403 4060 dictus

1811 4096 1884 4142 est
1914 4087 2219 4157 primitivus,
2246 4089 2368 4156 quia
2397 4087 2635 4144 Paterna:
2664 4074 2989 4161 antiquitatis
3016 4093 3158 4147 solus
3189 4106 3258 4150 est
3281 4113 3403 4152 con-

1808 4179 1967 4233 scius.
1999 4180 2055 4234 Si
2082 4181 2351 4245 conscius,
2385 4191 2597 4250 ergoet
2624 4192 2948 4247 coteternus,
2982 4190 3230 4243 conscius
3257 4189 3400 4245 enim

1810 4286 1895 4331 est
1920 4276 2081 4331 simul
2129 4277 2340 4342 sciens,
2390 4276 2577 4332 eadem
2620 4277 2803 4348 utique
2846 4280 3067 4347 notitia,
3115 4297 3177 4337 ac
3217 4264 3399 4358 Pater,

1811 4385 1961 4423 suam
1996 4370 2406 4437 antiquitatem,
2449 4384 2544 4425 seu
2600 4371 2772 4441 magis
2826 4373 3180 4451 mternitatem
3230 4376 3390 4430 novit.

238 4438 546 4522 Alexandro
589 4438 902 4521 Patriarcha
954 4462 1319 4519 Alexandrino
1349 4462 1417 4516 ab
1465 4461 1704 4516 Ecclesia
1734 4438 1788 4499 Ῑ)
1883 4460 2317 4516 Coasternitatem
2343 4460 2464 4514 Filii
2489 4461 2649 4515 simul
2678 4438 2800 4517 cum
2828 4448 3395 4531 unitatesubstantim,

126 4558 326 4624 ejectus
377 4560 564 4621 luerit,
612 4559 757 4612 hunc
800 4570 1042 4612 errorem
1087 4554 1355 4618 correxit,
1406 4539 1703 4607 asserens:

127 4646 175 4713 Ε
175 4651 318 4703 ilium
344 4662 463 4705 ante
486 4663 746 4724 tempora,
772 4661 817 4704 et
846 4659 962 4703 ante
988 4648 1172 4703 secula
1193 4648 1397 4720 plenum
1431 4644 1592 4716 Deum
1617 4662 1708 4699 ex-

129 4740 279 4795 titisse
308 4743 628 4812 unigenitum
652 4785 665 4806 ,
709 4726 1123 4804 immutabilem,
1159 4749 1206 4793 et
1234 4748 1502 4806 antequam
1529 4738 1709 4811 gigne-

129 4840 281 4897 retur,
313 4844 401 4887 aut
446 4835 773 4898 conderetur,
820 4844 910 4888 aut
956 4833 1302 4906 prce/iniretur
1346 4848 1446 4885 non
1487 4831 1644 4898 fuisse
1686 4846 1705 4883 :

130 4938 239 4975 nam
281 4925 568 4995 ingenitum
608 4942 710 4978 non
751 4938 879 4981 erat.
915 4926 1090 4981 Verba
1123 4926 1302 4994 itaque
1331 4923 1387 4979 S.
1422 4921 1656 4977 Zenoois
1687 4939 1699 4974 :

135 5013 409 5071 Videamus
440 5034 573 5071 nunc
601 5022 787 5090 Optime
809 5019 1097 5074 Christiane
1121 5016 1549 5089 quemadmodum
1574 5017 1706 5069 inter

133 5101 349 5170 Patrem,
381 5118 429 5161 et
479 5106 675 5161 Filium
714 5120 911 5185 tempus
946 5110 1227 5182 infulcias,
1271 5119 1481 5175 tempus
1525 5109 1709 5162 exclu-

132 5196 257 5254 dunt
282 5200 654 5254 tantummodo
701 5200 840 5255 inter
880 5202 1094 5257 Patrem
1134 5212 1188 5258 et
1226 5198 1455 5267 Filium,
1487 5202 1575 5271 qui
1610 5199 1708 5254 fuit

133 5294 325 5359 primus
370 5308 525 5349 error
577 5293 644 5347 ab
698 5295 824 5347 Ario
875 5295 1271 5362 antiquioribus
1318 5296 1385 5348 ab
1442 5293 1707 5348 haereticis

134 5381 373 5451 haustus,
403 5395 459 5439 et
488 5384 769 5454 evulgatus
796 5403 810 5439 :
842 5400 948 5438 non
982 5401 1109 5439 vero
1139 5386 1437 5440 excludunt
1460 5400 1701 5440 errorem

134 5476 193 5529 ab
223 5478 344 5529 Ario
371 5486 672 5530 correctum
701 5518 714 5540 ,
745 5491 848 5546 qua
893 5478 1262 5545 correctione,
1292 5488 1349 5532 et
1388 5480 1502 5547 ipse
1541 5476 1701 5531 Arius

135 5577 330 5638 tempus
377 5568 699 5624 excludebat
743 5569 881 5624 inter
919 5563 1131 5625 Patrem
1186 5579 1241 5623 et
1292 5569 1521 5633 Filium,
1574 5571 1702 5625 Ante

136 5670 367 5730 tempora,
394 5669 440 5716 et
462 5671 576 5714 ante
603 5661 802 5715 Stecula
835 5661 1037 5730 plenum
1067 5659 1234 5715 Deum
1263 5663 1504 5717 extitisse.
1537 5649 1696 5717 Aria-

1811 4561 1864 4607 et
1894 4552 2199 4622 aequalitate
2227 4569 2349 4607 cum
2382 4553 2537 4607 Patre
2569 4553 3012 4609 manifestissime
3042 4558 3201 4611 etiam
3236 4557 3401 4626 proli-

1811 4655 1972 4700 tetur.
2013 4647 2135 4700 Cum
2173 4660 2274 4713 quo
2313 4639 2543 4716 (nempe
2576 4644 2699 4700 Filii
2738 4661 2861 4701 cum
2901 4647 3089 4719 Patre)
3129 4648 3399 4722 originalis

1791 4740 2135 4809 perpetuique
2160 4736 2325 4809 Regni
2358 4754 2464 4791 una
2507 4739 2761 4809 possessio
2792 4739 3151 4793 coazternitatis
3175 4782 3188 4802 ,
3236 4741 3400 4794 omni-

1811 4832 2145 4898 potentitrque
2173 4846 2279 4882 una
2310 4830 2611 4891 substantia,
2637 4845 2738 4883 una
2763 4831 3049 4901 aqualitas,
3080 4847 3183 4883 una
3223 4828 3398 4885 Virtus

1811 4922 2094 4994 majestatis
2120 4932 2367 4991 attgttslw.
2404 4922 2479 4975 De
2506 4922 2856 4975 distinctione
2897 4927 3108 4991 quoque
3142 4922 3397 4978 Persona:

1812 5012 1933 5066 Filii
1962 5028 1989 5066 a
2020 5014 2257 5068 Persona
2288 5014 2459 5068 Patris
2492 5013 2543 5068 in
2574 5015 2779 5070 unitate
2809 5016 3142 5079 substantiae,
3174 5027 3227 5071 et
3255 5033 3396 5072 coae-

1812 5107 2078 5170 ternitate,
2114 5107 2189 5160 nil
2219 5107 2418 5160 clarius
2448 5106 2549 5161 hac
2573 5149 2587 5173 ,
2620 5124 2777 5176 quam
2809 5108 3145 5175 subjicimus,
3176 5110 3395 5181 exetigi‘

1812 5199 1909 5252 tari
1954 5207 2129 5267 potest
2158 5201 2444 5254 sententia.
2481 5199 2540 5254 Si
2571 5201 2702 5252 enim
2743 5198 2959 5253 Veroum
2993 5204 3045 5253 in
3089 5201 3193 5255 Deo
3220 5213 3311 5266 est,
3347 5211 3396 5257 et

1810 5288 1945 5344 Deus
1974 5297 2047 5343 est
2081 5274 2330 5355 Verbum,
2356 5301 2401 5344 et
2431 5294 2525 5344 hoc
2546 5300 2620 5344 est
2650 5292 2702 5343 in
2733 5306 2831 5357 quo
2861 5300 2972 5357 est,
3002 5293 3138 5362 quod
3164 5291 3253 5346 ille
3282 5306 3388 5361 est,

1805 5383 1892 5451 qui
1917 5382 2047 5433 inest
2070 5395 2087 5433 :
2113 5379 2317 5449 Duplex
2340 5380 2593 5444 Persona;
2614 5381 2809 5449 duplex
2832 5382 3151 5446 vocabulum,
3176 5386 3265 5438 sed
3286 5388 3391 5438 ori—

1806 5472 1990 5545 giualis
2015 5474 2385 5542 perpetuitatis,
2413 5484 2463 5527 et
2487 5472 2701 5526 Deitatis
2722 5484 2793 5527 est
2816 5492 2918 5528 una
2943 5478 3247 5545 substantia,
3278 5478 3389 5533 Do-

1807 5566 1942 5619 mino
1970 5566 2085 5633 ipso
2112 5566 2308 5619 dicente
2333 5584 2352 5616 ι
2386 5565 2496 5635 Ego
2524 5573 2579 5619 et
2606 5564 2764 5618 Pater
2787 5580 2949 5620 unum
2978 5584 3164 5639 sumus
3198 5588 3216 5620 ›
3250 5573 3387 5637 quod

1806 5676 1908 5714 non
1934 5660 2105 5727 utique
2132 5660 2199 5713 sit
2228 5659 2322 5725 ait,
2354 5666 2410 5711 ut
2434 5658 2488 5711 in
2512 5673 2667 5711 unum
2699 5658 2826 5712 duos
2854 5660 3133 5731 redigenda
3156 5667 3379 5733 confun-
