3822 6220
351 213 456 284 679

1459 227 1546 283 DE
1585 227 1829 286 SANCTI
1865 228 2157 320 ZENQNIS
2197 233 2466 290 EPOCHA

3529 248 3638 302 680

363 340 507 394 deret
529 383 542 405 ,
574 342 663 396 sed
689 350 742 396 ut
769 343 990 396 duorum
1016 357 1173 396 unam
1201 341 1494 397 Divinitatis
1515 386 1529 409 ,
1561 345 1938 416 Potestatisque
1966 349 2018 408 Α
2043 350 2402 410 (Πειὶιιοιῑοηίε
2439 369 2600 410 causa
2642 353 2834 411 iterum
2867 355 3060 411 allerre
3086 365 3455 426 opportunum
3487 364 3637 418 vide-

365 450 474 487 esse
523 433 954 501 Umnipotenlium
984 449 1074 486 nos
1098 435 1316 487 doceret.
1363 435 1382 505 (
1406 435 1468 490 S.
1499 435 1660 490 Zeno.
1693 438 1746 490 d.
1792 438 1831 490 l.
1873 454 1906 492 ιι
1929 480 1943 502 ,
1970 485 1978 493 .

365 523 458 578 Tr.
491 541 581 588 vn,
611 531 752 578 nunt.
776 522 1153 592 2.)‘Personas
1173 527 1416 593 agnoscit
1440 523 1597 594 duas,
1623 526 1863 592 Patrem,
1893 537 1949 583 et

367 619 557 675 Filium
591 621 646 673 itt
677 632 780 672 una
813 617 1095 690 Originalis
1115 623 1468 693 perpetuitatis
1492 641 1552 676 ac
1577 622 1800 679 Deitatis
1825 626 1949 692 sub-

362 713 570 766 stantia.
599 710 926 780 Originalem
957 711 1140 783 itaque
1168 717 1588 784 perpetuitatem
1621 725 1728 770 tam
1757 718 1810 772 in
1837 719 1949 774 dis-

361 804 618 859 tinctione
649 804 1004 860 Personarum
1028 847 1044 872 ,
1076 821 1237 876 quam
1280 809 1336 862 in
1380 810 1587 866 unitate
1630 812 1946 867 substantiae

357 894 556 950 fatetur
582 895 647 950 D.
678 893 846 950 Zeno.

426 990 496 1042 At
538 987 667 1042 illud
701 989 969 1059 praecipue
997 990 1062 1045 ad
1093 990 1149 1047 S.
1183 992 1419 1048 Zenonis
1447 994 1516 1048 de
1559 994 1656 1050 SS.
1685 994 1946 1050 Trinitate

355 1081 617 1156 sinceram
647 1083 1062 1140 discemendam
1094 1085 1397 1142 doctrinam
1444 1096 1531 1144 est
1569 1088 1900 1144 afferendum
1926 1128 1942 1153 ,

354 1173 493 1243 quod
530 1172 736 1242 profert
772 1183 1000 1229 tractatu
1038 1177 1214 1245 primo
1257 1178 1500 1247 ejusdem
1550 1179 1774 1233 secundi
1818 1177 1943 1232 libri

351 1264 421 1319 de
450 1265 758 1335 mqualitate
786 1266 962 1322 Patris
983 1309 996 1332 ,
1028 1267 1152 1321 Filii
1179 1309 1192 1331 ,
1223 1277 1277 1323 et
1306 1268 1544 1339 Spiritus
1571 1269 1777 1325 Sancti.
1799 1268 1945 1323 lute-

352 1373 506 1429 grum
561 1357 944 1415 exscribimus.
1001 1363 1274 1431 Agnoscat
1323 1361 1496 1416 lector
1545 1363 1732 1430 primis
1779 1362 1942 1416 etiam

353 1449 615 1506 Ecclesiae
646 1454 977 1522 temporibus
1000 1452 1296 1522 perfectam
1319 1454 1388 1510 de
1417 1453 1674 1525 Mysterio
1697 1453 1791 1509 SS.
1818 1453 1942 1508 Tri-

354 1545 538 1599 nitatis
566 1543 815 1600 ﬂoruisse
856 1545 1123 1601 notitiam.
1179 1543 1418 1601 Carnalis
1456 1547 1640 1600 mentis
1673 1545 1901 1599 homines
1924 1586 1938 1610 ,

353 1641 542 1709 fratres
578 1637 930 1704 dilectissimi,
980 1636 1283 1691 scandalum
1319 1637 1606 1709 patiuntur,
1639 1653 1743 1690 non
1771 1636 1940 1690 studio

2050 452 2153 497 tur.
2189 443 2533 513 Principium,
2563 445 2792 510 Fratres,
2827 448 3079 502 Dominus
3117 451 3641 510 nosterincontqnter

2046 545 2117 587 est
2140 532 2371 590 Christus
2404 553 2422 590 :
2451 553 2596 607 quem
2619 549 2735 592 ante
2765 540 2936 593 omnia
2956 539 3143 593 saecula
3169 538 3329 593 Pater
3351 544 3522 596 adhuc
3546 556 3635 599 ut-

2048 638 2263 690 cumque
2303 627 2355 678 in
2384 629 2652 698 semetipso
2683 627 2820 681 Deus
2839 670 2852 692 ,
2888 627 3065 683 Beata:
3089 632 3445 699 perpetuitatis
3473 636 3640 689 indis-

2047 723 2185 767 creta
2221 715 2450 784 Spiritus
2490 719 2836 785 plenitudine,
2876 721 3044 774 nescio
3080 738 3176 791 qua
3204 738 3300 774 sua
3326 727 3641 781 conscientia

2046 805 2288 870 velatum,
2314 804 2444 861 Filii
2475 824 2574 860 non
2594 811 2703 862 sine
2727 808 2937 876 aﬁ‘eetu,
2968 811 3056 865 sed
3079 813 3188 866 sine
3207 812 3504 877 discrimine
3524 835 3638 872 am-

2046 895 2374 963 plectebatur.
2419 897 2526 950 Sed
2556 901 2984 969 excogitatarum,
3015 913 3070 956 ut
3098 905 3331 960 ordinem
3361 907 3640 966 instrueret

2044 986 2215 1041 rerum
2238 1029 2252 1050 ,
2305 988 2578 1055 ineffabitis
2618 992 2710 1046 illa
2745 993 2924 1049 Virtus
2947 1036 2962 1060 ,
3011 997 3641 1075 incomprehensibilisque

2044 1076 2323 1131 substantia
2359 1095 2388 1132 e
2426 1082 2632 1151 regione
2665 1085 2837 1138 cordis
2875 1095 3068 1140 eructat
3108 1086 3349 1144 Verbum.
3381 1091 3635 1167 Omnipo-

2045 1170 2202 1223 tentia
2219 1185 2273 1222 se
2298 1180 2566 1243 propagat.
2602 1172 2677 1227 De
2697 1172 2804 1228 Deo
2825 1178 3054 1232 nascitur
3075 1177 3237 1248 Deus,
3257 1193 3429 1250 totum
3454 1185 3636 1242 Patris

2043 1260 2262 1326 habens,
2302 1261 2434 1316 nihil
2472 1263 2728 1337 derOgans
2779 1266 2963 1335 Patri,
3005 1280 3112 1327 etc.
3158 1272 3428 1338 Quomodo
3463 1291 3636 1334 autem

2043 1369 2316 1433 generatus
2339 1361 2425 1426 sit,
2448 1363 2536 1432 qui
2559 1367 2824 1430 processit,
2851 1366 3098 1422 dementis
3118 1380 3192 1425 est
3211 1374 3435 1440 opinari.
3467 1375 3639 1429 Nam-

2043 1467 2138 1519 que
2163 1460 2408 1522 temperat
2429 1469 2481 1506 se
2503 1464 2711 1526 propter
2740 1473 2908 1510 rerum
2936 1469 3178 1515 naturam
3205 1461 3399 1528 Filius,
3439 1484 3504 1521 ne
3526 1468 3638 1521 ίΕ-

2043 1551 2199 1596 ternte
2222 1541 2509 1617 Majestatis
2530 1545 2812 1602 Dominum
2833 1566 2933 1604 non
2955 1553 3112 1620 possit
3139 1555 3319 1608 mundi
3347 1557 3496 1612 istius
3524 1577 3640 1614 me-

2042 1633 2285 1688 diocritas
2325 1638 2598 1691 sustinere.
2640 1637 2767 1693 Cum
2821 1643 3040 1711 imperat
3077 1644 3238 1701 Pater
3273 1648 3446 1703 orbem
3485 1652 3636 1720 ﬁeri,

352 1727 641 1796 noscendae,
673 1727 764 1781 sed
802 1728 1117 1795 [rustrandte
1149 1729 1394 1792 reritatis,
1434 1729 1630 1795 quoties
1666 1727 1803 1782 Deus
1839 1725 1940 1779 Dei
1969 1716 2015 1775 Β
2043 1743 2172 1797 opus
2203 1744 2315 1780 cum
2345 1729 2482 1783 dicto
2509 1734 2793 1802 completur
2819 1751 2850 1787 a
2873 1733 3034 1791 Filio.

355 1819 558 1886 Filius,
594 1821 683 1892 qui
713 1819 890 1877 Patris
908 1825 1146 1876 maxima
1176 1832 1251 1875 est
1279 1823 1464 1894 gloria,
1500 1823 1711 1891 aequalis
1729 1820 1888 1874 Patri
1907 1838 1940 1874 α

353 1913 632 1969 Catholicis
657 1957 672 1980 ,
711 1915 1040 1984 prccdicatur.
1078 1914 1311 1983 Denique
1350 1916 1468 1968 inde
1501 1923 1595 1981 est,
1636 1914 1773 1984 quod
1814 1914 1937 1986 legis

349 2009 684 2077 fundamenta
713 2017 1017 2073 temnentes,
1057 2015 1257 2061 versuta
1293 2007 1641 2075 disputatione
1661 2049 1676 2073 ,
1720 2016 1939 2075 prater-

348 2100 503 2154 misso
530 2098 641 2153 Deo
668 2099 733 2153 de
766 2097 878 2154 Deo
903 2107 1122 2154 exeunte
1144 2138 1161 2165 ,
1189 2098 1257 2151 ad
1278 2099 1577 2153 communia
1605 2098 1938 2152 humanitatis

347 2193 579 2256 nomina,
605 2198 719 2263 quae
739 2201 950 2261 possunt
973 2190 1288 2265 argumentis
1314 2190 1494 2265 attingi
1522 2188 1699 2244 Patris
1728 2201 1774 2244 et
1807 2189 1936 2243 Filii

351 2287 615 2358 festinant,
644 2303 736 2340 nec
756 2285 1071 2359 intelligunt,
1092 2286 1216 2361 quia
1237 2286 1291 2338 in
1309 2280 1796 2361 exordio'carminis
1827 2282 1932 2338 Sa-

351 2379 446 2444 cri,
476 2376 613 2432 Deus
635 2379 699 2432 de
723 2376 834 2432 Deo
863 2394 958 2431 sua
984 2377 1080 2432 sibi
1102 2386 1147 2431 et
1171 2375 1471 2442 Diuinitate,
1494 2387 1541 2430 et
1567 2376 1771 2430 nomine
1792 2391 1930 2429 com-

349 2480 560 2544 paratus
584 2513 600 2539 ,
634 2487 809 2525 omnes
845 2469 1059 2524 humani
1098 2486 1275 2525 sensus
1315 2469 1636 2538 Opinationes
1669 2469 1933 2534 excludit,

346 2566 537 2637 quippe
557 2581 674 2618 cum
698 2565 871 2619 dicat:
897 2582 916 2615 ι
939 2562 1224 2618 Faciamus
1251 2562 1520 2619 hominem
1547 2563 1614 2617 ad
1644 2563 1934 2633 imaginem

349 2668 403 2713 et
430 2657 838 2713 similitudinem
857 2652 1156 2724 nostram,»
1193 2674 1296 2711 non
1314 2657 1504 2727 inquit,
1529 2654 1644 2734 Fac
1671 2657 1738 2711 ad
1768 2667 1932 2721 tuam,

347 2749 438 2804 sed
459 2751 532 2803 ait
552 2767 586 2802 ι
621 2733 909 2805 Faciamus
935 2748 1001 2803 ad
1025 2757 1285 2827 nostram,
1325 2768 1344 2801 ι
1379 2765 1442 2802 ne
1461 2733 1692 2819 quamF
1695 2749 1812 2803 ilius
1839 2747 1934 2802 ho-

345 2844 536 2898 minem
561 2845 836 2898 induturus
875 2844 983 2911 pati
1008 2844 1268 2896 videretur
1315 2843 1564 2912 injuriam
1589 2881 1603 2894 .
1636 2839 1899 2895 Videtisne
1918 2882 1933 2907 ,

350 2936 564 2992 Fratres
587 2937 935 3005 dilectissimi,
963 2938 1085 3008 quia
1116 2936 1290 2991 nullus
1318 2945 1490 2990 exerte
1515 2937 1598 2988 hic
1618 2937 1770 2990 alteri
1789 2930 1937 3009 jubet

344 3031 399 3084 in
436 3046 619 3100 opere,
650 3030 825 3084 nullus
865 3031 1058 3084 otiosus
1097 3039 1190 3084 est.
1228 3029 1271 3083 0
1309 3029 1502 3084 Sancta
1541 3029 1835 3097 aequalitas,
1873 3045 1935 3081 ac

2110 1819 2386 1875 Secundus
2412 1831 2592 1876 textus
2618 1839 2648 1876 a
2670 1825 2890 1879 Petavio
2920 1838 3155 1884 notatus.
3188 1831 3351 1896 Quem
3381 1833 3638 1904 (Filium)

2037 1921 2156 1965 ante
2196 1913 2369 1966 omnia
2403 1915 2593 1967 saecula
2625 1914 2781 1969 Pater
2811 1918 2863 1970 in
2895 1919 3154 1988 profundo
3184 1938 3293 1975 sua:
3327 1925 3512 1978 mentis
3546 1940 3640 1976 ar-

2036 2019 2163 2056 cano
2187 2004 2544 2076 insuspicabili
2581 2024 2642 2060 ac
2678 2009 2773 2061 sibi
2798 2009 2912 2062 ‘soli
2947 2020 3068 2063 nota
3107 2014 3459 2079 conscientia,
3503 2013 3641 2069 Filii

2036 2108 2138 2146 non
2175 2094 2285 2147 sine
2316 2094 2526 2160 a/I'ectu,
2565 2099 2657 2150 sed
2700 2097 2814 2152 sine
2852 2100 3161 2155 revelamine
3197 2104 3636 2174 amplectebatur.

2036 2181 2206 2254 Igitur
2258 2183 2541 2253 ineﬁ'abilis
2566 2188 2662 2242 illa
2689 2189 3335 2264 incomprehensibilisque
3361 2195 3643 2268 Sapientia

2036 2274 2378 2348 Sapientiam,
2416 2278 2799 2350 Omnipotentia
2853 2281 3296 2352 Omnipotentiam
3327 2301 3585 2360 propagat
3621 2307 3641 2345 .'

2041 2366 2117 2421 De
2149 2366 2262 2422 Deo
2297 2371 2527 2425 nascitur
2554 2369 2738 2440 Deus;
2781 2374 2856 2427 De
2894 2372 3135 2446 lngenito
3172 2376 3524 2448 Unigenitus;
3563 2383 3642 2436 De

2035 2461 2145 2515 solo
2181 2461 2355 2527 solus;
2386 2461 2462 2516 De
2489 2472 2593 2517 toto
2623 2473 2792 2531 totus;
2825 2464 2904 2519 De
2938 2483 3056 2525 vero
3081 2484 3263 2532 verus;
3291 2468 3369 2523 De
3405 2477 3642 2543 perfecto

2038 2557 2293 2622 perfectus
2325 2569 2344 2606 :
2375 2552 2564 2608 Totum
2600 2555 2778 2610 Patris
2811 2558 3033 2623 habens,
3068 2559 3201 2612 nihil
3229 2560 3489 2632 derogans
3531 2563 3645 2617 Pa-

2037 2646 2125 2708 tri,
2154 2647 2382 2716 procedit
2412 2647 2466 2699 in
2488 2647 2822 2712 nativitatem,
2853 2649 2941 2717 qui
2961 2659 3070 2703 erat
3091 2659 3365 2718 antequam
3395 2670 3640 2709 nascere-

2038 2746 2122 2790 tur
2149 2738 2205 2790 in
2233 2736 2409 2791 Patre.
2433 2739 2640 2806 Quibus
2667 2740 2847 2794 verbis
2883 2741 3154 2796 subinfert
3178 2743 3464 2799 Petavius:
3490 2744 3643 2816 Ergo

2038 2826 2235 2883 Filium
2266 2839 2538 2901 antequam
2559 2849 2590 2885 a
2611 2830 2770 2885 Patre
2793 2832 3109 2904 gigneretur,
3139 2837 3194 2888 in
3224 2834 3383 2890 Patre
3403 2839 3644 2892 extitisse

2034 2923 2293 2994 signiﬁcat
2315 2939 2332 2975 :
2362 2925 2624 2995 generatio
2649 2940 2788 2989 vero,
2821 2933 2870 2978 et
2889 2927 3130 2981 nativitas
3160 2928 3262 2997 fuit
3283 2946 3400 2982 cum
3423 2946 3506 2985 res
3531 2949 3639 2984 ont-

2039 3031 2126 3069 nes
2154 3031 2424 3083 procreare
2451 3017 2627 3082 voluit,
2662 3018 2798 3087 quod
2826 3019 2882 3071 in
2919 3020 3146 3073 secundo
3187 3038 3421 3076 sermone
3455 3023 3640 3076 decla-

347 3119 446 3176 sibi
469 3091 569 3184 soli
599 3121 900 3196 dignissima
928 3121 1208 3174 indiuidua:
1237 3120 1498 3174 Deitatis!
1525 3120 1671 3175 Unus
1698 3119 1846 3180 homo
1869 3121 1937 3173 ad
1963 3091 2008 3153 Β
2041 3119 2120 3162 ml
2149 3125 2166 3162 -'
2195 3127 2214 3160 ι
2237 3108 2403 3178 Cujus
2438 3126 2504 3164 ex
2531 3124 2648 3176 Ore.
2680 3121 2737 3165 υι
2767 3127 2951 3167 rerum
2981 3112 3204 3193 Natura,
3226 3132 3348 3183 qua:
3377 3133 3485 3171 non
3519 3127 3644 3173 erat

346 3215 564 3268 duorum
587 3215 884 3287 imaginem,
905 3223 952 3268 et
973 3213 1360 3267 sintilitudinem
1388 3214 1622 3287 ﬁngitur,
1655 3229 1745 3266 nec
1769 3222 1936 3266 tamen

344 3305 400 3359 in
423 3305 605 3374 ecquid
626 3309 774 3378 cujus
798 3305 860 3359 sit
880 3305 1154 3375 invenitur.
1183 3304 1243 3360 Si
1263 3306 1420 3379 igitur
1442 3306 1492 3357 in
1522 3321 1579 3375 op
1592 3320 1674 3359 ere
1696 3312 1936 3358 extraneo

347 3398 545 3467 paritas
574 3414 721 3451 sacra
744 3397 990 3470 distingui
1009 3413 1110 3450 non
1139 3405 1324 3464 potest,
1359 3396 1498 3450 Deus
1524 3397 1578 3449 in
1603 3397 1708 3450 alio
1728 3412 1781 3450 se
1803 3396 1938 3466 infe-

346 3492 454 3546 rior
479 3508 588 3546 esse
610 3491 1040 3562 quemadmodum
1072 3489 1274 3561 potest?
1307 3490 1571 3557 Quidquid
1597 3491 1730 3544 enim
1760 3491 1848 3542 uni
1876 3505 1939 3542 ex

343 3584 542 3638 duobus
567 3583 843 3638 indiscrete
867 3584 921 3637 in
948 3582 1182 3637 omnibus
1209 3581 1408 3637 sibimet
1444 3580 1805 3636 simulantibus
1843 3581 1936 3634 de-

341 3675 577 3740 traxeris,
610 3674 696 3727 cui
724 3674 1011 3729 detraxeris
1039 3673 1223 3728 nescis.

417 3765 482 3820 At
534 3764 624 3821 ille
678 3767 760 3820 cui
805 3768 1038 3839 jubetur,
1091 3774 1184 3830 est,
1234 3766 1425 3836 inquis,
1499 3767 1733 3837 inferior.
1795 3765 1936 3832 Quid

341 3859 480 3931 quod
505 3859 624 3914 inde
648 3876 750 3914 non
767 3877 875 3915 esse
899 3860 1216 3930 approbatur
1236 3859 1472 3928 inferior,
1505 3859 1628 3928 quia
1655 3858 1792 3911 unde
1817 3874 1937 3930 pro-

341 3952 490 4006 cessit
543 3940 754 4006 Paterni
799 3952 970 4007 cordis
1015 3961 1089 4007 est
1138 3960 1418 4017 executor;
1450 3968 1554 4005 non
1593 3952 1725 4005 enim
1768 3951 1937 4004 minus

341 4054 418 4100 est
445 4049 612 4115 facere
642 4062 826 4119 magna
849 4085 866 4110 ,
895 4062 1048 4116 quam
1078 4046 1268 4101 dicere.
1307 4044 1570 4111 Quamvis,
1599 4053 1646 4097 et
1666 4044 1802 4112 quod
1827 4043 1937 4097 dic-

344 4145 452 4191 tum
495 4146 568 4190 est
590 4155 622 4191 a
643 4136 830 4206 Patre,
873 4140 951 4193 vel
977 4138 1080 4192 dici
1106 4147 1304 4210 potest,
1335 4137 1546 4209 etquod
1583 4138 1776 4209 factum
1802 4146 1877 4191 est
1906 4155 1937 4190 a

342 4224 507 4291 Filio,
550 4229 630 4282 vel
653 4229 769 4297 ﬁeri
794 4239 957 4299 potest
985 4231 1093 4283 sine
1119 4221 1414 4303 dignatione
1445 4229 1673 4284 Paterna
1710 4247 1810 4286 non
1841 4239 1934 4298 est,

343 4325 464 4395 quia
492 4322 668 4377 Filius
689 4325 798 4377 sine
831 4323 992 4377 Patre
1018 4341 1118 4378 non
1148 4333 1221 4378 est
1251 4325 1361 4396 ipso
1393 4325 1711 4380 dicente.....
1737 4326 1794 4380 Si
1827 4340 1933 4379 non

341 4417 483 4472 facio
515 4418 650 4472 facta
685 4418 860 4474 Patris
891 4417 1016 4480 mei,
1052 4417 1219 4472 nolite
1266 4419 1395 4472 mihi
1427 4418 1650 4474 credere
1695 4437 1708 4472 :
1753 4418 1846 4473 sed
1887 4418 1933 4472 si

2041 3200 2354 3271 fingeretur,
2385 3201 2619 3270 prodivit
2649 3202 2968 3274 Unigenitus
2994 3205 3162 3261 Filius
3185 3208 3366 3262 cordis
3390 3209 3509 3278 ejus
3543 3227 3643 3265 no-

2041 3293 2163 3348 bilis
2195 3293 2526 3363 inquilinus,
2570 3310 2635 3349 ex
2680 3295 2807 3352 inde
2833 3298 3062 3353 visibilis
3101 3299 3347 3368 effectus,
3377 3303 3504 3372 quia
3535 3303 3644 3358 hu-

2038 3401 2255 3440 manum
2283 3401 2454 3456 genus
2478 3386 2791 3444 visitaturus
2819 3400 2955 3458 erat,
2987 3402 3092 3449 etc.
3110 3411 3128 3445 ι

2112 3479 2363 3535 Petavius
2386 3479 2568 3549 itaque
2588 3481 2721 3537 duas
2749 3483 2799 3536 in
2821 3483 3036 3539 Christo
3067 3485 3291 3541 Domino
3311 3487 3638 3547 Nativitates

2041 3573 2100 3629 S.
2132 3573 2404 3629 Zenonem
2435 3577 2722 3645 agnovisse
2752 3576 2951 3632 fatetur
2983 3596 2995 3631 :
3035 3580 3258 3648 primam
3286 3582 3541 3637 eumdem
3572 3583 3636 3639 S.

2043 3672 2326 3727 Doctorem
2370 3674 2680 3743 assignasse
2711 3683 2860 3744 putat
2889 3691 2995 3729 non
3035 3685 3292 3732 aeternam
3317 3720 3332 3740 .
3373 3680 3471 3734 sed
3509 3696 3638 3736 cum

2040 3781 2127 3820 res
2154 3782 2342 3822 omnes
2372 3782 2661 3836 procreare
2691 3769 2859 3824 voluit
2891 3787 2903 3822 :
2940 3770 3127 3842 sicque
3151 3771 3346 3826 Filium
3383 3789 3449 3828 ex
3493 3779 3638 3830 omni

2038 3860 2319 3914 reternitate
2362 3859 2417 3914 in
2455 3860 2630 3915 Patris
2658 3862 2810 3927 sinu,
2845 3870 2894 3915 et
2921 3865 3141 3918 essentia
3180 3865 3333 3919 veluti
3373 3867 3637 3922 indiscre-

2038 3963 2166 4016 tum,
2199 3962 2245 4006 et
2271 3953 2493 4023 afﬁxam
2519 3954 2726 4008 Iussisse
2755 3971 2772 4008 :
2801 3955 3156 4011 lndiscretunt
3188 3957 3448 4013 videlicet
3472 3976 3502 4014 a
3534 3960 3639 4015 Pa-

2038 4049 2132 4101 tris
2157 4047 2394 4102 Persona
2423 4063 2528 4102 non
2551 4047 3092 4121 distinetum,.neque
3120 4052 3393 4120 propriam
3425 4050 3635 4123 ltypos~

2037 4139 2192 4193 tasim
2231 4138 2480 4194 habuisse
2521 4148 2645 4194 ante
2669 4155 2850 4194 rerum
2896 4141 3251 4197 creationem.
3284 4143 3355 4196 At
3392 4142 3451 4198 S.
3483 4143 3637 4201 Zeno

2037 4233 2118 4304 (ut
2143 4232 2344 4300 optime
2377 4243 2642 4301 reponunt
2668 4231 2851 4287 eximii
2876 4232 3182 4300 Ballerinii)
3209 4233 3438 4304 primam
3472 4235 3636 4292 Verbi

2037 4326 2371 4380 nativitatem
2399 4335 2655 4381 mternam
2688 4328 2905 4392 asserit,
2938 4326 3082 4396 quod
3113 4342 3181 4382 ex
3214 4327 3384 4396 ipsius
3410 4340 3638 4384 senten-

2037 4417 2109 4471 tia
2155 4418 2457 4472 luculenter
2499 4419 2824 4472 ostenditur.
2869 4419 2949 4473 En
3000 4419 3057 4474 S.
3112 4419 3357 4474 Doctoris
3404 4422 3570 4476 verba
3617 4441 3633 4476 :

341 4509 474 4564 mihi
498 4509 723 4565 credere
751 4525 857 4564 non
883 4510 1065 4577 vultis,
1096 4509 1251 4563 factis
1273 4510 1496 4577 credite,
1523 4519 1578 4565 et
1599 4511 1929 4580 cognoscite,
1956 4481 2010 4539 D
2040 4509 2360 4578 Quapropter
2389 4511 2519 4564 duas
2555 4527 2662 4564 esse
2705 4512 2991 4565 nativitates
3021 4510 3232 4566 Domini
3273 4509 3460 4566 Nostri
3500 4513 3632 4568 Iesu

340 4602 463 4672 quia
497 4602 550 4656 in
582 4617 668 4659 me
696 4610 784 4657 est
820 4601 1001 4664 Pater,
1031 4612 1085 4656 et
1107 4617 1207 4672 ego
1247 4603 1299 4655 in
1331 4603 1540 4656 illo.....
1574 4602 1785 4657 Constat
1811 4620 1930 4676 ergo

339 4694 590 4766 aqualem
611 4712 741 4758 esse,
766 4696 906 4765 quod
929 4695 1143 4750 invicem
1163 4712 1216 4749 se
1236 4697 1378 4766 capit
1406 4697 1457 4749 in
1488 4696 1690 4765 Spiritu
1716 4697 1926 4752 Sancto.

411 4786 587 4842 Tanto
615 4786 886 4842 rationum
914 4787 1176 4855 pondere,
1204 4801 1267 4841 ae
1293 4787 1587 4856 Scripturze
1611 4789 1929 4845 auctoritate

338 4881 702 4952 mqualitatem
728 4880 780 4934 in
815 4879 996 4945 Patre,
1027 4888 1080 4934 et
1110 4879 1244 4934 Filio
1268 4879 1604 4933 demonstrat
1633 4879 1781 4934 Zeno
1815 4897 1828 4933 :
1857 4897 1926 4936 ex

338 4973 440 5029 hac
469 4973 778 5044 aequalitate
804 4972 1199 5036 demonstrata,
1233 4980 1288 5026 et
1317 4973 1685 5037 eoaeternitas,
1710 4981 1771 5030 et
1798 4974 1923 5027 sub-

337 5068 551 5121 stantia:
579 5065 788 5128 Unitas,
818 5079 1030 5120 necnon
1062 5074 1116 5118 et
1144 5064 1502 5118 Personarum
1530 5065 1802 5118 distinctio
1833 5081 1927 5118 ne-

336 5162 574 5232 cessario
612 5159 862 5230 emergit.
908 5157 1079 5212 Nemo
1119 5157 1264 5211 enim
1298 5157 1401 5211 sibi
1430 5157 1654 5228 aequalis
1679 5166 1801 5226 est,
1834 5157 1929 5213 sed

338 5253 515 5306 alteri.

410 5347 688 5416 Explicata
717 5346 902 5416 itaque
937 5345 997 5399 D.
1032 5344 1266 5398 Zenonis
1310 5353 1493 5397 mente
1520 5344 1660 5398 circa
1693 5345 1932 5400 Sanctis-

338 5438 486 5494 simze
531 5439 813 5494 Trinitatis
860 5437 1207 5510 Mysterium,
1261 5437 1490 5507 Filiique
1541 5437 1880 5492 Divinitatem
1911 5480 1925 5505 ,

339 5547 480 5586 nunc
510 5532 576 5586 ad
619 5547 850 5587 examen
885 5533 918 5586 ii
949 5539 1078 5586 sunt
1103 5530 1390 5585 revocandi
1417 5539 1615 5595 textus,
1648 5527 1841 5598 quibus
1864 5530 1922 5586 S.

339 5623 497 5692 hujus
545 5625 789 5680 Doctoris
838 5623 1106 5680 sententia
1157 5623 1342 5678 Arium
1391 5639 1584 5693 sapere
1623 5623 1920 5677 dubitatur.

343 5715 513 5772 Unum
555 5718 801 5787 superius
841 5717 1157 5782 attuliutus,
1200 5726 1253 5771 at
1286 5717 1534 5773 eumdem
1579 5716 1665 5771 hic
1697 5715 1918 5785 majoris

2037 4603 2234 4657 Christi
2265 4606 2548 4658 necessario
2577 4605 2708 4658 scire
2742 4605 2886 4659 debet
2927 4603 3164 4675 Papulas
3195 4603 3546 4672 Christianus,
3570 4625 3636 4660 ne

2033 4713 2182 4766 quem
2213 4698 2438 4763 patiatur
2461 4713 2687 4750 errorem
2721 4712 2740 4749 :
2772 4713 2926 4749 unam
2953 4713 3054 4765 qua
3081 4706 3232 4751 natus
3257 4705 3333 4751 est
3350 4739 3365 4764 ,
3407 4701 3632 4753 alteram

2033 4807 2134 4858 qua
2156 4802 2361 4844 renatus
2393 4806 2411 4844 :
2431 4791 2519 4844 sed
2540 4791 2672 4844 sicut
2693 4789 3094 4858 est’Spiritualis
3119 4791 3287 4860 prima
3303 4790 3416 4846 sine
3440 4805 3629 4861 matre,

2032 4883 2106 4936 ita
2134 4884 2244 4936 sine
2275 4881 2436 4937 Patre
2473 4883 2703 4936 secunda
2739 4882 2962 4936 carnalis
2991 4899 3008 4936 :
3038 4883 3147 4937 htec
3187 4884 3458 4950 miranda,
3517 4889 3633 4941 ine-

2033 4975 2312 5028 narrabilis
2347 4976 2479 5040 illa,
2529 4974 2792 5043 Propheta
2832 4973 3032 5028 dicente
3076 4991 3095 5028 :
3137 4974 3471 5030 Natioitatem
3513 4983 3632 5052 ejus

2032 5069 2147 5136 quis
2175 5067 2470 5121 enarrabit?
2519 5065 2623 5118 Cur
2649 5073 2821 5118 autem
2853 5067 2918 5119 sit
2952 5067 3313 5123 inenarrabilis
3341 5068 3505 5124 Patre
3541 5073 3628 5125 lo-

2031 5169 2214 5230 quente
2251 5175 2546 5213 noscamus.
2591 5157 2844 5212 Dominus
2883 5163 2992 5230 ipse
3030 5176 3123 5214 nos
3154 5160 3320 5215 docet.
3354 5161 3631 5217 Eructaait

2032 5269 2120 5306 cor
2160 5270 2329 5329 meum
2379 5251 2595 5304 Verbum
2631 5251 2853 5318 bonum,
2881 5262 2989 5307 etc.
3024 5263 3072 5306 et
3111 5256 3254 5325 apud
3287 5251 3630 5311 Salomoneus

2032 5345 2276 5399 hactenus
2323 5344 2497 5396 dicens
2532 5361 2546 5396 :
2591 5343 2699 5415 Ego
2740 5360 2802 5397 ex
2840 5359 2928 5397 ore
2970 5343 3225 5397 Altissimi
3263 5346 3466 5416 prodioi
3507 5359 3631 5403 ante

2035 5453 2234 5489 onmem
2277 5445 2585 5489 creaturam.
2627 5434 2977 5504 Prosequitur
3024 5436 3077 5490 S.
3132 5435 3276 5490 Zeno
3320 5438 3386 5492 de
3429 5439 3628 5495 eadem

2035 5531 2207 5598 prima
2228 5528 2598 5598 generatione,
2627 5541 2720 5581 seu
2750 5527 3028 5582 uativitate
3049 5518 3322 5582 disserens
3347 5530 3401 5583 in
3427 5535 3628 5585 eodem

2031 5623 2285 5678 Tractatu
2308 5619 2668 5674 :Admirabilis
2693 5621 2878 5691 gratia,
2909 5619 3123 5675 Fratres
3153 5620 3469 5687 charissimi,
3502 5639 3635 5676 con-

2028 5718 2222 5788 spicua:
2252 5716 2506 5782 veritatis,
2536 5729 2648 5783 qua:
2673 5713 2796 5768 dum
2829 5714 3022 5770 secerni
3063 5723 3254 5784 potest,
3296 5723 3470 5768 tamen
3503 5713 3634 5768 sibi-
