3822 6220
153 145 234 199 (ibi

1519 144 1895 201 υιδδιςιιίλίλ
1908 146 1990 199 lt).

3334 150 3437 204 03;!

147 269 232 313 utet
258 269 466 314 externa
497 276 605 316 esse
633 278 734 315 non
765 269 949 330 potest.
993 260 1052 312 Si
1093 262 1224 312 enim
1259 259 1472 312 l'erbum
1508 260 1560 311 in
1594 259 1722 322 Deo,
1753 271 1802 324 Α
1833 261 1977 314 tione
2008 260 2067 313 ι).
2103 242 2337 313 Zenonis
2369 257 2614 314 doctrina
2650 277 2663 325 ;
2695 259 2808 314 Non
2846 261 3046 316 etenim
3077 262 3436 331 expliczttione

145 364 185 408 et
209 354 342 409 Deus
369 369 444 412 est
483 355 704 410 Verbum
723 396 739 423 ,
770 364 815 408 et
841 355 937 408 hoc
979 363 1051 408 est
1078 354 1131 406 in
1167 369 1266 422 quo
1297 364 1371 405 est
1391 394 1403 416 ,
1433 353 1569 420 quod
1597 355 1727 406 illud

146 457 227 514 est,
253 449 341 517 qui
368 451 525 514 inest,
554 448 748 518 duplea:
777 463 1022 518 persona,
1055 446 1250 518 duplex
1275 435 1604 508 uocabulum,
1638 446 1727 499 sed

146 544 399 617 originalis
423 544 798 616 perpetuitatis,
833 560 894 597 ac
921 541 1138 596 Deitatis
1172 533 1249 594 est
1273 556 1377 593 una
1404 539 1726 601 substantia,

145 635 356 691 Domino
383 638 497 707 ipso
543 637 740 691 dicente
780 653 800 689 :
847 635 960 705 Ego
1005 643 1060 689 et
1105 629 1266 688 Pater
1305 646 1470 686 unum
1519 645 1725 685 sumus.

150 726 289 794 Quod
328 744 431 781 non
469 728 643 796 utique
701 727 775 781 sic
832 727 942 791 ait,
999 725 1142 779 utin
1195 739 1353 777 unum
1401 722 1530 776 duos
1593 721 1730 776 redi-

146 818 300 891 genda
341 818 718 891 confunderet,
765 816 856 872 sed
907 826 962 870 ut
999 816 1222 871 duorum
1250 830 1409 870 unam
1441 813 1732 868 Dicinitatis

147 912 507 983 potestatisque
537 894 961 982 omnipotentiani
983 928 1075 966 nos
1103 912 1325 964 doceret.

211 1001 283 1056 De
309 1002 518 1057 duabus
540 1001 690 1057 hisee
720 1002 1096 1058 nativitatibus
1122 1002 1235 1073 agit
1255 1001 1313 1056 S.
1347 1001 1550 1056 Doctor
1569 1000 1733 1054 etiam

148 1094 316 1148 Tract.
351 1110 466 1158 vui,
501 1109 649 1148 num.
681 1095 704 1149 1
742 1112 755 1146 :
787 1093 958 1166 Igitur
982 1097 1114 1149 duas
1156 1097 1447 1149 nativitates
1476 1110 1587 1148 esse
1621 1092 1733 1147 Do-

147 1189 256 1241 mini
283 1186 341 1241 J.
363 1184 424 1241 ϐ.
451 1187 597 1245 rudis
610 1180 632 1256 ,⁸
649 1198 739 1242 aut
765 1190 1025 1261 negligens
1051 1189 1192 1256 disce
1209 1189 1521 1253 Christiane,
1546 1175 1735 1253 ne'quo

148 1279 413 1350 decipiaris
450 1295 641 1336 errore.
679 1279 853 1336 Unam
879 1297 1052 1352 quem.
1072 1281 1164 1338 libi
1189 1297 1295 1336 non
1328 1281 1446 1335 licet
1468 1295 1696 1350 quaerere
1721 1320 1736 1343 ,

147 1373 353 1428 alteram
381 1389 534 1442 quant
578 1375 803 1447 legitime
840 1375 886 1428 si
931 1376 1099 1443 possis
1119 1417 1132 1437 ,
1163 1375 1473 1443 permitteris
1515 1373 1735 1427 edoceri.

153 1466 323 1519 Prima
366 1466 543 1536 itaque
583 1466 864 1519 nativitatis
904 1464 1115 1520 Domini
1144 1465 1329 1521 Nostri
1356 1467 1411 1520 in
1439 1464 1616 1519 Patris
1642 1507 1657 1531 ,
1693 1474 1740 1518 et

152 1555 270 1611 Filii
302 1565 500 1611 tantum
519 1558 832 1615 conscientia
852 1569 1044 1622 manet,
1069 1575 1157 1613 nec
1178 1542 1456 1629 quidquam
1487 1556 1634 1610 habet
1657 1557 1742 1616 in-

1832 351 2032 421 indiget
2061 353 2202 422 qttod
2245 350 2500 406 Tractatu
2529 367 2579 405 ts
2603 395 2616 417 ,
2658 349 2811 408 num.
2844 354 2901 424 2,
2935 355 3159 424 protulit
3192 355 3439 411 disertis-

1830 444 1984 498 simis
2010 445 2189 500 verbis
2217 462 2227 496 :
2265 444 2310 497 0
2333 460 2462 497 nova
2486 445 2617 499 ratio
2642 447 2662 498 .’
2688 447 2872 501 Amore
2893 448 3133 520 imaginis
3156 464 3263 504 sua:
3287 466 3438 503 coac-

1831 545 1911 590 tus
1943 538 1994 590 in
2021 539 2279 606 infantem,
2294 537 2428 608 vagit
2456 535 2616 592 Deus.
2653 537 2779 592 lltec.
2806 550 2882 595 est
2908 543 3042 595 enim
3075 551 3296 611 potestas
3318 541 3440 606 Dei,

1833 636 1888 680 ut
1932 629 2074 682 salco
2111 629 2247 697 quod
2279 639 2388 695 est,
2423 629 2584 696 possit
2612 646 2720 684 esse
2747 633 2888 701 quod
2930 649 3031 687 non
3079 645 3172 688 est.
3225 633 3328 687 llic
3371 643 3445 688 est

1835 717 1977 776 Deus
2011 732 2203 787 noster,
2234 725 2417 777 ceterni
2442 720 2544 776 Dei
2575 733 2859 779 coazternus
2893 724 3083 780 Filius.

1906 812 2027 882 Ipse
2051 815 2228 885 itaque
2260 830 2383 871 sese
2411 815 2649 886 explicat
2675 813 2735 870 S.
2765 815 2934 884 Zeno,
2990 820 3117 890 quid
3166 820 3449 878 intellexe-

1838 905 1908 956 rit
1949 905 2006 958 in
2039 905 2267 986 objectis
2307 923 2334 958 a
2371 906 2597 964 Patavio
2632 907 2906 973 textibus,
2964 927 3088 965 cum
3129 909 3260 966 dicit
3304 912 3447 987 quod

1846 995 2001 1050 Pater
2039 1001 2314 1053 indiscreta
2355 1000 2588 1069 Spiritus
2615 1001 2931 1071 plenitudine
2963 1045 2976 1067 ,
3008 1005 3178 1057 nescio
3207 1021 3313 1074 qua
3359 1021 3454 1058 sua

1840 1091 2149 1144 conscientia
2173 1093 2397 1146 velatum
2424 1092 2535 1146 sine
2578 1092 2882 1146 discrimine
2909 1097 3312 1163 amplectebatur
3339 1097 3450 1168 (Fi-

1843 1181 2038 1254 lium).
2080 1185 2146 1238 Et
2184 1184 2237 1237 in
2269 1183 2528 1260 Tractatu
2579 1200 2658 1240 ιη·
2685 1184 2779 1241 lib.
2815 1200 2852 1240 lt
2878 1203 2890 1237 ε
2919 1185 3080 1253 Quem
3124 1200 3242 1243 ante
3283 1192 3458 1244 omnia

1841 1276 2031 1330 scccula
2065 1276 2223 1332 Pater
2253 1279 2305 1331 in
2338 1279 2600 1351 profundo
2625 1279 2970 1357 ﬁrmamentis
2998 1297 3188 1336 arcano
3229 1284 3455 1353 insuspi-

1843 1367 2022 1431 cubili,
2047 1385 2107 1422 ac
2134 1368 2233 1423 soli
2277 1369 2373 1424 sibi
2415 1382 2540 1425 nota
2573 1364 2887 1426 conscientia
2927 1369 3058 1426 Filii
3091 1390 3195 1426 non
3220 1375 3331 1429 sine
3376 1379 3461 1448 af-

1846 1466 2005 1533 fectu,
2058 1463 2151 1515 sed
2189 1464 2298 1517 sine
2324 1466 2628 1519 revelantine
2671 1466 3091 1537 amplectebatur.
3133 1464 3276 1522 Nihil
3317 1469 3463 1524 aliud

1846 1568 1995 1610 certe
2031 1571 2190 1625 quam
2223 1556 2517 1611 discrimen
2550 1567 2813 1612 mternam
2846 1560 2992 1613 inter
3013 1558 3181 1615 Verbi
3213 1560 3466 1616 nativita-

152 1655 430 1725 terjecturn,
457 1667 620 1720 neque
639 1652 927 1718 conscium,
951 1654 1087 1722 quod
1109 1668 1173 1705 ea:
1194 1649 1530 1704 Pateruitatis
1552 1647 1742 1715 affectu
1774 1661 1817 1720 Β
1849 1657 1991 1712 tem,
2024 1660 2078 1704 et
2126 1651 2482 1721 temporalem
2535 1651 2780 1721 ejusdem
2828 1650 2950 1707 Filii
2977 1653 3094 1708 Dei
3139 1654 3470 1709 incarnatio-

153 1745 391 1815 processit
421 1760 522 1798 uno
547 1760 815 1799 consensu.
847 1743 1092 1799 Secunda
1118 1759 1235 1798 vero
1261 1743 1485 1796 carnalis
1504 1740 1710 1811 prodita
1728 1781 1742 1804 ,

156 1838 528 1892 itd‘invenimus
555 1853 663 1892 esse
682 1837 1013 1909 completam.
1045 1862 1054 1875 -

224 1932 361 1987 Duas
389 1932 574 2002 itaque
615 1945 874 2002 personas
902 1929 961 1986 S.
994 1930 1140 1985 Zeno
1179 1929 1230 1982 in
1259 1929 1360 1983 hac
1394 1927 1564 1996 prima
1607 1925 1748 1979 nati-

160 2027 313 2083 titate
342 2027 574 2082 fatetur:
605 2026 667 2082 Si
704 2027 838 2080 enim
872 2023 1093 2081 Verbum
1121 2025 1174 2078 in
1201 2040 1300 2093 quo
1329 2033 1426 2088 est,
1457 2021 1594 2093 quod
1620 2019 1752 2074 illud

159 2129 248 2184 est,
275 2121 361 2190 qui
389 2120 520 2174 inest
566 2118 761 2188 duplex
804 2135 1054 2185 persona,
1078 2116 1282 2184 duplex
1323 2115 1628 2170 uocabulum
1657 2129 1674 2178 ;
1701 2121 1756 2166 et

161 2214 285 2269 duas
315 2216 478 2268 hasce
507 2226 768 2282 personas
794 2211 845 2265 in
870 2225 974 2264 una
1005 2209 1310 2264 substantia
1337 2204 1614 2276 originalis
1635 2217 1756 2258 esse

166 2305 531 2376 perpetuitatis
561 2302 903 2374 apertissime
945 2301 1142 2357 asserit
1169 2320 1182 2355 :
1209 2299 1316 2356 Sed
1341 2297 1611 2368 originalis
1639 2313 1756 2373 per-

165 2399 416 2469 petuitatis
439 2439 453 2464 ,
483 2414 544 2451 ac
583 2396 801 2451 Deitatis
827 2407 902 2450 est
929 2411 1035 2449 una
1076 2394 1396 2460 substantia;
1417 2405 1617 2462 eaSque
1649 2405 1756 2445 non

166 2491 410 2547 confusas
450 2490 698 2545 absolute
726 2489 887 2555 dicit,
932 2487 1275 2559 prosequitur
1323 2485 1521 2557 quippe
1565 2485 1759 2538 imme-
1822 2495 1828 2502 '

164 2587 301 2644 diate
329 2605 344 2640 :
378 2585 603 2642 Domino
628 2586 742 2656 ipso
767 2585 966 2640 dicente
991 2626 1006 2651 ,
1044 2583 1158 2654 Ego
1185 2591 1240 2639 et
1265 2582 1430 2638 Pater
1473 2597 1637 2636 unum
1666 2595 1759 2635 su-

167 2697 301 2746 mus;
328 2680 467 2752 quod
495 2696 600 2734 non
629 2679 918 2775 utique.sic
947 2678 1018 2732 ait
1037 2719 1054 2744 ,
1085 2685 1141 2731 ut
1183 2678 1236 2730 in
1265 2693 1424 2730 unum
1454 2678 1585 2730 duos
1621 2675 1761 2728 redi-

167 2777 325 2848 genda
369 2775 751 2848 confunderet,
782 2770 873 2828 scd
920 2783 976 2827 ut
1011 2773 1231 2826 duorum
1261 2787 1418 2825 unam
1444 2770 1766 2847 .Diviuitatis

170 2871 526 2940 potestatisque
572 2885 682 2924 esse
732 2867 1154 2938 omnipotentiam
1209 2882 1302 2919 nos
1348 2866 1569 2919 doceret.
1627 2862 1766 2931 Quid

169 2964 361 3020 clarius
393 2964 501 3020 dici
539 2973 720 3036 potest
750 2962 817 3018 ad
859 2960 1267 3035 exprimendam
1299 2969 1560 3015 aeternam
1595 2960 1770 3013 unita-

1852 1758 2000 1809 netn,
2031 1742 2335 1799 mirabilem
2368 1743 2509 1799 hanc
2531 1760 2653 1800 esse
2677 1745 2868 1800 dicens
2895 1763 2909 1800 :
2944 1745 3470 1815 imperscrutabiiem

1854 1839 1998 1892 illam
2032 1838 2196 1893 variis
2225 1839 2807 1898 circumlocutionibus
2853 1856 3129 1897 asserens.
3157 1841 3306 1898 Duas
3349 1845 3469 1916 (ait)

1855 1935 2143 1988 nativitates
2182 1951 2292 1989 esse
2326 1932 2537 1989 D‘omiui
2586 1935 2847 1990 NostriJ.
2890 1935 3024 1991 (3....
3083 1952 3238 1991 unam
3262 1979 3276 2004 ,
3315 1955 3471 2009 quam

1858 2026 1947 2079 tibi
1977 2043 2077 2080 non
2103 2027 2217 2080 licet
2243 2043 2491 2097 quaerere,
2515 2028 2756 2095 alterum,
2790 2045 2942 2098 quam
2975 2029 3199 2099 legitime
3221 2031 3265 2083 si
3285 2034 3471 2099 possis,

1861 2121 2165 2190 permitteris
2191 2121 2422 2176 edocere.
2455 2120 2810 2190 Prosequitur
2836 2121 3029 2177 iisdem
3065 2122 3178 2178 fere
3207 2126 3386 2179 τοι-ως
3414 2143 3477 2179 ac.

1861 2216 1914 2271 in
1958 2216 2187 2287 objectis
2230 2218 2469 2272 testibus
2501 2236 2513 2273 :
2543 2217 2726 2274 Prima
2762 2220 2938 2290 itaque
2979 2222 3222 2276 nativitas
3269 2223 3479 2277 Domini

1862 2310 2025 2364 uestri
2054 2311 2105 2362 in
2129 2308 2327 2375 Patris,
2359 2322 2410 2365 et
2440 2308 2569 2364 Filii
2598 2321 2799 2366 tantum
2838 2315 3152 2368 conscientia
3179 2322 3347 2371 manet
3371 2359 3386 2383 ,
3416 2332 3480 2371 ac
3543 2304 3548 2310 ’

1862 2401 2090 2470 proinde
2116 2401 2523 2458 iuserntabilem
2549 2404 2801 2474 superius
2830 2405 2986 2460 dixit.
3027 2404 3218 2462 Nescio
3241 2426 3343 2479 qua
3384 2401 3477 2463 sua

1864 2492 2090 2566 (Patris)
2125 2498 2438 2550 conscientia
2469 2499 2708 2554 velatum.
2755 2499 2855 2576 Hie
2905 2501 2958 2555 iu
3008 2501 3184 2556 Patris
3209 2546 3224 2570 ,
3276 2515 3322 2558 et
3357 2503 3485 2559 Filii

1864 2597 2064 2642 tantum
2097 2591 2409 2644 conscientia
2451 2603 2642 2658 manet,
2693 2593 2836 2660 qund
2870 2595 2922 2648 in
2969 2595 3113 2651 idem
3160 2598 3373 2666 recidit,
3416 2600 3482 2654 ad

1866 2683 2557 2756 exprimendam‘mysterii
2595 2686 3020 2755 profunditatem
3066 2691 3490 2764 incomprehen-

1869 2774 2315 2847 sibilitatemque.
2339 2775 2455 2831 Non
2481 2778 2724 2837 excludit
2746 2789 2926 2837 tamen
2951 2781 3147 2839 Filium
3174 2786 3240 2840 ab
3264 2785 3364 2840 hac
3388 2803 3480 2857 ge-

1873 2869 2174 2923 nerationis
2202 2871 2387 2924 notitia
2409 2887 2530 2926 cum
2557 2875 2794 2943 utrique,
2817 2883 2871 2929 et
2897 2874 3056 2930 Pater
3078 2888 3131 2930 et
3158 2877 3329 2932 Filius
3347 2880 3488 2948 ejus-

1872 2960 1995 3014 dem
2019 2963 2409 3030 generationis,
2435 2975 2494 3019 ut
2518 2965 2633 3033 ipse
2654 2968 2758 3034 ait,
2787 2968 2896 3022 sint
2915 2971 3118 3025 conscii
3145 2971 3198 3024 in
3223 2970 3418 3035 Patris.
3445 2985 3490 3028 et

173 3066 272 3112 tem
304 3059 508 3113 Divina:
553 3056 906 3121 substantiae;
947 3055 1455 3124 distinctionemque
1487 3061 1754 3124 'persoua-
1793 3060 1840 3124 ρ
1872 3050 2002 3107 Filii
2019 3064 2214 3108 tantum
2238 3058 2549 3110 conscientia
2569 3070 2756 3113 manet.
2781 3060 2914 3115 lllnd
2934 3077 3082 3129 vero,
3105 3079 3198 3118 nec
3213 3066 3489 3135 quidquam

169 3168 304 3206 rum.
343 3152 700 3208 Coaeternitas
739 3149 938 3206 etenim
980 3148 1231 3204 distincte
1276 3149 1598 3218 exprimitur
1643 3163 1765 3201 eum

169 3243 292 3301 dicit
324 3265 338 3300 :
370 3245 481 3301 Sed
509 3245 777 3316 originalis
807 3244 1158 3313 perpetuitatis
1178 3285 1192 3308 ,
1225 3260 1285 3296 ac
1317 3242 1535 3296 Deitatis
1561 3250 1635 3296 est
1664 3258 1769 3294 una

169 3338 470 3392 substantia.
503 3337 595 3392 llze
639 3337 818 3407 itaque
854 3337 914 3390 D.
958 3333 1192 3391 Zenonis
1237 3335 1522 3390 sententia:
1555 3334 1770 3405 penitus

171 3429 462 3484 excludunt
492 3429 697 3484 Petavii
729 3429 1267 3499 interpretationem,
1299 3442 1404 3498 qua
1437 3427 1550 3482 vult
1577 3427 1633 3480 S.
1662 3431 1772 3481 An—

173 3522 390 3578 tistitem
442 3521 814 3582 Veronensem
871 3520 1170 3578 asseruisse
1218 3537 1232 3573 :
1291 3505 1511 3576 Verbum
1558 3519 1657 3574 Dei
1711 3537 1772 3574 ea:

172 3618 304 3670 omni
330 3617 617 3671 (eternitate
658 3616 712 3672 in
742 3615 918 3670 Patris
951 3617 1070 3670 sinu
1094 3658 1110 3682 ,
1133 3626 1181 3670 et
1207 3617 1428 3669 essentia
1454 3616 1587 3670 velut
1610 3616 1772 3668 indis-

173 3723 356 3767 cretum
404 3712 498 3783 (iu
544 3727 778 3784 persona
805 3713 822 3782 )
847 3721 894 3765 et
926 3711 1136 3782 afﬁxam
1162 3711 1368 3765 hazsisse
1392 3753 1403 3772 .
1430 3721 1604 3782 postea
1658 3727 1772 3763 vero

173 3822 282 3858 cum
311 3807 637 3877 designatum
660 3821 691 3859 a
713 3822 767 3859 se
795 3821 967 3860 rerum
997 3806 1373 3859 universitatem
1400 3805 1570 3859 moliri
1593 3804 1738 3859 vellet
1755 3847 1770 3872 ,

172 3917 282 3954 eum
308 3901 481 3971 ipsum
511 3917 574 3955 ea;
598 3916 705 3954 sese
735 3915 1049 3971 propagasse
1073 3941 1086 3962 ,
1111 3916 1171 3952 ac
1200 3900 1454 3970 genuisse.
1481 3897 1598 3954 Non
1627 3899 1772 3953 enim

173 4002 312 4048 esset
355 3992 606 4049 absolute
634 4008 847 4069 verum,
877 3992 1021 4063 quod
1062 3991 1204 4046 idem
1247 3993 1304 4047 S.
1359 3992 1559 4047 Doctor
1602 3993 1777 4047 mani-

172 4085 308 4142 festo
336 4085 499 4143 docet
524 4103 537 4140 :
572 4087 720 4153 Quod
748 4103 852 4158 non
883 4087 1053 4158 utique
1077 4088 1151 4141 sic
1181 4088 1347 4154 ait,ut
1377 4087 1430 4140 in
1460 4104 1619 4141 unum
1647 4088 1778 4142 duos

175 4180 480 4250 redigenda,
510 4180 868 4248 confunderet.
901 4179 1108 4250 Quippe
1135 4180 1180 4234 si
1219 4164 1511 4250 antequam
1539 4180 1779 4252 designa-

174 4283 275 4328 tam
318 4291 346 4327 a
384 4292 441 4330 se
477 4291 654 4330 revera
707 4275 1084 4328 universitatem
1128 4275 1296 4328 moliri
1338 4274 1483 4328 vellet
1516 4317 1530 4338 ,
1557 4275 1672 4328 licet
1719 4290 1782 4327 ea:

174 4369 310 4420 omni
343 4367 632 4422 a'ternitate
653 4367 706 4422 in
738 4366 913 4421 Patris
942 4367 1083 4434 sinu,
1115 4377 1163 4421 et
1191 4368 1409 4421 essentia
1438 4366 1575 4420 velut
1620 4368 1782 4422 indis-

1873 3146 2021 3200 habet
2041 3148 2386 3216 iuterje'ctum,
2424 3151 2567 3220 idem
2600 3152 2872 3223 signiﬁcat
2901 3170 2964 3209 ac
2997 3155 3099 3209 alia
3134 3157 3292 3212 verba
3327 3159 3495 3212 iuuis-

1873 3251 2010 3292 creta
2034 3239 2265 3310 Spiritus
2291 3242 2623 3308 plenitudine.
2647 3243 2779 3299 Cum
2811 3245 2980 3303 Filius
3009 3265 3110 3302 una
3140 3250 3212 3304 sit
3241 3252 3497 3307 SanIan-

1874 3333 1945 3384 tia
1977 3347 2096 3385 cum
2129 3331 2323 3401 Patre,
2353 3349 2415 3388 ea
2447 3336 2650 3390 etenim
2679 3336 2854 3410 Verba
2885 3337 3112 3410 Spiritus
3146 3342 3490 3409 plenitudine,

1876 3427 2171 3481 essentiam
2220 3443 2314 3482 seu
2353 3429 2989 3489 substantiam.Diviuam
3018 3434 3342 3502 exprimunt.
3394 3438 3495 3491 Εοο

1876 3520 1999 3576 dem
2019 3537 2178 3576 sensu
2202 3522 2610 3595 intelligendum
2634 3535 2718 3580 est
2737 3527 2894 3593 illud,
2912 3527 3103 3582 Nescio
3120 3547 3222 3598 qua
3245 3549 3337 3584 sua
3354 3549 3498 3586 cons.
3537 3544 3543 3551 '

1877 3614 2062 3666 cientia
2099 3615 2354 3696 relatum,
2411 3633 2606 3686 nempe
2647 3618 3134 3689 imperceptibilem
3180 3638 3302 3680 esse
3330 3624 3491 3680 Verbi

1877 3699 2303 3774 generationem.
2359 3707 2434 3762 Ea
2471 3725 2601 3764 vero
2639 3725 2760 3780 qua:
2794 3723 3116 3781 sequuntur,
3152 3714 3278 3770 Siue
3310 3717 3496 3770 discri-

1877 3799 2012 3865 mine
2034 3801 2378 3871 nequidquam
2419 3801 2566 3856 habet
2596 3804 2919 3877 iuterjectum
2945 3851 2958 3873 ,
2998 3808 3259 3863 unitatem
3303 3826 3502 3866 essen.-

1881 3893 1967 3947 tite
1988 3895 2323 3964 exprimunt.
2350 3895 2476 3950 Haec
2498 3907 2689 3952 contra
2718 3897 2984 3953 Valentini
3013 3899 3219 3956 [Eunus
3248 3901 3493 3974 apprime

1881 3990 2111 4059 faciunt,
2145 3993 2340 4063 quibus
2372 4009 2630 4063 perverse
2661 3996 2798 4051 adeo
2827 4006 3087 4052 alternam
3121 3998 3285 4055 Verbi
3331 4017 3495 4071 genu»

1881 4084 2145 4140 rationem
2171 4086 2508 4143 confundere
2539 4089 2761 4143 molitus
2787 4089 3493 4160 estimpiush:cresiarcha.

1957 4176 2157 4234 Eodem
2183 4195 2346 4235 sensu
2381 4181 2438 4236 S.
2463 4181 2609 4235 Zeno
2632 4181 2886 4237 Tractatn
2936 4178 3151 4240 \‘u'libri
3182 4201 3240 4252 lt,
3271 4185 3338 4241 de
3363 4187 3492 4240 dna»-

1883 4272 1982 4326 bus
2011 4270 2212 4327 Christi
2246 4272 2620 4328 uativitatibus
2654 4289 2854 4342 agens,
2886 4284 3145 4330 artcrnam
3194 4277 3354 4332 Verbi
3395 4296 3487 4349 go—

1885 4367 2223 4423 neratiouem
2277 4369 2673 4422 inenarrabilem
2718 4369 2892 4435 dicit,
2951 4371 3304 4439 temporalem
3364 4390 3492 4428 γει-ιι

176 4472 367 4516 cretum
396 4461 475 4536 (in
509 4464 759 4532 persona)
787 4472 831 4516 et
861 4462 1069 4533 afﬁxam
1097 4459 1292 4516 Filium
1317 4462 1548 4528 laesisse,
1581 4462 1778 4516 intelli-
1808 4458 1858 4517 D
1886 4460 2192 4514 mirabilem.
2218 4459 2342 4515 Haec
2367 4461 2619 4543 mirabilis
2646 4461 2982 4532 (temporalis
3011 4463 3260 4533 scilicet),
3292 4465 3498 4520 inenar-

174 4570 386 4624 gamns,
423 4558 612 4627 utique
637 4556 742 4610 duo
773 4559 904 4627 (eos
936 4557 987 4609 in
1018 4571 1181 4610 unum
1214 4555 1508 4627 redigenda
1530 4556 1548 4626 ὶ
1570 4555 1780 4612 confusi

178 4650 432 4720 fuissent,
464 4653 656 4707 saltem
680 4661 968 4722 antequam
999 4651 1318 4723 designatum
1340 4669 1370 4706 a
1392 4668 1445 4705 se
1467 4667 1637 4705 rerum
1660 4651 1780 4705 uni-

178 4747 467 4801 versitatem
506 4744 712 4817 (Pater)
757 4745 930 4799 moliri
968 4744 1138 4801 vellet.
1171 4747 1290 4811 Quo
1319 4745 1454 4800 nihil
1495 4744 1664 4816 magis
1691 4745 1783 4798 ab.

178 4853 370 4895 Sonam
395 4856 424 4894 a
447 4840 686 4896 ZeuOnis
718 4827 988 4895 sententia
1010 4840 1185 4895 asseri
1215 4848 1416 4909 potest.

248 4932 341 4987 llla
372 4947 594 5004 quoque
627 4933 683 4986 D.
710 4931 949 4988 Zenonis
978 4933 1248 4988 sententia
1280 4932 1348 4986 de
1390 4930 1581 4987 eadem
1615 4931 1786 5001 prima

181 5027 466 5083 uativita-te
492 5027 694 5082 Christi
723 5026 967 5092 Domini,
1004 5025 1208 5083 Petavii
1240 5041 1458 5081 sensum
1507 5042 1612 5080 non
1643 5025 1786 5096 pati-

184 5131 284 5177 tur.
332 5121 524 5177 Prima
555 5122 725 5191 itaque
760 5122 1004 5175 nativitas
1038 5120 1246 5175 Domini
1277 5117 1461 5198 Nostri
1489 5121 1544 5173 in
1571 5117 1746 5184 Patris
1770 5159 1787 5184 ,

181 5226 228 5271 et
251 5215 378 5271 Filii
404 5224 611 5270 tantum
635 5215 944 5291 conscientia
971 5201 1179 5278 manet,
1209 5228 1300 5268 nec
1337 5211 1617 5283 quidquam
1641 5211 1790 5264 habet

182 5307 507 5381 interjectunt
531 5349 546 5370 .
575 5324 735 5380 neque
759 5306 1023 5381 conscium
1046 5349 1059 5372 ,
1084 5306 1222 5376 quod
1260 5321 1324 5360 ea:
1351 5304 1565 5360 l’aterni
1586 5305 1690 5359 oris
1714 5307 1793 5376 af-

185 5380 318 5470 fectu
351 5401 603 5470 processit
632 5416 738 5454 uno
766 5380 1042 5454 consensu.
1075 5398 1257 5454 Prima
1300 5401 1551 5454 nativitas
1582 5398 1795 5453 Domini

188 5497 354 5552 nostri
383 5497 430 5550 si
463 5494 599 5550 nihil
647 5494 809 5550 habet
845 5478 1188 5561 interiectum
1208 5536 1222 5560 ,
1248 5508 1379 5562 ergo
1428 5509 1600 5565 neque
1630 5481 1797 5548 inter-

187 5592 339 5648 cedet
369 5592 524 5662 prius
545 5636 560 5658 ,
607 5605 706 5646 nec
731 5597 852 5658 post
886 5606 900 5641 :
934 5572 1163 5642 Eterna
1204 5588 1385 5657 itaque
1411 5599 1514 5642 est.
1556 5588 1627 5641 At
1671 5586 1798 5656 quid

191 5685 595 5745 immorandum
627 5684 678 5739 in
721 5694 829 5736 tam
869 5680 1017 5737 clara
1066 5679 1135 5736 de
1163 5689 1367 5738 aeterna
1410 5681 1528 5737 Filii
1569 5694 1798 5752 genera-

685 5780 960 5839 PA‘I‘ROL.
1035 5775 1145 5838 XI.

1883 4555 2062 4610 rabilis
2109 4555 2222 4620 illa,
2253 4553 2514 4625 PrOpheta
2562 4555 2804 4608 dicente:
2858 4554 3193 4610 Nativitatcnt
3233 4559 3344 4629 ejus
3382 4562 3501 4630 quis

1887 4647 2184 4704 enarrabit?
2216 4649 2396 4716 anue
2445 4648 2666 4702 ratione
2694 4647 3116 4702 inenarrabilem
3162 4648 3315 4711 dicit,
3351 4653 3495 4720 quod

1887 4759 1983 4798 cor
2010 4743 2252 4798 divinum
2285 4741 2618 4798 eructaverit
2653 4742 2877 4795 verbum
2907 4740 3105 4794 bonum
3132 4784 3145 4806 ,
3179 4753 3232 4797 et
3263 4759 3358 4799 ore
3386 4747 3496 4798 ’ΛΙ-

1891 4836 2084 4891 tissimi
2137 4835 2400 4905 prodierit
2422 4845 2686 4889 alterum"
2719 4831 2991 4899 Verbum;
3023 4849 3252 4904 nempe,
3285 4846 3342 4890 ut
3370 4840 3496 4894 alibi

1889 4930 2002 4998 ait,
2031 4929 2174 5000 quod
2191 4930 2472 5000 generatio
2506 4926 2669 4983 Verbi
2716 4927 2769 4981 in
2804 4926 2980 4982 Patris
3005 4969 3019 4993 ,
3052 4937 3108 4984 et
3133 4928 3260 4985 Filii
3289 4941 3497 4988 tantum

1892 5025 2223 5080 conscientia
2256 5033 2502 5086 maneat,
2535 5031 2643 5076 'sua‘
2667 5021 2999 5101 conscientia
3041 5022 3299 5081 velatum.
3351 5027 3499 5094 Qua-

1886 5101 2117 5189 pr0pter
2136 5125 2323 5170 contra
2351 5114 2558 5174 Divinae
2577 5111 3178 5192 blajestatis'Jserntores
3207 5119 3502 5174 vehemen—

1895 5211 2000 5264 tius
2029 5207 2234 5272 iuvehit
2266 5225 2278 5260 :
2310 5191 2594 5289 Dementia
2623 5190 2787 5282 genus
2810 5217 2888 5272 est
2906 5202 3180 5285 invisibilis
3214 5211 3506 5283 incompre-

1899 5301 2257 5369 heusibilisque
2277 5299 2403 5355 velle
2419 5301 2624 5371 opinari
2646 5299 2917 5366 secretum,
2947 5306 3158 5375 ejusque
3182 5306 3382 5360 interna
3400 5308 3506 5360 dis—

1860 5443 1862 5446 ,
1901 5407 2089 5461 calere,
2127 5396 2279 5463 cujus
2307 5395 2534 5448 extraria
2559 5405 2772 5464 nequeat
2801 5396 3074 5465 suspicari.
3104 5396 3177 5449 lta
3212 5399 3264 5450 in
3311 5401 3504 5454 eodem

1903 5491 2153 5544 'l‘ractatu
2182 5504 2286 5555 vn,
2317 5488 2498 5560 ibique
2525 5489 2590 5542 ad
2617 5490 2757 5544 idem
2787 5498 3165 5558 argmneutum
3197 5493 3368 5561 plura.
3397 5493 3504 5550 Cac—

1903 5590 2063 5635 tcrunt
2094 5581 2406 5652 providentis
2439 5580 2535 5634 Dei
2566 5581 2629 5633 de
2677 5579 2787 5634 Deo
2816 5584 3342 5652 argumentationibus
3372 5589 3512 5643 canis

1905 5675 2108 5748 opinari
2148 5674 2275 5731 velle
2321 5675 2627 5746 dispositum
2681 5692 2783 5730 non
2821 5676 3054 5741 colentis,
3081 5666 3084 5669 ’
3116 5677 3204 5732 sed
3248 5679 3513 5737 dementis.

2926 5769 3006 5828 22
