3822 6220
188 234 293 294 685

1323 228 1409 286 DE
1466 226 1711 284 SANCTI
1755 218 2046 286 ZENONIS
2077 229 2351 295 EPOCHA

3403 228 3501 286 68l

186 356 315 409 lla'c
363 362 415 408 et
457 350 586 417 alia,
631 349 700 405 de
746 347 935 403 eadem
982 354 1183 401 mtcrna
1237 344 1402 400 Verbi
1447 344 1797 415 generatione
1829 348 1874 408 Α
1904 347 2024 401 bum
2052 348 2361 404 immediate
2406 348 2575 404 dicit:
2616 342 2907 417 lne/fabilis
2946 346 3042 420 illa
3074 345 3280 409 Virtus,
3314 344 3501 399 incom-

185 449 367 506 Tract.
402 463 513 510 \'lll,
536 460 683 499 num.
723 442 744 497 l
774 485 788 510 ,
816 442 1012 513 quibus
1044 457 1164 495 cum
1202 439 1439 495 Verbum
1474 441 1712 496 velatum
1748 443 1800 498 in

186 543 344 609 sinu,
378 541 461 595 vel
490 536 825 594 conscientia
855 535 1035 590 Patris
1066 535 1264 590 dicitur
1293 550 1321 589 a
1361 535 1417 591 8.
1453 534 1692 603 Zenone,
1726 537 1802 603 nil

184 633 508 708 exprimitur
527 629 695 698 aliud,
722 644 883 702 quam
910 628 1502 699 incomprehensibilis,
1528 639 1582 684 et
1605 644 1803 687 arcana

184 708 392 787 Εἰθτηί
420 727 581 783 Verbi
613 725 913 797 generatio.
949 723 1190 789 Verbum
1222 741 1252 779 a
1284 724 1445 781 Patre
1476 726 1531 789 in
1564 740 1802 796 persona

184 802 501 881 distinctum
530 834 654 877 esse
682 822 732 874 in
754 819 935 874 allatis
968 834 1132 890 supra
1157 819 1200 872 D
1248 817 1486 875 Zenonis
1516 818 1806 875 sententiis

186 913 629 982 manifestissime
655 921 821 982 patet.
856 911 1098 967 Verbum
1127 920 1308 967 autem
1341 911 1719 979 indiscretum,
1750 918 1805 966 et

187 1010 309 1067 sine
331 1004 645 1070 digerimine
683 1005 738 1060 in
772 1006 893 1061 sinu
934 1004 1111 1061 Patris
1155 1004 1481 1060 delitescens
1522 1018 1800 1070 asserere,

186 1103 329 1158 idem
362 1111 447 1157 est
473 1116 535 1155 ac
566 1115 726 1154 unam
751 1099 1115 1156 substantiam
1149 1100 1200 1154 in
1231 1099 1389 1155 Patre
1411 1142 1425 1165 ,
1462 1108 1515 1156 et
1556 1099 1695 1153 Filio
1727 1092 1807 1152 fa?

190 1196 312 1259 teri,
345 1174 1072 1265 incomprehensibilcmquc
1097 1192 1342 1265 ejusdem
1372 1192 1535 1249 Verbi
1572 1204 1806 1263 genera-

191 1290 418 1344 tionem.

263 1382 493 1454 Reliqua
518 1396 651 1437 vero
679 1380 846 1437 verba
874 1390 1002 1437 sunt
1028 1424 1041 1446 ,
1071 1396 1192 1452 qua:
1225 1379 1483 1449 majorem
1516 1377 1806 1434 difﬁculta-

188 1483 299 1531 tem
320 1477 570 1546 pariunt:
592 1475 699 1530 Sed
721 1477 1145 1546 excogitatarum,
1172 1484 1227 1527 ut
1248 1473 1479 1527 ordinem
1500 1473 1803 1538 instrueret,

192 1586 369 1624 rerum
394 1567 676 1635 ineﬂ'abilis
708 1569 801 1622 illa
840 1568 1041 1632 Virtus,
1074 1550 1700 1637 incomprehensibilisque
1722 1583 1806 1619 sa-

193 1664 388 1740 pientia
419 1662 451 1717 ε’
476 1665 685 1737 regione
720 1662 892 1716 cordis
921 1670 1112 1716 eructat
1135 1663 1341 1715 verbum
1374 1678 1393 1718 :
1418 1660 1805 1731 Omnipoteutia

1903 438 2359 518 prehensibilisque
2404 442 2658 509 sapientia
2696 458 2722 496 e
2750 442 2956 510 regione
2980 437 3153 492 cordis
3181 444 3376 490 eructat
3400 453 3503 490 ver-

1906 531 2045 597 bum,
2086 533 2291 589 addens
2324 551 2337 587 :
2373 533 2559 587 Totum
2612 534 2783 588 Patris
2820 533 3012 588 habens
3035 573 3050 597 ,
3093 530 3226 584 nihil
3256 530 3504 602 derogans

1906 624 2081 692 Patri,
2109 636 2164 681 ut
2186 626 2518 700 signiﬁcaret
2548 642 2614 681 ex
2645 614 2821 696 plena,
2847 640 2911 681 ac
2941 623 3181 694 perlecta
3212 622 3391 677 Patris
3418 638 3506 679 co-

1905 721 2149 792 gnitione
2177 729 2286 775 tum
2318 720 2523 773 Divina:
2552 718 2869 775 substantiae
2892 760 2907 786 ,
2943 733 3007 774 ac
3047 718 3361 773 Divinarum
3384 718 3506 773 Per-

1907 829 2185 880 sonarum,
2213 829 2373 884 quam
2416 823 2786 870 creaturarum
2818 812 3083 877 omnium,
3109 822 3165 868 et
3206 811 3389 883 quoad
3419 827 3509 867 na-

1896 915 2102 974 turam,
2135 916 2190 962 et
2215 906 2393 975 quoad
2433 907 2777 962 existentiam
2818 906 2879 961 D.
2913 905 3076 961 Verbi
3103 904 3509 977 generationem

1907 998 2258 1068 processisse.
2305 998 2509 1055 Eodem
2562 1015 2728 1058 sensu
2780 998 2917 1055 dixit
2962 999 3093 1055 alibi
3148 997 3263 1073 (lib.
3318 1014 3356 1054 ιι
3415 996 3505 1055 Tr.

1904 1087 2021 1159 tv):
2050 1088 2201 1143 Sicut
2242 1106 2389 1144 sacra
2416 1089 2690 1160 Scriptura
2734 1099 2985 1158 testatur,
3031 1099 3144 1146 erat
3182 1101 3302 1146 ante
3342 1092 3513 1146 omnia

1906 1196 2139 1249 manens,
2167 1197 2299 1235 unus
2329 1193 2375 1235 ct
2415 1182 2551 1235 idem
2579 1182 2710 1237 alter
2734 1183 2882 1254 (nota
2908 1182 3317 1238 distinctionem
3358 1192 3515 1239 icter-

1906 1290 2030 1329 nam
2060 1289 2416 1345 personarum
2445 1276 2645 1344 Patris,
2677 1287 2733 1334 et
2772 1277 2921 1350 Filii)
2944 1294 3008 1334 ea:
3036 1280 3325 1352 'semetipso
3350 1279 3404 1334 in
3430 1293 3515 1333 se-

1906 1370 2181 1441 metipsum.
2204 1368 2368 1438 Deus,
2393 1372 2571 1427 secreti
2587 1372 2829 1427 sui'solus
2847 1373 3106 1441 conscius,
3130 1377 3283 1447 cujus
3303 1388 3367 1427 ea:
3392 1387 3481 1425 ore
3498 1412 3516 1440 ,

1906 1470 1963 1515 ut
1984 1479 2155 1517 rerum
2176 1474 2383 1530 natura,
2408 1481 2524 1535 quae
2544 1482 2643 1521 non
2664 1476 2796 1534 erat,
2817 1468 3116 1539 ﬁngeretur,
3144 1468 3371 1539 providit
3392 1465 3521 1531 Uni-

1906 1557 2109 1631 genitus
2141 1556 2189 1627 Ε
2191 1558 2337 1624 ilius,
2360 1560 2530 1615 cordis
2568 1564 2681 1629 eius
2722 1563 2909 1616 nobilis
2956 1562 3279 1634 inquilinus,
3312 1579 3375 1617 ea:
3400 1560 3520 1639 inde

1908 1650 2120 1706 visibilis
2151 1654 2440 1708 necessario
2466 1652 2678 1722 effectus
2699 1697 2711 1721 ,
2746 1654 2868 1725 quia
2894 1656 3064 1710 orbem
3098 1665 3251 1711 terra:
3277 1664 3388 1713 erat
3413 1658 3521 1728 ipse

191 1773 247 1810 se
271 1768 561 1829 prapagat;
604 1756 668 1809 de
717 1754 824 1808 Deo
854 1754 1082 1809 nascitur
1122 1754 1259 1808 Deus
1284 1771 1303 1820 ;
1331 1763 1488 1808 totum
1512 1752 1687 1807 Patris
1712 1750 1807 1805 Ita-

1990 1752 2174 1811 rturus,
2201 1742 2904 1819 humanumquevisitaturus
2929 1765 3091 1819 genus
3108 1750 3274 1815 ,alias
3304 1749 3521 1820 aqualis

192 1853 313 1904 (iens
334 1890 353 1919 ,
378 1848 509 1919 nihil
536 1850 791 1931 derogans
839 1849 990 1906 Patri
1014 1857 1118 1902 etc.
1154 1848 1421 1913 Quomodo
1461 1856 1629 1902 autem
1654 1862 1808 1919 gene-

189 1952 335 1996 ratus
360 1943 447 2010 sit,
477 1943 566 2014 qui
610 1936 895 2014 processit,
921 1949 997 1994 est
1036 1941 1283 1994 dementis
1307 1941 1533 2009 opinari.
1568 1938 1808 2008 Namque

188 2044 443 2106 temperat
462 2052 520 2089 se
549 2044 757 2105 propter
796 2048 966 2088 rerum
1013 2042 1250 2104 naturam
1280 2028 1452 2085 Filius
1471 2074 1485 2095 ,
1510 2047 1574 2085 ne
1600 2042 1815 2086 attenue-

191 2128 485 2200 Hajeslutis
516 2127 798 2193 Dominum
828 2143 930 2180 non
961 2126 1121 2196 possit
1149 2124 1327 2178 mundi
1352 2124 1505 2197 hujus
1532 2122 1807 2176 mediocri-

190 2232 269 2277 tas
313 2222 588 2276 sustinere.
631 2219 762 2276 Cum
816 2218 1242 2296 imperanPater
1294 2218 1463 2272 orbem
1508 2218 1645 2291 ﬁeri,
1678 2233 1807 2289 opus

190 2331 309 2370 cum
347 2314 487 2370 dicto
528 2316 814 2387 completur
845 2333 876 2369 a
906 2312 1070 2368 Filio.
1101 2314 1171 2368 Et
1212 2312 1467 2369 Tractatu
1499 2329 1559 2368 ιιι
1598 2313 1690 2368 lib.
1728 2328 1803 2371 tt:

189 2407 366 2482 Igitur
411 2407 696 2477 ineffabilia
735 2408 851 2471 illa,
877 2406 1508 2479 incomprehensibilisque
1539 2407 1811 2479 Sapientia

193 2502 521 2574 Sapientiam
548 2543 564 2566 ,
610 2499 998 2574 Omnipotentia
1046 2500 1489 2573 Onmipotentiam
1529 2511 1803 2572 prapagat.

190 2571 280 2652 De:
303 2595 417 2651 Deo
458 2596 691 2651 nascitur
738 2571 916 2662 Deus];
949 2596 1011 2650 de
1056 2571 1297 2668 Ingenito
1354 2588 1704 2668 Unigenitus;
1745 2596 1810 2653 de

195 2691 307 2746 solo
350 2691 530 2757 solus;
579 2690 643 2745 de
697 2699 801 2745 toto
832 2699 1010 2755 totus;
1064 2690 1128 2745 de
1174 2706 1291 2745 rere
1342 2707 1530 2757 verus;
1579 2690 1643 2745 de
1674 2682 1808 2762 iper-

191 2786 325 2852 [ecta
370 2783 670 2854 perfectus;
705 2793 865 2837 totum
890 2782 1071 2838 Patris
1103 2783 1297 2838 habens
1324 2799 1339 2849 ;
1378 2782 1529 2838 Nihil
1556 2785 1810 2857 derogans

194 2874 345 2930 Patri
369 2892 389 2929 :
446 2876 676 2945 procedit
702 2876 757 2929 in
780 2876 1095 2955 nativitatem
1130 2877 1218 2946 qui
1245 2886 1355 2930 erat
1381 2887 1658 2948 antequam
1690 2892 1813 2933 nas-

200 2980 419 3026 ceretur.
456 2970 681 3025 Demutn
731 2970 988 3024 'l‘ractatu
1023 2984 1075 3025 tv
1105 2969 1349 3039 ejusdem
1381 2970 1503 3026 libri
1542 2987 1618 3025 ll:
1649 2968 1811 3041 Cujus

191 3075 257 3117 ea:
284 3079 389 3129 ore,
420 3071 475 3116 ut
497 3079 672 3118 rerum
693 3072 902 3131 natura,
935 3078 1051 3133 qua:
1076 3078 1179 3117 non
1204 3072 1334 3139 erat,
1363 3063 1673 3135 ﬁngeretur,
1696 3079 1814 3133 pro-

1908 1838 1963 1889 in
1990 1837 2225 1892 omnibus
2248 1836 2421 1894 Patri.
2450 1839 2545 1894 Illa
2574 1840 2739 1897 Verba
2785 1842 3018 1896 notanda
3049 1850 3211 1907 sunt,
3240 1860 3306 1897 ea.
3342 1851 3523 1897 semet-

1908 1929 2022 2005 ipso
2048 1930 2102 1983 in
2130 1933 2454 1995 semetipsum
2482 1930 2647 2000 Deus,
2676 1948 2797 2004 quas
2826 1934 3232 2005 processioncm
3270 1934 3432 1990 Verbi
3454 1950 3525 1992 ex
3592 1938 3595 1943 ’

1909 2025 2220 2094 cognitione
2269 2024 2475 2081 Divina:
2525 2027 2775 2083 essentia:
2825 2015 3151 2099 signiﬁcant.
3202 2028 3341 2083 Tum
3373 2028 3521 2086 alia:

1909 2114 2075 2187 Cujus
2105 2134 2168 2172 ex
2184 2134 2272 2172 ore
2294 2128 2350 2174 ut
2372 2136 2544 2175 rerum
2568 2133 2776 2189 natura,
2796 2139 2912 2194 qua:
2930 2140 3033 2179 non
3058 2134 3191 2193 erat,
3216 2124 3521 2196 ﬁngeretur,

1910 2210 2133 2281 pradivil
2158 2210 2465 2283 Unigenitus
2484 2211 2679 2281 Filius,
2697 2223 2802 2272 etc.
2818 2232 2939 2287 quin
2958 2218 3363 2288 proccssionem
3380 2217 3527 2288 ejus-

1911 2305 2035 2359 dem
2065 2303 2227 2364 Verbi
2262 2322 2327 2363 ex
2357 2307 2547 2365 Divina
2570 2311 2878 2382 cognitione
2913 2323 3288 2368 creaturarum
3320 2313 3525 2384 pariter

1911 2398 2252 2469 signiﬁcant,
2284 2402 2446 2458 unico
2477 2402 2684 2460 Divina:
2710 2406 2910 2463 mentis
2955 2416 3081 2466 actu
3114 2423 3235 2463 non
3254 2416 3369 2462 tum
3400 2422 3523 2463 cum

1912 2502 2114 2547 creatae
2142 2504 2308 2561 sunt,
2340 2495 2438 2552 sed
2463 2487 2533 2551 ab
2557 2501 2895 2567 aeternitate;
2926 2491 3109 2556 rerum
3134 2502 3336 2557 etenim
3371 2511 3526 2558 natu-

1914 2599 2027 2639 rain
2072 2586 2310 2648 nondum
2336 2603 2495 2656 esse,
2544 2588 2885 2663 futuramque
2925 2595 3259 2665 creationem
3303 2595 3522 2650 asserit.

1918 2676 1986 2734 Ut
2014 2692 2183 2733 rerum
2230 2690 2416 2737 natura
2440 2724 2454 2751 ,
2508 2699 2625 2754 qua:
2671 2701 2775 2740 nou
2813 2696 2921 2741 erat
2971 2688 3270 2759 fingeretur.
3334 2686 3525 2742 Orbem

1915 2778 2066 2825 teme
2091 2783 2201 2827 erat
2230 2774 2340 2845 ipse
2374 2774 2625 2845 facturus.
2666 2779 2800 2845 Quae
2817 2780 2999 2834 omnia
3027 2779 3207 2837 verbis
3236 2780 3348 2837 illis
3387 2796 3523 2838 con-

1914 2864 2235 2920 cluduntur:
2274 2867 2415 2923 Alias
2444 2870 2660 2939 aqualis
2686 2872 2741 2925 in
2765 2873 3001 2928 omnibus
3029 2872 3200 2929 Patri.
3235 2874 3296 2931 Si
3319 2875 3377 2931 in
3406 2891 3525 2937 om-

1918 2955 2076 3019 nibus
2099 2959 2342 3028 aequalis.
2367 2976 2497 3032 ergo
2523 2973 2578 3019 et
2599 2965 2651 3019 in
2682 2966 3005 3022 aeternitate.

1990 3049 2141 3105 llaric
2158 3053 2565 3124 generationem
2590 3056 2919 3114 inell‘abilem
2944 3059 3228 3128 prtedicat:
3249 3059 3522 3129 Quomodo

194 3154 327 3208 cedit
354 3152 690 3227 Unigenitus,
721 3152 893 3209 Filius
916 3155 1087 3209 cordis
1129 3157 1240 3229 ejus
1270 3154 1454 3210 nobilis
1489 3155 1772 3226 inquilinus
1792 3195 1808 3224 ,

1990 3154 2085 3198 tem
2110 3147 2315 3229 genitus
2344 3147 2443 3215 sit,
2474 3149 2564 3217 qui
2593 3150 2879 3223 processit,
2912 3151 3159 3209 demeruis
3185 3162 3261 3208 est
3291 3153 3520 3225 opinari.

194 3246 380 3301 exinde
406 3247 624 3302 visibilis
665 3246 899 3316 c/fectus,
920 3248 1044 3318 quia
1073 3248 1360 3302 humanum
1391 3264 1551 3319 genus
1580 3250 1811 3313 visitatu-

200 3354 297 3393 rus
317 3348 450 3394 erat.
1616 3326 1619 3327 ν

267 3433 385 3501 Hic,
424 3435 667 3506 inquam,
700 3433 759 3491 8.
789 3433 1034 3491 Zenonis
1076 3436 1362 3490 sententia:
1392 3436 1525 3491 nihil
1567 3433 1713 3491 aliud
1740 3436 1813 3493 si-

191 3526 473 3597 gniﬁcant,
506 3529 611 3583 nisi
642 3526 851 3584 Aiterni
878 3528 1040 3584 Verbi
1065 3529 1479 3599 productionem
1518 3530 1813 3600 procedere

150 3686 155 3691 _
191 3634 301 3674 non
326 3628 535 3674 tantum
564 3635 631 3675 ex
679 3621 993 3691 cognitione
1019 3620 1230 3677 Divinte
1261 3624 1547 3691 assentire,
1574 3639 1638 3678 ac
1668 3623 1814 3677 Divi-

194 3728 393 3769 narum
417 3728 778 3784 personarum
798 3756 813 3782 ,
843 3714 939 3793 sed
967 3717 1131 3769 etiam
1160 3730 1228 3771 ex
1254 3717 1567 3789 cognitione
1597 3716 1813 3774 creatu-

194 3821 399 3873 rarum,
417 3817 529 3862 tum
554 3806 732 3879 quoad
756 3809 1074 3877 essentiam,
1100 3820 1213 3866 tum
1234 3812 1409 3881 quoad
1439 3811 1809 3882 cxistentiam,

195 3915 298 3955 nec
335 3915 444 3956 non
472 3916 551 3956 ex-
584 3902 897 3971 cognitione
930 3920 1110 3958 rerum
1162 3906 1505 3975 possibilium
1529 3948 1543 3972 ,
1576 3922 1811 3977 quorum

197 3993 441 4050 omnium
490 4010 597 4048 una
636 3995 873 4066 cognitio
914 3997 966 4050 in
996 3996 1160 4053 Patre
1190 4009 1293 4053 est.
1353 3982 1493 4054 Deus
1524 3998 1684 4054 Pater
1709 4017 1813 4054 non

196 4084 408 4156 integre,
454 4085 772 4157 perfectoque
800 4088 1025 4164 seipsum
1066 4090 1313 4157 dixisset,
1357 4092 1402 4146 si
1442 4092 1641 4163 aliquid
1682 4102 1813 4165 esset

199 4179 369 4233 minus
392 4179 446 4232 in
477 4178 661 4241 Verbo,
687 4197 841 4248 quant
861 4181 912 4234 in
932 4198 985 4235 se
1012 4183 1125 4253 ipso
1143 4224 1158 4248 ,
1191 4192 1250 4238 ut
1273 4184 1329 4239 S.
1358 4188 1692 4256 Augustinus
1714 4187 1813 4241 do-

198 4281 304 4326 cet.
330 4270 416 4341 (S.
450 4270 587 4343 Aug.
613 4273 654 4329 l.
695 4289 764 4327 xv
795 4274 858 4327 de
885 4272 1036 4329 Trin.
1062 4292 1107 4328 c.
1143 4277 1256 4348 14.)
1280 4278 1426 4332 Idem
1472 4283 1813 4350 apertissime

200 4368 510 4433 exprimunt
562 4365 649 4419 illa
698 4366 759 4420 D.
819 4365 1059 4423 Zenonis
1106 4370 1267 4425 verba
1328 4370 1488 4440 (Zeno
1536 4372 1707 4428 Tract.
1742 4391 1809 4442 ν,

200 4455 290 4508 lib.
316 4455 382 4529 ιι)
404 4473 418 4509 :
451 4457 560 4511 Sed
585 4460 993 4529 excogitatarum
1017 4501 1031 4525 ,
1056 4470 1111 4515 ut
1148 4461 1385 4517 ordinent
1410 4466 1700 4531 instrueret,
1730 4484 1813 4522 re-

1916 3222 2081 3309 Cujos
2110 3220 2399 3297 inen‘abilis
2424 3220 2801 3312 generationis
2822 3260 3080 3302 arcanum
3113 3220 3518 3314 absconditum,

1916 3340 1975 3387 ut
2001 3335 2217 3405 probet,
2250 3334 2434 3393 subdit
2459 3335 2731 3409 :Namque
2750 3347 3003 3411 temperat
3027 3358 3082 3395 se
3110 3351 3321 3412 propter
3348 3358 3524 3399 rerum

1915 3437 2158 3495 naturam
2200 3426 2378 3486 Filius
2400 3472 2415 3497 ,
2458 3438 2753 3493 ne‘teternae
2783 3434 3079 3509 Majestotis
3103 3433 3391 3491 Dominum
3416 3452 3523 3492 non

1916 3522 2078 3591 possit
2103 3522 2283 3577 mundi
2312 3524 2462 3583 istius
2486 3524 2812 3597 mediocritas
2832 3528 3105 3584 sustinere.
3136 3530 3309 3586 Simul
3334 3530 3525 3600 objec-

1918 3615 2122 3669 tioncm
2156 3616 2301 3671 illam
2346 3627 2681 3687 prtevertens
2703 3661 2717 3687 ,
2747 3620 2891 3692 quod
2923 3636 2988 3678 es
3032 3620 3117 3676 bis
3154 3621 3519 3690 creaturisjn

1928 3707 2027 3763 Dci
2058 3710 2423 3780 cognitionem
2448 3713 2767 3771 ascendere.
2796 3708 2935 3769 Nam
2959 3714 3088 3771 licet
3110 3697 3179 3771 es
3206 3714 3522 3787 cognitione

1914 3801 2092 3856 Divini
2115 3803 2423 3867 intellectus
2443 3806 2588 3865 circa
2619 3821 2709 3867 res
2733 3818 2947 3865 creatas
2968 3796 3206 3865 Verbum
3234 3823 3522 3879 processe-

1914 3894 1987 3948 rit
2017 3934 2033 3959 ,
2066 3902 2305 3952 attamen
2334 3912 2457 3952 cum
2488 3898 2572 3955 lue
2599 3899 2767 3959 ﬁnita:
2796 3900 2928 3967 sint,
2960 3915 3065 3957 non
3090 3898 3519 3971 plettatn-Virtu-

1916 3996 2025 4043 tem
2060 3988 2159 4059 (ut
2185 4005 2286 4059 pro
2312 4004 2475 4063 captu
2502 4004 2693 4050 nostro
2726 3994 3053 4066 loquamur)
3083 3995 3320 4051 Verbum
3343 3994 3523 4053 exeris
3556 4040 3568 4049 .

1914 4097 2069 4136 suam
2101 4082 2219 4138 illas
2242 4090 2503 4153 creando,
2528 4088 2623 4143 sed
2640 4097 2889 4160 temperat
2914 4105 2970 4144 se
2990 4098 3199 4158 propter
3218 4103 3396 4143 rerum
3421 4104 3525 4143 na-

1917 4185 2085 4228 turam
2122 4174 2363 4248 (ﬁnitam
2395 4179 2643 4251 scilicet)
2670 4178 2875 4249 Filius;
2906 4182 2981 4236 ita
3010 4190 3072 4237 ut
3113 4196 3221 4237 non
3248 4182 3524 4252 possimus

1915 4282 1981 4321 ex
2011 4266 2202 4322 barum
2236 4285 2419 4324 rerum
2461 4274 2773 4343 cognitione
2821 4282 3087 4338 aiternam
3125 4274 3301 4330 Divini
3353 4273 3521 4331 Verbi

1915 4362 2319 4431 generationem
2347 4363 2633 4436 attingere.
2662 4367 3005 4438 Quapropter
3032 4382 3157 4423 cum
3207 4367 3338 4432 alibi
3377 4367 3527 4425 dixit

1916 4453 1974 4509 8.
2004 4453 2189 4509 Zeno:
2224 4456 2467 4511 Procedit
2504 4458 2559 4512 in
2581 4458 2902 4520 nativitatem
2922 4500 2938 4527 ,
2972 4461 3059 4531 qui
3094 4470 3211 4515 erat:
3244 4471 3526 4531 antequam

195 4565 312 4602 rum
350 4549 631 4617 ine/rabilis
671 4550 767 4605 illa
817 4551 1027 4619 Virtus,
1057 4555 1685 4626 incomprelteusibilisque
1727 4578 1809 4615 su-

1990 4558 2216 4603 sceretur
2240 4548 2260 4623 (
2287 4547 2375 4613 Tr.
2403 4566 2497 4618 ιιι,
2531 4550 2621 4605 lib.
2649 4566 2720 4619 ιι,
2749 4552 2887 4609 Adn.
2919 4552 2972 4618 7,
2996 4552 3067 4607 ad
3090 4553 3268 4616 eadem
3293 4554 3446 4610 verba
3469 4555 3514 4623 ),

195 4643 388 4710 pientia
416 4660 445 4697 e
465 4645 675 4723 regione
720 4645 889 4699 cordis
933 4656 1127 4701 eructat
1154 4650 1381 4703 verbum.
1427 4650 1811 4723 Omnipotentia
1842 4698 1845 4703 .

195 4750 251 4787 se
275 4744 550 4805 propagat,
582 4716 650 4789 de
689 4734 797 4790 Deo
838 4738 1067 4792 nascitur
1090 4738 1228 4794 Deus
1254 4781 1270 4807 ,
1302 4750 1460 4795 totum
1513 4716 1684 4797 Patris
1715 4746 1811 4797 ha-

195 4824 340 4895 bens,
367 4827 499 4883 nihil
525 4829 781 4901 derogans
808 4829 975 4895 Patri,
999 4843 1105 4887 etc.
1144 4834 1416 4907 Quomodo
1441 4847 1611 4891 autem
1654 4836 1807 4909 gene-

193 4930 337 4974 ratus
364 4921 450 4986 sit,
477 4922 565 4992 qui
585 4924 858 4994 processit,
889 4924 1138 4979 dementis
1182 4936 1253 4981 cst
1281 4931 1489 4994 opinari
1522 4949 1535 4984 :
1567 4930 1808 5004 Namque

195 5014 444 5083 temperat
468 5029 523 5068 se
542 5027 753 5085 prapter
778 5033 948 5071 rerum
979 5014 1223 5086 naturam
1259 5018 1433 5075 Filius
1460 5065 1474 5090 ,
1514 5040 1577 5077 ne
1600 5034 1807 5081 (eterna:

195 5104 486 5178 lajestatis
516 5108 793 5163 Dominum
824 5128 927 5166 non
952 5112 1114 5184 possit
1141 5115 1322 5181 mundi
1353 5116 1501 5171 istius
1530 5120 1806 5173 mediocri-

194 5204 274 5251 tas
296 5200 569 5254 sustinere.
591 5200 1023 5274 Excogitatarum
1058 5198 1237 5262 rerum
1261 5208 1510 5266 ordinem
1550 5212 1705 5278 dixit,
1748 5224 1807 5267 ut

194 5298 450 5346 mtemam
481 5287 658 5349 Patris
687 5297 1050 5367 cognitionem
1077 5299 1411 5372 signiﬁcaret
1435 5344 1450 5369 ,
1482 5313 1591 5360 tum
1614 5305 1799 5361 addit:

197 5378 579 5454 Omnipotentia
615 5402 670 5439 se
697 5398 976 5459 propagat,
1029 5401 1087 5445 nt
1122 5408 1302 5448 rerum
1347 5405 1499 5450 extra
1552 5396 1799 5453 Divinam

191 5478 480 5529 essentiam
510 5476 845 5534 creationem
885 5478 1119 5537 futuram
1147 5484 1500 5555 signiﬁCaret.
1540 5490 1800 5561 Omnipo-

191 5568 357 5622 tcntia
406 5569 685 5653 siquidem,
724 5572 916 5627 Divina
957 5586 1108 5631 extra
1169 5593 1230 5635 se
1283 5579 1456 5650 ipsam
1502 5598 1589 5637 res
1641 5584 1801 5654 hujus

192 5659 373 5713 mundi
406 5675 599 5718 creans
629 5673 913 5738 operatur.
950 5667 1059 5724 Hac
1082 5672 1394 5742 cognitione
1421 5689 1619 5744 nempe
1644 5692 1791 5731 exco-

187 5753 485 5821 gitatarum,
517 5762 573 5809 ut
599 5758 833 5812 ordinem
874 5760 1143 5817 instrueret
1170 5770 1341 5820 rerum
1372 5808 1386 5834 ,
1421 5770 1635 5836 produci
1672 5768 1797 5825 Ver-
1854 5775 1858 5779 ’

1916 4642 2032 4695 base
2061 4642 2311 4696 nativitas
2354 4657 2462 4697 non
2498 4642 2568 4698 de
2606 4655 2813 4699 aeterna
2851 4632 3203 4719 generatione
3252 4644 3413 4712 Filii,
3457 4656 3524 4703 ut

1918 4733 2264 4808 Veronenses
2290 4736 2654 4794 Adnotatores
2682 4737 2990 4809 explicant,
3027 4738 3133 4793 sed
3169 4737 3250 4794 de'
3276 4739 3518 4803 secunda

1913 4831 2232 4897 nativitate,
2281 4845 2377 4901 seu
2426 4830 2802 4905 incarnatione
2840 4840 2972 4893 sunt,
3010 4830 3395 4908 intelligenda,
3443 4849 3529 4891 ne

1914 4926 2130 4980 tertiam
2173 4924 2358 4981 Divini
2396 4926 2563 4983 Verbi
2589 4927 2923 4982 nativitatem
2952 4934 3143 4982 contra
3174 4927 3233 4983 S.
3265 4912 3520 4984 Doctoris

1912 5030 2149 5075 mentem
2173 5061 2187 5087 ,
2219 5030 2278 5075 ut
2320 5036 2482 5090 sopra
2529 5020 2955 5077 demonstratum
2983 5030 3099 5089 est,
3126 5035 3382 5092 cogamus
3412 5020 3519 5079 ad-

1912 5112 2148 5171 mittere.
2184 5114 2578 5170 Scliolasticam
2615 5130 2846 5186 namque
2896 5114 3041 5170 illam
3073 5114 3477 5184 distinctionem
3498 5134 3531 5183 ,-

1909 5209 2124 5265 scilicet
2146 5209 2203 5264 8.
2230 5208 2505 5265 Zenonem
2536 5210 2869 5266 intellexisse
2896 5209 3089 5266 Filium
3117 5224 3242 5267 esse
3267 5209 3519 5282 genitum

1912 5314 1945 5353 a
1970 5300 2151 5369 Patre,
2186 5311 2477 5372 antequam
2503 5301 2783 5374 decretum
2812 5301 2978 5381 ferret
3000 5303 3223 5371 creandi
3259 5290 3400 5357 banc
3424 5316 3521 5359 re—

1910 5410 2030 5449 rum
2050 5396 2480 5461 universitatem.
2501 5413 2604 5452 non
2625 5398 2893 5468 prioritate
2916 5398 3184 5471 temporis,
3206 5398 3298 5453 sed

1890 5499 2015 5563 qtate
2041 5491 2259 5545 rationis
2293 5491 2687 5551 essutllandam
2718 5507 2917 5550 censeo
2938 5534 2954 5560 ,
2972 5501 3173 5563 utpote
3199 5490 3536 5555 Zenoniano.

1910 5568 2144 5654 tempori
2175 5585 2401 5641 minime
2427 5574 2870 5653 convenientem,
2901 5584 3161 5655 Quamvis
3186 5586 3331 5641 enim
3362 5584 3416 5639 in
3442 5599 3518 5641 eo

1906 5692 2158 5733 sermone
2200 5679 2256 5735 S.
2307 5678 2510 5739 Doctor
2555 5677 2626 5736 de
2680 5691 2884 5738 aeterna
2928 5680 3091 5736 Verbi
3156 5681 3517 5751 generatione

1911 5771 2281 5841 principaliter
2310 5785 2493 5843 agat;
2528 5774 2603 5830 nil
2648 5774 2816 5831 ofﬁcit
2841 5816 2854 5842 ,
2902 5776 3057 5847 quod.
3091 5775 3392 5833 incidentcr
3439 5774 3533 5832 de.
