3822 6220
185 285 284 340 683

1584 279 2061 340 DISSERTA'I‘IO.

3377 286 3487 341 686

186 400 563 475 lucarnatione
612 420 775 473 pauca
810 406 900 468 illa
951 404 1113 459 verba
1142 403 1372 465 ittSerat,
1401 399 1597 471 quibus
1624 408 1782 453 :cter-
1810 400 1861 459 Α
1894 420 1909 452 ι
1963 400 2139 454 metiri
2160 440 2173 462 .
2207 412 2270 454 ac
2296 398 2793 465 discernere-posse
2820 399 3121 467 praesumis.
3155 417 3175 451 ι
3215 398 3278 453 Ει
3306 414 3491 455 contra

188 507 738 573 namgeneratiouem
770 517 798 555 a
845 494 1129 569 temporali
1163 497 1440 551 nativitate
1463 494 1777 564 distinguat.

188 592 297 648 lloc
337 595 579 664 genuino
602 594 665 648 D.
698 591 933 648 Zenonis
959 590 1249 645 verborum
1279 604 1441 643 sensu
1467 586 1640 640 omnis
1668 602 1782 640 am-

187 689 421 759 biguitas
446 731 461 757 ,
495 690 868 759 Arianicccque
896 686 1064 757 pestis
1086 685 1376 755 imaginata
1416 682 1653 753 suspicio
1681 672 1780 736 ex-

185 781 421 837 cluditur
451 782 682 852 penitus.

254 874 679 931 Cuncedendum
737 882 915 928 tamen
970 870 1193 926 Petavio
1222 878 1328 935 est,
1391 868 1448 923 S.
1510 867 1780 923 Zenonem

188 967 239 1022 in
272 968 468 1022 ultimo
510 966 696 1023 relatis
725 964 1011 1021 sententiis
1059 979 1164 1019 non
1210 964 1278 1018 ita
1319 961 1570 1017 distincte
1619 958 1785 1015 fuisse

187 1063 429 1117 locutum
491 1064 710 1132 propter
763 1060 877 1115 Arii
938 1074 1181 1116 errorem
1229 1077 1241 1111 :
1289 1054 1525 1111 Verbum
1575 1054 1787 1109 scilicet

186 1156 358 1210 solum
393 1171 423 1210 a
454 1155 613 1211 Patre
640 1165 765 1210 ante
813 1154 992 1209 omnia
1033 1153 1229 1209 saecula
1279 1159 1553 1215 creatum,
1598 1164 1787 1206 omnes

186 1248 318 1303 alias
356 1263 447 1302 res
489 1248 663 1318 ipsum
697 1247 931 1308 Verbum
960 1261 1195 1302 creasse.
1236 1244 1290 1299 ld
1321 1243 1505 1313 etipsi
1538 1242 1785 1297 fatebun-
1822 1302 1829 1309 ,

190 1351 274 1396 tur
300 1340 611 1396 doctissimi
632 1341 913 1397 Balleriuii
956 1342 1045 1412 qui
1072 1349 1220 1395 tanto
1249 1336 1450 1401 studio,
1481 1337 1787 1393 eruditione

188 1442 359 1498 tanta,
391 1448 455 1500 ac
477 1433 719 1490 doctrina
750 1436 807 1492 S.
833 1435 1110 1490 Zenonem
1141 1433 1208 1488 ab
1235 1433 1426 1489 eodem
1444 1448 1640 1489 errore
1668 1432 1789 1495 vin-

188 1529 369 1584 dicare
402 1530 649 1585 nituntur
681 1539 795 1585 toto
836 1530 949 1585 fere
977 1520 1152 1597 capite
1184 1527 1356 1597 primo
1385 1526 1639 1583 secunda:
1679 1526 1789 1581 dis-

188 1620 522 1677 sertationis.
553 1620 771 1677 Petavio
799 1632 975 1676 tamen
1007 1635 1110 1676 non
1144 1618 1546 1674 assentiendum
1569 1657 1584 1682 ,
1615 1617 1703 1688 qui
1732 1632 1791 1672 re

188 1731 291 1772 non
310 1714 556 1771 discussa
595 1731 716 1771 cum
739 1717 943 1773 sentire
972 1715 1036 1771 iis
1054 1714 1283 1781 videtur,
1308 1714 1397 1785 qui
1424 1714 1485 1767 l).
1513 1713 1789 1769 Zenonem

1886 493 1978 546 hos
2007 489 2236 558 Spiritus
2252 491 2417 544 sancti
2453 490 2736 560 (equa/itali
2762 492 3160 563 pra’judicantes
3182 491 3360 547 Tract.
3389 495 3477 559 15,

1887 602 2028 639 num.
2066 586 2114 650 1,
2142 584 2229 638 lib.
2267 600 2302 638 ll
2329 626 2343 649 ,
2389 583 2699 653 praeclaram
2737 585 2883 639 illaut
2923 588 3299 659 professionem
3326 589 3490 643 edidit
3547 650 3561 654 τ

1886 678 2123 747 Spiritus
2160 686 2480 734 sanctus....
2514 678 2721 735 habens
2754 695 2912 735 unam
2946 682 3341 751 substantiam,
3370 685 3485 741 vir-

1841 813 1849 819 .
1888 781 2081 836 tutem,
2107 772 2388 838 deitatem,
2421 772 2787 843 majestatem,
2817 768 3259 847 voluntatemque
3284 778 3486 844 Patris,

1887 874 1941 919 et
1967 862 2112 920 Filii.
2150 865 2250 933 Qui
2278 876 2450 920 autem
2479 882 2542 922 ea:
2568 868 2946 938 antiquioribus
2977 870 3232 925 harreticis
3263 873 3491 942 Spiritui

1888 972 2064 1015 sancto
2104 960 2432 1015 detraherent
2457 1003 2471 1027 ,
2510 971 2660 1031 atque
2687 962 3016 1033 decerperent
3040 982 3141 1019 una
3162 982 3278 1020 cum
3309 966 3448 1021 Filio
3470 1010 3484 1033 ,

1892 1062 1947 1106 ut
1976 1053 2203 1107 auctoris
2227 1062 2395 1107 tea-tus
2421 1057 2519 1123 fert
2540 1095 2553 1119 ,
2590 1071 2738 1108 nemo
2762 1072 2897 1110 unus
2921 1066 2997 1111 est
3020 1058 3266 1112 omnium.
3304 1057 3493 1113 Poste-

1891 1147 2051 1200 riores
2087 1148 2256 1202 solum
2287 1147 2468 1201 Ariani
2491 1190 2505 1213 ,
2544 1165 2635 1204 seu
2666 1150 2837 1221 potius
2866 1149 3182 1207 Semiariani
3224 1152 3281 1206 id
3306 1155 3496 1207 erroris

1889 1242 2146 1297 iiwexere.
2185 1238 2297 1298 Hoc
2339 1243 2626 1300 Sozomeni
2653 1246 2984 1302 auctoritate
3012 1247 3494 1321 conlirmant(So-

1891 1349 2025 1413 zom.
2059 1334 2095 1389 l.
2131 1351 2208 1402 Vl,
2239 1353 2285 1390 ε.
2317 1335 2446 1408 25).
2482 1335 2698 1407 Utrique
2730 1338 3058 1411 (Anomiani
3106 1339 3354 1404 scilicet,
3398 1355 3497 1396 seu

1893 1429 2011 1498 puri
2038 1429 2225 1485 Ariani
2252 1473 2267 1497 ,
2298 1440 2355 1486 et
2401 1431 2757 1503 Semiariani)
2799 1434 2935 1487 enim
2962 1433 3222 1505 Spiritum
3256 1445 3492 1489 sanctum

1894 1521 2185 1575 ministrum
2232 1539 2372 1593 esse,
2406 1534 2453 1577 et
2483 1524 2665 1578 ordine
2691 1567 2705 1593 ,
2758 1536 2912 1596 atque
2957 1526 3149 1586 honore
3189 1529 3415 1596 tertium,
3448 1540 3496 1584 et

1893 1610 2193 1671 substantia
2209 1618 2428 1673 similent
2458 1621 2839 1677 asseverabant.

1968 1708 2025 1764 In
2056 1711 2236 1766 allatis
2270 1713 2450 1768 verbis
2479 1713 2538 1769 S.
2564 1713 2802 1771 Zenonis
2834 1714 3018 1772 Tract.
3044 1718 3221 1786 primo
3253 1733 3401 1777 num.
3429 1719 3463 1776 5
3484 1760 3499 1785 ,

198 1811 421 1867 Nicmno
473 1812 703 1867 concilio
746 1813 1103 1883 posteriorem
1136 1811 1343 1865 volunt,
1380 1810 1459 1865 Ex
1495 1826 1561 1865 eo
1591 1810 1791 1880 quippe
1820 1804 1867 1864 B
1898 1803 1991 1859 lib.
2026 1805 2381 1874 primo,‘nihil
2402 1807 2470 1863 de
2498 1806 2705 1879 Spiritu
2728 1820 2917 1866 sancto
2943 1811 3068 1883 lego
3086 1813 3151 1868 3d
3176 1814 3499 1886 impugnan-

190 1903 479 1961 cvideuter
509 1914 743 1972 constat,
778 1906 948 1960 multo
976 1912 1102 1959 ante
1131 1903 1270 1959 idem
1302 1903 1590 1958 concilium
1618 1901 1789 1972 scrip-

189 1998 327 2053 sisse
355 2041 370 2065 ,
423 1998 564 2069 quod
596 2015 703 2053 non
737 1999 804 2056 ita
836 1997 1090 2052 distincte
1135 2006 1331 2052 contra
1354 1995 1629 2066 proprium
1679 1994 1791 2049 Arii

192 2108 438 2149 errorem
470 2093 746 2155 disseruit.
776 2102 960 2161 utpote
980 2091 1082 2146 sibi
1113 2091 1383 2161 ignotum,
1407 2104 1584 2160 neque
1615 2088 1791 2143 adhuc

189 2190 489 2244 inventum.
516 2188 573 2244 Si
595 2188 793 2243 etenim
824 2201 1103 2243 sermones
1128 2196 1250 2257 post
1282 2185 1473 2241 Arium
1513 2192 1791 2241 exorasset

190 2297 320 2337 suos
344 2326 357 2348 ,
397 2297 556 2353 quam
586 2281 890 2337 luculenter
921 2280 1166 2351 profecto
1192 2279 1308 2335 Arii
1344 2280 1539 2349 impios
1569 2292 1788 2334 errores

193 2383 520 2448 evertisset,
552 2381 641 2451 qui
698 2390 841 2435 tanta
876 2380 923 2434 vi
967 2388 1018 2435 et
1044 2370 1351 2448 eloquentia
1384 2361 1517 2431 alios
1564 2377 1631 2431 ab
1658 2374 1790 2429 Ario

189 2464 480 2546 adoptatus
505 2489 719 2531 errores
738 2516 751 2540 ,
784 2482 837 2528 et
866 2482 992 2528 ante
1022 2474 1193 2544 ipsum
1219 2472 1463 2541 vulgatus
1487 2470 1788 2539 disiecerit,

187 2584 249 2622 ac
296 2566 691 2638 proﬂigaverit.
749 2566 877 2621 Haec
926 2581 1057 2621 sane
1107 2567 1325 2635 propria
1379 2573 1462 2620 est
1507 2562 1790 2619 catholicae

189 2664 245 2718 S.
280 2660 520 2716 Zenonis
571 2658 829 2715 doctrina:
878 2658 1280 2729 pr0pugnandze
1326 2658 1482 2712 ratio.
1513 2656 1643 2711 Nam
1669 2670 1791 2726 qua:

186 2754 453 2809 hactenus
478 2752 891 2823 disputavimus,
924 2750 1238 2812 ostendunt,
1274 2749 1477 2804 nullum
1512 2747 1627 2802 Arii
1658 2761 1787 2816 pro-

189 2848 367 2917 prium
394 2861 637 2900 errorem
669 2860 697 2899 a
726 2844 789 2899 D.
826 2844 1046 2899 Zenone
1078 2842 1375 2914 impetitum
1407 2840 1602 2896 fuisse:
1634 2840 1791 2911 quin-

188 2940 355 2995 immo
383 2938 555 3014 (quod
584 2948 637 2995 et
676 2939 795 2993 aliis
834 2938 1185 2994 antenicmuis
1226 2936 1475 2991 Patribus
1503 2932 1786 3006 contingit)

188 3034 438 3105 quredam
484 3035 534 3087 in
586 3032 755 3104 ipsius
794 3032 1133 3088 sermonibus
1159 3030 1417 3100 reperiri,
1443 3045 1564 3098 quae
1589 3029 1787 3083 verbo-

188 3143 303 3182 rum
330 3127 540 3182 cortice
560 3141 654 3193 pro
677 3126 807 3181 Ario
829 3126 1007 3180 facere
1030 3125 1345 3189 videantur;
1375 3139 1495 3178 t‘lllll
1519 3122 1642 3176 aliis
1660 3136 1789 3176 vero

1893 1899 2019 1955 dum
2048 1915 2237 1957 eorum
2266 1918 2535 1971 errorem,
2565 1907 2656 1977 qui
2679 1907 2928 1963 dicerent
2949 1907 3213 1977 Spiritum
3250 1920 3498 1967 sanctum

1894 1993 2199 2050 ministrum
2241 2011 2363 2052 esse
2388 1997 2581 2054 ordine
2600 2042 2615 2067 ,
2643 2008 2699 2055 et
2724 1998 2935 2057 honore
2964 2004 3216 2069 tertium,
3250 2018 3316 2059 ac
3339 2005 3497 2061 subs—

1896 2090 2064 2144 tantia
2091 2107 2121 2145 a
2149 2090 2309 2146 Patre
2330 2133 2344 2158 ,
2375 2102 2430 2147 et
2460 2092 2598 2148 Filio
2627 2093 2975 2150 dissimilem.
3006 2095 3118 2150 Eos
3143 2098 3500 2167 reprehendit

1895 2183 1952 2238 S.
1984 2183 2213 2251 Doctor,
2246 2185 2334 2256 qui
2369 2186 2761 2257 philosophicis
2792 2190 3126 2260 argumentis
3154 2190 3498 2248 divinitatem

1894 2275 2037 2343 Filii,
2068 2286 2127 2333 et
2152 2277 2388 2347 Spiritus
2410 2278 2593 2334 Sancti
2626 2282 2954 2350 perscrutari
2989 2293 3347 2353 praesumunt.
3380 2285 3497 2341 Sa:—

1894 2372 2086 2425 cularis
2116 2387 2290 2426 amore
2314 2370 2411 2444 (ita
2443 2372 2502 2428 S.
2530 2371 2704 2444 Zeno)
2720 2376 2995 2445 jactantitc
3012 2392 3259 2431 accensus
3290 2374 3504 2434 unseen?

1896 2467 1960 2519 tis
1984 2465 2078 2520 Dei
2107 2467 2169 2521 de
2190 2464 2322 2533 Deo,
2350 2466 2681 2539 Spiritusque
2715 2471 2881 2523 sancti
2908 2470 3319 2524 inwstimabilem
3351 2468 3500 2526 Divi—

1894 2559 2067 2612 nitatis
2095 2559 2482 2628 perpetuitatem
2502 2562 2627 2633 jure
2653 2560 2796 2631 ipso,
2830 2577 2934 2631 quo
2962 2578 3026 2616 ea:
3055 2579 3161 2617 sese
3188 2574 3300 2631 est,
3330 2579 3492 2635 argu-

1894 2651 2076 2704 mentis
2100 2660 2147 2705 te
2168 2667 2347 2723 cogere
2370 2693 2383 2717 ,
2415 2654 2732 2719 examinare,
2753 2655 2942 2722 metiri,
2968 2671 3028 2709 ac
3046 2654 3331 2711 discernere
3353 2673 3503 2726 posse

1897 2746 2194 2815 prwsumis?
2224 2745 2390 2801 Verba
2404 2748 2551 2815 illa,(
2579 2748 2703 2818 jure
2724 2750 2859 2816 ipso,
2884 2767 2983 2818 quo
3008 2767 3192 2806 exsese
3208 2762 3302 2816 est,
3319 2771 3338 2805 ι
3362 2753 3498 2808 Per-

1895 2855 2083 2895 uarum
2124 2841 2528 2898 distinctionem
2563 2858 2671 2899 non
2721 2846 3022 2917 recipiunt,
3073 2863 3173 2903 nec
3206 2848 3502 2905 relationes

1895 2935 2037 2991 inter
2062 2934 2286 2990 easdem
2316 2928 2586 2991 Personas
2614 2944 2861 2993 naturam
2893 2939 3131 2996 divinam
3156 2942 3468 3012 exprimunt
3493 2985 3508 3011 ,

1896 3049 2017 3104 quae
2049 3050 2111 3089 ea;
2140 3050 2250 3089 sese
2287 3044 2379 3090 est.
2407 3035 2646 3090 Persona
2670 3052 2800 3092 vero
2837 3038 2957 3094 Filii
2987 3055 3016 3093 a
3047 3039 3209 3095 Patre
3238 3039 3505 3111 procedit,

1898 3136 1954 3181 et
1975 3124 2210 3197 Spiritus
2235 3129 2408 3183 sancti
2442 3140 2674 3198 persona
2703 3146 2730 3183 a
2764 3131 2945 3199 Patre,
2971 3142 3025 3188 et
3049 3132 3209 3187 Filio.
3232 3134 3513 3191 Scrutato-

192 3219 360 3291 ipsius
393 3220 676 3274 sententiis
708 3218 900 3297 collata
918 3261 932 3283 ,
965 3218 1286 3273 catholicam
1309 3218 1637 3273 sententiam
1664 3230 1795 3269 cou-
1828 3204 1872 3267 C
1905 3234 1994 3275 res
2023 3235 2154 3291 ergo
2175 3220 2380 3277 divinae
2406 3224 2684 3291 essentiae,
2710 3240 2772 3280 ac
2794 3225 3095 3297 Majestatis
3125 3230 3303 3300 arguit
3329 3230 3387 3286 S.
3410 3230 3512 3288 Ze-

194 3316 370 3370 tinere
401 3321 788 3384 agnoscuntur.
827 3313 882 3367 Id
913 3313 1135 3383 perinde
1161 3322 1242 3391 est
1274 3328 1335 3367 ac
1365 3312 1604 3367 funditus
1639 3327 1797 3367 ever-

198 3422 313 3462 Sam
350 3423 544 3463 eorum
575 3407 884 3476 opinionem
916 3406 1225 3471 ostendere,
1251 3407 1339 3476 qui
1367 3422 1431 3460 ex
1465 3419 1797 3460 commemo—

198 3501 328 3556 ratis
356 3543 371 3568 ,
419 3515 475 3557 et
504 3488 794 3556 confutatis
830 3515 859 3554 a
901 3500 958 3555 S.
993 3499 1211 3554 Zenone
1255 3498 1368 3553 Arii
1397 3499 1674 3553 erroribus
1697 3540 1710 3562 ,
1742 3506 1799 3551 ut

190 3597 325 3652 lalso
354 3605 630 3664 astruunt,
656 3596 712 3650 S.
743 3596 994 3652 eumdem
1019 3596 1295 3651 doctorem
1336 3612 1363 3648 a
1396 3594 1557 3650 tertio
1585 3592 1793 3648 saeculo

189 3693 559 3749 amovendum
587 3734 603 3762 ,
636 3702 689 3749 et
712 3692 777 3749 ad
808 3692 1436 3764 quartumrelercndum
1472 3692 1619 3749 inani
1648 3697 1797 3747 certe

188 3799 387 3844 conatu
416 3786 773 3844 contendunt.

824 3900 1054 3957 CAPUT
1095 3902 1161 3956 ll.

188 4033 360 4074 PLURA
388 4034 421 4073 Ε
443 4031 774 4081 SBBHONIBUS
795 4032 836 4072 S.
864 4032 1083 4072 ZENONIS
1100 4033 1416 4073 ARGUMENTA
1439 4031 1645 4072 PETUNT
1664 4030 1789 4071 DOC‘

259 4129 455 4170 TISSIIII
504 4129 845 4181 BALLERINII,
882 4128 952 4168 UT
1000 4128 1233 4168 EIUSDEM
1285 4128 1529 4169 EPOCHAM
1582 4125 1807 4176 QUARTO

239 4207 484 4265 ’διευιο
505 4200 812 4264 ASTRUASTZ
843 4222 1074 4263 POTIORA
1098 4222 1253 4263 CIRCA
1286 4221 1590 4262 ARIANORUM
1622 4220 1791 4259 ΕΜὶῦ-

258 4322 357 4361 RES
398 4320 562 4361 PRIMO
601 4320 795 4359 CAPITE
823 4317 1314 4367 CONSIDERAV’IMUS,
1360 4318 1480 4356 ΑΗΔ
1511 4314 1754 4353 RESTANT
1778 4338 1791 4361 ,

258 4415 381 4463 QUAS
416 4413 877 4461 SUBSEQUENTIBUS
921 4411 1286 4453 PABAGBAPIHS
1328 4412 1394 4450 AD
1424 4409 1636 4449 LANCEM
1678 4408 1795 4447 SUS-

257 4509 529 4550 PENDIMUS
557 4508 926 4550 PONDERANDA.

189 4606 234 4680 ᾗ.
258 4607 297 4663 1.
343 4607 428 4663 De
448 4606 567 4662 aliis
598 4607 876 4663 hwresibus
905 4616 1085 4679 quarto
1113 4604 1300 4661 steculo
1326 4604 1512 4659 exortis
1542 4618 1645 4657 non
1688 4584 1794 4671 agit
1823 4601 1877 4663 D
1905 4584 2106 4682 αιι-,ιξέιέ
2126 4671 2141 4697 ,

866 4702 928 4758 S.
958 4701 1118 4757 Zeno.

258 4818 540 4886 Quasdam
581 4817 820 4874 haereses
870 4828 1062 4888 quarto
1116 4816 1443 4873 decurreute
1486 4814 1689 4869 sarculo
1743 4813 1793 4868 in

188 4912 456 4975 Ecclesia:
504 4928 633 4984 agro
679 4912 950 4969 veneficas
1003 4911 1170 4967 veluti
1227 4910 1422 4968 herbas
1474 4920 1798 4966 enascentes

191 5004 248 5059 S.
275 5004 562 5062 Zenonem
594 5005 855 5061 radicitus
887 5006 997 5060 suis
1027 5005 1303 5060 eradicare
1340 5004 1683 5059 sermonibus
1711 5017 1805 5057 vo-

196 5099 367 5156 luisse
390 5108 647 5156 asserunt
669 5100 852 5155 eximii
875 5099 1151 5155 Ballcrinii
1176 5097 1417 5171 (Disserl.
1446 5115 1483 5159 ι.
1508 5115 1556 5153 c.
1582 5098 1637 5161 2,
1664 5096 1691 5169 §
1729 5099 1803 5159 5):

200 5214 219 5249 ι
250 5194 500 5250 Primum
522 5194 761 5262 Tract.l,
793 5212 936 5249 nam.
962 5196 1017 5261 5,
1046 5194 1172 5250 lib.t
1202 5205 1391 5268 praeter
1419 5211 1501 5249 eos
1524 5196 1611 5265 qui
1636 5196 1685 5246 in
1712 5191 1807 5245 Dei

192 5290 394 5347 Filium
453 5307 655 5346 errores
704 5302 1004 5363 sparserunt
1035 5332 1048 5356 ,
1098 5290 1215 5345 illos
1276 5295 1429 5345 etiam
1478 5286 1805 5359 reprehendit

191 5387 288 5455 (Β.
316 5387 500 5451 Zeno,
527 5396 585 5441 ιιι
609 5387 711 5457 ipsi
745 5384 977 5458 putant)
1004 5386 1091 5456 qui
1118 5387 1172 5439 in
1214 5385 1440 5456 Spiritus
1472 5385 1633 5439 sancti
1662 5383 1805 5437 Divi-

194 5486 408 5539 nitatem
454 5483 693 5538 subtilius
742 5483 1105 5537 ratiocinantes
1149 5479 1495 5553 peccabant...
1533 5480 1633 5534 sub
1664 5493 1801 5533 SUDO

198 5575 328 5648 legis
368 5597 388 5630 ι
442 5577 608 5647 inquit
641 5595 659 5625 ί
691 5591 751 5629 ac
780 5575 932 5629 Fidei
963 5576 1238 5629 smcularis
1288 5588 1475 5628 arnore
1521 5572 1801 5642 jﬂClﬂlllitC

202 5692 221 5724 s
265 5686 553 5739 accensus,
585 5670 856 5725 nascentis
885 5670 978 5724 Dei
1000 5670 1066 5724 de
1090 5669 1222 5735 Deo,
1252 5669 1591 5738 Spiritusque
1635 5667 1808 5721 sancti

203 5782 220 5815 ι
267 5764 707 5819 inaestimabilem
733 5763 1041 5819 Diviuitatis
1059 5762 1630 5833 perpetuitatem,jure
1659 5763 1803 5831 ipso,

211 5883 228 5909 1
275 5872 383 5931 quo
407 5875 473 5914 ex
502 5872 623 5914 sese
656 5864 759 5924 est,
789 5857 1121 5927 argumentis
1146 5867 1197 5914 te
1229 5872 1447 5928 cogere,
1476 5854 1811 5921 examinare,

1900 3328 2001 3379 no,
2036 3329 2213 3385 neque
2233 3314 2302 3370 de
2328 3316 2638 3385 aequalitate
2665 3317 2866 3385 Patris,
2901 3328 2956 3375 et
2997 3320 3155 3387 Filii,
3184 3333 3236 3378 et
3268 3322 3505 3392 Spiritus

1899 3409 2073 3461 sancti
2115 3408 2265 3477 agit,
2308 3423 2470 3478 quam
2498 3407 2823 3464 Semiariani
2852 3411 3262 3483 impugnabant.
3298 3414 3398 3471 llic
3425 3427 3510 3472 est

1899 3498 2060 3569 hujus
2111 3510 2373 3557 tractatus
2419 3503 2474 3558 S.
2511 3502 2750 3559 Zenonis
2782 3521 3017 3578 scopus,
3052 3518 3307 3580 tofusqtte
3339 3513 3393 3567 in
3430 3528 3499 3567 eo

1899 3603 1983 3648 est
2031 3604 2086 3648 ut
2118 3594 2375 3651 05tendat
2396 3611 2459 3652 ea
2482 3639 2497 3664 ,
2531 3613 2653 3668 quae
2683 3598 2808 3653 ﬁdei
2843 3610 2968 3654 sunt
2990 3645 3004 3667 ,
3036 3601 3287 3660 humanis
3334 3606 3505 3660 ratio-

1900 3688 2058 3743 nibus
2109 3704 2215 3745 nou
2264 3706 2387 3746 esse
2448 3692 2811 3763 inquirenda,
2861 3704 2922 3750 ut
2967 3696 3164 3767 legenti
3218 3709 3505 3756 tractatum

1903 3783 2047 3839 hunc
2093 3786 2371 3842 evidenter
2412 3796 2599 3856 patet,
2645 3805 2876 3846 numero
2925 3794 3113 3862 quinto
3166 3798 3510 3866 potissimum

1901 3877 1953 3930 in
2000 3877 2106 3931 illis
2135 3879 2361 3935 verbis:
2406 3879 2512 3935 Cur
2541 3882 2705 3952 legem
2743 3885 2853 3955 lege
2900 3887 3211 3959 dis’tringis?
3260 3890 3363 3947 Cur
3409 3894 3505 3947 sub

1896 3970 2123 4042 imagine
2172 3972 2327 4039 ﬁdei,
2392 3974 2546 4042 [idem
2603 3977 2858 4046 deponis?
2926 3978 3032 4035 Cur
3096 3984 3266 4055 ipsunt
3309 3986 3507 4055 fontem-

1898 4059 2198 4116 Dirinitatis
2222 4065 2593 4137 philosOphicis
2622 4072 2941 4141 argumentis
2972 4075 3243 4131 exhaurire
3268 4081 3512 4135 conaris?

1975 4162 2112 4217 Aliis
2154 4162 2206 4216 itt
2240 4164 2426 4220 verbis
2458 4176 2719 4223 tractatus
2766 4185 2862 4224 xm
2904 4171 3001 4226 lib.
3044 4188 3105 4240 ll,
3155 4190 3309 4230 num.
3336 4177 3389 4245 1,
3415 4192 3508 4234 su-

1899 4268 1998 4325 pra
2048 4256 2236 4310 relatis
2283 4256 2351 4337 8.¹
2394 4257 2543 4314 Zeno
2593 4260 2752 4316 tidem
2810 4277 2917 4318 non
2956 4267 3280 4339 profitetur,
3330 4286 3508 4343 neque

1899 4358 2088 4401 contra
2122 4350 2359 4408 ltwrescs
2385 4353 2528 4423 agit;
2559 4354 2999 4423 eXpIicatautem
3023 4363 3341 4432 mysterium
3367 4381 3513 4421 som-

1901 4440 1974 4493 nii
2009 4439 2199 4509 Jacob,
2245 4443 2290 4497 is
2339 4447 2482 4501 enim
2516 4456 2602 4502 est
2640 4450 2913 4504 sermonis
2945 4452 3131 4508 titulus
3161 4472 3173 4508 :
3204 4455 3280 4510 De
3308 4461 3508 4515 somnio

1901 4528 2066 4587 Jacob
2094 4551 2112 4588 .·
2167 4535 2234 4591 de
2258 4552 2369 4609 quo
2404 4539 2476 4593 ita
2507 4540 2564 4597 S.
2594 4539 2743 4597 Zeno
2777 4541 2977 4598 :Jacob
3027 4546 3177 4602 habet
3228 4550 3509 4623 imaginem

2169 4629 2259 4685 sed
2281 4639 2325 4685 et
2345 4630 2481 4703 lapis
2501 4633 2632 4705 ipse,
2658 4652 2808 4705 quem
2834 4639 2903 4690 ad
2923 4649 3077 4709 caput
3102 4659 3253 4696 suum
3277 4648 3509 4715 posuisse

1907 4724 2235 4795 cognoscitur
2263 4741 2281 4779 :
2306 4729 2547 4797 quoniam
2584 4739 2737 4798 caput
2762 4731 2857 4784 viri
2886 4729 3121 4787 Christus
3146 4777 3160 4801 ,
3191 4738 3281 4806 qui
3307 4740 3511 4811 alique-

1907 4822 2001 4875 ties
2050 4821 2182 4893 lapis
2217 4831 2289 4873 est
2333 4832 2682 4891 nuncupatus.
2719 4822 2875 4877 Scala
2898 4838 3064 4880 autem
3088 4829 3190 4883 duo
3212 4841 3512 4889 testamenta

1905 4917 2167 4989 signi/ient
2184 4958 2198 4984 ,
2220 4932 2332 4987 qua:
2351 4926 2398 4971 et
2430 4916 2755 4989 Evangelicis
2778 4919 2976 4973 intexta
3004 4927 3273 4997 prteceptis
3299 4930 3517 4985 creden-

1909 5021 1980 5065 tes
2015 5012 2245 5066 homines
2271 5053 2284 5075 ,
2318 5013 2731 5083 voluntatemque
2774 5013 2872 5069 Dei
2919 5015 3202 5088 facientes;
3244 5026 3392 5095 quasi
3426 5045 3525 5097 per,

1909 5105 2160 5175 quosdam
2185 5105 2519 5159 observantur
2549 5107 2743 5177 gradus
2781 5107 2835 5161 in
2876 5109 3062 5166 calum
3096 5114 3269 5170 lerrtre
3291 5134 3531 5177 consue-'

1902 5208 2109 5273 ‘rerunt.
2150 5198 2303 5252 Hanc
2330 5187 2385 5250 in
2417 5198 2736 5270 Apocalypsi
2776 5200 3008 5259 Joannes
3039 5206 3115 5263 bis
3154 5222 3361 5267 acutum
3403 5218 3516 5288 gla-

1912 5295 2055 5349 dium
2080 5309 2194 5347 cum
2228 5310 2329 5347 uno
2360 5296 2547 5364 capulo
2576 5300 2890 5369 nuncupavit
2908 5344 2921 5364 ,
2946 5317 3097 5370 quem
3127 5322 3189 5359 ex
3217 5324 3303 5365 ore
3330 5307 3517 5366 Domi-

1914 5388 1965 5440 ni
2010 5386 2218 5454 prodire
2264 5386 2554 5457 descripsit.
2597 5385 2816 5445 Gladius
2867 5395 3001 5447 enim
3045 5397 3274 5468 Spiritus
3310 5418 3522 5461 sanctus

1909 5491 1983 5535 est
2028 5498 2182 5533 unum
2216 5481 2463 5550 capulum
2514 5482 2706 5538 habens
2731 5528 2744 5549 ,
2778 5486 2832 5538 id
2857 5497 2929 5542 est
2960 5505 3114 5544 unam
3144 5495 3515 5569 substantiam,

1909 5576 2181 5636 uirtutem,
2239 5573 2514 5642 deitatem,
2563 5580 2924 5650 majestatem,
2966 5582 3377 5659 roluntatemque
3410 5590 3520 5646 Pa-

1913 5667 2095 5729 tris,ct
2116 5664 2269 5731 Filii,
2313 5676 2607 5722 contestans
2654 5670 2784 5723 duas
2814 5673 2971 5740 acies,
2996 5675 3166 5742 idest,
3215 5680 3319 5734 duo
3365 5693 3519 5741 testa-

1917 5769 2085 5814 menta
2110 5776 2311 5831 gerens,
2336 5778 2550 5832 quorum
2582 5764 2840 5833 regalibus
2871 5768 3095 5835 monitis,
3125 5782 3169 5825 et
3193 5776 3407 5843 creduli,
3434 5780 3523 5835 de-

1929 5854 2131 5924 votique
2162 5864 2451 5922 servantur,
2481 5868 2527 5911 et
2557 5856 2807 5914 increduli
2829 5859 3213 5937 desertoresque
3236 5873 3521 5939 puniuntur
