3822 6220
443 223 558 316 oss

1843 258 2314 318 DiSSERTATIO.

3597 277 3604 282 '
3627 262 3734 321 690

441 387 494 431 et
523 375 778 433 Victorini
795 375 1138 434 Pictaviensis
1181 371 1412 447 episcopi
1433 375 1581 431 verba
1610 354 1872 448 proponit.
1894 373 1963 429 Et
1985 376 2050 431 de
2077 379 2126 438 Α
2151 376 2446 435 mandavit.
2467 375 2658 432 Plures
2677 392 2808 448 ergo
2827 386 2951 433 ante
2973 375 3387 433 Constantinum
3410 375 3741 433 Diocletiano

447 466 776 524 Tertulliano
799 468 1005 540 quidem
1035 469 1167 523 nihil
1209 469 1430 538 amplius
1457 469 1594 530 dico,
1621 483 1774 540 quam
1806 465 2051 521 Ecclesia

433 562 709 618 hominem
747 580 849 617 non
886 564 1112 635 fuisse...
1149 561 1338 616 Verum
1367 577 1535 634 nugas
1560 561 1793 641 terimus,
1837 570 1884 616 et
1911 564 2051 630 fonte

441 655 675 711 veritatis
695 656 881 712 omisso
895 655 1153 728 opinionis
1172 654 1363 709 rivulos
1383 652 1759 710 consectamur.
1785 650 2052 723 Numquid
2090 686 2101 699 ι

443 764 559 804 non
586 766 815 821 possunt
864 749 952 804 tibi
1000 759 1156 804 totam
1217 759 1445 804 veterum
1494 746 1823 817 Scriptorum
1870 747 2053 802 seriem

440 857 764 920 commovere
784 885 802 911 ,
835 839 1508 915 Ignatium,Polycorpum,
1562 839 1844 904 Irenmum,
1874 837 2051 894 Justi-

443 948 581 986 num
599 942 880 1006 martyrem
909 933 1199 1004 multosque
1216 934 1348 1010 «πᾶσι
1377 934 1708 1005 apostolicos,
1740 941 1786 987 et
1813 933 2055 1001 eloquen-f

445 1013 530 1080 tes
556 1028 708 1092 uiros,
732 1029 820 1098 qui
845 1028 1090 1083 adversus
1119 1026 1424 1093 Hebionem,
1455 1035 1504 1081 et
1523 1025 1845 1082 Theodotum
1867 1025 2054 1088 Bison-

447 1119 621 1173 tinum
664 1120 773 1174 hcc
812 1119 990 1174 eadem
1021 1121 1293 1175 sentientes
1322 1121 1480 1191 plena
1506 1120 1770 1188 sapientite
1796 1119 2057 1174 volumina

447 1212 871 1282 conscripserunt
898 1212 924 1265 ?
948 1212 1064 1268 Non
1098 1229 1238 1269 unus
1272 1213 1456 1280 itaque
1482 1213 1538 1269 S.
1563 1212 1712 1268 Zeno
1733 1202 1918 1267 Mariae
1941 1197 2057 1266 lue;

349 1369 352 1372 Α
449 1314 547 1360 tur
576 1303 974 1378 virginitatem,
1009 1306 1055 1361 si
1082 1317 1138 1362 et
1162 1306 1350 1376 primis
1380 1296 1640 1362 Ecclesiae
1684 1305 1896 1361 sazculis
1926 1314 2055 1361 ante

449 1402 638 1474 ipsum
665 1398 942 1459 Zenonem
981 1409 1064 1456 tot
1091 1399 1279 1457 Patres
1313 1399 1639 1472 virginitatis
1671 1399 2057 1456 Marite'asser-

453 1502 609 1550 tores
626 1493 693 1549 ab
715 1483 1051 1566 Hieronymo
1077 1494 1469 1565 producuntur.
1495 1493 1683 1563 Neque
1709 1488 1903 1564 quarto
1934 1485 2053 1546 tan;

455 1595 574 1653 tum
625 1573 832 1643 Saecqu
876 1585 1161 1656 virginitas
1202 1585 1383 1640 Maria:
1411 1571 1594 1654 impiis
1618 1586 1792 1656 patuit
1840 1583 2058 1638 haereti-

449 1694 647 1736 corum
675 1675 985 1734 calumniis.
1011 1675 1153 1733 Nihil
1188 1683 1317 1759 ergo
1337 1677 1612 1734 convincit
1632 1673 1863 1732 adducta
1893 1676 2052 1745 ratio,

2151 469 2504 540 posteriorem
2523 485 2552 523 a
2568 468 2893 526 Christianis
2913 481 3241 527 constructa:
3270 470 3482 526 fuerant
3498 469 3744 526 ecclesiae

2150 561 2400 632 publica,
2431 552 2731 631 etquidem
2761 564 2972 635 amplae.

2224 653 2598 724 Antiquiorem
2639 655 2971 724 publicarum
3000 657 3350 713 ecclesiarum
3407 660 3547 714 inter
3589 656 3749 712 Chri-

2153 746 2361 802 stianos
2401 746 2810 818 aediﬁcationem
2840 750 2993 819 ponit
3019 748 3400 806 Tillemontius
3424 751 3748 808 auctoritate

2153 837 2405 909 Origenis
2433 838 2650 907 ductus,
2671 841 2760 910 qui
2784 840 3097 898 combustas
3129 843 3386 898 ecclesias
3413 857 3747 916 commemo-

2155 937 2260 998 rat,
2286 930 2430 1002 quod
2464 932 2514 985 in
2538 933 2917 1002 persecutione
2954 934 3166 990 Maximi
3197 935 3392 992 factum
3417 937 3582 993 variis
3619 919 3752 992 con-

2150 1027 2377 1098 jeCturis
2402 1036 2803 1098 argumentatur
2825 1027 3055 1100 (Tillem.
3081 1028 3172 1084 Tr.
3197 1033 3252 1094 3.
3273 1031 3422 1087 Man.
3455 1030 3656 1088 Eccles.
3683 1031 3748 1086 de

2156 1130 2409 1190 persecut.
2443 1118 2690 1189 Manium,
2717 1120 2831 1188 Art.
2863 1120 2940 1192 6).
2979 1121 3046 1177 Et
3084 1124 3372 1180 Alexandri
3403 1125 3748 1197 imperatoris

2158 1223 2403 1284 tempore
2420 1212 2746 1270 Christianis
2777 1215 3101 1286 permissum
3134 1207 3392 1274 ecclesias
3430 1226 3748 1281 construere

2159 1306 2388 1377 probat:
2419 1305 2536 1378 ipse
2580 1320 2812 1378 namque
2852 1308 3146 1386 imperator
3186 1308 3494 1365 Alexander
3532 1307 3752 1365 Christo

2158 1391 2416 1471 templum
2448 1410 2766 1458 construere
2794 1397 3070 1480 cogitavit,
3109 1393 3746 1475 Cbristianisquelocum

2097 1543 2100 1546 .
2158 1495 2447 1565 quemdam
2479 1491 2774 1566 publicum,
2797 1511 2954 1566 quem
2987 1495 3089 1552 sibi
3123 1496 3426 1566 adjudicari
3475 1497 3746 1569 p0pinarii

2158 1587 2580 1654 contendebant,
2631 1591 2904 1644 concessit
2959 1598 3096 1645 teste
3152 1589 3504 1659 Lampridio,
3554 1590 3750 1645 melius

2159 1698 2282 1741 esse
2310 1684 2530 1751 dicens,
2574 1694 2632 1738 ut
2669 1683 3172 1756 quomodocumque
3203 1685 3312 1740 illic
3363 1685 3505 1740 Dens
3549 1684 3754 1740 colere-

454 1785 514 1828 nt
546 1773 665 1845 quis
708 1772 880 1844 putet,
923 1772 980 1830 8.
1019 1771 1293 1827 Zenonem
1332 1770 1660 1841 redarguere
1692 1771 1930 1826 voluisse
1952 1770 2031 1825 Eu

2234 1797 2434 1853 rquam
2463 1772 2582 1836 dari
2621 1781 2953 1854 popinariis;
2985 1779 3166 1851 ibique
3204 1779 3545 1835 Christianos
3587 1779 3762 1836 eccle-

453 1869 738 1950 nomium’,
767 1869 860 1939 qui
907 1867 1130 1922 Mariam
1175 1883 1209 1920 a
1251 1857 1482 1938 Joaepho
1523 1876 1636 1938 post
1686 1862 1863 1919 Diuini
1909 1863 2056 1919 Verbi

453 1947 973 2035 partum'cognitam
1015 1978 1109 2034 pro
1150 1961 1394 2016 concione
1434 1959 1737 2030 afﬁrmauit.
1771 1957 1948 2025 Quare
1989 1956 2067 2013 δι’

450 2057 649 2113 eadem
681 2056 892 2112 ratione
921 2069 950 2109 a
983 2057 1147 2111 tertio
1185 2055 1385 2109 sarculo
1417 2067 1526 2108 non
1549 2059 1636 2108 est
1661 2049 2016 2122 expellendus
2039 2091 2054 2114 ,

413 2149 589 2222 iquin
635 2150 867 2206 velimus
908 2149 976 2204 ad
1022 2159 1277 2220 quartum
1327 2133 1590 2228 smculu'm
1639 2134 1955 2210 amandare,
2003 2153 2060 2200 et

453 2244 726 2317 lgnatium
757 2253 1071 2318 martyrem,
1101 2253 1159 2298 et
1186 2242 1570 2314 Polycarpnm,
1600 2247 1656 2295 et
1677 2229 1942 2295 [renteum
1967 2252 2061 2307 pa-

407 2377 415 2382 -
458 2339 600 2396 riter
618 2349 939 2413 martyrem,
969 2338 1203 2409 aliosque
1231 2335 1542 2405 apostolicos
1561 2377 1576 2401 ,
1599 2335 1893 2405 eloquentes
1923 2334 2060 2388 viros

456 2435 550 2504 qui
579 2433 821 2487 adversus
852 2430 1162 2504 Hebionem,
1187 2441 1234 2484 et
1272 2428 1594 2484 Theodotum
1614 2426 1951 2486 Bizantinum
1971 2471 1985 2494 ,
2015 2437 2063 2482 et

470 2522 807 2584 Valentinum
830 2525 938 2582 htcc
959 2527 1136 2581 eadem
1149 2527 1419 2582 sentientes
1445 2525 1594 2596 plura
1623 2524 1773 2595 plena
1794 2525 2064 2596 sapientia:

460 2625 728 2679 uolumina
754 2624 1190 2695 conscripserunt.
1939 2620 1947 2622 “

464 2762 492 2835 ς
524 2761 590 2818 li.
626 2759 900 2817 Tractatus
939 2776 1029 2817 ειν
1084 2761 1175 2816 lib.
1227 2777 1283 2828 1,
1325 2760 1593 2815 occasione
1633 2775 1778 2815 nocte
1821 2757 2068 2815 Ecclesia:

445 2889 449 2893 ’
548 2857 766 2912 Verona:
806 2863 1115 2910 constructa:
1149 2871 1182 2909 a
1225 2852 1295 2910 D.
1321 2835 1551 2909 Zenone
1579 2853 1801 2918 habitus,
1829 2863 2066 2922 quartum

544 2949 796 3006 steculum
821 2965 923 3004 non
952 2948 1168 3004 indicat.
1323 2942 1327 2944 ’

546 3084 730 3142 Tribus
755 3086 936 3156 primis
974 3070 1218 3140 Ecclesiae
1235 3084 1439 3139 steculis
1465 3082 1768 3164 quibusdam
1789 3083 2001 3150 privatis
2018 3083 2072 3137 in

2162 1877 2299 1931 siam
2331 1873 2630 1930 :cdilicasse
2653 1883 2803 1930 recte
2832 1873 3084 1944 opinatur
3109 1872 3402 1928 cardinalis
3422 1872 3590 1928 Bona.
3624 1873 3757 1942 Quia

2159 1979 2214 2023 et
2249 1968 2618 2036 apdStolorum
2647 1976 2808 2024 aetate
2837 1947 3088 2038 publicas
3113 1967 3281 2023 fuisse
3311 1966 3636 2024 Christianis
3675 1983 3765 2024 ec-

2159 2064 2355 2118 clesias
2402 2077 2469 2118 ex
2528 2064 2590 2118 ι).
2641 2061 2852 2118 Joanne
2899 2061 3291 2135 Chrysostomo
3341 2069 3590 2127 constat;
3646 2062 3764 2132 ipse

2140 2172 2393 2228 namque
2421 2157 2725 2214 Antiochia:
2756 2157 3046 2214 ecclesiam
3078 2156 3147 2210 ab
3174 2155 3306 2224 ipsis
3339 2154 3603 2224 apostolis
3643 2154 3766 2209 fun-

2163 2252 2341 2309 dat’am
2366 2253 2532 2308 luisse
2555 2252 2707 2319 dicit,
2737 2266 2897 2322 quam
2926 2241 2989 2307 ea
3021 2249 3090 2305 de
3114 2263 3276 2304 causa
3303 2249 3549 2313 omnium
3592 2249 3765 2304 eccle-

2163 2345 2366 2401 siarum
2395 2354 2621 2401 matrem
2646 2343 2917 2415 appellat;
2951 2342 3065 2413 ipsa
3095 2331 3299 2411 pluries
3319 2340 3496 2395 diruta
3521 2355 3766 2411 semper

2165 2439 2491 2496 resediiicata
2540 2439 2660 2494 fuit.
2706 2438 2765 2495 S.
2797 2452 3015 2510 quoque
3045 2436 3373 2507 Augustinus
3417 2418 3667 2500 testatur,
3704 2433 3762 2489 S.

2167 2533 2430 2604 Stephani
2468 2533 2795 2603 cappellam,
2818 2546 2939 2600 quae
2965 2529 3079 2586 suis
3099 2529 3434 2599 temporibus
3457 2528 3768 2600 conspicie-

2167 2628 2326 2682 batur
2353 2640 2385 2680 a
2417 2625 2754 2695 temporibus
2783 2622 3177 2694 apostolorum,
3219 2621 3293 2675 ibi
3325 2619 3666 2676 aediﬁcatam.
3699 2619 3767 2674 Et

2167 2717 2356 2773 Romae.
2384 2717 2670 2772 ecclesiam
2699 2716 2756 2771 S.
2783 2713 2931 2772 Petri
2951 2713 3024 2770 ad
3049 2711 3268 2767 Vincula
3293 2712 3361 2767 ab
3392 2712 3512 2781 ipso
3534 2709 3592 2767 8.
3607 2710 3768 2766 Petro

2168 2817 2545 2864 consecratam
2564 2850 2579 2874 ,
2613 2807 2993 2864 vetustissimis
3014 2804 3384 2860 monumentis
3411 2803 3608 2873 probat
3632 2803 3769 2859 emi-

2107 2974 2109 2976 η
2171 2898 2522 2957 nentiSsimus
2555 2900 2722 2956 Bona.
2741 2899 3013 2956 Ecclesias
3034 2895 3249 2969 quoque
3279 2895 3575 2961 aediﬁcatas
3603 2894 3768 2951 fuisse

2170 2993 2225 3049 in
2258 2992 2413 3057 locis,
2447 2993 2536 3049 ubi
2567 2992 2626 3048 S.
2670 2993 2863 3048 Petrus
2889 3033 2902 3056 ,
2936 3006 3000 3047 ac
3037 2989 3095 3046 S.
3126 2987 3326 3043 Paulus
3365 2989 3594 3058 apostoli
3624 3003 3770 3044 inar-

2174 3085 2313 3157 tyrio
2341 3084 2519 3145 affecti
2545 3094 2693 3152 sunt,
2739 3100 2806 3141 ex
2832 3085 3066 3156 quodam
3095 3087 3225 3142 Caio
3249 3085 3424 3142 refert
3448 3081 3729 3154 Eusebius.

467 3179 601 3234 locis
629 3194 804 3234 sacros
829 3188 986 3234 coetus
1014 3177 1297 3232 habuerunt
1344 3176 1364 3250 (
1389 3173 1726 3246 Christiani)
1756 3193 1880 3248 quos
1905 3179 2069 3232 eccle-
2098 3172 2144 3235 C
2247 3180 2388 3234 Ante
2411 3179 2554 3234 Decii
2587 3180 3041 3250 persecutionem,
3070 3179 3250 3236 aiente
3274 3179 3333 3236 S.
3366 3174 3629 3246 Gregorio
3654 3174 3774 3228 Nis-

466 3273 598 3337 sias,
627 3272 902 3340 uocabant,
932 3287 1090 3327 nonas
1117 3271 1322 3337 tamen,‘
1339 3267 1668 3340 publicasque
1694 3270 1748 3324 in
1774 3285 1888 3322 eum
1923 3280 2074 3322 usum

468 3366 610 3420 ardes
637 3365 900 3437 aediﬁcare
919 3364 1025 3431 illis
1044 3380 1151 3419 non
1171 3364 1335 3419 licuit.
1365 3363 1550 3420 Solum
1563 3379 1662 3434 per
1683 3360 2072 3417 Constantinum

469 3459 852 3531 imperatorem,
882 3458 973 3530 qui
992 3441 1197 3513 Christo
1218 3472 1403 3525 nmen
1433 3456 1603 3521 dedit,
1635 3450 1972 3529 publicarum
1991 3470 2074 3508 eo-

471 3551 744 3631 clesiarum
774 3550 1235 3607 'construendarum
1255 3549 1476 3622 facultas
1498 3560 1685 3622 quarto
1723 3550 1947 3620 primum
1973 3564 2073 3602 ste-

472 3645 596 3701 culo
626 3646 765 3716 facta
807 3647 905 3720 fuit
937 3663 956 3702 :
985 3662 1046 3700 ac
1083 3644 1300 3716 proinde
1324 3655 1582 3700 auctorem
1620 3645 1684 3700 de
1713 3659 1847 3698 noua
1871 3642 2077 3712 publica

473 3741 716 3798 Ecclesia
756 3751 860 3797 tam
892 3741 1156 3812 explorate
1192 3740 1531 3794 disserentem
1578 3749 1695 3794 ante
1731 3738 1788 3792 id
1832 3737 2078 3792 saxulum

471 3835 668 3890 vixisse
695 3817 965 3907 perperam
1000 3832 1214 3889 dixeris.
1256 3832 1333 3887 Ita
1369 3832 1578 3887 domini
1611 3829 1906 3885 Ballerinii.
1942 3828 2079 3885 Huic

474 3938 660 4004 tamen
694 3938 802 3981 tam
845 3927 1090 3996 praecise
1136 3925 1466 3988 assertioni.
1496 3921 1832 3982 Christianos
1870 3912 2081 3997 scilicet

472 4030 608 4077 ante
633 4017 1044 4075 Constantinum
1088 4018 1333 4089 publicas
1365 4033 1471 4072 non
1503 4015 1757 4071 habuisse
1791 4013 2075 4079 ecclesias,

473 4111 771 4170 manifesto
795 4122 1062 4184 repugnat
1089 4110 1475 4167 Ecclesiastica
1518 4108 1768 4163 hiS'oria.

555 4205 740 4260 Tertio
779 4220 1010 4275 namque
1057 4203 1256 4258 smculo
1299 4202 1555 4273 publicas
1599 4201 2020 4270 capaciorcsque
2050 4215 2078 4253 a

473 4299 804 4355 Christianis
834 4307 1110 4353 extructas
1138 4295 1303 4350 fuisse
1329 4295 1617 4357 ecclesiis.
1653 4284 1882 4349 testatur
1911 4294 2080 4347 Euse-

474 4395 604 4450 bitts
635 4394 653 4466 (
681 4393 823 4447 Hist.
853 4392 1021 4459 Eccl.,
1051 4391 1139 4446 lib.
1167 4408 1283 4454 vut,
1317 4409 1363 4445 c.
1399 4390 1493 4461 i);
1526 4388 1804 4456 Similiter,
1832 4399 1882 4442 et
1909 4390 2086 4461 singu-

476 4489 550 4543 lis
579 4487 907 4541 ecclesiarum
940 4485 1250 4539 antistitibus
1293 4500 1543 4538 summum
1566 4484 1844 4544 honorem,
1887 4480 2084 4533 cultum

2174 3285 2331 3339 seno,
2359 3273 2559 3343 ubique
2587 3288 2616 3326 a
2641 3270 2968 3329 Christianis
2995 3275 3195 3344 templa
3236 3273 3488 3335 excitata,
3521 3278 3576 3326 et
3605 3268 3776 3322 idolo-

2175 3381 2296 3421 rum
2347 3365 2467 3420 lana
2515 3366 2685 3422 fuisse
2739 3361 2954 3434 diruta,
3003 3375 3167 3438 atque
3212 3381 3402 3422 eversa
3443 3361 3776 3432 comperitur

2178 3457 2359 3533 (Greg.
2397 3458 2609 3514 Nissen.
2639 3462 2693 3514 in
2725 3458 2841 3515 Vita
2866 3459 2929 3515 S.
2950 3459 3169 3532 Gregor.
3205 3458 3249 3516 Τ
3250 3458 3489 3529 haum.):
3515 3454 3644 3513 Cum
3661 3459 3774 3528 jam

2175 3554 2230 3608 in
2261 3569 2437 3608 omnes
2463 3565 2635 3623 partes
2664 3555 2826 3609 divini
2858 3553 3016 3609 Verbi
3040 3553 3345 3625 pra'dicatio
3385 3552 3650 3623 diuulgata
3696 3566 3776 3604 es-

2171 3655 2281 3711 set,
2321 3656 2368 3700 et
2419 3639 2595 3703 omnes
2642 3657 2748 3700 tam
2796 3649 2884 3714 qui
2914 3648 3090 3702 urbem
3137 3647 3458 3711 habitarent,
3499 3659 3653 3711 quam
3691 3644 3778 3712 qui

2118 3811 2123 3818 '
2180 3757 2363 3811 agrum
2388 3742 2610 3815 uicinum
2639 3741 2923 3795 incolerent
2956 3740 3027 3794 ad
3048 3742 3190 3811 piam
3211 3739 3459 3819 doctrinae
3487 3737 3642 3805 ﬁdem
3668 3744 3779 3788 tra-

2181 3833 2326 3887 ducti
2353 3841 2538 3904 essent,
2565 3832 2834 3893 altaribus.
2867 3841 3020 3902 atque
3047 3831 3272 3886 delubris
3291 3873 3305 3896 ,
3353 3845 3469 3901 qua:
3504 3828 3632 3882 inibi
3667 3828 3781 3880 ine-

2181 3915 2298 3981 rant
2323 3927 2613 3980 simulacris
2639 3927 2894 3981 eversis...
2917 3965 2933 3990 ,
2967 3926 3205 3981 omnibus
3243 3928 3366 3981 item
3407 3925 3461 3978 in
3500 3923 3639 3977 omni
3669 3922 3780 3975 loco

2183 4019 2370 4090 templa
2396 4019 2465 4070 ad
2492 4018 2747 4072 orandum
2793 4020 2885 4072 sub
2929 4019 3134 4072 nomine
3174 4016 3366 4073 Christi
3396 4015 3628 4070 studiose
3665 4029 3781 4067 exs-

2186 4109 2492 4172 truentibus,
2523 4112 2669 4180 furor
2692 4109 2899 4180 quidam
2922 4151 2936 4174 ,
2985 4122 3138 4180 atque
3181 4109 3379 4163 invidia
3407 4106 3596 4161 invasit
3622 4120 3738 4159 eum
3761 4143 3779 4170 ,

2184 4203 2272 4270 qui
2303 4211 2423 4255 tunc
2447 4211 2665 4269 prteerat
2689 4202 2909 4273 imperio
2933 4201 3312 4256 Romanorum.

2260 4295 2384 4351 ilice
2405 4311 2434 4349 a
2459 4296 2810 4350 Tillemontio
2843 4294 3203 4365 colliguntur;
3250 4303 3306 4349 at
3348 4309 3454 4348 non
3486 4306 3652 4363 pauca
3685 4290 3784 4344 dn-

2186 4389 2425 4444 bitanter
2451 4388 2664 4444 videtur
2703 4387 2920 4444 all'erre.
2964 4387 3098 4442 Nam
3128 4387 3194 4443 ad
3239 4401 3325 4452 ea,
3371 4402 3494 4456 quae
3519 4399 3584 4440 ex
3613 4383 3786 4438 cardi-

2189 4481 2296 4536 nali
2322 4481 2469 4536 Bona
2495 4481 2684 4548 refert,
2718 4497 2824 4535 non
2852 4481 2954 4536 sibi
2976 4496 3174 4536 vacare
3201 4480 3330 4535 dicit
3358 4479 3446 4534 illa
3465 4478 3533 4532 ad
3557 4491 3785 4532 examen

477 4597 549 4634 ac
568 4578 968 4634 benevolentiam
1009 4581 1073 4632 ab
1103 4579 1342 4632 omnibus
1369 4587 1472 4630 tam
1494 4577 1709 4646 privatis
1727 4616 1741 4640 ,
1772 4591 1926 4642 quam
1967 4589 2088 4644 pro-
2111 4573 2168 4634 υ
2191 4590 2468 4641 revocare,
2490 4585 2548 4629 ut
2577 4573 2877 4643 diiudicare
2899 4573 3099 4638 valeat,
3129 4573 3254 4643 quid
3281 4575 3351 4627 sit
3373 4571 3440 4626 de
3462 4571 3527 4625 iis
3550 4570 3793 4624 sentien-

478 4674 771 4728 vinciarum
814 4673 1100 4728 rectoribus
1137 4672 1329 4742 deferri
1365 4671 1596 4725 uidisses.
1661 4667 1784 4722 1am
1820 4684 1936 4722 vero
1975 4670 2086 4737 quis

479 4766 920 4821 innumerabilem
943 4754 1214 4819 hominum
1233 4764 1431 4832 quoties
1458 4762 1527 4814 ad
1557 4751 1714 4831 fidem
1741 4760 2088 4814 Christianam

481 4859 880 4932 coufugentium
908 4859 1297 4928 turbant,qquis
1341 4871 1611 4910 numerum
1659 4855 1992 4910 ecclesiarum
2037 4855 2090 4907 in

480 4956 710 5022 singulis
749 4955 956 5022 urbibus
978 4995 993 5019 ,
1023 4952 1280 5024 spatiosas
1322 4953 1385 5005 ab
1435 4951 1567 5019 ipsis
1609 4949 1958 5022 fundamentis
2001 4933 2090 5002 ea?

485 5059 718 5106 truerent
743 5049 1001 5103 ecclesias.
1039 5047 1212 5118 ,Atque
1255 5048 1366 5102 hac
1393 5061 1668 5120 progressu
1715 5043 1960 5112 temporis
2006 5043 2087 5095 in-

484 5143 794 5206 crescentis,
822 5150 871 5196 et
897 5141 1123 5210 quotidie
1159 5142 1214 5194 in
1236 5143 1427 5214 majus,
1458 5148 1505 5194 et
1538 5140 1718 5193 melius
1747 5136 2093 5208 proﬁcientia,

487 5254 590 5294 nec
615 5237 746 5292 livor
773 5229 1162 5301 ullus'attercre
1179 5278 1192 5301 ,
1224 5251 1317 5290 nec
1344 5235 1646 5304 malignitas
1663 5232 1910 5288 damonis
1943 5232 2100 5301 fasci-

489 5347 646 5396 nare,
677 5347 768 5384 nec
795 5331 1062 5399 hominum
1101 5327 1306 5384 insidia:
1332 5327 1604 5399 prohibere
1651 5342 1893 5395 umquam
1921 5336 2102 5397 potue-
2170 5335 2171 5338 ‘

489 5437 632 5482 runt
655 5468 670 5494 ,
721 5425 968 5494 quamdiu
1032 5423 1397 5494 omnipotentis
1446 5422 1538 5475 Dei
1589 5422 1798 5475 dextera
1852 5419 2101 5490 papulunt

489 5536 676 5586 suum,
705 5528 882 5587 utpote
909 5518 1001 5573 tuli
1027 5517 1241 5586 dignum
1279 5514 1525 5582 praesidio
1562 5513 1706 5589 texit,
1749 5522 1900 5580 atque
1926 5519 2099 5563 custo-

497 5618 656 5673 dit-it.
696 5614 826 5668 ilice
852 5609 1112 5666 Eusebius
1142 5609 1209 5664 de
1247 5608 1508 5662 Ecclesia:
1550 5612 1692 5659 statu
1736 5615 1860 5658 ante
1891 5602 2102 5657 Diocle-

497 5709 642 5766 tiani
691 5704 1166 5776 persecutionem:
1223 5702 1368 5772 quod
1421 5711 1476 5754 et
1528 5700 1880 5754 conﬁrmatur
1935 5699 2105 5766 ipsius

503 5802 699 5857 edicto
725 5788 1069 5866 Diocletiani,
1093 5808 1201 5866 quo
1224 5791 1656 5850 Christianorum
1684 5791 1944 5848 ecclesias
1967 5784 2107 5846 dirui

2191 4667 2339 4720 dum.
2371 4667 2450 4723 De
2481 4669 2674 4738 trinmr
2723 4669 2764 4694 ’“
2794 4677 2994 4735 autem,
3030 4682 3166 4736 quos
3196 4666 3461 4722 Eusebius
3504 4661 3616 4719 Caii
3664 4673 3791 4714 auc-

2193 4763 2412 4816 toritate
2438 4770 2656 4817 erectos
2676 4762 2838 4828 dicit,
2871 4762 2960 4816 ubi
2993 4760 3311 4832 martyrium
3367 4757 3466 4814 SS.
3502 4755 3694 4810 Petrus
3737 4760 3792 4806 et

2193 4852 2393 4908 Paulus
2448 4851 2592 4922 passi
2623 4862 2771 4917 sunt,
2795 4849 3089 4923 probabile
3117 4848 3497 4905 Tillemontius
3541 4850 3691 4913 putat
3720 4840 3789 4895 a'd

2195 4956 2496 5002 conventus
2529 4945 2806 5001 habendos
2835 4947 2950 5001 loca
2979 4962 3008 5001 a
3043 4942 3365 5000 Christianis
3396 4939 3594 4995 ibidem
3618 4937 3792 4992 destio

2197 5049 2321 5094 nata
2355 5058 2367 5093 ε
2397 5040 2774 5095 auctoritatem
2805 5055 2934 5095 vero
2953 5038 3194 5106 Gregorii
3220 5033 3563 5104 Nisseni,qni
3595 5031 3795 5099 ubique

2200 5135 2252 5189 in
2281 5135 2483 5190 Christi
2507 5134 2771 5189 honorem
2803 5135 2998 5203 templa
3021 5147 3049 5184 a
3072 5129 3396 5185 Christianis
3423 5138 3604 5202 erecta
3628 5135 3798 5179 tesm-

2202 5238 2288 5281 tur
2312 5228 2409 5280 hac
2427 5224 3035 5283 restrictioneadmittit,
3056 5222 3101 5276 si
3114 5221 3180 5275 ad
3198 5221 3431 5274 litteram
3446 5219 3796 5289 intelligatur.

2279 5322 2319 5374 A
2349 5319 2586 5375 Baronio
2599 5316 3081 5378 autent-dissentit,
3100 5315 3187 5383 qui
3215 5312 3798 5383 pontiﬁcalisDamasi,

2206 5424 2268 5470 ut
2298 5426 2661 5482 nuncupatur,
2691 5413 3035 5473 auctoritate;
3065 5408 3334 5463 Calixtum
3368 5420 3636 5460 summum
3661 5422 3800 5474 pon-

2213 5509 2410 5564 tilicem
2469 5494 2750 5564 ecclesiam
2810 5505 2861 5557 in
2917 5503 3182 5557 honorem
3238 5500 3567 5557 beatissima:
3619 5499 3804 5553 Maria:

2209 5601 2450 5670 Virginis
2500 5611 2647 5654 trans
2699 5597 2937 5651 Tiberim
2982 5594 3171 5648 Romae
3233 5593 3428 5647 asserit
3482 5589 3804 5647 :rdilicasse.

2196 5677 2446 5748 'Baronio
2487 5691 2603 5746 hazc
2631 5690 3082 5759 objicit;,tantam
3112 5702 3227 5743 rem
3278 5686 3410 5742 solis
3452 5683 3806 5757 conjecturis,

2212 5783 2277 5841 ne
2315 5792 2422 5841 tam
2455 5785 2599 5856 parvi
2647 5772 2907 5838 nuntianti
2961 5771 3327 5849 auctoritate,
3374 5789 3435 5829 ut
3487 5777 3811 5845 pontiﬁcali”
