3822 6220
339 167 436 223 69.!

1398 225 1403 229 ,
1464 161 1553 217 nr:
1606 154 1855 217 ssnon
1891 108 2185 233 zesosis
2224 150 2497 218 specus

3536 146 3623 212 692

337 284 553 342 Damasi
585 274 697 349 est;
743 294 853 352 quo
884 280 935 334 in
969 277 1107 359 libro
1150 276 1287 333 falsa
1318 318 1331 338 .
1387 285 1548 346 atque
1592 272 1799 332 incerta
1830 289 1938 331 non
1967 270 2020 337 Α
2118 269 2341 342 Ctlnstat
2367 273 2530 348 igitur
2556 274 2625 334 ex
2651 270 2737 332 his
2763 280 2883 347 qua:
2905 270 3167 329 hac'tenus
3197 236 3545 327 disSeruinius
3565 274 3625 327 ab

341 390 511 448 pauca
549 374 894 444 reperiuntur
922 368 1231 429 conﬁrmati
1261 385 1369 423 non
1395 382 1578 438 posse.
1626 367 1668 423 i.
1703 368 1760 423 ln
1800 366 1943 423 Pon—

341 464 770 541 tilicaiiDamasi
795 479 826 518 a
850 463 1116 520 Bollando
1137 456 1318 528 edito,
1353 460 1439 517 ubi
1470 460 1788 532 pontificum
1816 454 1944 517 vita:

336 552 511 632 VuSqtte
540 558 875 614 rid-Felicem
904 554 973 611 lV
1022 541 1361 632 digeruntur,
1389 554 1505 612 haec
1524 555 1752 610 minime
1786 555 1945 625 repe-

338 630 456 709 riri.
494 648 930 728 Dubitationibus
970 630 1500 720 igitur’l‘illemontii
1526 645 1745 703 omissis
1761 636 1800 715 ,'
1824 658 1945 717 qum

335 746 597 805 cardinali
628 746 813 810 Boium,
846 734 1081 800 Eusebio
1105 786 1120 810 ,
1146 758 1211 799 ac
1237 743 1501 814 Gregorio
1529 741 1760 797 Nisseno
1785 755 1945 812 agge-

338 842 411 899 rit
474 836 622 895 nulla
671 837 1072 894 dubitationuni
1126 833 1636 890 suarum'addueta
1690 832 1941 898 ratione,

336 949 459 1008 quae
479 940 673 990 contra
695 931 958 989 Ecclesiae
972 929 1387 1007 :‘edilicationem
1404 943 1432 981 a
1449 924 1659 981 Calixto
1683 934 1833 998 trans
1852 925 1946 981 Ti-

336 1026 511 1085 berim
541 1026 727 1081 Romae
756 1026 949 1083 factam
979 1014 1200 1093 objecit,
1223 1021 1483 1077 attentius
1510 1016 1941 1099 consideremus.

411 1121 490 1177 De
538 1117 874 1183 Pontificali,
926 1127 984 1189 ut
1023 1115 1351 1186 perhibent,
1410 1114 1667 1180 Damasi,
1716 1112 1944 1184 ejusque

334 1214 659 1271 auctoritate
703 1211 850 1266 varia
894 1217 980 1265 est
1004 1207 1332 1264 Tillemontii
1381 1206 1684 1271 sententia;
1732 1205 1789 1261 id
1845 1208 1944 1264 ob-

339 1313 520 1362 servat
548 1303 859 1358 Honoratus
881 1314 911 1354 a
934 1298 994 1356 S.
1023 1299 1213 1368 Maria,
1237 1297 1321 1353 vir
1340 1297 1410 1354 de
1436 1314 1497 1354 re
1525 1296 1716 1353 critica
1740 1298 1945 1370 optime

340 1398 586 1463 meritus,
619 1393 1056 1462 Carmeiitarunt,
1104 1407 1243 1464 quos
1267 1391 1612 1449 excalceatos
1642 1392 1973 1463 appellant,"

334 1490 607 1545 alumnus.
644 1486 1028 1543 Tillemontius
1057 1485 1325 1557 siquidem
1352 1499 1475 1540 cum
1491 1484 1824 1542 Pontiﬁcalis
1851 1500 1945 1541 au.

333 1584 587 1642 etoritate
616 1583 859 1654 indiget,
908 1596 1035 1639 suas
1066 1580 1134 1635 ad
1160 1578 1520 1635 adstruendae
1549 1580 1837 1650 opiniones
1882 1578 1948 1634 il-

338 1678 430 1734 lud
457 1676 837 1741 commendat;
872 1674 919 1729 si
961 1668 1452 1746 veroadvers'ctiir
1503 1675 1733 1743 spernit.
1794 1672 1949 1727 Tille—

339 1771 561 1826 montius
631 1767 1027 1842 (ita~lautlatus
1074 1766 1289 1836 auctor)
1347 1764 1531 1821 Indice
1581 1768 1678 1821 hoc
1720 1768 1787 1821 ad
1815 1767 1952 1823 diem

344 1867 512 1921 obitus
538 1863 891 1941 apostolorum
918 1861 1338 1930 constituendum
1367 1878 1499 1932 opus
1527 1861 1716 1915 habens
1739 1902 1753 1927 ,
1799 1861 1952 1916 illum

345 1979 449 2018 non
475 1962 584 2015 sine
605 1959 765 2014 laude
804 1960 1056 2012 nominat.
1086 1954 1195 2013 Sed
1226 1969 1348 2010 cum
1382 1954 1528 2011 idem
1572 1955 1643 2010 ab
1684 1955 1802 2026 ejus
1831 1957 1951 2026 opi-

248 2086 253 2091 ι
346 2057 511 2112 nione
555 2053 827 2108 dissentiat
859 2052 923 2105 de
963 2066 1100 2105 anno
1147 2050 1314 2104 exitus
1357 2048 1753 2119 apostolorum,
1806 2065 1955 2117 quem

345 2147 710 2209 Tit/entontius
757 2146 811 2199 in
856 2160 1047 2198 annum
1074 2141 1146 2199 66
1168 2178 1183 2209 ,
1215 2140 1503 2196 Buéherius
1544 2142 1601 2195 in
1624 2158 1819 2196 annum
1843 2140 1914 2197 65
1939 2185 1952 2209 ,

347 2242 592 2297 incidisse
630 2238 863 2295 tradunt.
906 2247 1120 2303 tum...,
1186 2250 1393 2307 parum,
1436 2234 1605 2291 refert
1651 2234 1954 2306 (subjicit)

350 2334 479 2406 quid
511 2332 676 2389 index
707 2332 793 2387 hic
822 2340 1023 2399 narret,
1060 2339 1265 2385 tenere.
1300 2327 1471 2383 Totus
1498 2326 1641 2383 enim
1674 2327 1727 2381 in
1772 2342 1961 2383 errore

254 2465 263 2471 -
353 2429 421 2483 ad
468 2428 731 2485 Atherum
762 2438 932 2498 usque
974 2436 1321 2490 versatur...,
1370 2420 1630 2477 Baronius
1660 2421 1817 2494 hujus
1844 2418 1960 2474 Da-

361 2508 850 2591 masi'Pontiﬁcalis
875 2520 1184 2574 auctoritate
1208 2520 1519 2588 conﬁrmare
1546 2520 1725 2574 nititur
1746 2559 1760 2585 ,
1784 2517 1959 2574 Catia:-

361 2632 471 2676 tum
520 2616 814 2688 pontiﬁcem
862 2614 1023 2669 eadem
1064 2612 1239 2673 Beattc
1287 2613 1491 2689 Virgini
1559 2627 1700 2672 trans
1736 2614 1963 2671 Tiberim

360 2716 758 2773 construendum
784 2729 1015 2771 curasse.
1064 2716 1127 2768 At
1167 2709 1527 2768 Tillemontius
1550 2710 1785 2777 ueritus,
1819 2726 1883 2773 ne
1909 2711 1964 2765 id

369 2814 635 2869 sententiae
660 2828 769 2867 suae
796 2811 860 2867 de
890 2810 1062 2865 Maria
1094 2810 1304 2883 Virgine
1335 2808 1530 2880 Epheii
1556 2809 1843 2879 quiescente
1875 2806 1961 2862 de-

362 2909 603 2963 trimento
629 2916 782 2973 esset,
830 2910 977 2979 cujus
1001 2906 1105 2959 non
1135 2903 1296 2959 levius
1323 2912 1710 2957 monumentum
1739 2910 1811 2955 est
1830 2943 1846 2971 ,
1896 2899 1965 2954 ibi

366 3004 525 3074 fuisse
552 3000 797 3070 templttnt
826 2998 1071 3070 Deiparee
1100 3008 1450 3075 consecratum
1477 3041 1491 3064 ,
1523 2999 1662 3070 quod
1690 3016 1849 3053 unum
1876 3016 1965 3071 per

2042 380 2161 426 aevo
2190 362 2583 441 apostolorum,
2637 386 2701 426 ac
2734 368 2974 426 secundo
3011 364 3273 423 ecclesize‘
3301 364 3516 431 smculo,
3548 381 3627 436 po-

2045 463 2313 520 tissimum
2370 478 2500 521 vero
2551 464 2710 520 tertio
2749 461 3023 534 publicas,
3081 441 3145 515 ac
3197 457 3503 529 frequentes
3536 454 3622 513 ha-

2044 542 2227 613 buisse
2258 556 2593 611 Christianos
2632 554 2909 618 ecclesias,
2956 549 3227 621 praecipue
3242 566 3375 608 vero
3406 550 3623 607 Alexan-

2044 649 2145 705 dro
2175 664 2237 704 ac
2281 647 2549 719 Philippis
2590 647 3005 717 imperantibus.
3048 646 3106 701 S.
3138 644 3325 718 itaque
3369 644 3625 703 Zenonem

2036 742 2333 803 occasione
2372 757 2526 797 nova:
2552 748 2883 797 constructas
2927 739 3173 796 ecclesiae
3210 754 3507 796 sermonem
3536 738 3631 795 ha-

2046 840 2263 894 bentem
2290 880 2304 905 ,
2357 826 2609 910 quartum
2650 838 2908 893 steCqum
2947 836 3194 907 attigisse
3222 821 3444 891 minime
3477 850 3625 907 repu-

2047 930 2268 987 tandum
2325 940 2452 996 est,
2514 947 2641 986 cum
2689 929 3047 1011 ecclesiarum
3107 928 3527 985 constructiones
3572 942 3675 1010 ea.

2046 1036 2238 1095 aetate,
2276 1042 2379 1098 qua
2420 1025 2745 1082 Veronensi'
2768 1022 3035 1081 Ecclesia:
3082 1032 3352 1095 praeerat,
3385 1021 3551 1097 plures
3582 1022 3631 1078 in

2043 1118 2425 1179 Ecclesiastiea
2470 1112 2703 1175 historia
2745 1104 3151 1175 recenseantur.

2033 1308 2038 1315 .
2102 1256 2283 1312 Multa
2300 1264 2599 1324 congerunt
2615 1254 2823 1313 Domini
2837 1256 3136 1325 Ballerinii,
3150 1264 3205 1312 et
3217 1270 3420 1314 summa
3434 1238 3633 1328 quidem
3654 1234 3659 1239 ’

2048 1351 2358 1409 eruditione
2411 1353 2465 1407 in
2516 1352 2808 1408 Baronium
2828 1392 2843 1416 ,
2870 1352 3145 1409 Perettum
3173 1362 3229 1408 et
3255 1342 3552 1425 Bagattam,
3584 1360 3634 1407 ut

2049 1445 2336 1502 ecclesiam
2399 1446 2630 1503 Veronae
2677 1444 2996 1503 mdilicalam
3025 1447 3089 1501 ι).
3123 1440 3360 1503 Zenonis
3410 1458 3633 1517 tempore

2050 1538 2325 1610 publicam
2379 1538 2571 1606 fuisse,
2626 1538 3003 1596 demonstrent
3053 1539 3151 1612 (ά.
3184 1539 3402 1595 Dissert.
3431 1554 3467 1607 ι,
3515 1540 3632 1603 αἳ,

1979 1673 2030 1738 Β
2057 1632 2108 1706 ς.
2139 1634 2171 1688 4
2197 1644 2248 1688 et
2280 1633 2362 1704 5).
2392 1632 2502 1688 Nos
2526 1633 2636 1703 jam
2679 1645 2733 1688 et
2760 1634 2815 1689 in
2846 1634 3097 1690 universa
3144 1632 3385 1689 Ecclesia
3416 1632 3635 1702 publicas

2056 1742 2118 1782 ac
2136 1726 2448 1797 frequentes
2472 1727 2641 1784 fuisse
2662 1728 3173 1784 demonstravimus.
3198 1728 3269 1782 At
3294 1742 3395 1782 non
3424 1736 3538 1797 post
3565 1726 3631 1781 la-

2057 1822 2314 1875 cultatem
2358 1836 2385 1874 a
2438 1820 2793 1876 Constantino
2833 1820 3161 1891 imperatore
3206 1818 3517 1874 Christianis
3552 1819 3634 1872 da-

2058 1922 2167 1967 tam
2206 1914 2468 1969 ecclesias
2514 1912 2852 1980 aediﬁcandi,
2901 1924 2956 1969 ut
2997 1915 3098 1984 ipsi
3151 1912 3511 1976 contendunt,
3551 1912 3635 1967 sed

2058 2014 2112 2062 et
2145 2008 2308 2062 tertio
2339 2006 2974 2085 potissimmm'sgeculo;
3017 2021 3184 2077 quare
3222 2020 3289 2062 ex
3322 2006 3526 2077 publica
3560 2021 3635 2062 ec-

2058 2100 2225 2157 clesia
2269 2101 2339 2157 de
2367 2115 2486 2171 qua.
2504 2102 2745 2171 loquitur.
2785 2101 2844 2159 S.
2875 2100 3021 2158 Zeno
3064 2098 3253 2158 inferri
3299 2118 3404 2158 non
3444 2112 3634 2174 poteSt,

2061 2205 2252 2273 quarto
2266 2195 2464 2251 smculo
2481 2209 2790 2251 sermonem
2818 2193 2963 2252 hunc
2977 2195 3036 2252 S.
3067 2193 3363 2255 Prmsulem
3386 2194 3633 2251 habuisse.

2136 2334 2338 2392 Centra
2375 2336 2667 2392 Baronium
2698 2345 2880 2393 autem
2929 2346 3152 2409 agentes
3182 2335 3345 2395 iidem
3374 2336 3635 2394 clarissimi

2065 2431 2168 2487 viri
2210 2446 2329 2487 eam
2371 2432 2715 2503 potissimum
2764 2431 3033 2488 rationem
3090 2440 3327 2503 urgent,
3378 2432 3634 2488 Baronium

2066 2528 2275 2585 scilicet
2301 2543 2368 2584 ex
2412 2529 2497 2583 his
2548 2526 2606 2583 S.
2640 2526 2878 2583 Zenonis
2917 2527 3263 2584 verbisuiat
3312 2527 3534 2594 nultum,
3564 2534 3638 2581 aut

2078 2638 2350 2696 perrarum
2396 2631 2473 2677 est
2499 2638 2590 2692 per
2619 2638 2818 2676 omnem
2845 2620 3137 2675 Ecclesium
3180 2620 3277 2675 Dei
3306 2624 3538 2676 orationis
3558 2618 3640 2673 locl

2072 2719 2379 2788 membrum,
2409 2720 2555 2789 quod
2585 2719 2746 2789 possit
2771 2720 2951 2789 quavis
2977 2718 3129 2773 ruina
3171 2719 3226 2772 in
3257 2734 3311 2772 se
3337 2716 3641 2791 mergentibus

2068 2812 2381 2867 idololatria:
2406 2811 2601 2867 wdibus
2635 2828 2769 2865 nunc
2809 2828 2965 2883 usque
2990 2811 3314 2879 aliquatenus
3344 2809 3636 2881 contparari,

2070 2905 2357 2974 collegisse
2383 2904 2439 2960 S.
2467 2904 2741 2959 Zenonem
2770 2902 2931 2973 hujus
2970 2902 3242 2958 sermonis
3267 2912 3520 2957 auctorem
3543 2910 3643 2954 ante

2071 2998 2396 3055 Constantini
2424 3008 2653 3068 tempora
2684 2998 2933 3052 claruisse
2952 3038 2967 3061 ,
3000 2996 3191 3069 quippe
3222 2996 3361 3067 quod
3391 2999 3534 3070 hujus
3558 2996 3641 3047 int-

366 3112 425 3149 ea
453 3087 683 3167 tempora
708 3094 875 3164 ipsius
895 3108 1080 3147 nomen
1110 3108 1217 3163 prce
1241 3108 1295 3146 se
1324 3095 1518 3159 ferret:
1544 3088 1647 3146 hoc
1678 3100 1833 3160 pacto
1864 3083 1960 3144 ιω-
1991 3078 2036 3141 C
2073 3088 2327 3166 perutoi'is
2358 3109 2534 3164 Opera,
2567 3089 2747 3147 Romae
2792 3091 3074 3160 prtusertint
3103 3078 3479 3161 augustissima:
3512 3085 3642 3141 Busi-

367 3187 596 3245 lendarii
630 3186 788 3256 hujus
816 3185 1012 3255 accipit
1043 3184 1411 3240 testimonium
1440 3199 1526 3239 res
1550 3193 1728 3249 tanta,
1762 3185 1966 3240 minuta

368 3283 504 3337 adeo
531 3282 885 3345 auctoritate,
920 3279 1095 3349 qualis
1139 3284 1223 3334 est
1267 3276 1600 3334 Pontilicalis
1645 3264 1964 3345 liainasi...,

367 3371 893 3444 auctoritas,‘fulciri
919 3388 1025 3425 non
1053 3370 1235 3427 debet.
1880 3436 1888 3441 _

441 3465 810 3521 Pontiliealem
860 3463 1056 3519 lihrhm
1106 3479 1213 3518 non
1263 3465 1400 3519 adeo
1450 3471 1831 3532 contempsere
1872 3462 1971 3516 viri

367 3556 550 3630 magni
578 3560 629 3612 in
664 3559 927 3613 litteraria
969 3556 1247 3628 republica
1279 3556 1539 3621 nominis,
1584 3546 1967 3623 Blanchinius:

370 3664 530 3724 atque
560 3652 969 3720 Schelstratius,
1014 3660 1073 3707 ut
1099 3638 1352 3723 antiquos
1379 3652 1656 3717 omittam;
1696 3663 1860 3722 atque
1906 3668 1971 3707 ex

373 3748 725 3803 heterodoxis
756 3748 887 3818 ipsis
910 3754 1018 3802 non
1058 3761 1278 3818 paucos,
1312 3762 1448 3817 quos
1488 3746 1630 3803 inter
1662 3747 1974 3803 Blondellus

374 3842 571 3898 merito
600 3839 968 3896 numerandus
993 3855 1007 3906 ;
1041 3840 1136 3895 sed
1168 3840 1311 3910 quod
1340 3851 1550 3911 Spectat
1579 3840 1646 3895 ad
1686 3841 1973 3896 eccleslatn

377 3934 434 3990 S.
460 3934 639 3988 Mariae
672 3924 837 3987 trans'
865 3931 1107 3987 Tiberim
1139 3933 1325 3988 Romae
1354 3950 1382 3986 a
1414 3932 1621 3987 Caiixto
1648 3932 1705 3989 S.
1740 3931 1803 3987 Ρ.
1835 3942 1975 3987 tem-

380 4034 515 4097 pore
564 4024 854 4080 Aiettandri
906 4025 1253 4095 imperatoris
1292 4034 1706 4093 constructam,
1756 4025 1977 4096 conjec-

382 4129 521 4175 turre
550 4134 739 4174 omnes
765 4116 1037 4193 historica:
1077 4117 1237 4188 hujus
1262 4118 1584 4189 pontiﬁcalis
1612 4119 1979 4173 narrationem

381 4212 727 4269 confirmant.
780 4209 1000 4266 Summa
1053 4210 1276 4265 libertas
1320 4210 1607 4290 eodem
1654 4211 1982 4281 imperatore

382 4305 706 4363 Christianis
736 4316 996 4358 concessa
1019 4302 1159 4357 circa
1190 4296 1469 4374 religionis
1485 4304 1823 4368 exercitium,
1841 4302 1983 4374 quod

379 4410 439 4458 Et
487 4398 868 4455 Tiliemontius
903 4397 1021 4467 ipse
1059 4395 1279 4452 fatetur.
1324 4397 1497 4453 Locus
1544 4405 1713 4463 trans
1742 4397 1982 4453 Tiberim

2074 3188 2187 3242 lica:
2236 3192 2416 3241 erectae
2458 3192 2685 3257 fuerunt.
2748 3184 2956 3254 Optime
3005 3181 3642 3256 quidemlprosequuntur

2074 3280 2173 3350 ipsi
2200 3279 2283 3351 )si
2309 3279 2511 3333 nullum
2545 3286 2752 3332 tantum
2778 3277 3037 3331 orationis
3062 3273 3264 3342 locum,
3291 3292 3404 3329 cum
3419 3276 3641 3329 idolorum

2076 3373 2273 3430 (adibus
2322 3373 2614 3445 comparari
2653 3388 2803 3445 posse
2829 3381 3007 3425 auctor
3057 3372 3377 3442 afﬁrmasset,
3410 3387 3501 3426 non
3546 3383 3641 3422 utro

2076 3486 2191 3523 cum
2246 3468 2329 3524 vel
2362 3483 2675 3539 perrarum,
2708 3466 2908 3520 addidit
2938 3482 2956 3520 :
2983 3465 3104 3519 hinc
3145 3467 3283 3519 enim
3322 3449 3537 3534 aliquam
3563 3464 3643 3515 ati-

2078 3562 2195 3617 cubi
2251 3561 2540 3616 Ecclesium
2595 3560 3118 3634 magniﬁcentissimis
3166 3559 3422 3626 idoloruttt
3470 3557 3640 3628 templis

2077 3671 2397 3727 nequaquam
2429 3653 2608 3708 cedere
2638 3655 2762 3706 satis
2809 3654 3071 3725 intelligit.
3124 3656 3191 3705 At
3222 3650 3356 3706 illud
3400 3650 3639 3722 principum

2079 3746 2552 3802 animadversione
2585 3746 2639 3800 in
2669 3744 2773 3800 hoc
2797 3757 2880 3800 est
2910 3743 3312 3801 observandum
3340 3741 3498 3816 (quod
3536 3738 3643 3810 ipsi-

2082 3850 2194 3896 met
2220 3838 2505 3912 adnotant)
2538 3840 2704 3894 verba
2740 3837 2831 3891 illa
2859 3840 3034 3909 quavis
3063 3837 3214 3890 ruina
3240 3836 3297 3889 in
3327 3851 3380 3890 se
3416 3831 3645 3905 mergenti-

2083 3935 2175 3988 bus
2203 3932 2513 3987 idololatria:
2531 3928 2729 3986 aedibus
2753 3930 3211 4000 comparationem
3237 3928 3509 3983 instituere
3528 3925 3645 3978 inter

2080 4024 2505 4081 Christianorum
2556 4023 2854 4091 ecclesias,
2905 4032 2959 4078 et
3001 4021 3270 4077 idolorum
3327 4020 3517 4091 templa
3557 4028 3644 4070 non

2085 4120 2315 4189 integra,
2349 4115 2444 4171 sed
2474 4116 2647 4171 ruinis
2691 4116 2871 4170 diruta
2896 4156 2911 4182 ,
2945 4115 3017 4169 ita
3062 4123 3120 4168 ut
3162 4113 3424 4169 Ecclesiae
3452 4125 3547 4165 non
3573 4121 3644 4162 es-

2085 4223 2207 4269 sent
2245 4209 2661 4281 comparandm,
2706 4227 2768 4265 ne
2797 4211 2921 4264 dum
2964 4224 3079 4263 cum
3129 4209 3378 4264 stantibus
3426 4206 3644 4263 idolorum

2087 4307 2311 4378 tentplis,
2337 4305 2424 4360 sed
2444 4322 2506 4358 ne
2537 4320 2652 4358 cum
2679 4304 2903 4358 ruinosis
2941 4301 3147 4372 quidem
3174 4318 3193 4357 :
3219 4301 3322 4357 hoc
3349 4317 3470 4357 vero
3510 4308 3643 4352 sensu

2088 4401 2210 4471 quis
2237 4416 2343 4455 non
2370 4396 2517 4454 dicat
2541 4440 2555 4464 ,
2604 4413 2704 4453 nos
2739 4398 2791 4452 in
2835 4398 3016 4468 scirpo
3058 4396 3260 4452 nodum
3311 4407 3569 4467 quazrere,
3607 4385 3644 4441 si

384 4495 451 4551 ad
481 4495 599 4566 ipso
639 4491 950 4549 Alexandro
990 4493 1321 4563 imperatore
1351 4492 1671 4547 Christianis
1720 4507 1984 4547 concesso
2010 4475 2064 4537 Ῑ)
2091 4482 2325 4549 Baronio
2373 4504 2788 4547 succenseamus
2819 4531 2835 4558 ,
2891 4490 2981 4561 qui
3041 4488 3158 4543 haec
3190 4484 3366 4545 'verba
3420 4482 3641 4554 tempori-

385 4604 449 4643 ex
487 4586 778 4656 Lampridii
812 4586 1142 4651 testimonio,
1184 4594 1241 4639 ut
1271 4584 1469 4641 ibidem
1502 4585 1598 4641 Dei
1626 4585 1803 4640 cultus
1829 4600 1987 4641 exer-

387 4692 620 4739 ceretur.
650 4680 813 4736 Certe
847 4679 978 4735 nulli
1018 4680 1109 4735 alii
1149 4680 1266 4735 usui
1298 4695 1419 4736 esse
1448 4688 1658 4748 poterat
1691 4680 1844 4734 locus
1873 4680 1983 4747 ille,

390 4776 490 4830 nisi
521 4775 589 4828 ad
620 4772 891 4843 publicam
924 4772 1214 4827 ecclesiam
1252 4769 1627 4827 mdiiicandam
1654 4787 1668 4838 ;
1700 4760 1985 4826 sixetenim

391 4869 617 4941 privatis
665 4864 1024 4922 cenventibus
1064 4864 1231 4919 Deum
1280 4865 1462 4920 colere
1489 4864 1788 4919 voluissent
1826 4862 1985 4919 Chri-

390 4961 572 5027 stiani,
622 4957 755 5029 ipsis
803 4966 861 5013 ut
889 4967 1037 5013 recte
1088 4954 1322 5011 advertit
1379 4950 1661 5024 BarOnius,
1720 4956 1991 5027 complura

393 5053 589 5121 privata
619 5052 732 5105 loca
773 5053 839 5104 ad
868 5050 923 5103 id
953 5064 1079 5120 opus
1110 5050 1284 5102 deesse
1310 5063 1409 5101 non
1449 5048 1749 5118 potuissent.
1782 5047 1863 5102 Ad
1896 5062 1993 5116 pu-

394 5146 592 5200 blicam
622 5145 802 5216 itaque
841 5140 1194 5197 cxtruendam
1231 5140 1515 5197 ecclesiam
1538 5140 1713 5196 locum
1736 5122 1838 5198 sibi
1869 5157 1994 5195 con—

397 5238 514 5293 cedi
556 5238 853 5307 petierunt,
906 5244 963 5290 ut
1004 5232 1080 5289 ibi
1120 5231 1742 5312 potissimuchiparm
1788 5232 1993 5303 Virgini

401 5330 681 5385 ecclesiam
713 5330 1014 5385 excitarent
1033 5372 1047 5396 ,
1095 5328 1185 5384 ubi
1204 5328 1328 5399 _olei
1368 5328 1490 5383 fons
1515 5328 1583 5383 ad
1607 5334 1817 5399 partum
1848 5331 1994 5399 ejus-

402 5426 525 5480 dem
552 5426 942 5497 designa'ndum
972 5424 1233 5481 divinitus
1264 5424 1529 5481 manardt.
1574 5414 1690 5478 Non
1723 5422 1866 5477 enim
1892 5438 1993 5492 po-

406 5526 581 5571 terant
602 5519 653 5572 in
681 5534 745 5573 eo
774 5519 895 5577 loco
934 5520 1301 5575 caemeteriutii
1330 5528 1606 5584 extruere,
1630 5520 1751 5571 cum‘
1774 5531 1841 5570 ex
1863 5516 2000 5569 duo-

407 5606 580 5662 decim
602 5607 928 5665 Tabularum
950 5611 1268 5682 praesuipto
1288 5609 1477 5667 Romae
1498 5616 1741 5667 mortuos
1767 5607 2001 5679 sepelire

407 5713 627 5759 vetitum
653 5714 816 5760 esset.

2094 4587 2194 4642 bus
2245 4593 2373 4641 ante
2400 4582 2819 4638 Constantinum
2862 4582 3156 4637 convenire
3207 4581 3330 4653 jure
3370 4597 3431 4637 ac
3482 4573 3644 4633 merito

2094 4687 2266 4749 putat.
2296 4676 2429 4737 Nam
2462 4676 2505 4731 si
2550 4684 2679 4747 post
2699 4673 3045 4729 Constantini
3086 4684 3330 4745 tempora
3380 4668 3644 4741 scripsisset

2096 4772 2263 4840 Zeno,
2319 4771 2498 4825 nonne
2551 4770 2652 4824 hac
2703 4769 2990 4824 occasione
3040 4765 3381 4823 Constantini
3429 4768 3641 4838 pietatem

2096 4865 2461 4930 celebrasset,
2520 4861 2612 4932 qui
2644 4914 2647 4919 ,
2675 4860 2940 4931 dejectam
2989 4859 3186 4915 Christi
3240 4860 3541 4933 religionem
3583 4857 3643 4904 ιοι

2094 4956 2441 5029 amplissimis
2497 4953 2711 5025 templis
2754 4954 3071 5009 decoravit?
3124 4954 3189 5009 Et
3234 4970 3341 5025 quo
3370 4942 3515 5027 pacto
3551 4946 3643 4999 sine

2094 5051 2314 5107 invidiae
2350 5061 2473 5105 nota
2522 5048 2783 5119 potuisset
2812 5045 2893 5103 S.‘
2928 5047 3168 5104 Antistes
3220 5043 3533 5104 Veronensis
3574 5050 3643 5091 as-

2095 5158 2301 5210 serere,
2353 5140 2613 5197 ecclesias
2668 5134 3099 5202 Christianorum
3154 5151 3277 5211 post
3314 5140 3574 5196 dilatatam
3618 5140 3641 5178 3

2096 5236 2454 5293 Constantino
2482 5233 2828 5306 religionem,
2858 5250 2927 5290 ne
2973 5235 3209 5289 ruinosis
3230 5233 3442 5306 quidem
3464 5236 3642 5295 compa“

2094 5330 2293 5386 randas
2319 5344 2443 5385 esse
2477 5322 2747 5398 idolorum
2774 5327 3034 5399 templis?
3074 5327 3259 5399 Neque
3285 5320 3539 5383 allucinati
3565 5314 3643 5390 Pc-

2096 5433 2293 5491 rettus,
2345 5431 2401 5477 et
2456 5421 2676 5492 Bagatta
2720 5405 2938 5477 dicendi
2969 5426 3117 5487 sunt,
3149 5421 3243 5491 qui
3268 5428 3333 5477 ex
3366 5420 3420 5477 S.
3450 5402 3643 5470 Zenonis

2101 5514 2403 5571 assertione
2436 5533 2450 5570 :
2488 5498 2628 5569 Tum:
2658 5531 2761 5570 non
2788 5500 2947 5586 fuisse
2983 5514 3098 5584 jam
3146 5514 3333 5584 templa
3377 5502 3643 5585 (conspicua

2104 5608 2311 5666 scilicet
2338 5608 2585 5681 aedilicia)
2619 5607 2926 5664 Christianis
2955 5617 3248 5661 constructa
3276 5590 3468 5677 opinati
3496 5598 3641 5683 suilli

2113 5702 2305 5760 eadem
2351 5702 2561 5759 ratione
2604 5716 2709 5771 qua
2752 5702 2812 5759 S.
2865 5699 3013 5759 Zeno
3057 5715 3160 5758 suo
3186 5716 3304 5757 sevo
3327 5691 3559 5757 ecclesias
3580 5692 3645 5753 ,αθ
