3822 6220
277 283 386 338 6.93

1715 285 2190 348 DISSERTATIO.

3492 269 3610 350 out

271 412 397 453 cum
450 399 647 455 dirutis
685 399 904 472 quidem
958 399 1227 453 idolorum
1282 397 1497 468 templis
1524 399 1881 454 conferendas
1910 400 1961 460 Λ
1986 401 2252 470 Gentiles,
2289 400 2484 472 quibus
2519 403 2678 456 tertio
2719 403 2917 458 saeculo
2953 411 3209 462 extruere
3237 402 3438 477 templa
3471 406 3596 463 libe-

271 509 398 552 esse
425 494 738 551 affirmavit.

347 588 627 666 Adnotaut
670 592 890 658 insuper
928 585 1134 641 domini
1183 583 1462 640 Balleriuii
1497 586 1662 666 verba
1701 587 1794 642 illa
1820 590 1878 644 S.

272 678 512 735 Zenonis
541 722 556 746 ,
594 679 791 749 Quavis
833 679 988 732 ruina
1015 678 1070 731 in
1108 693 1162 759 se
1191 677 1537 750 mergentibus
1570 677 1883 736 idololatria:

271 773 494 840 azdibus,
549 790 656 847 non
702 764 1021 843 accipienda
1053 787 1175 828 esse
1204 771 1274 826 de
1303 773 1480 839 ruina,
1533 791 1686 842 quam
1716 777 1880 845 impe-

272 876 477 922 ratores
510 867 708 940 legibus
754 866 996 930 intulere,
1039 881 1155 919 cum
1200 865 1458 920 idolorum
1490 869 1686 933 templa
1724 867 1884 924 deleri

264 963 537 1035 jusserunt
587 962 605 1030 (
636 961 689 1012 ιι.
748 959 886 1014 Adn.
919 956 992 1030 5)
1023 977 1036 1012 :
1065 959 1153 1014 cui
1188 959 1519 1016 adnotationi
1574 962 1750 1018 libens
1797 977 1885 1018 as-

273 1052 509 1108 sentior.
547 1052 620 1107 At
643 1049 789 1122 quod
826 1050 1184 1122 intelligenda
1216 1052 1319 1107 sint
1366 1053 1480 1119 illa,
1512 1071 1667 1124 quam
1693 1055 1884 1110 eadem

273 1144 413 1199 (edes
465 1143 642 1212 quovis
681 1158 826 1209 casu,
875 1150 967 1198 aut
1001 1153 1248 1199 uetustate
1295 1161 1520 1201 corrosw
1550 1146 1884 1201 minabantur

274 1237 514 1293 alienum
559 1252 590 1290 a
614 1246 797 1293 mente
839 1235 899 1294 S.
930 1237 1169 1294 Zenonis
1197 1249 1346 1310 puto.
1376 1241 1564 1297 Potius
1597 1243 1754 1298 ruina
1793 1244 1882 1300 illa
1919 1230 1925 1236 ’

273 1329 506 1387 indicari
521 1328 740 1386 videtur
765 1329 993 1403 Philippi
1013 1331 1356 1403 imperatoris
1379 1343 1648 1406 tempore,
1667 1337 1885 1406 quando

274 1423 457 1487 fuerat
519 1423 842 1481 Christianis
897 1425 1118 1497 impune
1179 1426 1452 1482 idolorum
1511 1428 1712 1507 templa
1758 1429 1885 1486 des-

277 1529 487 1588 truere,
527 1530 585 1576 ut
616 1535 781 1591 supra
807 1536 874 1576 ex
901 1520 962 1577 S.
1010 1522 1274 1594 Gregorio
1300 1523 1530 1582 Nisseno
1567 1526 1882 1591 retulimus;

276 1628 447 1685 quare
489 1614 686 1669 mirum
737 1628 847 1668 non
888 1623 1097 1695 est,het
1141 1614 1468 1672 christianas
1515 1619 1773 1674 mulieres
1817 1620 1886 1673 ad
1922 1605 1926 1608 ’

277 1705 569 1763 ecclesiam
599 1703 926 1762 accedentes
963 1707 1288 1776 reprehendi
1315 1723 1344 1762 a
1374 1708 1440 1764 D.
1471 1708 1712 1777 Zenone,
1740 1709 1884 1782 quod

1985 509 2106 566 rtrtn
2164 505 2302 550 erat.
2370 493 2573 550 Judtcis
2629 511 2759 551 vero
2814 513 3106 568 numquam
3159 495 3281 554 sine
3336 499 3599 571 principis

1985 587 2306 643 auctoritate
2346 603 2648 660 synagogas
2678 597 2930 645 extruere
2959 591 3133 656 licuit,
3165 581 3357 661 utpote
3380 593 3475 663 qui
3501 593 3600 648 κάς

1986 697 2161 747 venae,
2193 692 2248 737 et
2295 692 2548 737 extorres
2577 681 2630 736 in
2678 682 2858 738 alieno
2897 684 3014 739 solo
3060 684 3386 742 habitarent.
3438 686 3602 743 Tt-ste

1985 776 2186 830 ctenim
2237 774 2897 845 JoscphoAntiquitatum
2929 775 3277 833 Judaicarum
3325 780 3419 835 lib.
3467 797 3594 844 xw,

1986 884 2106 940 cap.
2161 871 2263 947 l7,
2321 867 2615 939 aliquando
2662 868 2828 924 etiam
2873 870 2924 923 in
2967 868 3094 925 Asia
3131 885 3161 924 a
3195 872 3596 940 provinciarum

1989 965 2332 1036 praesidibus,
2381 974 2434 1021 et
2461 965 2874 1036 magistratibus
2916 964 3135 1021 Judaros
3166 965 3335 1022 fuisse
3359 968 3604 1040 prohibi-

1989 1065 2072 1112 tos
2093 1067 2198 1112 Sua
2231 1073 2384 1113 sacra
2414 1073 2675 1114 exercere
2713 1052 3078 1114 indubitatum
3119 1067 3225 1125 est,
3275 1060 3468 1130 eisque
3493 1061 3600 1116 im-

1987 1160 2298 1220 peratorum
2339 1151 2535 1221 placito
2581 1152 2749 1207 fuisse
2782 1151 3129 1223 permissum,
3179 1167 3381 1223 nempe
3407 1169 3438 1208 a
3479 1154 3599 1209 Gae-

1987 1258 2108 1300 sare
2140 1255 2261 1314 post
2290 1256 2597 1314 reparatam
2625 1262 2653 1300 a
2685 1246 2950 1319 Pompeio
2975 1249 3258 1303 victoriam
3283 1265 3298 1314 ;
3328 1258 3385 1319 et
3422 1248 3606 1305 Marco

1989 1336 2248 1406 Antonio,
2293 1348 2348 1394 et
2377 1339 2437 1392 P.
2491 1339 2791 1395 Dolabella.
2823 1339 2966 1407 Alia,
2999 1356 3122 1410 qua:
3153 1341 3236 1396 his
3267 1340 3482 1398 duobus
3510 1358 3605 1413 pa-

1986 1429 2272 1498 ragraphis
2319 1441 2513 1500 quarto
2563 1448 2766 1502 nempe
2791 1441 2847 1488 et
2891 1434 3084 1503 quinto
3130 1433 3368 1490 afferunt
3395 1434 3604 1491 domini

1989 1519 2264 1574 Ballerinii
2306 1523 2688 1593 opportuniori
2719 1527 2837 1580 loco
2866 1521 3239 1581 tractabimus.

2064 1611 2461 1670 Eruditissimis
2515 1617 2825 1672 Balleriniis
2895 1619 3139 1689 concinit
3206 1629 3603 1677 conterranens

1991 1720 2145 1760 meus
2188 1705 2443 1762 dominus
2481 1708 2776 1778 Cajetanus
2818 1707 3063 1775 Qennius
3095 1722 3484 1768 sacro-sancta:
3512 1713 3608 1768 ba-

275 1817 410 1858 auro
444 1801 715 1874 fulgentes
753 1800 939 1874 (totum
977 1803 1233 1888 inauratae
1271 1819 1460 1876 corpus
1491 1806 1510 1876 )
1543 1805 1881 1873 incederent,
1915 1799 1964 1860 B
1994 1798 2162 1855 siliea:
2209 1799 2485 1856 Vaticanae
2516 1802 2800 1875 presbyter
2830 1802 3207 1859 beneﬂciatus.
3257 1803 3330 1860 At
3377 1804 3606 1862 fidenter

276 1905 332 1951 et
357 1895 506 1966 quod
534 1894 791 1967 gentiles,
821 1895 864 1950 si
898 1910 996 1965 pro
1027 1895 1158 1960 viris
1185 1893 1361 1950 doctis
1401 1896 1502 1967 ipsi
1530 1897 1766 1968 gentiles
1796 1898 1882 1952 in.

277 1987 557 2058 telligendi
586 1987 717 2055 sint,
751 1996 806 2043 ut
831 1986 1109 2059 explicant
1137 1987 1300 2043 iidem
1327 1988 1630 2056 Ballerinii,
1661 1991 1885 2047 concio-

275 2081 440 2138 nihus
472 2082 530 2139 S.
564 2082 798 2138 Zenonis
825 2081 1110 2147 adessent;
1145 2093 1306 2152 atque
1346 2085 1655 2155 complures
1701 2087 1916 2155 cujus--

274 2192 382 2244 que
404 2175 659 2248 generis,
692 2177 892 2244 :etatis,
925 2191 1114 2244 sexus,
1144 2177 1506 2246 conditionis,
1542 2179 1673 2247 imo,
1703 2188 1757 2234 et
1789 2193 1886 2234 na-

276 2269 446 2326 tionis
473 2269 900 2339 catechumenos
927 2284 1088 2325 saero
1131 2269 1458 2341 baptismate
1486 2270 1723 2337 ablutos,
1759 2286 1882 2327 cum

273 2377 491 2418 summa
537 2363 722 2434 quiete
765 2361 1036 2420 frueretur
1063 2362 1332 2419 Ecclesia.
1382 2364 1475 2418 Hae
1506 2363 1728 2435 quidem
1756 2380 1889 2420 emt-

262 2456 504 2528 'jeclurte
533 2456 796 2513 sarculum
827 2466 1080 2527 quartum
1103 2472 1211 2514 non
1240 2459 1502 2515 indicant.
1533 2460 1666 2516 Nam
1699 2471 1754 2515 et
1779 2459 1887 2516 Va-

273 2548 499 2617 leriani,
531 2565 595 2605 ac
617 2549 850 2607 Gallieni
877 2554 1256 2622 persecutione
1285 2552 1344 2608 S.
1377 2553 1634 2624 Cypriani
1662 2551 1888 2609 Cartha-

272 2643 544 2715 giniensis
570 2643 810 2716 episcopi
830 2645 1091 2719 martyrio
1115 2645 1290 2703 affecti
1318 2662 1519 2718 corpus
1540 2635 1734 2718 magno
1761 2663 1886 2704 cum

274 2738 512 2803 honore,
543 2751 608 2793 ac
637 2737 867 2794 solemni
899 2740 1112 2810 publica
1148 2757 1343 2813 pompa
1368 2743 1660 2814 sepulturae
1706 2744 1888 2800 tradi-

233 2841 237 2844 '
275 2837 392 2886 tum
421 2829 790 2904 fuit(Spond.
819 2832 889 2886 ad
916 2849 1009 2900 an,
1036 2833 1166 2901 261,
1206 2835 1293 2903 11,
1324 2832 1422 2907 4).
1477 2853 1499 2902 ‘_

353 2924 516 2980 Aliud
558 2934 962 2995 argumentum,
1005 2942 1113 2997 quo
1160 2928 1262 2983 hoc
1301 2928 1354 2983 in
1395 2930 1588 2985 eodem
1634 2945 1889 2986 sermone

276 3028 534 3088 quartum
575 3019 835 3074 saeculum
884 3018 1117 3075 indicari
1153 3021 1406 3092 probent,
1452 3004 1526 3078 ex.
1557 3024 1678 3079 aliis
1707 3019 1888 3080 verbis

279 3108 344 3164 D.
370 3109 613 3166 Zenonis
648 3119 838 3180 petunt
869 3111 1218 3168 eruditissimi
1244 3113 1380 3179 viri;
1417 3115 1546 3170 illud
1584 3115 1775 3171 iisdem
1803 3117 1888 3187 ip-

1990 1893 2123 1974 satis
2145 1909 2298 1948 suam
2322 1895 2632 1966 Opinionem
2675 1893 3000 1968 promovere
3041 1907 3296 1970 satagens
3325 1899 3395 1954 ah
3430 1901 3603 1971 impo-

1989 1986 2230 2042 storibus
2275 1986 2555 2059 deceptos,
2601 1998 2657 2045 et
2682 1991 2940 2046 Ecclesia:
2991 2006 3174 2045 rerum
3221 1990 3401 2048 adhuc
3442 1993 3608 2050 rudes

1989 2090 2231 2138 autumat
2263 2098 2376 2152 eos,
2423 2085 2512 2154 qui
2544 2094 2670 2141 ante
2715 2084 3136 2140 Constantinum
3179 2086 3431 2156 publicas
3457 2089 3598 2142 csti-

1991 2174 2122 2230 tisse
2151 2173 2587 2232 ChriStianorum
2627 2177 2890 2234 ecclesias
2913 2171 3207 2233 affirmant.
3242 2178 3436 2258 Videat
3464 2181 3607 2250 quos

1990 2279 2180 2340 carpat
2221 2285 2508 2337 aucwres;
2562 2272 3025 2328 eminentissimos
3073 2288 3271 2344 nempe
3312 2272 3604 2329 Baronium

1991 2373 2046 2420 ct
2072 2363 2299 2431 Bonam,
2329 2373 2385 2420 et
2409 2380 2572 2435 quem
2598 2366 2730 2420 tanti
2756 2358 3357 2432 facitTillemontittm;
3406 2367 3604 2436 prarci-

1993 2471 2096 2526 pue
2127 2471 2256 2511 vero
2287 2457 2627 2521 Beneiuium,
2661 2465 2718 2512 et
2743 2456 3135 2512 Thomasinum
3165 2457 3309 2512 inani
3337 2471 3473 2514 sane
3510 2474 3605 2514 co—

1991 2558 2122 2603 natu
2170 2548 2499 2620 perstringit.
2548 2547 2851 2604 Clarissimi
2891 2565 3023 2605 vero
3068 2549 3313 2605 Beneinii
3355 2551 3606 2606 reformi-

1990 2639 2128 2695 dans
2143 2639 2403 2706 rationes,
2430 2641 2758 2712 Eusebiique
2782 2643 3043 2712 praecisos
3067 2649 3270 2708 textus,
3295 2656 3431 2713 quos
3456 2641 3605 2698 idem

1992 2733 2284 2788 Bcncinius
2327 2733 2484 2788 affert
2525 2733 2579 2788 in
2604 2733 2828 2789 Oriente
2871 2733 3112 2804 publicas
3155 2742 3437 2790 extructas
3474 2744 3601 2791 ante

1992 2823 2408 2879 Constantinum
2437 2826 2706 2880 ecclesias
2734 2825 2958 2892 fatetur,
3005 2826 3058 2879 in
3087 2825 3383 2880 Occidente
3412 2836 3602 2897 negat.

1996 2917 2187 2985 Atqua
2227 2916 2438 2970 ratione
2476 2917 2846 2986 inSpiciamus.
2899 2915 3134 2972 Gallieni
3167 2917 3402 2972 edictum
3429 2917 3600 2973 refert

1996 3009 2170 3078 primo
2206 3008 2444 3063 eximius
2471 3009 2765 3064 Bcncinius
2813 3010 3074 3081 Dionysio
3103 3025 3319 3065 summo
3356 3012 3602 3080 pontifici

1994 3099 2284 3162 directum,
2328 3101 2557 3170 aliisque
2589 3102 2882 3171 episcopis,
2913 3113 3024 3171 quo
3057 3089 3148 3172 per
3179 3103 3474 3156 universum
3516 3118 3636 3185 ου’-1

277 3216 467 3258 εοι-υτη
501 3201 681 3258 νει-ωε
708 3201 901 3258 an‘em
933 3203 1067 3258 liber
1095 3222 1108 3258 ε
1139 3203 1491 3277 postquam”,
1521 3208 1660 3263 haud
1689 3209 1886 3280 pungi-
1917 3203 1962 3266 ί]
1996 3196 2105 3250 bent
2132 3194 2355 3249 mandat
2388 3195 2598 3250 restitui
2649 3192 2978 3250 Christianis
3021 3195 3279 3267 religiosa
3327 3197 3468 3262 loca,
3501 3209 3609 3267 qua

282 3288 536 3369 puum...
555 3313 668 3352 esse
695 3299 826 3353 dixit
869 3296 951 3368 (S.
977 3299 1148 3372 Zeno)
1176 3303 1239 3356 de
1279 3284 1423 3358 nova}
1454 3301 1702 3359 Ecclesia:
1723 3304 1890 3373 redi/i-

281 3391 554 3447 catione...
601 3391 856 3448 laudibus
917 3394 1264 3464 geminare...
1322 3397 1590 3466 quippe...
1643 3397 1787 3466 quod
1834 3397 1888 3453 id

283 3500 404 3541 cum
434 3488 713 3557 gentibus,
766 3487 854 3542 vel
885 3486 1086 3543 Judaeis
1130 3498 1312 3559 potest
1357 3504 1480 3546 esse
1523 3506 1886 3549 commune...

287 3576 421 3630 hanc
441 3578 597 3650 hujus
624 3587 894 3648 postrema:
919 3579 1185 3635 sententia:
1213 3582 1466 3637 rationem
1482 3583 1654 3637 subdit
1680 3601 1697 3639 :
1725 3584 1888 3640 «Nam

292 3685 312 3719 ι
342 3677 399 3724 et
425 3668 531 3724 illis
560 3669 604 3724 si
642 3670 823 3737 liceat,
859 3671 941 3726 vel
962 3673 1006 3726 si
1034 3670 1203 3727 v‘elint
1235 3672 1481 3731 fortassis
1504 3677 1703 3733 cultius
1730 3693 1892 3750 syna-

293 3776 312 3811 ι
347 3774 516 3830 gogas
559 3761 867 3829 aadificaut,
918 3762 1116 3820 cultius
1162 3766 1379 3836 erigant
1405 3770 1678 3839 capitolia.
1711 3789 1731 3823 ι
1787 3771 1892 3829 Ubi

287 3853 544 3924 capitolia
583 3856 843 3926 scriptum
879 3873 973 3926 pro
996 3859 1194 3928 templa
1227 3860 1510 3932 adnatant,
1561 3874 1669 3918 tum
1706 3880 1892 3935 prose-

288 3955 558 4016 quuntur:
587 3947 746 4003 Nunc
770 3949 983 4005 adverte
1002 3951 1134 4007 duas
1160 3955 1439 4010 sententias
1467 3957 1776 4032 disjunctive
1799 3976 1891 4030 po-

288 4040 481 4097 sitas...
512 4041 767 4110 si‘lieeat,
799 4043 954 4099 vel...
984 4046 1224 4103 velint...
1254 4065 1476 4119 quarum
1502 4053 1669 4120 prima
1693 4054 1761 4106 ad
1784 4052 1889 4108 Ju-

289 4132 426 4190 dwos
467 4125 724 4202 pertinere
762 4137 972 4194 minime
1012 4148 1194 4210 potest,
1237 4142 1282 4197 si
1313 4142 1530 4212 quidem
1578 4143 1888 4201 Judteorum

292 4236 437 4282 secta
491 4229 635 4282 nulla
685 4229 805 4300 lege
848 4232 1194 4300 prohibita...
1251 4235 1474 4289 traditur
1512 4255 1545 4293 a
1597 4235 1888 4292 Theodosio

295 4319 393 4393 leg.
417 4321 484 4375 de
517 4320 745 4387 ludatis,
771 4340 860 4377 an.
891 4324 998 4381 595
1016 4334 1112 4395 ;.et
1129 4326 1297 4381 solum
1319 4344 1457 4382 anno
1482 4327 1612 4394 421,
1647 4328 1848 4400 leg—9.2
1870 4371 1886 4396 ,

292 4416 521 4490 ejusdem
563 4417 700 4472 tituli
726 4430 932 4472 cantant
977 4421 1098 4491 fuit,
1148 4435 1214 4476 ne
1244 4421 1501 4492 deinceps
1530 4423 1706 4476 nullas
1747 4422 1890 4479 facc-

293 4519 413 4566 rent
437 4511 599 4567 condi
626 4527 998 4584 synagogas...
1034 4515 1170 4585 quod
1210 4517 1381 4581 ipsum
1411 4516 1771 4584 conﬁrmatum
1807 4517 1883 4572 le-

1994 3292 2062 3345 de
2091 3306 2150 3344 re
2189 3289 2546 3344 confirmatur
2593 3288 2719 3342 libri
2769 3287 3092 3358 pontificalis
3134 3288 3366 3344 assertio
3404 3288 3459 3344 in
3487 3289 3610 3345 Vita

1995 3381 2262 3454 Dionysii.
2297 3379 2402 3434 llic
2431 3379 2775 3455 (Dionysius)
2822 3382 3133 3453 presbyteris
3175 3383 3417 3437 ecclesias
3471 3383 3604 3436 divi-
3696 3449 3706 3461 ι

1993 3479 2083 3543 sit,
2111 3487 2156 3530 et
2187 3478 2491 3543 cwtttetcria,
2526 3487 2571 3531 et
2617 3475 2906 3530 Parce/tias
2950 3475 3192 3531 diwceses
3223 3477 3464 3531 instituit.
3491 3469 3604 3547 Op-

1998 3571 2126 3626 time
2157 3573 2336 3642 itaque
2367 3572 2532 3626 infert
2563 3571 2854 3626 Bcncinius
2879 3587 2898 3624 :
2939 3571 3123 3626 Potius
3154 3569 3438 3642 Dionysius
3476 3569 3608 3626 Gal-

1998 3667 2118 3722 lieni
2154 3667 2474 3739 indulgentia
2503 3683 2678 3721 omnes
2709 3665 3125 3719 Christianorum
3151 3664 3394 3718 ecclesias
3425 3663 3480 3718 in
3502 3664 3610 3717 De-

1997 3764 2146 3816 ciana
2190 3761 2541 3833 persecutione
2579 3755 2809 3829 direptas
2840 3759 3128 3823 restituere,
3175 3757 3428 3830 dividere,
3461 3767 3510 3810 et
3539 3757 3608 3810 ad

1996 3856 2218 3924 priorem
2261 3858 2482 3924 formam
2523 3853 2828 3920 reformare.
2878 3851 3018 3919 Quid
3057 3850 3122 3904 ad
3157 3851 3274 3904 istnc
3320 3847 3611 3906 Ccnnius?

1995 3945 2103 4000 Per
2141 3947 2434 3999 universum
2466 3943 2637 3998 orbem
2669 3959 2962 4000 concessam
3009 3933 3308 4014 facultate»:
3337 3943 3406 3995 ad
3435 3942 3605 3996 solum

1999 4043 2257 4097 Orientem
2304 4041 2616 4112 restringat?
2646 4038 2783 4094 Tum
2831 4039 3107 4094 Valeriani
3147 4040 3213 4094 ad
3243 4049 3493 4095 senatum
3542 4041 3612 4096 dc

1993 4133 2303 4206 aperiendis
2352 4133 2503 4187 libris
2529 4131 2812 4204 Sybillinis
2845 4130 3063 4186 allatum
3118 4130 3354 4186 adducat
3401 4147 3470 4188 ex
3501 4131 3611 4188 Vo-

1996 4230 2145 4300 pisco
2165 4230 2276 4298 ipse
2295 4226 2609 4282 Bcncinius.
2641 4225 2809 4280 Miror
2831 4241 2941 4292 vos,
2971 4224 3039 4278 Ι).
3065 4223 3152 4290 C.,
3179 4226 3378 4279 tamdiu
3396 4225 3460 4279 de
3489 4243 3614 4299 (ερε-

1993 4323 2186 4378 riendis
2229 4323 2376 4377 libris
2420 4321 2696 4393 Sybillinis
2745 4321 3031 4387 dubitasse,
3074 4321 3224 4390 quasi
3269 4321 3324 4374 in
3373 4319 3612 4376 Ecclesia

1994 4416 2561 4477 Christianorum,.non
2598 4416 2652 4469 in
2681 4417 2872 4486 templo
2898 4415 3129 4470 omnium
3167 4421 3380 4470 deorum
3421 4425 3613 4471 tracta-

1994 4512 2137 4566 retis.
2181 4509 2376 4567 Subdit
2406 4509 2718 4565 Bcncinius.
2755 4508 3048 4564 Ecclesium
3079 4507 3490 4564 Christianorum
3518 4526 3613 4580 op—

293 4604 429 4676 gitur
468 4620 604 4659 anno
630 4604 760 4672 425,
803 4606 902 4677 leg.
929 4605 1001 4659 25
1028 4616 1074 4660 et
1111 4606 1200 4660 27.
1223 4607 1410 4678 Itaque
1437 4607 1650 4665 Judreos
1676 4613 1886 4683 respicit
1915 4605 1966 4664 D
1993 4611 2136 4682 ponit
2177 4606 2462 4662 Gentilium
2510 4607 2702 4677 templo
2722 4646 2737 4670 ,
2772 4615 2818 4660 et
2855 4607 2984 4659 adeo
3015 4623 3048 4659 a
3081 4602 3393 4658 Christianis
3441 4605 3609 4657 lorum

293 4701 516 4754 secunda
561 4702 878 4755 sententia...
911 4701 955 4755 si
989 4702 1222 4757 velint...
1259 4705 1426 4773 prima
1455 4716 1695 4761 autem...
1746 4707 1790 4763 si
1824 4707 1886 4761 li-

293 4805 479 4848 ccat...
512 4793 686 4864 palam
712 4795 928 4863 pertinet
958 4794 1024 4848 ad
1048 4793 1296 4863 Gentiles,
1319 4797 1501 4863 quibus
1531 4799 1747 4869 proinde
1768 4808 1894 4854 tem-

293 4885 380 4953 pla
418 4886 680 4955 ludiﬁcare
724 4888 950 4941 auctoris
988 4897 1140 4942 wtate
1183 4905 1286 4943 non
1327 4890 1532 4946 licuisse
1570 4891 1895 4962 exploratum

293 4970 387 5045 est,
420 4978 557 5048 quod
599 4979 808 5033 nonnisi
850 4981 902 5034 in
943 4993 1183 5050 quartum
1221 4983 1465 5037 sarculum
1498 4985 1678 5040 cadere
1707 4995 1891 5058 potest,

295 5088 408 5124 cum
441 5087 530 5140 per
570 5067 892 5128 Christianos
927 5073 1256 5146 imperatores
1297 5077 1780 5154 idolorumvtempla
1817 5079 1897 5134 vel

296 5175 410 5219 ante
439 5163 713 5220 lulianum
745 5166 1025 5222 interclusa
1071 5169 1302 5240 fuerunt,
1353 5171 1432 5226 vel
1482 5182 1596 5242 post
1622 5171 1897 5226 lulianum

296 5257 369 5310 ita
396 5259 636 5326 tolerata,
674 5271 732 5314 ut
766 5276 899 5315 nova
926 5271 1095 5316 tamen
1133 5267 1361 5326 construi
1414 5283 1516 5320 non
1546 5268 1897 5337 permitteren-

298 5359 395 5404 tur.
432 5349 603 5408 Acuta
631 5368 781 5419 sane,
827 5365 883 5409 et
906 5356 1239 5422 conveniens
1268 5358 1425 5425 ratio,
1456 5359 1502 5413 si
1534 5360 1591 5414 S.
1616 5357 1893 5414 Zenonem

300 5454 494 5514 quarto
532 5446 734 5502 saeculo
763 5448 1050 5519 scripsisse
1098 5462 1434 5520 compertmn
1473 5459 1646 5516 esset;
1687 5459 1745 5505 at
1771 5466 1893 5506 cum

300 5556 365 5594 cx
392 5541 456 5596 iis
496 5559 616 5612 qua:
643 5541 713 5595 ab
741 5542 914 5608 initio,
957 5552 1011 5597 et
1041 5543 1318 5614 hucusque
1361 5542 1702 5599 considerata
1745 5554 1892 5612 sunt,

298 5641 510 5688 constet
557 5633 614 5689 S.
664 5633 936 5689 Zenonem
972 5651 1002 5688 a
1045 5637 1204 5691 tertio
1249 5637 1454 5711 saaculo
1505 5638 1893 5692 removendum

303 5738 407 5777 non
455 5738 602 5792 esse,
641 5725 928 5780 dicendum
963 5728 1140 5797 potius
1171 5728 1273 5795 est,
1311 5731 1636 5784 sententiam
1672 5730 1891 5786 illam...

305 5815 351 5870 si
393 5815 626 5873 liceat...
670 5816 886 5876 Judaeos
914 5821 1207 5893 reSpicere,
1239 5823 1537 5879 alteram...
1569 5821 1615 5879 si
1654 5823 1890 5880 Velini...

1995 4703 2293 4775 religiosum
2345 4700 2595 4766 habitum,
2646 4697 3004 4770 paratumque,
3039 4707 3095 4750 ut
3132 4696 3402 4749 interdicta
3447 4697 3614 4750 omnis

1995 4797 2154 4863 ratio,
2182 4811 2298 4868 qua:
2317 4812 2467 4850 sacra
2494 4812 2595 4849 non
2619 4804 2773 4849 esset.
2808 4791 3058 4859 Ecclesia:
3086 4791 3257 4860 itaque
3285 4801 3429 4844 erant
3461 4788 3614 4844 Citri-

1997 4891 2303 4955 stianorum,
2356 4907 2445 4944 seu
2494 4883 2656 4944 sacra:
2698 4888 2832 4943 (edes
2873 4887 2942 4939 ad
2990 4885 3255 4959 religionis
3283 4884 3483 4954 agenda
3511 4901 3618 4953 mg.

1968 4987 2181 5044 ,steria.
2235 4984 2507 5041 Valeriani
2564 4983 2729 5038 verba
2770 4983 2838 5036 de
2884 4981 3114 5035 eet-.lesia
3155 4971 3612 5044 Gln'istianorum,

2003 5097 2126 5151 qua:
2156 5080 2343 5134 Rotnac
2373 5088 2512 5143 erat,
2556 5075 2909 5143 intelligenda
2939 5089 3080 5137 esse,
3111 5073 3233 5142 quis
3265 5071 3502 5142 prudens
3531 5073 3614 5126 in-

2011 5172 2320 5228 ticiabitur?
2369 5172 2434 5225 Et
2489 5171 2538 5224 in
2583 5169 2876 5229 Occidente
2923 5169 3102 5238 itaque
3142 5175 3298 5220 erant
3345 5165 3610 5220 ecclesiae.

2009 5267 2173 5322 Addit
2204 5249 2344 5320 idem
2391 5265 2682 5321 Bcncinius
2721 5262 3012 5318 Alexandri
3044 5260 3390 5331 imperatoris
3419 5255 3615 5314 reScri—

2006 5371 2153 5430 ptum
2202 5374 2298 5428 pro
2326 5357 2652 5412 Christianis
2686 5366 2872 5429 contra
2918 5354 3257 5426 popinarios,
3291 5352 3359 5406 dc
3386 5368 3494 5422 quo
3525 5367 3617 5404 su-

2010 5470 2103 5523 pra
2141 5453 2372 5522 egimus,
2416 5452 2557 5522 quod
2592 5451 2808 5506 nonnisi
2837 5450 2905 5505 de
2949 5448 3180 5505 ecclesia
3225 5446 3411 5500 Ruina:
3449 5445 3622 5500 aedifi-

2006 5545 2177 5600 canda
2221 5544 2444 5616 intelligi
2481 5560 2641 5615 posse
2678 5543 3061 5614 probavimus;
3091 5550 3146 5598 et
3177 5539 3380 5596 Eusebi
3406 5548 3614 5595 textum

2005 5656 2032 5693 a
2067 5639 2220 5697 nobis
2247 5653 2410 5709 supra
2442 5640 2738 5702 laudatum,
2760 5655 2919 5708 quem
2945 5639 3012 5691 de
3039 5635 3288 5691 ecclesiis
3317 5636 3370 5690 in
3393 5634 3617 5690 Oriente

1995 5733 2383 5803 tantummodo
2425 5731 2688 5785 extructis
2731 5724 3002 5798 accipere,
3037 5728 3338 5798 depravare
3368 5738 3473 5799 est.
3512 5726 3616 5780 Fa-

2007 5825 2112 5880 cile
2141 5831 2295 5894 putat
2339 5824 2457 5879 htec
2498 5823 2715 5880 solvere
2755 5820 2994 5878 Cennius
3023 5819 3214 5878 dicens
3244 5837 3257 5875 :
3291 5818 3446 5875 Nihil
3486 5818 3618 5874 mitti
