3822 6220
334 315 440 370 893

1498 313 1581 367 DE
1616 311 1856 367 SANC'I'I
1897 313 2184 370 'Ll-INONIS
2225 313 2498 373 EPUCIIA

3475 356 3481 360 -
3551 324 3656 376 (inii

332 441 631 504 promovent
671 428 820 486 aliter
851 428 1196 482 consideranti
1234 442 1313 481 res
1366 426 1784 480 Christianorum
1825 437 1943 480 ante
1968 426 2023 488 Α
2055 448 2071 478 ι
2109 428 2481 496 barbarorttm,
2504 446 2623 500 qua:
2643 431 2925 500 graviores
2955 441 3129 487 morte
3146 440 3290 486 sunt.
3309 431 3652 490 Adolescc"-

299 593 302 596 ι
333 523 726 582 Constantinum
750 541 767 588 ;
799 519 1062 574 Ecclesiae
1087 520 1222 574 cnim
1251 521 1407 574 totius
1437 518 1736 574 Occidentis
1755 529 1941 590 reputo

333 618 495 674 instar
524 617 793 672 titulorum
821 613 980 676 urbis,
1015 615 1195 667 domos
1222 630 1404 684 nempe
1433 614 1661 683 privatas
1682 614 1938 683 ﬁdelium,

333 714 517 784 quibus
556 710 768 764 ecclesia
798 709 931 762 clam
971 706 1230 780 gentibus,
1273 723 1362 761 seu
1411 706 1705 760 idololatris
1733 706 1942 761 addicta

335 818 446 861 erat
488 805 557 858 ad
582 804 809 868 sinaxes,
851 813 898 857 et
939 804 1183 858 collectas
1210 801 1498 875 faciendas.
1545 799 1728 857 Addat
1756 816 1942 872 quaeso

271 911 275 916 '
334 898 744 971 persecutionum
775 907 1021 967 tempore.
1066 895 1333 966 Expedita
1357 909 1490 951 sane
1530 895 1688 959 ratio,
1728 908 1829 964 pro
1878 893 1944 949 li—

335 991 446 1046 bito
476 999 654 1045 tamen
684 988 1013 1044 consideret.
1038 988 1172 1056 Quis
1194 988 1339 1044 enim
1364 986 1605 1059 prudens
1630 987 1940 1058 opinionem

334 1084 572 1154 antiquis
596 1084 853 1139 omnibus
873 1085 1248 1139 monumentis
1278 1084 1608 1139 contrariam
1640 1093 1694 1138 et
1723 1099 1841 1156 pro.
1855 1098 1944 1139 ar-

333 1179 497 1234 bitrio
542 1187 859 1246 conceptam
910 1177 1092 1232 fucum
1127 1177 1306 1232 facere
1335 1178 1439 1233 sibi
1475 1178 1731 1248 patiatur.
1779 1178 1944 1248 Falso

332 1272 534 1328 etenim
585 1273 782 1326 asserit
817 1289 828 1323 :
864 1270 1279 1326 Occidentalium
1315 1281 1451 1325 certe
1481 1274 1789 1344 templorum
1826 1273 1946 1328 nul-

334 1367 414 1420 las
443 1365 662 1432 affertur
689 1362 848 1419 testis.
897 1363 1125 1420 Constat
1164 1364 1373 1420 falsitas
1401 1381 1465 1420 ex
1502 1379 1627 1420 mox
1664 1366 1938 1422 adductis.

332 1457 485 1526 Quod
537 1472 667 1512 vero
723 1457 924 1512 nullam
983 1457 1244 1513 Ecclesia:
1297 1459 1767 1514 consecrationem
1815 1468 1945 1516 ante

332 1549 747 1606 Constantinum
814 1550 1139 1606 solemniter
1203 1548 1402 1606 factam
1475 1549 1646 1606 fuisse
1711 1551 1941 1621 legatur.

334 1646 472 1712 Quid
508 1645 666 1702 inde?
709 1644 889 1701 Inanis
917 1647 1162 1716 profecto
1197 1645 1370 1701 ratio!
1404 1643 1596 1700 Nonne
1623 1653 1678 1699 et
1706 1645 1825 1700 sine
1856 1660 1946 1700 so-

334 1738 498 1793 lemui
545 1736 963 1794 consecratione
1005 1738 1234 1809 publica:
1273 1739 1517 1794 construi
1550 1737 1812 1794 Ecclesia:
1851 1752 1948 1809 po-

2054 539 2072 571 ι
2112 521 2256 583 tultc,
2287 521 2371 576 vel
2404 524 2636 592 pueruli,
2670 524 2754 578 vel
2783 525 3014 579 infantes
3054 524 3124 578 ab
3155 523 3426 579 idolorum
3459 537 3656 580 cont.»
3708 532 3712 535 ’

2052 629 2071 660 ι
2105 612 2228 681 giis,
2258 611 2452 682 quibus
2467 615 2659 669 mortis
2681 625 2830 670 metu
2862 612 3323 686 i'nquiuabantur'?
3361 635 3382 669 ι
3410 617 3654 673 Adverti-

2045 703 2146 757 stin
2203 704 2319 776 (sic
2355 718 2759 777 prosequuntur
2817 707 3134 781 Ballerinii)
3183 727 3202 760 ι
3233 711 3374 765 toto.
3407 713 3657 782 captivos

2046 796 2248 850 orbe...
2295 811 2432 867 quos
2459 799 2549 868 qui
2597 799 2892 856 redimeret
2931 800 3280 870 subtraheret
3318 803 3486 858 neci?
3515 799 3690 874 Quid

2046 884 2164 942 cum
2189 890 2416 943 auctoris
2446 891 2608 945 nostri
2631 890 2795 945 verbis
2821 893 2984 964 magis
3015 894 3336 949 consentiens
3359 896 3386 948 Ζ)
3422 915 3442 949 ι
3480 894 3651 967 Igitur

2045 991 2099 1036 ut
2128 981 2197 1037 ad
2221 985 2512 1054 argumenti
2537 1001 2792 1041 summant
2833 989 3038 1043 tandem
3065 991 3338 1047 redeamus
3366 1035 3380 1059 ,
3411 983 3530 1048 cum
3562 1010 3657 1050 no-

2044 1089 2147 1131 ster
2165 1086 2345 1132 auctor
2373 1077 2727 1134 liberalitate»:
2754 1097 2964 1137 suorum
2992 1085 3290 1140 auditorum
3308 1087 3365 1142 in
3392 1087 3653 1144 redimen—

2046 1168 2130 1222 dis
2173 1171 2390 1241 captivis
2437 1172 2910 1241 muniﬁcentissime
2947 1176 3346 1235 demonstratam
3393 1197 3659 1239 commcn-

2048 1262 2201 1328 duus,
2232 1263 2635 1332 redemptionem
2659 1261 2957 1321 earumdem
2978 1271 3298 1338 captivorum
3316 1314 3332 1340 ,
3376 1274 3441 1327 de
3470 1275 3655 1346 quibus

2047 1356 2255 1425 scripsit
2279 1356 2602 1425 Ambrosius,
2625 1369 2833 1429 spectet,
2859 1378 2960 1434 qua
2982 1378 3086 1417 una
3115 1380 3289 1418 verum
3314 1365 3432 1435 ﬁeri
3459 1368 3653 1439 potuit,

2047 1457 2102 1501 ut
2122 1447 2176 1501 id
2201 1449 2470 1519 generis...
2501 1449 2772 1520 Largitas,
2813 1455 3105 1524 provinciis
3133 1457 3388 1514 omnibus
3411 1470 3540 1514 nota
3569 1475 3658 1515 es-

2047 1547 2153 1607 set,
2201 1541 2429 1612 ejusque
2458 1541 2540 1612 pia
2580 1546 2789 1599 semina
2837 1547 3001 1601 tetius
3027 1548 3260 1618 quodam
3293 1551 3458 1604 modo
3505 1552 3659 1606 orbis

2051 1651 2148 1706 per
2181 1636 2420 1694 membra
2443 1638 2808 1708 iactaretur...
2837 1651 2896 1696 ut
2922 1643 3058 1714 idem
3084 1652 3262 1698 auctor
3287 1644 3490 1716 prodit,
3516 1645 3658 1700 haud

2051 1731 2205 1785 dubie
2254 1741 2508 1787 tractatus
2559 1733 2788 1789 decimus
2837 1735 2876 1790 l.
2907 1751 2944 1790 ιι
2985 1735 3190 1791 habitus
3238 1748 3379 1808 patet
3407 1747 3523 1809 post
3562 1755 3661 1794 au-

334 1831 547 1887 teraut?
577 1833 734 1900 Quot.
761 1839 813 1886 ct
849 1829 999 1887 hisee
1036 1830 1374 1900 temporibus
1414 1829 1642 1902 publica:
1685 1830 1946 1887 Ecclesia:
1977 1820 2026 1882 Β
2052 1841 2174 1878 "um
2223 1825 2350 1892 373.
2385 1842 2486 1896 (1³ιο
2523 1825 2731 1883 barbari
2770 1819 2981 1892 tantum
3016 1830 3334 1897 captivorum
3382 1847 3660 1885 "9mm"!

265 1968 270 1972 .
337 1936 483 1994 sunt,
519 1928 644 1984 licet
673 1943 780 1983 non
803 1926 1181 1982 consecratur?

341 2068 369 2141 §
399 2067 490 2122 ΙΙΙ.
526 2069 655 2135 Quae
681 2065 744 2123 S.
768 2064 911 2120 Zeno
940 2047 1184 2118 Tractatu
1214 2062 1410 2116 decimo
1432 2061 1522 2116 lib.
1557 2061 1726 2133 primo
1750 2062 1812 2115 de
1843 2060 1945 2116 Ve-

405 2163 704 2238 ronensium
746 2158 1108 2234 largitionibus
1153 2160 1371 2236 profert,
1401 2155 1586 2227 quibus
1632 2155 1820 2210 multos
1865 2171 1947 2209 re-

408 2258 638 2328 demptos
683 2255 846 2324 !uisse
873 2254 967 2319 ait,
1002 2268 1106 2306 non
1136 2251 1370 2304 indicant
1412 2258 1592 2320 captos
1632 2264 1663 2301 a
1697 2246 1946 2302 Barbaris

414 2363 526 2424 post
562 2349 1121 2422 Hadrianopolitanam
1148 2362 1394 2420 pugnam.

409 2496 468 2551 S.
515 2492 756 2549 Zenonis
800 2499 1006 2546 textum
1036 2486 1258 2543 laudant
1296 2484 1482 2541 eximii
1522 2483 1805 2539 Ballerinii
1831 2481 1942 2554 td.

338 2591 558 2646 Dissert.
597 2589 650 2654 1,
679 2605 727 2641 c.
757 2587 812 2650 2,
840 2583 963 2657 §7),
989 2598 1172 2653 quem,
1203 2596 1326 2635 cum
1359 2579 1482 2633 aliis
1503 2578 1715 2632 duobus
1740 2574 1799 2632 S.
1826 2575 1950 2630 Am-

335 2683 503 2741 brosii
534 2680 772 2737 textibus
801 2675 1150 2734 conferentes
1171 2690 1239 2730 ex
1272 2673 1337 2727 iis
1360 2682 1546 2741 utpote
1567 2669 1946 2726 conformibus

334 2777 768 2846 redemptionem
816 2771 1156 2842 captivorum
1208 2777 1330 2839 post
1370 2765 1943 2836 lladriauopolitanam

335 2875 710 2929 Romanorum
739 2869 952 2926 cladem
996 2866 1053 2922 S.
1099 2865 1374 2920 Zenonem
1419 2862 1692 2918 indicasse
1730 2870 1941 2930 putant.

335 2968 542 3024 Horum
588 2967 772 3035 itaque
802 2971 1048 3018 textuum
1094 2955 1450 3013 eonformitas
1477 2954 1653 3024 primo
1693 2951 1945 3008 conside-

337 3059 504 3114 randa
529 3067 634 3121 est,
668 3054 881 3126 ipsique
905 3062 1086 3107 textus
1108 3048 1456 3106 exscribendi
1486 3054 1634 3112 sunt,
1665 3054 1722 3099 ut
1745 3046 1811 3100 de
1844 3061 1941 3100 eo-

335 3171 454 3210 rum
483 3151 863 3209 eouformitate
895 3156 1127 3202 constet.
1155 3147 1209 3201 S.
1247 3144 1485 3200 Zenonis
1515 3151 1724 3198 textum
1757 3145 1827 3196 ita
1857 3156 1943 3196 re-

335 3249 521 3303 ferunt
546 3264 558 3298 :
584 3244 653 3299 In
683 3245 788 3315 ﬁne
817 3251 1066 3297 tractatus
1091 3257 1143 3304 κ,
1176 3240 1214 3293 ι.
1261 3255 1309 3304 ι,
1343 3237 1704 3292 liberalitatem
1732 3252 1942 3290 suorum
1971 3219 2017 3283 Ο

334 3341 634 3396 auditorum
672 3347 855 3391 auctor
897 3337 918 3405 (
946 3335 1003 3391 S.
1033 3333 1220 3400 Zeno)
1252 3330 1687 3386 commendans...
1714 3329 1805 3385 sed
1833 3329 1943 3385 liceo

333 3434 503 3504 inquit
532 3451 550 3484 ι
586 3431 702 3487 Neu
737 3429 803 3484 ad
835 3443 930 3483 vos
958 3427 1180 3490 fratres,
1218 3439 1448 3496 quorum
1478 3424 1699 3494 largitas
1728 3425 1945 3493 provin-

341 3547 361 3578 ‹
395 3528 493 3581 ciis
541 3525 794 3580 omnibus
834 3537 940 3577 non
980 3528 1088 3587 est,
1135 3534 1365 3590 quorum
1413 3519 1498 3588 pia
1541 3519 1748 3573 semina
1779 3518 1945 3574 totius

340 3642 358 3675 ι
397 3621 631 3692 quodam
659 3618 822 3673 modo
851 3615 1001 3670 orbis
1033 3630 1127 3683 per
1161 3612 1404 3668 membra
1425 3612 1702 3681 jactantur
1728 3626 1755 3664 a
1789 3610 1944 3664 vobis

339 3734 359 3767 ι
390 3714 544 3770 multi
598 3709 898 3780 redempti;
954 3708 1108 3762 multi
1159 3706 1354 3760 edictis
1396 3704 1654 3760 feralibus
1695 3703 1939 3769 liberati;

342 3830 359 3862 ι
394 3809 549 3866 tnulti
593 3807 999 3863 conditionibus
1048 3803 1200 3858 duris
1249 3802 1397 3857 exuti
1443 3801 1650 3871 gratias
1698 3809 1883 3868 agunt.
1917 3817 1936 3850 ι

329 3905 390 3962 8.
432 3902 700 3960 Ambrosii
729 3900 866 3954 duos
899 3906 1076 3953 textus
1112 3897 1192 3952 sic
1222 3894 1458 3966 allegant
1491 3911 1502 3946 :
1533 3891 1822 3947 Recitanda
1846 3892 1943 3945 hoc

335 3999 446 4052 loco
492 4007 610 4051 sunt
663 3995 765 4048 duo
785 3993 847 4048 S.
896 3989 1156 4044 Ambrosii
1188 3987 1480 4042 testimonia
1533 3985 1600 4041 ea:
1641 3984 1731 4039 lib.
1791 3999 1828 4038 ιι
1879 3983 1942 4036 de

334 4091 547 4162 ofﬁciis,
565 4103 679 4158 quae
696 4088 757 4141 de
772 4086 868 4139 Itac
884 4085 1233 4151 redemptione
1251 4091 1386 4135 certe
1405 4079 1709 4146 loquuntur,
1725 4088 1856 4132 etes
1877 4076 1940 4130 iis

332 4182 601 4253 apparebit
618 4189 809 4252 quanta
825 4177 1146 4247 captivorum
1164 4173 1318 4245 fuerit
1336 4171 1632 4243 infelicitas,
1647 4180 1940 4237 quantaque

333 4277 397 4330 sit
428 4276 542 4344 ejus
587 4271 853 4343 scriptoris
895 4285 1009 4321 cum
1052 4255 1466 4329 auctoreuostro
1494 4262 1780 4316 consensio.
1821 4259 1940 4313 Pri-

331 4385 470 4423 mum
498 4373 668 4436 itaque
698 4365 758 4418 S.
793 4361 1087 4415 Ambrosius
1119 4376 1235 4428 cap.
1267 4359 1354 4421 15,
1387 4374 1530 4411 num.
1551 4356 1649 4412 70:
1672 4374 1690 4406 ι
1717 4354 1938 4411 Summa

337 4481 357 4513 s
393 4461 556 4513 etiam
595 4456 893 4511 liberalitas
923 4462 1110 4522 captos
1145 4452 1438 4518 redimere,
1469 4452 1682 4520 eripere
1716 4467 1780 4504 ex
1815 4450 1940 4504 Iros—

339 4572 362 4613 (_
394 4554 528 4607 tium
557 4544 1167 4611 manibus,subtralterc
1183 4544 1301 4600 neci
1323 4544 1592 4603 homines,
1624 4554 1679 4598 et
1700 4542 1938 4597 maxime

328 4664 354 4698 ~t
389 4644 643 4701 fceminas
687 4638 1045 4711 turpitudini;
1080 4636 1310 4691 reddere
1350 4635 1666 4704 parentibus
1711 4635 1935 4701 liberos,
1963 4619 2021 4681 Ῐ)

337 4759 354 4791 ι
399 4746 652 4809 parentes
684 4733 896 4797 liberis,
920 4732 1068 4786 cives
1093 4727 1280 4799 patriae
1311 4729 1619 4782 restituere.
1645 4728 1780 4782 Nota
1813 4739 1940 4782 sunt

337 4854 357 4887 s
394 4837 506 4887 tunc
537 4832 699 4885 nimis
723 4827 921 4898 Illyrici
949 4825 1201 4879 vastitate
1224 4832 1279 4878 et
1305 4822 1583 4886 Thraciae;
1609 4823 1792 4891 quanti
1817 4823 1937 4876 ubi-

336 4946 355 4979 ι
395 4943 496 4997 que
529 4923 747 4979 venales
777 4931 934 4975 erant
969 4928 1083 4972 toto
1109 4915 1308 4984 captivi
1339 4914 1472 4968 orbe
1495 4956 1507 4976 ,
1539 4929 1674 4982 quos
1705 4915 1747 4967 si
1783 4929 1936 4968 revo-

338 5041 356 5074 ι
390 5037 480 5076 ces
529 5019 690 5073 unius
723 5014 1020 5086 provincia:
1065 5024 1353 5064 numerum
1404 5008 1628 5078 explere
1667 5025 1770 5062 non
1815 5016 1938 5078 pos"-

338 5135 356 5166 ι
387 5114 527 5168 sint?
560 5133 577 5164 ι
629 5108 854 5165 Barbari
886 5109 1031 5160 enim
1061 5107 1077 5173 (
1111 5103 1437 5173 prosequitur
1466 5118 1611 5154 nunt.
1644 5102 1706 5154 Ἠ
1749 5104 1764 5171 )
1800 5121 1818 5153 ι
1857 5104 1938 5155 tti-

337 5227 356 5260 ι
395 5207 470 5260 bil
501 5205 816 5260 deferebant
851 5199 1205 5254 humanitatis
1247 5195 1311 5248 ad
1346 5194 1801 5258 misericordiam,
1838 5196 1937 5247 nisi

337 5320 356 5351 ι
391 5299 531 5369 quod
595 5296 818 5351 avaritia
875 5297 1255 5347 reservaverat
1300 5287 1366 5340 ad
1424 5287 1873 5357 redemptionem.
1914 5306 1932 5338 ι

331 5392 490 5446 Aliud
531 5389 883 5444 testimonium
913 5403 1028 5456 cap.
1048 5381 1140 5446 28,
1168 5398 1311 5434 nunt.
1346 5378 1471 5444 i56,
1495 5379 1726 5446 eiusdem
1751 5379 1840 5431 lib.
1875 5394 1936 5444 tt,

329 5489 409 5539 Itis
448 5484 611 5538 verbis
655 5481 1002 5554 exprimitur:
1036 5504 1054 5537 ι
1092 5475 1201 5530 Nos
1247 5473 1542 5543 aliquando
1580 5473 1630 5527 iu
1677 5471 1932 5526 invidiam

337 5599 356 5632 ι
392 5578 698 5643 incidimus,
752 5577 893 5648 quod
933 5571 1365 5643 confregerimus
1411 5582 1535 5621 vasa
1565 5566 1825 5637 mystica,
1881 5575 1938 5619 ut

312 5691 353 5728 ,C
392 5671 631 5743 captivos
675 5670 1136 5724 redimermuus...
1188 5664 1322 5731 Quis
1361 5672 1543 5716 autem
1571 5668 1650 5716 est
1702 5667 1810 5713 tam
1837 5658 1938 5713 du-

337 5786 355 5818 ι
394 5747 507 5830 rus,
555 5767 795 5830 immitis,
845 5766 1073 5826 ferreus,
1107 5762 1193 5816 cui
1237 5760 1543 5829 displiceat,
1586 5754 1729 5825 quod
1771 5754 1934 5808 homo

294 5895 295 5898 η
342 5878 359 5906 υ
409 5859 686 5909 redimitur
742 5873 771 5908 a
831 5865 1044 5909 morte.
1115 5852 1333 5907 fiumina
1398 5850 1467 5905 ab
1531 5844 1935 5916 impuritalibtts

2052 1920 2242 1990 partim
2284 1934 2348 1973 ea:
2376 1919 2625 1974 Romanis
2654 1921 2904 1977 militibus
2939 1925 3055 1995 jam
3082 1910 3323 1990 devictis,
3373 1926 3566 1995 partim
3597 1941 3661 1980 ex

2051 2019 2124 2062 tot
2158 2010 2405 2066 Romanis
2431 2014 2706 2082 prouinciis
2732 2015 2956 2070 subactis
2979 2013 3258 2070 deduxere.

2122 2092 2314 2160 Multos
2337 2101 2654 2177 redemptos
2676 2110 2872 2166 asserit
2899 2111 2955 2164 S.
2979 2108 3130 2167 Zeno
3157 2128 3171 2165 :
3199 2110 3350 2166 multi
3376 2112 3658 2181 redempti,

2050 2210 2146 2252 eos
2195 2206 2374 2252 tamen
2423 2215 2530 2254 non
2577 2199 2711 2256 dicit
2756 2203 3018 2272 captivos,
3069 2214 3130 2259 ut
3178 2203 3238 2261 S.
3287 2206 3654 2264 Ambrosius:

2051 2291 2245 2361 Captos
2274 2292 2524 2348 redimere
2544 2333 2560 2359 ,
2591 2295 2790 2367 eripere
2824 2313 2890 2352 ea:
2915 2297 3141 2352 uestium
3167 2298 3409 2356 manibus
3434 2296 3454 2367 ',
3483 2301 3658 2372 quanti

2049 2384 2238 2455 ubique
2275 2378 2481 2440 uenales'
2514 2395 2680 2442 erant.
2705 2387 2841 2443 Illud
2873 2403 3108 2461 namque
3146 2373 3374 2449 verbum
3404 2394 3660 2463 redempti

2051 2480 2360 2536 necessario
2386 2494 2493 2535 non
2537 2481 2765 2538 includit
2790 2469 3157 2554 captivitatem
3192 2484 3608 2559 redemptorum
3640 2504 3653 2540 :

2051 2573 2243 2629 redimi
2275 2589 2511 2646 namque
2538 2575 2883 2644 dicebantur,
2910 2587 2965 2633 et
2992 2577 3315 2646 Christiani,
3346 2582 3438 2652 qui
3472 2580 3656 2650 soluto

2053 2670 2227 2739 pretio
2255 2670 2581 2740 prsesidibus
2610 2671 2678 2728 ab
2705 2671 2967 2742 ejuranda
2998 2673 3104 2729 lide
3130 2673 3529 2742 liberabantur,
3585 2660 3675 2732 ne-

2049 2763 2115 2819 ad
2143 2763 2371 2820 colenda
2406 2763 2545 2820 idola
2577 2765 3057 2838 compellerentur,
3079 2776 3136 2822 et
3161 2765 3248 2823 hic
3275 2777 3360 2824 est
3385 2767 3447 2824 8.
3474 2769 3655 2825 Zeno-

2051 2852 2147 2913 nis'
2167 2859 2432 2929 genuinus
2470 2875 2663 2915 sensus
2711 2879 2725 2915 :
2771 2876 2893 2916 nam
2943 2877 3065 2917 cum
3111 2861 3339 2918 dixisset
3378 2862 3534 2917 multi
3576 2880 3657 2918 re-

2050 2952 2277 3024 dempti,
2313 2965 2372 3008 ut
2398 2954 2735 3022 declararet,
2768 2971 2830 3012 se
2858 2972 2964 3013 non
3004 2957 3072 3013 de
3105 2959 3278 3030 captis
3307 2956 3377 3014 ab
3404 2958 3656 3016 hostibus

2052 3045 2220 3118 loqui,
2253 3037 2346 3102 Sed
2378 3048 2446 3103 de
2476 3048 2830 3115 Christianis,
2858 3052 2947 3122 qui
2976 3051 3043 3106 ad
3083 3041 3446 3108 idolblatriam
3482 3053 3655 3123 impe-

2050 3149 2291 3196 ratorum
2313 3141 2508 3198 edictis
2533 3143 2904 3214 adigebantur,
2931 3145 3242 3202 immediate
3263 3148 3614 3218 prosequitur
3639 3167 3651 3204 :

2050 3236 2200 3289 multi
2228 3236 2408 3290 edictis
2438 3237 2951 3316 feralibusliberati,
2983 3254 3090 3294 non
3118 3256 3145 3294 a
3174 3241 3493 3310 captivitate
3521 3242 3657 3300 libe»
3717 3246 3720 3248 ’

2048 3335 2194 3383 ratos
2224 3328 2372 3395 dicit,
2402 3329 2496 3385 sed
2522 3332 2585 3384 ab
2614 3332 2795 3386 edictis
2824 3333 3091 3402 feralibus,
3117 3335 3314 3405 quibus
3342 3336 3657 3406 persecutio

2048 3421 2100 3474 in
2131 3419 2467 3477 Christianos
2505 3423 2968 3495 promulgabatur,
2996 3440 3059 3482 ea
3089 3425 3426 3497 conditione,
3461 3438 3522 3484 ut
3551 3428 3672 3486 nisi.

2046 3514 2264 3570 Christo
2297 3518 2715 3584 renuntiarent,
2755 3520 3021 3577 bonorum
3052 3520 3361 3593 direptione
3381 3564 3399 3589 ,
3443 3523 3614 3580 exilio
3634 3565 3652 3591 ,

2044 3609 2402 3676 cruciatibus,
2433 3619 2487 3666 et
2517 3621 2690 3666 morte
2719 3614 3103 3682 plecterentur.
3139 3613 3248 3670 Has
3273 3614 3649 3684 conditiones,

2044 3702 2241 3776 quibus
2264 3703 2456 3760 edictis
2486 3704 2963 3776 adstringebantur
2989 3707 3301 3773 Christiani.
3329 3701 3495 3766 duras
3521 3710 3656 3767 dicit

2045 3795 2103 3853 8.
2151 3795 2302 3853 Zeno
2328 3840 2343 3864 ,
2376 3809 2429 3853 et
2469 3800 2538 3855 ab
2576 3799 2644 3854 iis
2685 3800 2894 3856 liberati
2947 3802 3341 3860 Veronensium
3387 3806 3650 3862 subsidiis

2043 3906 2258 3948 summo
2310 3908 2370 3948 se
2415 3892 2683 3952 beneficio
2742 3895 2966 3952 aﬂectos
3018 3890 3434 3968 proﬁtebantur.
3490 3898 3650 3954 Multi

2045 3987 2423 4042 conditionibus
2448 3989 2592 4043 duris
2627 3991 2792 4057 exuti,
2827 3993 3019 4062 gratias
3049 4003 3229 4065 agunt.
3258 3991 3337 4049 Ne
3369 3984 3551 4050 tamen
3580 3995 3648 4050 ad

2041 4078 2324 4134 arbitrium
2353 4080 2411 4136 S.
2444 4079 2686 4136 Zenonis
2719 4093 2922 4139 textum
2949 4085 3310 4164 interpretari.
3333 4086 3645 4154 videamur,

2043 4173 2357 4237 meminisse
2383 4183 2601 4246 oportet
2628 4175 2935 4233 duodecimi
2981 4177 3208 4234 canonis
3237 4180 3427 4250 prima:
3451 4181 3646 4252 synodi

2047 4267 2106 4323 8.
2147 4266 2292 4323 Petri
2335 4268 2689 4331 Alexandrini
2730 4270 2973 4340 episcOpi
3000 4312 3016 4337 ,
3044 4286 3153 4342 quo
3189 4272 3257 4327 ab
3300 4274 3452 4327 omni
3486 4257 3644 4341 culpa

2043 4361 2310 4416 immunes
2342 4360 2689 4416 declarantur
2731 4362 2977 4433 inﬁdeles
3000 4403 3015 4426 ,
3047 4364 3140 4434 qui
3178 4364 3405 4432 pecunia
3434 4379 3497 4420 se
3525 4380 3649 4436 per-

2042 4455 2322 4511 secutione
2349 4455 2646 4511 liberarunt
2668 4499 2684 4520 ,
2717 4456 2878 4528 idque
2906 4457 3158 4529 exemplo
3190 4455 3254 4511 D.
3285 4455 3438 4513 Pauli
3485 4473 3648 4530 apos-

2044 4548 2137 4602 toli
2178 4549 2464 4604 confirmat
2485 4549 2612 4620 ,qui
2655 4566 2776 4603 suas
2827 4547 3202 4605 Thessalonice
3239 4551 3644 4619 persecutiones,

2045 4645 2473 4702 ut~Christianus
2518 4647 2699 4718 Lupus
2744 4631 2964 4718 exponit
3010 4645 3169 4719 (Lup.
3199 4656 3324 4702 tom.
3349 4662 3392 4712 ι,
3417 4645 3643 4703 Dissert.

2047 4739 2256 4794 Proem.
2301 4749 2415 4816 post
2459 4756 2506 4794 c.
2565 4741 2653 4810 l6)
2675 4783 2692 4808 ,
2723 4725 2953 4813 perntisil
2996 4757 3086 4812 per
3121 4740 3369 4796 Iasonem
3404 4758 3471 4796 ac
3514 4743 3647 4797 alios

2043 4833 2172 4888 ciues
2199 4835 2418 4903 pecunia
2446 4834 2630 4888 redimi
2650 4876 2665 4901 ,
2702 4844 2852 4906 atque
2874 4835 2948 4889 ita
2973 4851 3026 4890 se
3052 4834 3262 4889 liberari
3291 4853 3323 4891 a
3342 4835 3667 4892 necessitate-

2043 4925 2418 4995 prtcvaricandi
2436 4965 2451 4988 ,
2485 4935 2570 4978 aut
2589 4927 2869 4981 moriendi.
2903 4926 3310 4998 Redemptionis
3334 4937 3528 4986 autem”
3550 4946 3648 4985 vo-

2043 5019 2236 5073 cabulo
2267 5018 2652 5073 liberationem
2677 5019 2814 5073 lianc
2844 5006 3072 5090 exprimi
3093 5060 3110 5086 ,
3151 5019 3240 5090 qui
3272 5036 3434 5077 nosse
3461 5001 3644 5093 enim,

2043 5110 2436 5186 Tertullianum
2469 5110 2643 5180 legat,
2685 5111 2774 5179 qui
2816 5126 2916 5166 suo
2957 5113 3008 5167 in
3042 5112 3182 5168 libro
3211 5114 3276 5168 de
3321 5112 3450 5186 fuga
3498 5131 3648 5185 saepe

2043 5204 2241 5271 Sat'pius
2266 5183 2459 5257 eodem
2492 5201 2756 5256 vocabulo
2786 5204 2972 5258 utitur.
3006 5205 3105 5270 Qui
3133 5205 3343 5275 qum-it,
3375 5183 3444 5260 an
3475 5183 3648 5278 perse-

2044 5296 2182 5348 cutio
2222 5295 2487 5367 fugienda,
2519 5294 2904 5359 subsequentem
2937 5312 3140 5367 quoque
3172 5300 3511 5367 quaestionem
3527 5304 3646 5373 jam

2044 5388 2327 5457 prospiciat
2348 5402 2549 5442 necessc
2567 5396 2663 5451 est,
2689 5405 2755 5440 an
2777 5389 2823 5441 si
2842 5389 3087 5459 fugienda
3102 5405 3203 5443 non
3225 5399 3320 5453 est,
3344 5392 3646 5447 redimenda

2044 5489 2176 5531 certe
2199 5481 2262 5532 sit
2291 5496 2309 5533 :
2336 5480 2410 5533 ita
2437 5479 2506 5534 de
2541 5479 2641 5534 hoc
2668 5494 2827 5549 agere
2852 5481 3036 5548 incipit
3058 5523 3072 5545 ,
3101 5480 3280 5551 fugam
3308 5485 3360 5535 in
3391 5498 3646 5553 perseeu-

2047 5569 2192 5623 tione
2217 5579 2404 5624 contra
2432 5569 2706 5640 Evangelii
2736 5581 3006 5638 mentem,
3033 5573 3192 5626 simul
3223 5581 3279 5627 et
3309 5573 3642 5645 redemptio-

2045 5676 2169 5715 nem
2199 5679 2225 5715 a
2257 5663 2630 5733 persecutione
2671 5663 2977 5735 improbans
3005 5665 3073 5721 ab
3111 5665 3349 5721 Ecclesia
3394 5645 3462 5723 ad
3493 5668 3640 5726 Hon-

2047 5765 2230 5808 tauum
2273 5754 2544 5825 transfuga
2583 5739 2979 5821 Tertullianus,
3021 5773 3129 5825 quo
3160 5759 3280 5813 loco
3310 5760 3516 5830 sacpius
3557 5779 3646 5820 rei

2041 5846 2370 5912 demptionis
2397 5849 2714 5920 vocalntlnm
2747 5849 2999 5904 inculcat.
3032 5848 3402 5908 Christianum
3427 5852 3640 5921 Lupum
