3822 6220
200 319 301 373 697

200 549 348 590 mum
375 540 503 592 ante
530 526 925 587 Tertulliannm
968 522 1132 578 fuisse
1177 518 1323 576 hunc
1352 511 1650 572 redimendi
1692 525 1806 566 mo.

200 642 343 683 rem.
376 625 486 697 Ego
516 623 672 679 credo
701 622 859 694 fuisse
885 626 1135 674 vetustum
1172 614 1268 688 (ita
1298 621 1485 679 contra
1514 601 1804 688 Batonium

202 732 432 776 nervosa
480 716 690 771 ratione
721 713 898 784 arguit
936 710 1077 766 idem
1121 679 1348 780 Lupus).
1379 703 1523 760 Certe
1562 704 1607 756 si
1648 679 1807 754 nouus

204 812 407 886 fuisset,
432 807 790 863 Tertullianus
814 806 986 876 ipsum
1008 802 1103 857 sibi
1132 797 1535 875 familiarissima
1558 793 1807 867 posterio-

200 883 374 959 ritatis
395 899 785 976 praescriptione
815 896 1099 952 invasisset.
1131 893 1318 964 Neque
1337 890 1518 955 unus,
1547 883 1641 943 aut
1669 885 1807 948 alter

205 999 312 1054 hoc
330 996 588 1053 subsidio
615 1009 646 1049 a
681 991 1074 1063 persecutionis
1105 988 1290 1046 lurore
1322 980 1385 1043 se
1409 986 1648 1041 eximere
1681 995 1808 1054 pro—

205 1094 457 1157 curabat,
485 1091 581 1148 sed
608 1091 845 1158 integras
875 1085 1134 1143 eccleSias
1160 1083 1264 1141 bac
1291 1067 1670 1151 redemptione
1693 1090 1808 1132 suae

206 1186 536 1246 immunitati
562 1184 872 1257 prospicere
889 1181 1150 1252 sategisse
1175 1193 1242 1234 ex
1262 1179 1451 1233 eodem
1477 1172 1809 1231 Tertulliano

207 1291 447 1339 constat.
481 1278 678 1335 Parum
705 1275 922 1344 denique
947 1282 1020 1327 est
1042 1273 1087 1326 si
1113 1287 1266 1334 unus,
1296 1278 1386 1323 aut
1414 1268 1550 1322 alius
1580 1266 1650 1320 ita
1675 1265 1811 1320 erui-

207 1386 294 1429 tur
323 1393 338 1428 :
382 1371 678 1439 masculiter
711 1377 832 1423 totce
872 1363 1118 1420 Ecclesiae
1149 1362 1394 1416 tributum
1433 1359 1526 1414 sibi
1553 1359 1810 1431 irrogave-

206 1478 333 1522 rnnt
368 1467 430 1538 (t.
474 1481 526 1536 c.
567 1479 616 1518 c.
650 1458 765 1533 η).
800 1459 865 1514 Et
894 1472 1000 1513 non
1037 1454 1198 1511 modo
1227 1462 1284 1508 ιιι
1307 1452 1598 1527 cruciatus,
1631 1458 1687 1505 et
1719 1464 1813 1504 ne—

205 1575 329 1616 cem
376 1557 704 1620 evaderent,
745 1551 840 1609 sed
888 1560 944 1605 ut
983 1550 1146 1604 etiam
1177 1542 1356 1603 divina
1405 1524 1666 1616 peragere
1708 1542 1814 1597 illis

203 1657 534 1730 permissum
563 1663 707 1708 esset
739 1668 752 1704 :
785 1647 930 1720 quod
966 1663 1034 1711 es
1068 1644 1263 1701 eodem
1292 1641 1630 1698 Tertulliano
1656 1635 1817 1692 infert

208 1749 462 1805 laudatus
498 1761 767 1803 canonum
798 1743 1136 1799 illustrator:
1169 1737 1254 1793 Ex
1275 1737 1353 1792 his
1388 1735 1633 1790 discimus
1661 1732 1817 1802 fuisse

205 1844 346 1898 duas
371 1843 588 1898 istarum
623 1838 1032 1911 redemptionum
1071 1850 1272 1901 causas,
1317 1847 1500 1900 nempe
1523 1845 1625 1883 non
1660 1827 1807 1880 dum-
1847 1819 1893 1879 Β

209 1945 360 1992 taxat
383 1936 464 2019 ad
489 1913 896 2006 persecutionem
926 1929 1216 1985 evitandam
1237 1969 1253 1991 ,
1283 1923 1373 1981 sed
1414 1923 1568 1980 etiant
1589 1918 1815 1996 ad‘obli-

130 2070 151 2081 κ
207 2015 443 2087 nendum
483 2029 762 2101 Synaxeon
805 2025 1112 2082 libertatem.
1159 2023 1406 2078 Alienum
1459 2022 1639 2088 itaque
1670 2031 1708 2084 ,a
1754 2015 1813 2071 S.

205 2126 453 2184 Zenonis
492 2133 674 2182 mente
698 2132 814 2187 est,
868 2135 991 2176 cum
1038 2118 1346 2188 redemptos
1383 2115 1566 2182 dicat,
1597 2127 1703 2168 non
1749 2109 1818 2166 ab

206 2219 500 2285 hostibus,
530 2216 626 2273 sed
650 2226 688 2270 a
723 2213 978 2270 feralibus
1006 2210 1200 2267 edictis
1230 2205 1621 2264 Veranensium
1655 2202 1818 2273 largi-

209 2316 458 2373 tionibus
487 2313 696 2378 lideles,
728 2311 798 2366 ita
821 2312 998 2380 ipsum
1025 2306 1320 2386 explicare.
1350 2306 1414 2358 ut
1438 2304 1490 2356 in
1520 2299 1817 2356 Hadriano-

208 2409 456 2482 politana
484 2405 638 2464 clade
665 2389 853 2477 σαριοέ
880 2417 909 2457 a
941 2400 1132 2458 Gothis
1155 2395 1491 2454 Christianos
1513 2393 1818 2464 signiﬁcare

208 2503 472 2561 voluerit.

287 2641 479 2711 Neque
505 2638 562 2694 S.
588 2635 827 2693 Zenonis
848 2627 1312 2689 textusAmbros'ii
1335 2624 1618 2682 sententiis
1642 2621 1818 2698 allatis

209 2730 526 2791 concordes
551 2715 676 2787 esse
703 2725 988 2783 dicendum
1018 2732 1131 2791 est,
1178 2735 1300 2776 cum
1333 2719 1418 2773 illa
1447 2718 1610 2772 verba
1639 2693 1819 2770 edictis

211 2826 471 2900 feralibus
499 2814 725 2888 liberati,
758 2837 877 2894 quae
908 2821 961 2876 in
988 2818 1060 2876 Si
1080 2817 1316 2872 ZenOnis
1347 2827 1596 2869 sermone
1632 2810 1819 2879 legun-

215 2935 341 2987 tur,
377 2934 483 2976 non
518 2925 708 2988 captos
737 2915 804 2970 ab
835 2913 1078 2969 hostibus
1106 2910 1345 2964 indicent
1367 2948 1380 2972 ,
1420 2903 1560 2971 utS.
1588 2901 1820 2957 Ambro-

214 3018 340 3073 sius
367 2996 624 3084 exprimit
647 3011 842 3081 eripere
879 3025 941 3063 ex
970 3006 1195 3062 hostium
1225 3001 1480 3067 manibus,
1519 2997 1613 3054 sed
1637 3012 1820 3052 exem-

217 3122 348 3185 ptos
374 3127 406 3167 a
439 3108 816 3182 persecutione
853 3104 1213 3160 Christianos.

295 3244 394 3302 Illa
447 3253 625 3300 tamen
675 3239 964 3298 diversitas
1018 3237 1290 3310 prmcipua
1349 3207 1893 3289 animadversioneC

217 3339 387 3410 digna
416 3346 519 3392 cst.
544 3334 838 3393 S..etenim
871 3331 1220 3397 Ambrosius,
1252 3330 1342 3400 qui
1375 3337 1496 3398 post
1523 3324 1825 3381 lladriano-

219 3430 542 3505 politanatu-
570 3427 779 3484 cladem
830 3423 1052 3494 scripsit
1106 3430 1294 3493 aperte
1335 3419 1484 3485 illam
1532 3416 1819 3485 nominat:

223 3524 375 3580 Nota
396 3522 648 3578 santuine
678 3519 829 3574 nimis
865 3515 1067 3587 lllyrici
1095 3514 1367 3580 castitate,
1401 3521 1449 3567 et
1471 3508 1728 3565 Thracia.
1763 3506 1820 3563 S.

220 3627 410 3674 autem
423 3614 587 3671 'Zeno
613 3627 682 3669 ne
708 3627 804 3683 per
829 3610 1098 3665 somnium
1125 3605 1343 3679 quidem
1377 3605 1526 3659 illius
1557 3598 1819 3664 meminit,
1849 3654 1868 3667 η,

219 3711 327 3770 sed
372 3708 480 3764 illis
520 3708 572 3763 in
612 3706 816 3771 verbis,
840 3704 1021 3760 edictis
1055 3699 1302 3773 feralibus
1345 3696 1567 3761 liberati,
1595 3692 1826 3750 circum-

222 3803 428 3861 stantia
454 3800 794 3869 eXprimi‘tur,
822 3811 947 3867 qua:
971 3793 1144 3864 captis
1170 3784 1424 3869 spathis”
1442 3787 1666 3843 minime
1692 3799 1826 3840 con—

223 3896 418 3953 venire
450 3902 646 3962 potest.
686 3891 761 3964 lli,
795 3902 1028 3958 namque
1072 3862 1437 3939 nullo‘edicto
1466 3880 1823 3949 Urgebantur,

223 3988 327 4046 sed
369 3986 538 4042 armis
561 4025 577 4050 ,
609 3991 666 4057 et
705 3983 754 4048 vi
789 3982 840 4034 in
877 3978 1260 4049 captivitatem
1283 3973 1492 4029 redacti
1535 3970 1821 4042 pactione,

177 4149 186 4155 η
223 4094 283 4140 et
307 4082 537 4154 pecunia
563 4076 987 4134 redimebautur.
1026 4070 1164 4126 Tum
1193 4084 1320 4130 vero
1351 4067 1584 4123 maxime
1613 4057 1827 4138 constat

221 4180 287 4236 S.
342 4163 686 4232 Ambrosium
729 4167 960 4233 diversis
1004 4162 1290 4235 scripsisse
1341 4160 1712 4231 temporibus,
1763 4171 1826 4212 ac

222 4271 289 4326 S.
322 4267 488 4331 Zeno,
517 4277 639 4318 cum
676 4262 727 4315 in
755 4260 916 4314 allata
946 4256 1185 4312 secunda
1213 4254 1272 4311 ὃ.
1303 4251 1575 4308 Ambrosii
1608 4259 1826 4306 senten—

226 4364 309 4420 tia
339 4360 536 4415 omissa
566 4357 677 4410 sint
705 4353 823 4409 bzrc
858 4350 1020 4407 verba
1046 4393 1061 4418 ,
1108 4359 1225 4419 post
1270 4347 1496 4406 verbum
1536 4344 1830 4401 redimere-

225 4468 360 4511 mus
394 4447 830 4520 interpunctione
870 4446 1075 4514 signata
1103 4460 1116 4497 :
1143 4442 1293 4510 Quod
1321 4420 1535 4495 Arianis
1559 4437 1830 4510 displicere

227 4556 457 4623 poterat,
488 4560 552 4596 ne
577 4553 680 4596 tam
703 4539 896 4610 factum
922 4537 1235 4604 displiceret,
1263 4550 1418 4604 quam
1442 4541 1496 4586 ut
1523 4541 1672 4596 esset,
1695 4529 1831 4601 quod

225 4648 286 4698 in
331 4639 474 4694 nobis
504 4634 944 4709 reprehenderent.
991 4630 1127 4699 Quis
1171 4629 1315 4685 enim
1363 4625 1832 4699 perspicacissimo

228 4738 403 4798 licet,
433 4747 496 4786 ac
533 4731 711 4785 liuceo
744 4725 973 4797 polleret
1001 4711 1194 4778 intuitu
1221 4721 1448 4793 singulis
1478 4721 1532 4776 in
1563 4717 1831 4774 sermonio

229 4832 345 4887 bus
385 4828 442 4886 S.
491 4827 726 4883 Zenonis
773 4824 1096 4880 Arianorum
1142 4819 1471 4875 mentionem
1518 4815 1836 4887 conspicere

231 4925 458 4982 Valeat?
491 4924 678 4996 illirum
719 4919 966 4992 proiecto
991 4960 1006 4984 ,
1047 4916 1194 4988 quod
1235 4917 1286 4970 in
1326 4914 1578 4970 omnibus
1613 4911 1833 4967 Patrum

231 5017 498 5089 operibus
518 5055 533 5080 ,
573 5029 696 5086 quae
732 5014 879 5078 Arii,
921 5020 978 5067 et
1006 5012 1335 5066 Arianorum
1382 5023 1498 5062 :evo
1527 5005 1729 5075 scripta
1761 5003 1838 5059 le-

232 5119 442 5184 guntur
462 5151 479 5176 ,
514 5108 663 5182 plura
695 5106 1064 5177 reperiantur,
1097 5120 1218 5175 qua:
1250 5103 1448 5158 Ariana
1471 5109 1712 5170 tempora
1743 5113 1839 5153 es-

238 5211 698 5278 pressettotaut,
733 5200 893 5270 hujus
932 5200 1008 5256 rei
1041 5200 1093 5254 in
1121 5198 1177 5254 S.
1213 5195 1453 5264 Zenonis
1495 5192 1840 5250 sermonibus

237 5319 314 5359 ne
331 5298 615 5375 vestigium
637 5295 851 5367 quidem
877 5293 1157 5348 minimum
1178 5290 1339 5346 liceat
1357 5288 1622 5357 aspicere.
1652 5284 1841 5339 Nonne

239 5398 350 5452 hoc
398 5393 623 5448 evidens
674 5398 756 5444 est
801 5393 1176 5456 argumentum
1207 5424 1220 5443 .
1273 5382 1450 5450 ipsum
1498 5379 1668 5433 multo
1716 5386 1842 5430 ante

243 5488 435 5545 Arium
463 5479 788 5550 scripsisse?
826 5467 981 5531 Nulla
1023 5489 1153 5544 ergo
1179 5474 1237 5529 S.
1268 5472 1502 5535 Zenonis
1541 5485 1662 5541 cum
1705 5468 1837 5524 Am:

242 5578 415 5638 brosii
463 5563 858 5631 sententiarum
907 5567 1239 5630 consensio,
1283 5579 1444 5633 quam
1491 5560 1841 5619 eruditissimi

243 5675 577 5744 enggerant
594 5663 893 5744 Ballcrinii.
917 5660 1294 5715 Aduertistin...’
1319 5640 1434 5712 toto
1455 5665 1642 5726 captos
1663 5654 1840 5708 orbe..

243 5739 375 5839 quo;
398 5763 488 5835 qui
506 5739 850 5815 καὶπερ-ιι...
881 5754 1224 5819 subtraheret
1253 5752 1439 5811 neci...
1467 5750 1598 5804 Nam
1618 5748 1673 5805 Si
1696 5746 1843 5801 Zeno

242 5823 426 5915 vidisti;
454 5850 703 5916 feralibus
731 5838 988 5904 liberatos
1017 5839 1164 5900 dicit.
1724 5823 1729 5828 ’

1611 295 1902 354 DISSER'I‘
1912 293 2087 350 ΑἸῚΟ.

200 442 356 496 adeat
394 436 674 494 studiosus
722 432 931 495 lector,
981 428 1384 500 compcrietquc
1427 418 1796 502 lrequentissi-
1833 417 1877 476 Α
1908 414 1936 486 §
1966 412 2056 469 IV.
2090 410 2243 466 Recte
2278 405 2485 476 coniicit
2517 400 2773 458 Duronius

1856 4585 1972 4667 DD

1937 4681 1967 4720 a

3303 310 3306 313 λ
3392 270 3496 327 698

2799 413 2863 454 ea:
2895 375 3129 452 sermone
3157 388 3365 445 decima
3384 388 3500 444 libri

1981 506 2135 579 primi
2176 506 2230 560 in
2281 483 2510 559 editione
2538 497 2719 553 ultima
2765 489 3098 552 Veronensi,-
3141 484 3204 542 S.
3247 482 3502 539 Zenonem

1982 601 2138 670 longe
2185 607 2312 652 ante
2353 592 2786 649 Christianorum
2829 585 3216 655 imperatorum
3256 584 3502 645 tempora
3594 563 3599 567 ’

1978 693 2260 776 claruisse,
2294 706 2351 744 eo
2377 686 2514 758 quod
2547 683 2617 738 ibi
2645 683 2708 737 S.
2736 680 2879 736 Zeno
2906 676 3046 730 dicat
3070 673 3125 728 in
3165 669 3386 726 nummis
3412 683 3503 722 ea:-

1982 768 2104 843 cudi
2130 786 2295 840 solere
2319 783 2520 854 signum
2537 772 2852 834 idololatriae
2867 813 2883 840 ,
2908 767 3186 838 eademque
3206 762 3370 829 idola,
3392 774 3506 832 qua:

1981 878 2268 937 colerentur
2300 877 2355 932 in
2377 872 2585 945 templo.

1985 1013 2110 1069 llznc
2138 1018 2265 1066 sunt
2306 1008 2373 1065 D.
2402 1003 2653 1062 Doctoris
2678 999 2842 1056 verba
2876 999 2891 1054 ἑ
2923 996 3122 1052 Aurum
3144 1034 3160 1060 ,
3209 996 3508 1064 argentum-

1910 1127 2009 1181 que
2026 1151 2041 1173 ,
2067 1105 2360 1163 Christiane
2379 1143 2396 1168 ,
2424 1102 2471 1157 si
2500 1114 2618 1156 vera
2643 1094 2861 1151 dicenda
2890 1100 3008 1147 sunt
3035 1085 3316 1145 exsecraris
3353 1083 3408 1137 in
3430 1081 3507 1136 si-

1910 1172 2159 1256 mulacris
2187 1198 2312 1254 solis
2331 1240 2346 1262 ,
2373 1211 2474 1250 non
2501 1193 2554 1246 in
2585 1185 2928 1259 penetralibus
2961 1182 3107 1248 tuis;
3131 1194 3253 1234 nam
3275 1216 3292 1242 ,
3323 1183 3370 1230 et
3397 1172 3510 1246 illic

1912 1297 2080 1355 aureis
2121 1279 2963 1365 argenteisque'innumerabilibus
3004 1274 3155 1332 ueluti
3192 1269 3394 1343 templis
3434 1277 3508 1323 te-

1911 1393 2011 1448 reti
2052 1396 2255 1445 moneta
2310 1382 2566 1456 percussis
2614 1379 2781 1433 inesse
2838 1373 3074 1428 similiter
3116 1382 3292 1441 regum
3336 1362 3508 1420 uultus

1914 1441 2162 1558 signaque
2180 1441 2481 1554 cognoscis;
2511 1475 2743 1545 nihilque
2776 1469 2921 1525 aliud
2951 1469 3144 1532 distat,
3175 1463 3275 1518 nisi
3294 1441 3507 1532 quodin

1918 1593 2007 1637 tua
2028 1582 2179 1635 domo
2200 1578 2397 1631 minuta
2418 1580 2558 1636 sunt,
2584 1571 2635 1623 in
2667 1567 2856 1635 templo
2882 1566 3106 1637 majora,
3129 1573 3245 1630 qua:
3265 1557 3509 1624 sieroga-
3533 1542 3542 1549 ’

1916 1676 2070 1740 uéris,
2097 1671 2316 1742 pecunia
2334 1676 2431 1734 est,
2453 1666 2496 1723 si
2517 1661 2795 1720 semoveris
2819 1656 3059 1715 simulcra
3083 1650 3220 1725 (Lib.
3246 1665 3264 1705 ι
3305 1648 3399 1702 Tr.
3417 1646 3507 1712 i0,

1922 1784 1975 1822 n.
2003 1737 2416 1835 Sullas-ouium
2453 1751 2857 1826 reprehendunt
2897 1745 3199 1804 doctissimi
3239 1737 3512 1797 Ballerinii

1920 1834 2049 1915 brae
2062 1858 2384 1912 adnotantes
2403 1850 2469 1906 ad
2491 1848 2615 1905 illud
2644 1841 3169 1910 verb'um,simulacra
3186 1853 3207 1892 :
3220 1834 3511 1911 Simulacra

1916 1974 2019 2013 non
2068 1962 2212 2009 erant
2253 1950 2396 2005 idola
2437 1947 2673 2018 quedam
2699 1958 2819 2018 cera
2860 1941 2916 1994 in
2938 1938 3161 1993 nummis
3199 1931 3423 2004 sculpta,
3456 1939 3512 1985 ut

1915 2050 2052 2103 hunc
2082 2046 2250 2101 locum
2294 2056 2563 2116 perperam
2602 2013 3115 2109 accipit‘cardinalis
3155 2024 3413 2082 Baronius
3456 2022 3512 2077 in

1913 2113 2450 2198 adnotationibus'ad
2493 2126 2918 2200 martyrologium
2971 2119 3206 2177 secundae
3256 2113 3510 2194 editionis

1923 2237 2006 2292 die
2039 2235 2106 2290 12
2159 2231 2353 2302 Aprilis
2371 2271 2386 2294 ,
2415 2227 2503 2282 sed
2531 2239 2768 2298 nummos
2792 2222 2955 2292 ipsos,
2981 2217 3071 2289 qui
3096 2213 3269 2270 vultus
3292 2212 3515 2281 impera-

1919 2340 2119 2395 torum,
2145 2325 2354 2396 aliaque
2381 2323 2529 2392 signa
2570 2315 2794 2372 nummis
2832 2310 3054 2382 insculpi
3083 2307 3237 2363 solita
3274 2307 3512 2378 prafere-

1918 2427 2039 2480 bant
2065 2465 2079 2490 ,
2121 2419 2516 2476 simulacrorum
2544 2412 2748 2468 nomine
2773 2408 2913 2463 Zeno
2941 2401 3191 2474 appellat.
3225 2397 3361 2467 Quis
3407 2407 3514 2449 non

1918 2517 2064 2574 videt
2106 2513 2163 2571 S.
2211 2511 2493 2566 Ductorem
2540 2501 2686 2572 loqui
2716 2501 2785 2557 de
2831 2496 3022 2554 iisdem
3070 2482 3379 2549 simulacris
3425 2483 3536 2541 ino'

1919 2610 2164 2680 sculptis,
2183 2621 2302 2678 qua:
2319 2603 2635 2658 colebantur
2661 2597 2714 2651 in
2743 2592 2979 2663 templis.
3013 2587 3064 2643 Ν
3070 2586 3148 2666 ilil
3169 2581 3314 2641 aliud
3334 2581 3513 2662 distat,

1920 2707 2020 2762 nisi
2040 2675 2286 2775 Iquod'in
2334 2708 2420 2751 tua
2452 2695 2605 2748 domo
2650 2689 2847 2756 minuta
2898 2693 3055 2748 sunt,
3111 2681 3166 2735 in
3194 2675 3382 2746 templo
3409 2689 3517 2728 ma-

1913 2769 2071 2876 jora:
2089 2796 2332 2864 Namque
2370 2804 2493 2845 cum
2520 2787 2650 2850 dicit
2682 2802 2696 2837 :
2740 2782 2805 2837 Et
2828 2779 2937 2836 illic
2971 2769 3140 2832 aureis
3167 2769 3521 2858 argenteisque

1920 2849 2372 2949 innumerabilibus
2400 2882 2551 2939 veluti
2596 2877 2800 2948 templis
2845 2872 2986 2928 tereti
3015 2864 3220 2924 moneta
3261 2849 3518 2937 percussis
3558 2894 3559 2897 η

1921 2986 2085 3040 inesse
2145 2979 2378 3036 similiter
2443 2988 2620 3047 regum
2678 2969 2846 3024 uultus
2869 3008 2884 3028 ,
2937 2964 3181 3036 signaque
3223 2954 3517 3028 cngnoscis,

1922 3079 2150 3146 nihilque
2198 3072 2346 3130 aliud
2398 3046 2591 3135 distat,
2650 3064 2752 3120 nisi
2798 3058 2934 3132 quod
2980 3058 3034 3110 in
3085 3065 3175 3110 tua
3223 3050 3375 3106 domo
3421 3046 3519 3100 mi-

1923 3183 2048 3229 nuta
2066 3140 2204 3226 'sunt
2222 3210 2239 3236 ,
2266 3169 2320 3221 in
2349 3164 2536 3234 templo
2577 3161 2795 3232 majora,
2833 3160 3019 3223 aperte
3040 3145 3301 3219 signiﬁcat
3331 3140 3520 3196 eadem

1927 3269 1978 3322 in
2032 3261 2265 3320 nummis
2309 3256 2479 3328 sculpi
2509 3254 2682 3323 signa,
2721 3257 2774 3304 ct
2811 3261 2997 3317 regum
3053 3237 3352 3308 imagines,
3402 3236 3524 3314 itum

1927 3363 1980 3418 in
2026 3355 2228 3428 templo
2271 3323 2441 3422 super
2461 3361 2586 3428 aras
2629 3343 2832 3428 majora
2880 3345 3056 3417 erant.
3103 3330 3219 3402 Qua
3249 3327 3307 3388 S.
3355 3323 3528 3382 nostri

1926 3420 2178 3525 praesulis
2218 3420 2484 3502 sententia
2529 3426 2656 3493 illud
2702 3420 3012 3490 conﬁrmari
3054 3431 3297 3486 constat;
3332 3429 3554 3489 nempe

1926 3510 2105 3605 iolere
2132 3542 2510 3610 imperatores
2548 3528 2808 3587 Ethnicos
2856 3537 2984 3579 suos
3031 3521 3083 3574 in
3126 3513 3360 3571 nummis
3407 3510 3525 3566 vul-

1928 3654 2014 3698 tus
2037 3635 2296 3694 exhibere
2333 3616 2435 3686 sub
2475 3623 2708 3695 imagine
2745 3631 2966 3675 suorum
3015 3601 3327 3670 numinum,
3368 3612 3426 3695 ut
3467 3602 3520 3657 in

1881 3761 1891 3771 ~
1923 3687 2507 3796 e;evter—i"uumismate,
2549 3687 2610 3772 ni
2643 3731 2746 3785 quo
2794 3709 3073 3782 efﬁgiatum
3104 3687 3409 3796 Serapidem
3450 3696 3524 3751 si-

1925 3827 2096 3882 milem
2123 3820 2396 3877 Hadriana
2421 3792 2681 3881 conspici,
2710 3816 2765 3862 et
2788 3807 2930 3861 hunc
2953 3795 3330 3871 perantiquum
3357 3789 3521 3846 fuisse

1928 3933 2134 3978 morem
2174 3907 2497 3984 Spondanus
2524 3921 2587 3961 ex
2635 3899 2867 3958 Baronio
2909 3902 3136 3984 testatur
3181 3883 3409 3962 (Spond.
3453 3882 3523 3936 ad

1925 3976 1991 4070 in.
2019 3997 2146 4076 sse,
2182 3976 2298 4080 εἶθ)
2328 4021 2341 4057 ι
2373 4004 2443 4057 At
2464 3998 2609 4056 enim
2645 3990 2816 4057 vero,
2853 3997 2908 4044 et
2937 3987 3068 4058 ipsa:
3097 3978 3393 4039 Gentilium
3424 3976 3525 4030 im-

1928 4114 2235 4178 pirratorutn
2270 4096 2531 4167 imagines
2572 4092 2628 4147 in
2670 4082 2905 4143 numinis
2932 4094 3078 4144 cosse
3121 4078 3171 4132 in
3206 4072 3408 4142 templo
3435 4085 3529 4126 co—

1930 4167 2201 4261 lebantur,
2229 4205 2350 4246 cum
2376 4187 2520 4243 inter
2541 4182 2676 4239 deos
2700 4175 3031 4241 relati,~aris.
3056 4167 3274 4232 statuis,
3302 4178 3367 4219 ac
3393 4172 3527 4219 tetu—

1848 4325 1852 4330 ι
1931 4290 2035 4363 ptis
2079 4287 2130 4342 in
2173 4286 2412 4355 ipsorum
2459 4277 2720 4333 honorem
2753 4269 2971 4331 er’ectis,
3011 4274 3283 4333 tamquam
3325 4255 3419 4313 Dei
3458 4254 3525 4309 ab

1935 4351 2178 4439 iitbniris
2196 4351 2556 4448 liabebantur.
2587 4365 2702 4422 Non
2725 4374 2814 4419 est-
2834 4361 2997 4429 igitur
3024 4371 3121 4411 cur
3145 4351 3378 4406 llaronio
3401 4361 3524 4401 suc-

1933 4486 2289 4534 censeamus,
2312 4467 2403 4536 qui
2443 4461 2734 4534 genuinum
2760 4456 2820 4512 S.
2862 4452 3098 4508 Zenonis
3137 4457 3356 4502 sensum
3385 4440 3525 4497 acci-

1975 4570 2110 4630 iens,
2139 4579 2204 4618 ex
2231 4577 2296 4617 eo
2323 4557 2530 4630 jureac
2549 4552 2744 4608 merito
2767 4547 2948 4610 infert,
2979 4543 3038 4599 S.
3063 4541 3333 4598 Zenonem
3365 4533 3528 4603 longe

1973 4674 2062 4719 nte
2089 4658 2521 4715 Christianorum
2553 4650 2939 4714 imperatorum
2974 4647 3212 4704 tempora
3242 4627 3525 4685 claruisse.
3617 4673 3621 4676 .

1941 4718 2055 4811 lilia
2097 4753 2154 4808 S.
2199 4741 2628 4805 Zenonisverba
2667 4755 2681 4792 :
2713 4750 2824 4808 quis
2861 4733 2907 4788 si
2941 4723 3228 4806 erogaoeris
3251 4762 3267 4786 ,
3310 4718 3528 4791 pecunia

1939 4860 2049 4915 est,
2081 4848 2124 4900 si
2147 4840 2422 4900 servaberis
2459 4828 2756 4892 simulacra,
2788 4825 3028 4881 iudicant
3055 4811 3378 4872 Christianis
3404 4823 3530 4880 per-

1890 4934 1892 4937 ’
1942 4907 2165 4996 missum
2195 4933 2359 4988 fuisse
2382 4927 2458 4984 uti
2485 4921 2706 4996 pecunia
2733 4911 3051 4972 idotolatria:
3078 4907 3247 4978 signis
3274 4914 3525 4972 percussa

1941 4991 2381 5099 aid-erogandum
2408 5062 2424 5086 ,
2473 4991 2677 5071 tantum
2729 5007 2940 5065 scilicet
2987 5003 3054 5059 ad
3101 5013 3258 5055 usum
3304 4991 3527 5050 humani

1940 5118 2275 5182 commercii.
2321 5112 2424 5182 Qui
2474 5123 2603 5165 vero
2632 5101 2915 5176 pecuniam
2958 5105 3233 5153 servasset
3258 5133 3274 5156 ,
3303 5085 3530 5158 pecunia

1925 5212 2282 5272 abutebatur,
2311 5207 2439 5260 etin
2461 5217 2523 5256 ea
2555 5214 2662 5253 non
2691 5210 2851 5250 usum
2877 5176 3212 5258 respiciens,
3240 5181 3334 5239 sed
3375 5193 3490 5261 rem
3511 5219 3530 5244 ,

1942 5307 2224 5365 ali‘ectione
2250 5295 2477 5369 quadam
2506 5336 2522 5359 ,
2564 5300 2620 5347 et
2645 5290 2852 5344 lionore
2883 5282 3024 5339 idola
3044 5281 3116 5355 in
3147 5273 3380 5334 nummis
3402 5286 3530 5326 cou-

1948 5409 2092 5457 tenta
2125 5389 2374 5466 prosequi
2404 5385 2710 5442 videbatur.

1952 5538 1980 5612 §
2011 5534 2076 5592 Y.
2119 5530 2180 5587 S.
2209 5527 2350 5583 Zeno
2375 5523 2469 5578 Tr.
2501 5537 2626 5586 xcv,
2659 5517 2752 5572 lib.
2787 5511 2996 5583 secundi
3027 5513 3262 5578 quartum
3292 5499 3537 5556 naculum

2560 5629 2662 5668 non
2687 5611 2900 5666 indicat.
3348 5603 3359 5614 ‘

2025 5747 2092 5804 Et
2118 5743 2232 5797 hac
2264 5738 2320 5795 S.
2345 5735 2582 5792 Zenonis
2612 5729 2774 5797 verba
2808 5745 2820 5778 :
2855 5691 3146 5779 Autumnus
3173 5730 3374 5804 quoque
3399 5685 3543 5804 Mar-

1955 5795 2243 5910 ιρροῖἇίᾏωδ
2284 5829 2377 5899 est,
2406 5826 2458 5881 in
2497 5834 2598 5898 qua
2639 5795 2740 5876 non
2781 5808 2919 5881 bltls,
2970 5803 3059 5868 sed
3089 5796 3301 5882 (altoris
3339 5795 3545 5872 reliquit
