3822 6220
366 276 367 279 η
458 232 561 287 699

777 154 794 185 9

1614 188 1699 274 uti
1756 214 2001 271 SANCTI
2043 210 2332 269 zexoms
2366 184 2647 266 crocus

3649 199 3741 248 τως»

457 347 920 424 ριἰὶιιιίιὶιωυ(Αιίη.
951 344 1005 411 8,
1035 344 1104 396 ad
1133 341 1364 395 eumdem
1388 336 1505 411 tr.).
1534 338 1799 413 Quartum
1814 333 2040 388 innuere
2067 337 2119 396 Λ
2151 333 2271 386 trita
2296 328 2588 385 obtundam
2619 326 2796 381 verbis
2826 320 3169 393 palpantibus
3207 316 3383 371 aciem
3413 313 3684 424 veritatis.
3721 335 3737 363 ι

455 440 711 498 saeculum
769 438 957 492 volunt
1016 432 1227 488 Domini
1285 429 1581 485 Ballerihii.
1639 428 1721 484 ita
1762 427 1831 481 a‘d
1873 425 2045 496 quarti

454 532 632 588 steculi
678 527 936 598 Martyres
981 523 1077 597 (ita
1101 523 1226 595 ipsi)
1277 522 1539 595 prwcipue
1566 520 1802 590 pertinet,
1858 520 2046 590 quippe

456 621 720 696 episcopi,
770 629 818 673 et
865 617 1198 672 ecclesiastici
1241 618 1348 686 fere
1406 619 1614 685 fuerunt
1670 628 1830 667 sacra:
1884 612 2045 666 vinea:

455 708 672 789 fossores
719 723 768 768 et
815 714 1059 775 cultores,
1111 726 1238 781 quos
1294 708 1617 778 potissimum
1664 706 1919 779 impetitos
1988 710 2046 758 eo

451 808 640 868 sarculo
688 806 921 876 legimus,
966 804 1102 876 quod
1135 802 1393 871 prioribus
1444 802 1647 858 sa'culis
1692 817 1793 855 non
1838 800 2047 853 omnino

453 901 707 967 convenit,
738 915 856 953 cum
897 907 943 952 et
996 897 1189 962 clerici,
1234 906 1279 952 et
1308 897 1429 950 laici
1464 894 1745 948 Christiani
1780 893 1969 962 passim
2015 909 2047 945 a

454 994 742 1050 Gentilibus
790 993 1169 1047 mactabantur.
1223 994 1294 1046 At
1337 990 1606 1060 prioribus
1656 987 1871 1044 saeculis
1918 1003 2049 1042 con-

452 1089 641 1143 venire
665 1094 892 1141 testatur
935 1085 1201 1141 Eusebius
1234 1082 1405 1157 (Hist.
1449 1084 1486 1139 l.
1521 1100 1597 1150 γι,
1641 1100 1757 1153 cap.
1790 1082 1908 1154 2i),
1940 1081 2049 1136 Ma-

454 1179 715 1254 ximinum
741 1177 1364 1249 scilicet‘imperatorem
1411 1178 1463 1232 in
1495 1175 1837 1232 Christianos
1865 1190 2054 1247 perse-

454 1274 670 1330 cutione
725 1283 867 1328 mota
910 1272 1140 1343 jussisse
1184 1273 1330 1327 solos
1381 1272 1742 1328 Ecclesiarum
1794 1269 2054 1341 przesides

456 1378 730 1438 tamquam
773 1377 1023 1422 auctores
1066 1366 1334 1437 doctrina:
1373 1364 1713 1436 Evangeiicae
1750 1363 1869 1419 neci
1913 1362 2052 1417 dari.

454 1462 606 1518 Tunc
646 1461 756 1517 duo
797 1462 992 1517 summi
1045 1459 1327 1531 pontiﬁces
1374 1460 1693 1526 Pontianus,
1726 1468 1779 1513 et
1825 1460 2057 1512 Anteros

458 1571 564 1610 non
593 1555 774 1610 adhuc
812 1555 1001 1625 elapso
1026 1555 1255 1609 duorum
1286 1554 1554 1609 mensium
1586 1552 1763 1622 spatio
1792 1560 2057 1622 martyres

458 1651 735 1706 obierunt.
769 1650 992 1705 Constat
1023 1651 1185 1705 etiam
1211 1665 1278 1704 cx
1308 1649 1363 1704 S.
1397 1646 1651 1720 Cypriani
1696 1646 1919 1717 epistola
1944 1686 1957 1712 ,
2004 1656 2057 1699 et

2152 423 2282 490 Qua:
2321 422 2524 493 quidem
2556 417 2812 473 Clironica
2849 414 3043 468 notatio
3083 411 3266 466 tumin
3312 425 3435 463 mss.
3487 406 3741 475 omnibus,

2148 525 2254 568 tum
2280 515 2331 567 in
2358 513 2581 567 editione
2606 509 2775 577 prima
2806 506 2993 574 Veneta
3025 504 3198 574 palam
3227 520 3289 557 ac
3315 502 3558 556 distincte
3586 502 3745 573 posita

2146 617 2242 673 est,
2276 622 2366 660 nec
2396 605 2497 659 nisi
2527 604 2582 657 in
2627 601 2899 673 posteriori
2942 599 3164 653 editione
3200 596 3511 661 Veronensi,
3541 611 3611 649 ea:
3655 612 3748 664 qua

2146 699 2265 753 alite
2311 686 2557 768 profectte
2582 690 2700 750 sunt
2737 695 2800 749 ab
2825 692 3103 749 editoribus
3128 692 3370 763 (Peretto
3410 698 3469 744 et
3506 686 3745 759 Bagatta)

2147 807 2482 845 numerorum
2518 785 3160 849 mendum'iucusantibus
3190 783 3403 857 proprio
3442 791 3612 834 marte
3645 796 3751 833 ntu-

2149 896 2255 941 tato
2282 901 2340 938 eo
2371 900 2472 937 uno
2514 882 2816 956 prwjudicio
2844 889 3101 945 movente,
3124 878 3262 950 quod
3289 876 3562 930 Auctorem
3595 873 3739 926 tertio
3778 952 3781 955 Ἴ

2150 979 2337 1034 steculo
2390 978 2577 1032 vixisse
2640 977 2997 1047 opinarentur.
3055 992 3074 1025 ι
3122 970 3276 1039 Quod
3328 966 3589 1039 obiicitur
3645 966 3744 1034 (in-

2152 1075 2389 1145 quiunt),
2441 1085 2749 1127 sermonem
2781 1069 2847 1123 de
2872 1065 3218 1124 Continentia
3250 1076 3362 1118 non
3396 1075 3522 1116 esse
3554 1059 3624 1114 8.
3658 1058 3751 1113 Ze-

2154 1167 2315 1221 nonis
2347 1162 2618 1235 martyris,
2662 1163 2783 1217 ct'nn
2818 1160 2871 1215 in
2903 1176 2969 1215 eo
3001 1160 3208 1228 legatur
3245 1164 3436 1209 auctor
3466 1149 3751 1206 abluissea

2158 1259 2218 1316 S.
2266 1257 2416 1313 Pauli
2459 1256 2708 1310 doctrina
2738 1252 3011 1323 divulgata
3048 1248 3204 1303 annis
3230 1242 3669 1316 quadringentis,
3707 1249 3756 1294 et

2157 1368 2223 1409 eo
2250 1352 2549 1422 amplius...
2594 1348 2825 1403 dicimus
2855 1355 3081 1408 textum,
3114 1338 3275 1396 sicuti
3319 1339 3506 1392 multis
3542 1335 3596 1387 in
3631 1333 3756 1387 locis

2157 1457 2237 1505 est
2272 1446 2579 1508 mendosus,
2611 1443 2684 1497 ita
2742 1452 2799 1495 ut
2839 1454 2984 1511 scepe
3035 1438 3093 1491 iit
3132 1437 3183 1489 in
3231 1429 3501 1497 numeris,
3536 1429 3614 1484 ibi
3644 1440 3756 1483 esu:

2160 1542 2529 1610 depravatum.
2570 1555 2589 1589 ι
2637 1535 2803 1602 Quam
2832 1530 3118 1603 corrigendi
3146 1528 3399 1601 rationem
3420 1526 3569 1578 nullo
3589 1526 3758 1580 codice

2160 1634 2415 1696 innixam,
2448 1631 2605 1683 immo
2652 1636 2829 1681 contra
2858 1624 3012 1694 ﬁdem
3048 1620 3281 1675 codicum
3314 1630 3621 1689 usurpatam
3660 1618 3757 1690 (qui

463 1747 527 1803 D.
578 1745 835 1812 Zenonis,
881 1756 1041 1800 aetate
1080 1744 1351 1801 Valeriani
1393 1741 1737 1813 imperatoris
1780 1740 1955 1795 edicto
2000 1726 2089 1794 ini

2196 1734 2404 1778 rcelerea
2431 1738 2529 1775 non
2577 1735 2667 1789 per
2690 1716 2979 1771 numerales
3014 1709 3209 1767 litteras
3259 1707 3451 1775 CCCC,
3500 1712 3592 1765 sed
3622 1726 3753 1775 voce,

386 1892 390 1895 .
462 1840 770 1909 episcopos,
798 1839 1162 1913 presbyteros,
1200 1846 1254 1890 et
1286 1836 1545 1889 diaconos
1590 1832 1758 1888 fuisse
1788 1832 2054 1902 praecipue

459 1932 916 1999 animadversum,
950 1925 1113 2000 quare
1142 1937 1196 1984 et
1222 1927 1404 1983 Sixtus
1434 1941 1678 1981 summus
1705 1925 1965 1994 pontifex,
2002 1937 2058 1979 et

464 2027 520 2083 S.
563 2026 883 2082 Laurentius
926 2025 1211 2090 diaconus,
1258 2032 1417 2093 atque
1454 2021 1599 2077 idem
1641 2020 1699 2076 8.
1731 2019 2053 2091 Cyprianus,

463 2121 661 2189 aliique
690 2119 951 2190 episcopi,
984 2117 1172 2173 eodem
1203 2126 1346 2171 anno
1397 2100 1655 2187 martyrio
1684 2112 1928 2170 coronati
1982 2113 2059 2168 leo

463 2219 682 2282 guntur.
713 2210 1055 2282 Quapropter
1078 2209 1363 2265 dicendum
1404 2218 1507 2275 est,
1548 2207 1605 2263 8.
1637 2207 1907 2262 Zenonem
1947 2206 2056 2276 [os-

466 2305 599 2359 soris
626 2305 842 2359 nomine
881 2303 980 2359 bos
1010 2311 1228 2358 sanctos
1261 2301 1520 2373 prmsules
1563 2299 1850 2365 indicasse,
1886 2313 2062 2368 neque

466 2398 581 2453 sola
607 2398 1000 2467 suppositione,
1032 2397 1174 2467 quod
1204 2396 1263 2453 S.
1291 2396 1438 2450 Zeno
1458 2402 1653 2464 quarto
1669 2392 1868 2448 saeculo
1890 2376 2063 2462 scrip-

401 2540 407 2545 .
467 2490 620 2557 serit,
653 2489 719 2544 ad
744 2491 1027 2560 episcopos
1054 2499 1249 2560 quarto
1277 2489 1476 2544 saculo
1502 2489 1552 2543 in
1580 2486 1905 2543 Arianorum
1935 2500 2062 2555 per-

467 2583 749 2638 secutione
791 2582 1049 2654 martyrio
1095 2582 1320 2637 allectos
1369 2580 1730 2653 eil‘ugieudum
1773 2589 1878 2636 est.
1920 2578 2064 2634 Nus-

471 2690 632 2745 quam
660 2674 858 2731 etenitn
889 2675 1084 2744 legitur
1108 2675 1161 2730 in
1188 2675 1565 2733 Ecclesiastica
1593 2673 1839 2742 historia,
1870 2683 2066 2743 quarto

473 2765 672 2821 saeculo
700 2766 879 2822 edicto
911 2767 1190 2837 preposito
1221 2769 1657 2838 persecutionem
1697 2769 1748 2823 in
1779 2768 2068 2839 episcopos

476 2860 814 2931 potissimum
846 2862 1087 2917 stevisse.
1116 2861 1297 2931 Neque
1338 2862 1503 2916 ulhnn
1532 2848 1632 2918 SS.
1662 2861 1932 2936 Patrum'a
1962 2862 2070 2918 Do-

477 2955 639 3009 minis
684 2954 994 3011 Balleriniis
1040 2955 1264 3010 allatum
1314 2955 1705 3023 testimonium,
1762 2970 1833 3011 ne
1878 2956 2072 3011 leviter

477 3049 695 3120 quidem
718 3048 821 3105 hoc
849 3049 1083 3115 indicat;
1116 3066 1235 3121 qua:
1261 3050 1565 3105 testimonia
1587 3051 1632 3105 si
1655 3066 1775 3106 cum
1806 3049 1864 3107 8.
1896 3051 2074 3107 Zeno-

2157 1817 2560 1888 quadriugentas
2579 1826 2845 1866 numerum
2872 1804 3205 1880 exprimunt),
3252 1803 3617 1866 Tillemontiu;
3643 1816 3757 1859 con—

2157 1911 2389 1965 siderans
2416 1906 2747 1963 adnotatione
2767 1903 2801 1957 6
2828 1902 2881 1955 in
2918 1899 3268 1971 persecutione
3300 1895 3589 1965 Valeriani,
3618 1900 3755 1952 illam

2157 1999 2281 2060 satis
2309 2013 2521 2067 certam,
2553 2010 2599 2053 et
2629 2007 2922 2052 tutam‘esse
2947 1997 3044 2062 ait,
3082 2004 3136 2048 ut
3163 2010 3218 2049 se
3244 1994 3359 2063 quis
3385 2010 3418 2046 a
3447 1994 3755 2064 gravissimis

2158 2076 2552 2167 difﬁcultatibus
2582 2092 2736 2164 facile
2759 2086 3034 2152 subducat,
3062 2096 3212 2158 atque
3243 2087 3508 2158 expediat.

2232 2191 2417 2260 Itaque
2446 2187 2506 2243 S.
2540 2186 2776 2241 Zenonis
2805 2191 2985 2240 textus
3013 2181 3366 2252 incorruptus
3397 2180 3505 2235 hoc
3553 2180 3605 2234 in
3646 2178 3753 2235 loco

2161 2294 2247 2342 est
2290 2282 2605 2347 habendus;
2640 2278 2844 2335 notatio
2876 2292 3009 2349 ergo
3034 2262 3563 2348 quadringentorum
3593 2290 3751 2329 anno-

2164 2394 2283 2434 rum
2315 2376 2564 2433 eumdem
2594 2374 2651 2431 8.
2680 2374 2969 2428 Ductorem
3000 2370 3200 2424 sarculo
3222 2369 3417 2441 quinto
3439 2370 3753 2426 scribentem

2162 2471 2319 2527 fateri
2350 2484 2449 2524 nos
2475 2475 2653 2537 coget.
2686 2465 2821 2521 Nam
2848 2480 2973 2520 cum
3018 2462 3248 2533 epistola
3273 2462 3450 2533 prima
3479 2462 3548 2516 ad
3578 2461 3756 2516 Coriu-

2169 2564 2310 2620 thios
2338 2566 2489 2635 juxta
2523 2562 2739 2617 Barouii
2779 2557 3204 2630 Chronologiam
3245 2574 3389 2612 anno
3419 2556 3633 2613 Domini
3674 2556 3752 2622 57,

2169 2658 2482 2727 coitscripta
2528 2656 2616 2722 sit,
2651 2655 2795 2710 hunc
2835 2652 2998 2724 igitur
3029 2651 3090 2707 8.
3122 2650 3271 2707 Zeno
3300 2665 3614 2717 sermonem
3643 2665 3753 2719 pre-

2172 2752 2292 2807 tulit
2319 2766 2460 2804 anno
2486 2749 2611 2805 457.
2638 2747 2694 2803 Id
2725 2762 2825 2817 ego
2854 2746 3078 2800 minime
3099 2743 3430 2799 crediderim
3460 2742 3753 2799 adrisurum

2172 2845 2559 2904 eruditissimis
2600 2841 2950 2903 Balleriniis,
2986 2840 3078 2909 qui
3123 2853 3220 2908 pro
3268 2852 3322 2893 tv
3371 2838 3574 2892 sarculo
3618 2851 3753 2902 accr-

2173 2941 2313 2997 rime
2358 2946 2598 3010 pugnant
2638 2954 2650 2989 :
2691 2949 2867 3005 neque
2919 2947 3070 2999 vero,
3120 2944 3175 2985 ut
3217 2930 3382 2985 facile
3411 2928 3754 2986 demonstrari

2179 3035 2369 3104 possit,
2403 3030 2632 3101 tempori
2681 3029 2808 3084 huic
2831 3036 3030 3083 cartera
3060 3039 3183 3096 qua:
3214 3025 3269 3079 in
3303 3038 3372 3079 eo
3416 3032 3643 3079 tractatu
3684 3022 3749 3076 le-

477 3143 562 3198 nis
607 3144 787 3199 verbis
824 3144 1053 3198 invicem
1084 3144 1456 3210 conierantnr,
1497 3143 1579 3198 div
1596 3159 1771 3199 ersum
1815 3132 2070 3200 saeculum

2196 3138 2375 3199 guntur
2400 3124 2533 3180 satis
2562 3116 2915 3179 conveniunt.
2940 3172 2947 3179 ,

480 3235 707 3291 indicari
748 3238 975 3307 quisque
1005 3237 1179 3306 primo
1207 3246 1430 3306 aspectu
1476 3236 1794 3306 conspiciet,
1835 3251 1901 3292 eo
1931 3237 2072 3308 quod

481 3330 533 3385 in
585 3330 776 3385 iisdem
829 3325 1150 3386 testimoniis
1190 3331 1395 3395 Ariani,
1442 3329 1716 3385 Niczenum
1761 3331 2072 3398 concilium,

484 3422 681 3507 Valens
722 3425 1015 3493 imperator
1046 3425 1263 3495 proprio
1310 3424 1528 3483 nomine
1554 3434 2073 3492 commemorentur,

482 3514 622 3586 quod
652 3531 682 3569 a
707 3515 929 3572 Zenone
954 3533 1176 3588 prorsus
1207 3517 1443 3572 alienum
1475 3526 1578 3585 est,
1607 3527 1663 3572 ut
1688 3532 1853 3589 supra
1878 3520 2076 3589 Stt'pius

484 3618 729 3666 notatum
758 3620 860 3666 est.

444 3753 447 3756 ’
488 3748 515 3821 ς
552 3748 638 3804 VI.
686 3748 1189 3823 Quadringentorum
1218 3767 1475 3807 annorum
1497 3768 1740 3808 numerus
1781 3752 1832 3807 in
1858 3762 2079 3807 tractatu

559 3843 736 3914 quinto
774 3842 833 3898 S.
864 3843 1086 3899 Zenonis
1116 3844 1233 3925 libri
1278 3847 1432 3914 primi
1476 3846 1539 3900 de
1569 3846 1912 3912 Continentia,
1954 3861 2082 3900 ana-

561 3939 880 3993 chronismus
907 3949 980 3992 est
1024 3937 1428 3993 Tabellariorum
1475 3939 1593 3993 vitio
1620 3943 1673 3994 in
1704 3956 1799 3995 ius.
1842 3940 2079 4012 illapsus,

560 4048 799 4089 accurate
825 4036 950 4089 satis
979 4052 1007 4088 a
1035 4032 1281 4103 Baronio,
1322 4033 1551 4104 Peretto,
1597 4045 1643 4089 et
1674 4034 1891 4108 Bagatta
1914 4052 2085 4090 emen-

563 4134 736 4187 datus.

564 4269 692 4324 Hanc
718 4267 1229 4339 quadringentorum
1260 4282 1523 4322 annorum
1574 4277 1723 4337 nota,
1774 4283 1895 4340 quas
1941 4270 1991 4324 in
2024 4269 2081 4327 S.

494 4363 730 4419 Zenonis
762 4370 992 4416 tractatu
1040 4360 1107 4415 de
1130 4360 1474 4416 Continentia
1504 4360 1719 4431 legitur,
1753 4368 2087 4434 praecipuum

496 4458 636 4513 forte
665 4464 1045 4529 argumentum
1089 4464 1187 4521 est,
1233 4442 1345 4525 quo
1370 4454 1435 4509 ad
1467 4455 1707 4523 ejusdem
1750 4456 1807 4511 S.
1838 4456 2091 4515 Praesulis

496 4559 713 4606 aetatem
756 4563 783 4602 a
818 4549 978 4604 tertio
1022 4547 1219 4603 saeculo
1246 4548 1600 4602 amovendum
1639 4548 1715 4601 uti
1759 4549 1965 4618 possint
2012 4551 2086 4615 hi,

498 4647 587 4717 qui
619 4645 720 4700 sub
748 4643 993 4700 Gallieno
1022 4643 1193 4713 ipsum
1223 4640 1472 4698 ﬂoruisse
1499 4652 1710 4714 negant.
1748 4641 1890 4695 idem
1921 4642 2088 4712 pluri-

499 4739 787 4796 mifaciunt
813 4722 936 4792 cum
967 4735 1314 4791 Tillemonlio
1331 4734 1619 4797 clarissimi
1643 4735 1917 4791 Balleriuii
1945 4735 2091 4805 (Dis-

498 4843 618 4889 sert.
653 4834 702 4896 1,
734 4848 850 4903 cap.
880 4830 936 4895 ‘2,
970 4828 997 4901 §
1025 4826 1100 4900 l).
1125 4827 1233 4882 Nos
1261 4837 1317 4883 ut
1344 4829 1490 4882 omni
1516 4844 1639 4883 cum
1667 4829 1933 4883 evidentia
1963 4831 2101 4886 ineo.

500 4926 855 4997 expendendo
906 4923 1284 4994 procedamus,
1333 4921 1645 4977 eorumdem
1679 4922 1838 4977 verba
1886 4924 2096 4979 exscri-

501 5022 710 5078 bemus.
735 5019 761 5074 Ι
770 5030 939 5090 taque,
959 5017 1477 5089 quadringentorum
1505 5016 1673 5070 ferme
1691 5029 1978 5082 annorum,
2002 5033 2096 5071 no-

502 5117 649 5179 tatio,
683 5115 808 5186 quia
842 5112 1035 5167 tradita
1076 5110 1359 5165 Corinthiis
1410 5109 1644 5179 Epistula
1676 5108 1834 5163 Pauli
1872 5112 1940 5162 arl
1972 5126 2097 5162 auc-

501 5209 627 5262 toris
655 5218 853 5262 wtatem
877 5216 1219 5262 recensentur.
1242 5204 1422 5259 Tract.
1455 5218 1483 5253 v
1525 5203 1617 5257 iii).
1643 5219 1679 5267 t,
1702 5202 1923 5257 evidens
1940 5217 2102 5272 argu.

505 5310 741 5356 mentum
769 5311 869 5367 est,
900 5317 1016 5355 eum
1042 5298 1234 5354 stvculo
1268 5306 1456 5367 quarto
1485 5296 1751 5361 scripsisse
1775 5313 1793 5348 :
1840 5296 1932 5352 Sic
1965 5296 2099 5349 enim

505 5398 573 5450 ibi
597 5397 843 5450 habetur:
878 5395 900 5446 ι’
935 5395 1005 5450 At
1031 5411 1151 5449 cutn
1178 5402 1303 5448 ante
1332 5407 1504 5447 annos
1529 5391 1696 5446 ferme
1736 5390 2103 5460 quadringen-

507 5506 613 5561 tos,
646 5491 728 5545 vel
759 5507 823 5545 eo
863 5492 1093 5561 amplius
1130 5489 1490 5560 apostoliemn
1531 5488 1632 5543 hoc
1660 5494 1916 5556 Operetur
1955 5482 2102 5540 edic—

512 5599 646 5649 tum,
674 5598 781 5653 quo
820 5591 876 5637 et
912 5582 1213 5636 vivaciores
1254 5581 1401 5635 luere
1446 5566 1713 5647 homines,
1756 5586 1811 5634 et
1841 5577 2103 5632 rarissimi

522 5676 851 5741 Christiani;
878 5690 974 5729 cur
998 5691 1125 5745 ergo
1155 5673 1466 5728 Christiano
1510 5675 1640 5728 orbe
1678 5674 1792 5742 ἱρεο
1828 5686 1966 5741 pene
1993 5670 2105 5740 jam

528 5778 665 5835 toto,
700 5767 1084 5836 hominumque
1117 5763 1398 5822 vivacitate
1424 5763 1627 5822 mundo
1653 5771 1974 5823 senescente
2012 5762 2107 5820 deo

2247 3221 2381 3278 Cum
2412 3220 2595 3290 itaque
2623 3216 3139 3289 quadringentorum
3171 3227 3440 3269 annorum
3473 3209 3630 3286 lectio
3658 3217 3755 3263 lex-

2180 3316 2253 3371 tui
2303 3315 2471 3387 ipsius
2520 3314 2787 3365 sermonis
2828 3316 3113 3379 repugnet,
3158 3316 3217 3361 ut
3265 3300 3753 3377 optime‘Baronius

2174 3408 2411 3469 notavit,
2453 3404 2742 3460 manifesto
2772 3401 3109 3471 dignoscitur
3135 3397 3577 3460 anacronismus,
3602 3402 3651 3449 et
3676 3408 3751 3446 cr-

2181 3518 2275 3557 ror
2299 3503 2445 3556 circa
2488 3511 2753 3553 annorum
2779 3508 3065 3551 numerum
3088 3492 3153 3549 in
3202 3498 3411 3547 textum
3456 3488 3517 3546 S;
3544 3484 3752 3543 Zenonis

2183 3596 2429 3666 illapsus.
2462 3618 2468 3623 -

2255 3690 2380 3745 sua:
2410 3695 2469 3743 ut
2515 3684 2917 3756 adstipulentur
2965 3680 3251 3738 sententia:
3281 3678 3469 3734 eximii
3512 3672 3753 3732 Ballerinii

2187 3791 2389 3840 textum
2414 3782 2786 3850 incorruptum
2814 3777 3023 3844 volunt,
3056 3784 3110 3831 et
3136 3774 3648 3846 quadringentorum
3672 3783 3752 3823 an-

2184 3894 2375 3935 norum
2407 3890 2689 3931 numerum
2714 3889 2821 3929 non
2850 3872 3017 3927 fuisse
3045 3871 3312 3926 vitiatum.
3339 3866 3410 3923 At
3447 3883 3563 3922 eam
3595 3865 3749 3920 ineunt

2186 3975 2479 4039 rationem,
2511 3978 2569 4025 ut
2618 3968 2685 4024 ad
2713 3980 2964 4039 quartum
2997 3956 3259 4022 sarculum
3298 3965 3356 4020 8.
3390 3961 3653 4018 Zenonem
3680 3972 3747 4012 re-

2187 4077 2402 4131 vocent,
2434 4066 2641 4119 scilicet
2692 4062 2949 4116 usitatum
3010 4060 3199 4116 dicunt
3228 4065 3487 4113 auctores
3532 4056 3675 4117 inter,
3705 4060 3747 4105 et

2188 4162 2510 4225 anteriores,
2571 4167 2627 4213 et
2668 4172 2902 4226 coaevus,
2957 4166 3013 4211 et
3064 4152 3397 4226 posteriores
3436 4148 3653 4213 Zenoni,
3702 4155 3747 4200 ut

2190 4257 2575 4330 quinquaginta
2645 4267 2910 4309 annorum
2980 4262 3261 4309 excessum
3325 4262 3434 4302 non
3493 4251 3742 4305 curarent,

2193 4368 2353 4426 quam
2409 4350 2477 4407 ad
2533 4348 2908 4405 insinuandam
2971 4346 3328 4400 assertionem
3378 4342 3533 4398 Suam
3574 4339 3744 4408 aliquot

2196 4448 2500 4519 producunt
2538 4442 2809 4511 exempla,
2859 4454 2977 4509 quae
3017 4438 3107 4493 hic
3152 4433 3511 4491 examinanda
3559 4432 3743 4503 proieri-

2118 4515 2171 4575 Β
2196 4515 2336 4597 mus.
2374 4537 2649 4600 Arnobius,
2693 4534 2779 4602 qui
2812 4531 3136 4585 Diocletiano
3179 4528 3484 4597 imperante,
3515 4525 3565 4578 id
3589 4533 3649 4579 est
3674 4519 3741 4576 sub

2195 4636 2344 4691 initio
2389 4632 2556 4703 quarti
2604 4626 2780 4682 sweuli
2811 4626 3017 4695 ﬂoruit,
3071 4619 3389 4690 Hieronymo
3437 4625 3577 4684 teste,
3614 4628 3742 4667 nonne

2197 4732 2305 4785 hwc
2344 4701 2620 4782 Ethnicum
2649 4722 2893 4776 adversus
2917 4716 3234 4772 Christianas
3276 4715 3561 4779 loquentem
3584 4701 3742 4763 induxit

2196 4824 2327 4879 libro
2355 4837 2413 4888 ιι,
2445 4820 2634 4893 pagina
2677 4814 2840 4869 44....
2872 4811 3012 4869 Ante
3047 4809 3475 4881 quadringentos
3507 4818 3657 4860 annos
3680 4816 3742 4855 rc-

2198 4920 2357 4990 ligio,
2391 4914 2584 4985 inquit,
2628 4920 2808 4966 vestra
2843 4924 2949 4963 non
2978 4905 3178 4961 fuit...‘!
3223 4901 3290 4957 In
3339 4899 3589 4956 Formula
3625 4896 3740 4990 ﬁdei,

2201 4988 2356 5081 quam
2385 5002 2819 5075 Pseudosynodus
2850 4998 3166 5063 Antiochena
3196 4995 3400 5065 scripsit
3429 5008 3561 5048 anno
3584 4988 3686 5051 545,
3711 4995 3743 5037 ti

2202 5079 2449 5157 recitatur
2465 5098 2525 5152 ab
2550 5095 2833 5173 Athanasio
2849 5095 2903 5146 in
2927 5093 3057 5147 libro
3072 5091 3132 5144 de
3155 5086 3405 5165 Synodis,
3435 5089 3541 5141 lucc
3564 5085 3617 5137 de
3636 5079 3743 5173 Pett-

2207 5194 2428 5251 lianistis
2469 5194 2705 5262 leguntur
2733 5172 2755 5243 :7
2808 5211 2829 5245 ι
2875 5186 3145 5243 Christum
3172 5194 3353 5237 autem
3383 5182 3572 5251 ipsum,
3609 5187 3654 5231 et
3677 5172 3742 5227 Fi-

2208 5290 2340 5345 lium
2375 5286 2467 5342 Dei
2515 5286 2709 5338 iactum
2751 5294 2893 5346 esse,
2937 5296 3002 5335 ex
3048 5284 3153 5349 duo
3184 5275 3431 5331 nostram
3474 5284 3665 5328 carnem
3696 5277 3740 5319 ex

2208 5382 2426 5454 Virgine
2467 5380 2777 5447 assumpsit,
2836 5389 2943 5432 non
2982 5352 3110 5428 totis
3156 5356 3355 5425 abhinc
3395 5358 3743 5438 quadringentis

2210 5475 2388 5531 annis.
2433 5492 2451 5525 ι
2501 5470 2749 5525 Eusebius
2792 5464 3124 5523 Ctesariensis
3152 5461 3379 5529 eiusdem
3413 5458 3581 5515 seculi
3608 5454 3741 5519 διήμ-

2213 5581 2291 5625 tor
2324 5558 2410 5640 qui
2453 5567 2586 5621 diem
2612 5564 2732 5618 obiit
2773 5576 2909 5617 anno
2938 5545 3065 5627 διο,
3093 5558 3167 5613 sic
3191 5556 3383 5624 effatur
3407 5554 3497 5609 lib.
3530 5566 3562 5606 ιι
3610 5558 3740 5602 contra

2218 5664 2526 5722 Marcellum
2539 5662 2933 5726 Arausircnum,
2952 5673 3069 5725 cap.
3099 5668 3207 5716 1...,
3228 5670 3245 5703 ι
3269 5650 3325 5704 in
3356 5648 3543 5720 primis
3568 5639 3741 5715 parado-

2230 5773 2359 5817 xum
2392 5756 2523 5816 illud
2567 5764 2650 5812 est
2690 5752 2960 5824 incepisse
2996 5749 3099 5805 hoc
3132 5743 3358 5803 verbum
3389 5740 3457 5797 ab
3486 5737 3622 5797 annis
3651 5730 3739 5788 hinc
