3822 6220
177 153 276 210 70!

1594 150 2071 217 lilSSER’I‘ATIO.

3358 140 3464 221 nn

178 272 1063 345 retroqnadringentisimpletis..
1090 294 1107 328 ι
1132 275 1560 347 Pseudosynodus
1587 274 1771 330 Sardi-
1797 272 1851 340 Α
1875 276 2114 335 Fabricio
2143 280 2477 349 elaboratam,
2522 281 2628 338 hate
2663 276 2821 340 tradit
2858 299 2972 357 cap.
3178 284 3244 340 Et
3282 282 3405 340 inde
3442 302 3475 341 a

178 358 359 421 censis
398 371 450 421 in
507 368 709 424 decreto
752 372 893 441 apud
953 368 1219 425 Hilarium
1275 374 1414 445 frag.
1469 370 1524 437 5,
1566 386 1777 426 numero

175 475 215 528 ι,
247 471 372 515 tom.
406 476 462 526 ιι,
496 470 619 533 pag:
650 462 777 529 648,
806 463 1041 519 editionis
1070 464 1379 520 Veronensis
1420 464 1633 537 (nostra
1662 449 1777 520 vero

175 555 434 623 editionis,
465 566 588 611 tom.
642 573 696 625 χ,
745 558 841 613 col.
874 558 1027 632 659),
1060 560 1295 615 eumdem
1320 558 1628 614 Marcellum
1669 556 1775 612 An-

175 669 427 724 cyranum
466 654 787 725 reprehendit
833 655 968 709 inter
1015 644 1205 735 elateri}
1244 652 1516 727 propterea
1566 654 1770 725 quod...

183 762 201 797 ι
221 736 508 801 initium...
534 747 769 816 inquit...
795 747 1055 819 regnandi
1084 748 1361 818 accepisse
1377 746 1665 802 Do'minum
1694 742 1777 798 di-

173 845 261 889 cat
288 845 417 893 ante
440 838 868 910 quadringentos
897 854 1139 896 annos...
1174 839 1301 895 iizec
1327 848 1507 893 autem
1541 836 1771 908 pseudo-

173 930 417 999 synodus
440 931 620 987 habita
647 944 729 987 est
760 948 848 987 an.
874 933 1002 989 547.
1037 952 1056 987 ι
1190 1003 1210 1017 .
1264 936 1268 940 ’

246 1023 473 1100 Arpobii
507 1024 874 1082 testimdhium
915 1025 1058 1097 quod
1088 1016 1365 1085 adducunt
1406 1025 1619 1099 Domini
1648 1026 1771 1083 Bal—

174 1115 352 1171 lerinii
380 1134 646 1175 annorum
677 1120 746 1178 90
780 1122 999 1177 circiter
1023 1134 1306 1178 excessum
1342 1122 1581 1192 continet
1610 1138 1623 1175 :
1658 1122 1771 1178 An-

167 1208 445 1265 tiochente
475 1220 653 1266 autem
679 1213 1103 1286 pseudosynodi,
1132 1216 1173 1269 si
1216 1216 1346 1271 illud
1377 1231 1478 1269 non
1511 1216 1631 1270 totis
1669 1229 1770 1285 pro

172 1299 368 1355 ultimo
397 1316 542 1355 anno
584 1319 686 1358 non
720 1306 989 1373 completo
1012 1307 1345 1376 accipiatur,
1384 1307 1769 1377 quinquaginta

169 1402 423 1465 quatuor.
473 1392 694 1450 Eusebii
724 1405 911 1450 eontra
956 1398 1265 1453 Marcellum
1306 1398 1376 1455 60
1416 1411 1466 1454 et
1494 1400 1765 1469 amplius:

170 1486 580 1559 pseudosynodi
627 1488 1366 1575 Sardicensis’quinqttaginla
1409 1492 1568 1545 trium
1598 1506 1769 1547 anno-

164 1593 288 1633 rum
322 1582 906 1651 excessumcxprimit.
949 1580 1229 1651 Quomodo
1263 1583 1427 1654 igitur
1455 1600 1519 1638 ex
1568 1583 1633 1639 iis
1661 1594 1767 1641 tam

1877 370 2106 427 Domino
2134 389 2303 445 usque
2325 390 2466 431 nunc
2492 376 2616 443 anni
2639 376 2767 446 490,
2800 362 2941 448 plus.
2982 378 3087 434 Sed
3129 376 3469 449 Pliilastrius,

1876 464 2021 521 addit
2064 482 2186 523 mox
2212 450 2263 523 in
2303 469 2532 539 subjecta
2571 466 2900 532 adnatatione
2940 466 3308 525 Fabricius....
3353 478 3476 525 ante

1876 564 2075 613 annum
2107 558 2309 615 Christi
2345 556 2445 617 591
2482 561 2764 632 scripsisse
2822 575 2882 616 se
2921 558 3191 633 signiﬁcat.
3220 570 3341 634 cap.
3382 562 3472 628 83,

1875 658 2037 722 atque
2060 650 2301 706 interibit
2330 644 2560 707 concilio
2587 652 2923 722 Aquileiensi
2953 668 3095 708 anno
3122 653 3322 719 Christi
3344 652 3472 711 387.

1876 744 2011 800 Hinc
2040 758 2319 800 numerum
2344 746 2632 801 manifeste
2648 755 2961 816 corruptum
2986 744 3055 801 ita
3075 740 3473 802 restituendum

1873 850 1996 891 esse
2032 821 2296 907 judicaﬂt
2324 838 2550 893 Latinus
2590 837 2856 904 Latinius,
2907 837 2993 892 cui
3036 837 3125 893 alii
3150 836 3250 893 viri
3280 834 3475 895 eruditi

1872 928 2265 985 assentiuntur.
2328 927 2393 987 Et
2437 931 2488 1007 in
2548 940 2688 986 textu
2770 928 2985 1002 proinde
3066 927 3470 1007 Hamburgcnsis

1871 1023 2112 1077 editionis
2157 1003 2649 1079 emendavit.sic....
2696 1023 2763 1079 Et
2812 1023 2937 1081 inde
2981 1041 3010 1079 a
3041 1024 3272 1083 Domino
3300 1003 3473 1098 usque

1871 1131 2014 1171 nunc
2039 1117 2164 1170 anni
2190 1114 2316 1184 580,
2352 1116 2563 1187 plus....
2597 1115 2737 1172 Hcec'
2761 1116 2932 1172 tainen
2967 1133 3031 1172 ea:
3066 1134 3168 1173 non
3206 1118 3471 1173 observata

1871 1210 1982 1282 ejus
2017 1210 2192 1283 saeculi
2226 1212 2595 1266 consuetudine
2629 1212 2680 1266 in
2710 1214 2860 1266 annis
2890 1211 3201 1267 adnotandis
3223 1212 3463 1285 pendent.

1871 1296 2125 1373 Equidem
2163 1320 2265 1357 non
2297 1303 2395 1357 hoc
2432 1320 2537 1359 uno
2576 1305 2743 1375 capite
2766 1304 2944 1360 eadem
2974 1308 3237 1361 notatione
3261 1305 3471 1371 Philas-

1873 1398 2006 1451 trius
2036 1410 2159 1451 usus
2206 1391 2421 1467 legitur,
2458 1399 2545 1451 sed
2581 1409 2626 1450 et
2677 1398 2843 1470 capite
2888 1388 3015 1460 illi}.
3057 1417 3179 1470 pag.
3221 1400 3347 1466 206,
3384 1398 3468 1455 ubi

1870 1487 2200 1543 scribitur....
2225 1488 2366 1558 quod
2396 1490 2724 1544 contrarium
2749 1490 3041 1559 invenitur,
3066 1490 3113 1545 si
3138 1491 3207 1545 ita
3228 1478 3320 1563 qui
3344 1499 3468 1549 sen-

1873 1581 2059 1646 serint,
2114 1593 2218 1634 non
2249 1580 2669 1652 quadringentos
2693 1580 2805 1663 jam
2838 1579 2956 1654 plus
3000 1592 3171 1639 annos
3206 1584 3467 1642 transisse

167 1670 402 1727 diversis
424 1687 692 1728 annorum
721 1676 988 1745 oompntis
1015 1689 1188 1730 canon
1212 1672 1621 1747 cbronologicns
1651 1677 1765 1732 ius-
1799 1674 1844 1732 Β
1873 1674 2243 1745 cognovimus,
2286 1690 2353 1729 ex
2384 1690 2491 1746 quo
2526 1676 2670 1731 venit
2709 1675 2993 1745 Dominus,
3025 1686 3185 1751 atque
3224 1681 3467 1753 compleo

170 1764 449 1821 titnendus
477 1776 581 1832 est,
614 1776 668 1823 ut
698 1766 971 1822 Ballerinii
1020 1768 1203 1824 volunt
1247 1770 1631 1841 quinquaginta
1672 1765 1798 1825 an?

167 1876 364 1939 norum
407 1874 704 1939 excessum.
731 1874 761 1917 a
808 1862 1165 1933 scriptoribus
1208 1863 1613 1934 seaculi-quarti
1658 1880 1767 1920 nun

167 1954 418 2008 attendi”!
457 1953 691 2010 Obstant
738 1956 862 2010 huic
894 1956 1108 2025 penitus
1151 1968 1292 2011 πονο
1322 1957 1516 2012 canoni
1556 1967 1610 2013 et
1665 1957 1764 2027 ipsi

164 2046 318 2101 allati
348 2056 553 2101 textus.
597 2045 790 2103 Obstat
835 2048 1234 2120 pseudosynodi
1265 2044 1622 2105 Antiochense
1652 2061 1768 2105 tex-

168 2147 252 2193 tus
279 2155 294 2205 ;
340 2138 428 2193 illa
457 2138 605 2195 enim
632 2139 795 2197 verba
827 2156 928 2195 non
958 2141 1099 2213 totis,
1126 2140 1386 2209 indicant,
1415 2151 1470 2197 et
1499 2156 1764 2199 annorum

163 2247 284 2303 qua:
334 2247 499 2303 supra
544 2232 732 2288 decem
764 2234 850 2288 vel
904 2242 1118 2289 centum
1174 2218 1530 2290 numerantur
1580 2232 1767 2291 haberi

164 2328 476 2381 rationem:
531 2324 736 2382 indicat
784 2327 925 2383 idem
970 2326 1188 2383 Eusebii
1232 2336 1408 2382 textus
1445 2330 1549 2383 illis
1587 2330 1767 2385 veritis

163 2420 563 2491 quadringentis
591 2420 837 2489 impletis.
1751 2482 1755 2486 _

235 2512 306 2567 At
332 2513 483 2568 enim
509 2504 643 2567 vero
670 2513 771 2567 hoc
802 2524 910 2567 non
941 2527 1063 2568 esse
1095 2510 1147 2568 i'n
1176 2530 1332 2571 more
1356 2517 1592 2586 positum
1626 2516 1768 2572 inter

165 2617 422 2663 auctores
461 2608 641 2676 quarti
684 2607 865 2662 saeculi
902 2606 1125 2663 evidens
1156 2619 1263 2663 est.
1303 2608 1576 2664 Arnobius
1621 2610 1763 2665 enim

164 2700 257 2757 lib.
287 2701 468 2771 primo
495 2702 758 2758 adversus
784 2700 988 2757 Gentes
1029 2714 1151 2755 cum
1179 2698 1503 2757 Christianae
1546 2704 1764 2774 religio-

60 2798 62 2803 ’
161 2796 249 2851 nis
275 2797 491 2851 initium
520 2795 766 2863 deliniat,
800 2806 989 2864 aperte
1015 2795 1147 2851 dicit
1177 2815 1191 2851 :
1221 2794 1459 2851 Trecenti
1486 2806 1603 2851 sunt
1631 2798 1765 2852 enim

162 2891 322 2961 ferme
361 2890 559 2955 minus,
602 2889 679 2943 vel
719 2887 837 2961 plus
878 2889 1094 2957 aliquid,
1138 2902 1200 2942 ea:
1240 2905 1342 2960 quo
1382 2890 1625 2960 coepimus
1658 2906 1765 2945 esse

162 2980 470 3048 Christiani,
505 2991 550 3034 et
580 2992 834 3036 terrarum
855 2982 908 3035 in
930 2982 1048 3037 orbe
1069 2982 1282 3036 censeri.
1314 2982 1431 3048 Quo
1455 2990 1603 3038 textu
1632 2983 1763 3039 Sev-

1871 1774 2062 1824 tos
2112 1766 2209 1824 Ubi
2238 1769 2404 1824 minus
2435 1769 2708 1841 legendum
2749 1768 3023 1828 Fabricius
3068 1784 3303 1832 censtt...
3337 1789 3470 1845 qna-

1868 1859 2308 1932 dringentosjam
2343 1862 2461 1933 plus
2492 1864 2667 1917 minus
2690 1876 2928 1919 annos...
2971 1881 3087 1919 cum
3116 1866 3159 1920 si
3186 1865 3281 1920 hac
3305 1866 3465 1938 signi-

1867 1954 2026 2023 ﬁcare
2052 1955 2289 2010 voluisset
2326 1954 2386 2010 S.
2419 1956 2694 2027 episcopus
2720 1956 2862 2011 haud
2901 1957 3256 2014 addidisset...
3301 1958 3462 2032 atque

1868 2047 2235 2116 completos...
2284 2039 2560 2103 Immerito
2614 2048 2829 2118 quidem
2873 2048 3099 2104 arbitrio
3141 2062 3239 2106 suo
3277 2065 3464 2115 corre-
3498 2048 3507 2058 ’

1870 2140 2014 2195 xisse
2051 2140 2109 2196 S.
2142 2139 2415 2195 Philastril
2453 2148 2634 2196 tenus
2670 2142 2949 2197 incusatur
2978 2140 3296 2199 Fabricius:
3339 2153 3463 2200 nam

1868 2234 2075 2305 objecta
2115 2234 2449 2291 consuetudo
2489 2236 2772 2301 asseritur,
2816 2253 2920 2293 non
2972 2237 3265 2308 probatur;
3308 2247 3364 2295 et
3397 2244 3462 2295 ex

1869 2345 1976 2383 uno
2005 2329 2318 2396 incorrupto
2350 2341 2496 2385 textu
2529 2331 2665 2386 alios
2692 2329 2981 2386 manifesto
3020 2338 3306 2402 corruptos
3341 2345 3467 2387 cur-

1868 2423 2061 2495 rigere,
2094 2433 2153 2479 ut
2180 2422 2460 2494 Fabricips
2480 2425 2870 2496 corrigit,-quis
2892 2420 3088 2479 audeat
3110 2420 3459 2495 redarguere?

1868 2517 1922 2572 Si
1968 2517 2112 2571 enim
2151 2514 2209 2571 S.
2257 2510 2574 2589 [‘ltilastrius
2619 2516 2869 2586 ipsemet,
2905 2529 2964 2571 se
2994 2524 3118 2570 ante
3143 2516 3203 2571 ϐ.
3236 2516 3300 2572 Δ.
3334 2517 3459 2582 591.

1866 2610 2148 2679 scripsisse
2176 2602 2421 2677 testatur,
2447 2611 2567 2680 quis
2594 2626 2697 2666 non
2728 2604 2873 2665 videt
2901 2594 3147 2683 vitiatum
3175 2626 3459 2667 numerum

1867 2701 2377 2771 quadringentorum
2424 2716 2687 2779 annorum
2737 2703 2788 2756 in
2841 2700 2963 2757 aliis
3003 2699 3271 2768 testibus;
3317 2702 3461 2773 quod

1866 2797 2049 2851 vitium
2102 2812 2165 2852 ex
2218 2796 2405 2851 iisdem
2456 2796 2625 2851 vitiati
2682 2804 2858 2851 textus
2903 2796 3081 2850 verbis
3128 2796 3357 2863 eruitur,
3396 2798 3457 2851 ea

1864 2892 2007 2946 enim
2038 2890 2232 2945 verba:
2266 2890 2383 2960 plus
2412 2890 2583 2945 minus
2628 2898 2778 2960 atque
2814 2890 3094 2961 completos
3122 2890 3370 2956 indicant,
3404 2888 3462 2946 tit

1859 2983 1980 3055 jam
2005 2984 2308 3038 notavimus
2335 3000 2438 3038 non
2472 2983 2586 3038 rudi
2617 2983 2849 3060 Minerva
2881 2998 3052 3039 annos
3079 2981 3334 3050 describi,
3364 2982 3459 3038 sed

160 3076 389 3131 recinus
429 3074 615 3129 aduot.
673 3074 794 3141 i06,
842 3074 893 3129 in
943 3074 1141 3129 libram
1182 3075 1480 3130 secundum
1510 3074 1757 3145 Arnuhii,
1786 3069 1830 3131 C
1864 3078 2099 3143 circiter,
2133 3078 2252 3149 quis
2280 3094 2408 3133 vero
2439 3077 2541 3133 hoc
2582 3077 2798 3133 circiter
2836 3078 3064 3147 accipiat
3094 3087 3191 3147 pro
3234 3092 3458 3148 excessu

160 3168 643 3224 anachronismum
690 3182 812 3223 esse
844 3166 1039 3238 probat
1079 3169 1129 3221 in
1160 3168 1324 3222 allato
1354 3179 1581 3243 numero
1624 3174 1759 3239 qlia-

160 3262 580 3331 dringentorum
604 3276 891 3317 annorum.
931 3259 1124 3314 Locum
1149 3261 1385 3315 vitiosum
1414 3270 1521 3315 esse
1548 3276 1647 3315 non
1683 3270 1761 3315 at-

159 3358 280 3412 tinet
309 3358 483 3410 dicere
522 3372 585 3409 ra:
626 3372 704 3422 eo,
746 3351 883 3443 'quod
916 3355 1167 3409 Arnobius
1208 3356 1297 3410 lib.
1344 3356 1509 3427 primo
1559 3338 1763 3428 scripsit

158 3468 325 3505 annos
352 3450 483 3516 300,
516 3451 631 3520 plus
662 3451 829 3504 minus
851 3466 913 3504 ea:
938 3467 1037 3520 quo
1060 3450 1337 3505 Christiani
1359 3467 1467 3505 esse
1492 3451 1756 3521 casperint,

159 3555 205 3597 et
233 3545 285 3597 in
319 3543 442 3597 orbe
478 3546 727 3597 terrarum
759 3544 988 3597 censeri:
1022 3544 1174 3615 facile
1203 3543 1372 3597 videre
1406 3553 1481 3598 est
1512 3544 1565 3598 in
1593 3545 1760 3616 objec-

158 3636 295 3688 tione
326 3634 421 3687 illa
449 3634 658 3704 pagani,
686 3650 802 3688 cum
832 3636 1057 3701 inquit...
1084 3635 1551 3705 quadringentos...
1582 3637 1634 3688 in
1663 3651 1759 3689 nu-

158 3717 441 3780 merorum.
469 3728 602 3781 notis
631 3725 778 3780 valde
810 3742 918 3780 esse
955 3727 1263 3780 oberraturn.
1320 3726 1401 3780 Ad
1462 3726 1759 3799 pseudosy-

158 3824 364 3878 nodum
425 3837 553 3877 vero
608 3820 1099 3876 Antiochenam...
1160 3820 1281 3874 dico
1321 3819 1557 3875 Marcelli
1605 3835 1761 3875 erro-

157 3914 557 3989 remyindieari,
590 3922 647 3968 ut
676 3898 858 3967 statim
887 3923 1008 3983 post
1037 3912 1203 3968 relata
1235 3912 1397 3968 verba
1428 3929 1441 3967 :
1488 3911 1607 3967 Non
1632 3913 1757 3967 satis

156 4010 347 4066 abhinc
398 4008 781 4079 quadringentis
810 4008 979 4072 annis,
1013 4006 1392 4077 subjungitur:
1424 4007 1500 4062 Ab
1537 4024 1594 4062 eo
1623 4008 1756 4063 enim

156 4115 389 4174 ttinpore
433 4102 607 4156 volunt
655 4100 914 4155 Christum
958 4101 1158 4155 initium
1194 4102 1339 4172 regni
1380 4102 1620 4171 adeptum
1650 4118 1779 4163 esse

155 4200 403 4272 regnique
428 4198 583 4267 ﬁnem
614 4198 907 4251 habiturum
934 4206 1047 4267 post
1067 4185 1571 4269 cansnmmationcm,
1605 4206 1649 4250 et
1664 4198 1755 4265 ju-‘-

154 4293 374 4361 diciurn.
431 4289 585 4344 Tales
646 4300 764 4344 sunt
816 4290 1057 4360 discipuli
1109 4287 1364 4356 Marcelli,
1423 4299 1471 4343 et
1531 4289 1750 4345 Scotini.

120 4383 418 4455 ,Ejusdem
444 4372 680 4439 Marcelli
706 4390 948 4438 errorem
993 4380 1256 4437 Eusebius
1283 4382 1476 4452 carpit,
1508 4382 1563 4453 'et
1597 4398 1753 4452 pseu-

1863 3175 1951 3235 90.
1985 3174 2070 3227 vel
2101 3173 2261 3227 etiam
2277 3174 2365 3236 50,
2395 3158 2660 3228 annorum
2686 3172 2898 3243 spatio:
2928 3187 3049 3226 cuin
3073 3171 3273 3228 etenim
3297 3187 3463 3243 supe-

1862 3267 1973 3322 rius
1997 3267 2193 3321 dixerit
2219 3267 2333 3337 plns
2361 3266 2551 3329 minus,
2590 3276 2698 3319 ttnn
2732 3264 3003 3335 pOSterius
3031 3260 3281 3335 corrigit,
3316 3275 3461 3336 atque

1862 3358 2160 3430 completos,
2198 3366 2257 3413 ut
2304 3357 2350 3412 si
2392 3356 2509 3428 quis
2543 3357 2739 3413 dixerit
2777 3366 3007 3427 quatuor
3047 3364 3262 3411 centmn
3304 3357 3460 3411 anuis

1861 3452 1980 3521 plus
2013 3452 2210 3515 minus,
2240 3450 2542 3521 quininttno
2572 3448 2875 3518 completis.
2910 3446 3043 3502 Nam
3072 3452 3193 3502 cum
3215 3437 3299 3503 ’8.
3334 3444 3460 3501 Phi-

1863 3544 2081 3597 lastrius
2110 3542 2361 3607 afﬁrmet,
2418 3555 2476 3594 se
2510 3549 2633 3594 ante
2682 3552 2879 3593 annum
2910 3537 3109 3593 Christi
3140 3536 3238 3593 591
3281 3538 3453 3606 scrip-

1860 3636 2017 3702 sisse,
2050 3632 2319 3704 quomodo
2358 3631 2654 3702 completos
2700 3628 2805 3685 401)
2854 3618 3025 3683 annos
3057 3629 3458 3703 postea;potuit

1859 3740 2124 3780 asserere.
2168 3722 2468 3793 Corruptus
2510 3723 2688 3793 itaque
2726 3728 2901 3775 textus
2944 3726 3056 3785 est;
3102 3719 3182 3774 vel
3230 3720 3345 3793 ipse
3393 3724 3489 3793 5..

1859 3820 2095 3889 scriptor
2120 3819 2170 3870 in
2194 3814 2574 3886 computandis
2603 3812 2759 3868 annis
2785 3808 2987 3885 erratit
3012 3827 3026 3865 :
3056 3826 3178 3868 eum
3217 3818 3475 3880 namque,
3566 3836 3571 3842 ι

1860 3914 2042 3983 utpote
2075 3923 2180 3965 non
2214 3909 2287 3964 ita
2313 3917 2561 3964 exactum
2593 3908 2643 3964 in
2684 3921 2741 3961 re
2766 3903 3146 3977 citronulogica
3180 3904 3454 3974 redarguit

1858 3997 2196 4061 Christianus
2244 4002 2426 4073 Lupus
2446 4002 2525 4057 de
2570 3999 2781 4070 Origine
2824 3999 3091 4055 Meletiani
3132 3997 3454 4054 Schismatis

1855 4110 2042 4168 agens.
2077 4094 2253 4150 Miscet
2283 4105 2512 4165 tempora
2542 4099 2703 4165 facta,
2734 4093 2897 4159 varia,
2927 4108 3045 4147 vera
3072 4093 3238 4164 falsis.
3281 4090 3357 4145 ita
3387 4091 3453 4147 de

1857 4190 1914 4246 S.
1943 4188 2232 4243 Philastrio
2264 4187 2404 4243 idem
2428 4185 2626 4257 Lupus.
2650 4186 2910 4240 Barouius
2939 4199 3069 4243 vero
3093 4178 3330 4241 vitiatum
3359 4200 3450 4239 co-

1856 4284 2028 4338 dicem
2061 4284 2201 4338 circa
2230 4281 2336 4338 400
2359 4296 2621 4336 annorum
2648 4292 2934 4335 numerum
2959 4288 3126 4352 putat.
3176 4332 3187 4343 ,
3217 4275 3224 4282 ’

1929 4380 2247 4435 Tertulliani
2279 4382 2495 4450 quoque
2543 4385 2747 4433 textum
2779 4377 2998 4432 laudant
3024 4375 3211 4431 eadem
3241 4376 3443 4429 disser-

151 4478 475 4551 dosynodus
501 4475 836 4532 Sardicensis
881 4476 1250 4546 reprehendit.
1286 4476 1503 4532 Minime
1532 4478 1747 4546 quidem
1779 4466 1833 4527 D
1858 4474 2079 4528 tatione.
2109 4471 2457 4527 Tertullianus
2486 4473 2727 4526 adversus
2772 4468 3021 4529 Nationes
3068 4468 3157 4521 lib.
3198 4480 3259 4533 ι,
3295 4483 3444 4535 quem

150 4573 336 4633 Video,
386 4586 483 4625 cur
520 4572 678 4624 unius
706 4567 941 4624 haeretici
972 4574 1128 4623 error
1162 4567 1387 4639 ejusque
1422 4578 1749 4627 sectatorum

150 4664 221 4719 ad
249 4665 509 4717 usitatum
540 4676 748 4717 morum
792 4660 1125 4731 probandum
1154 4660 1375 4731 allegari
1409 4660 1580 4728 possit
1610 4664 1750 4719 inter

151 4775 349 4815 omnes
372 4756 545 4827 quarti
574 4758 755 4811 s:eculi
798 4757 1113 4826 scriptores,
1148 4756 1236 4827 qui
1267 4767 1458 4811 contra
1497 4758 1748 4813 eunldcm

148 4864 400 4907 errorem
443 4848 722 4902 sentiunt:
770 4862 891 4903 cum
946 4855 1285 4904 vero'totum
1332 4865 1577 4905 errorem
1630 4864 1751 4907 res-

149 4952 344 5014 puant,
390 4950 445 4996 et
487 4949 666 4995 notam
714 4941 972 5011 temporis
1010 4958 1267 5012 respuere
1306 4940 1565 5000 censendi
1606 4956 1747 5001 sunt.

150 5036 422 5092 Eusebius
458 5045 610 5091 certe
647 5034 980 5105 improbasse
1009 5036 1271 5093 dielandus
1307 5050 1405 5103 est,
1442 5039 1486 5093 si
1526 5054 1587 5094 ea
1632 5055 1753 5109 qua:

146 5129 347 5184 scribit
398 5129 467 5183 de
528 5126 733 5183 Christi
800 5122 1080 5186 natiritute
1161 5146 1563 5187 rccenseamus.
1616 5130 1751 5187 Vide

145 5223 500 5295 Spondanum
557 5222 932 5297 in'ltpparatu
983 5224 1336 5280 ad‘Annales
1387 5224 1607 5280 Baronii
1654 5239 1750 5279 nu-

148 5302 304 5391 mero
335 5316 426 5372 3i.

218 5410 343 5465 Alia
376 5416 674 5479 congerunt
714 5408 1017 5463 teStimonia
1059 5404 1277 5463 Patrum
1311 5408 1525 5463 Domini
1571 5406 1745 5466 Balle-
1788 5448 1791 5451 ι

145 5505 269 5558 rinii
314 5516 510 5572 nempe
552 5502 611 5556 S.
644 5501 913 5555 Philastrii
944 5482 1196 5569 ‘épiscopi
1247 5498 1502 5567 Brixiani,
1554 5503 1643 5571 qui
1678 5500 1740 5557 S.

146 5598 426 5653 Ambrosio
470 5607 758 5652 cocetaneus
786 5597 987 5665 scripsit
1008 5606 1128 5651 ante
1156 5596 1348 5652 annum
1377 5598 1501 5663 591,
1544 5600 1597 5653 in
1636 5608 1744 5653 om-

145 5691 299 5746 nibus
346 5689 498 5745 editis
537 5686 654 5744 ante
687 5688 958 5746 editionem
1001 5684 1441 5764 Hamburgensem
1468 5710 1500 5748 a
1539 5692 1743 5749 Joanne

1859 4569 2065 4623 ineunte
2109 4568 2261 4632 tertio
2306 4552 2495 4621 swcltlo
2539 4565 2815 4635 scripsit...
2869 4568 3205 4617 tercentos...
3262 4559 3447 4639 Eri-me

1858 4681 2019 4721 annos
2042 4671 2202 4733 pro...
2239 4662 2558 4719 ducehtls...
2589 4658 2894 4713 Christiana:
2917 4656 3155 4726 religioni
3184 4655 3405 4709 vindicat
3428 4696 3440 4717 ,

1857 4776 1901 4814 c.
1938 4759 2065 4813 7....
2114 4757 2276 4827 igitur
2303 4754 2444 4810 relati
2474 4744 2671 4817 nostrm
2719 4748 2951 4805 nondum
2991 4748 3118 4802 anni
3149 4747 3254 4802 500
3286 4748 3446 4817 (scri-

1855 4850 2092 4906 bendum
2141 4864 2208 4904 ex
2261 4846 2567 4902 testimonio
2610 4841 2877 4913 sequenti,
2932 4855 3031 4909 pro
3084 4846 3150 4896 eo
3197 4840 3338 4910 quod
3390 4841 3441 4894 iu

1860 4946 2018 5001 editis
2045 4954 2127 4999 est
2150 4943 2274 5007 250,
2306 4925 2509 4995 mutato
2534 4953 2582 4992 c.
2612 4938 2660 4991 in
2688 4936 2751 5006 Ι.)
2780 4946 2832 4991 et
2856 4934 3177 5009 capite9;...
3202 4945 3259 4990 ut
3287 4938 3459 5005 supra

1861 5040 2116 5104 diximus,
2145 5036 2287 5091 tettili
2313 5042 2506 5089 nostra:
2526 5031 2761 5087 nondum
2785 5026 2909 5085 anili
2936 5030 3230 5103 trecenti...
3259 5029 3328 5084 At
3353 5046 3446 5115 cuOr

1862 5140 1968 5187 non
1994 5129 2365 5201 corrigendum
2393 5126 2567 5196 potius
2590 5126 2779 5195 capitis
2808 5124 2937 5180 noni
2973 5130 3169 5187 textas,
3201 5123 3287 5178 ubi
3318 5124 3443 5177 anni

1862 5210 2087 5280 trecenti
2126 5214 2376 5291 leguntur
2405 5218 2674 5289 excapite
2702 5205 2954 5287 septimo,
3006 5215 3098 5271 ubi
3146 5215 3357 5269 ducenti
3375 5219 3445 5280 ,ει
3558 5288 3561 5291 Α

1853 5316 2230 5391 quinquaginta
2256 5316 2642 5391 numerantur:
2663 5320 2784 5365 cum
2808 5310 3021 5379 septimi
3047 5300 3442 5377 capitis'teslus
3536 5316 3539 5319 λ

1848 5389 2056 5467 veritati
2080 5408 2247 5478 magis
2277 5389 2577 5482 consanetl
2611 5403 2747 5482 Nutn
2778 5419 2843 5459 ex
2874 5403 3064 5456 vitioso
3090 5394 3238 5482 textu
3265 5398 3443 5453 incor-

1848 5503 2037 5572 ruptus
2066 5475 2246 5555 text—tis
2273 5475 2625 5568 Corrigendus
2646 5480 2768 5551 est?
2794 5496 2872 5549 An
2908 5492 3117 5547 veritati
3148 5475 3439 5561 pra-feren-

1846 5593 1945 5651 dus
1991 5593 2312 5658 esten-or?
2338 5590 2474 5648 illud
2505 5592 2671 5656 enim,
2722 5596 2777 5643 ut
2811 5594 2973 5658 supra
3014 5587 3261 5650 diximus,
3305 5582 3438 5639 nihil

1808 5678 1809 5681 ¹
1846 5686 2017 5760 addit,
2045 5690 2089 5745 si
2114 5702 2210 5761 pro
2238 5688 2494 5746 trecentis
2517 5684 2733 5741 ducenti
2774 5671 3160 5765 quinquaginta
3194 5679 3317 5735 anni
3360 5678 3440 5733 le-
