3822 6220
481 284 588 343 703

1612 286 1699 342 DE
1741 285 1987 365 SANCTI
2027 283 2317 345 ZENONIS
2359 286 2650 345 EPOCIIA.

3671 292 3779 346 7M

413 474 418 480 '
478 399 638 471 gandi
668 409 811 457 sunt.
844 373 959 454 Non
1003 398 1145 454 enim
1187 398 1429 456 subsistit
1472 386 1826 470 exaggeratos
1855 417 1972 456 mos
1992 403 2068 480 ,de
2095 407 2148 466 Α
2172 420 2358 461 verum
2379 403 2698 461 Christiana:
2724 419 2846 462 mra:
2871 419 3072 462 annum
3099 405 3388 462 recensuit.
3425 404 3514 462 Ne
3540 408 3631 479 qui
3657 425 3782 463 vero

481 493 863 564 quinquaginta
893 505 1158 546 annorum
1189 487 1367 562 spatio
1393 507 1423 546 a
1452 487 1804 572 scriptoribus
1830 479 2066 566 antiquis

430 651 431 654 η
481 603 590 643 non
636 585 818 642 haberi
865 584 1150 641 rationem.
1195 585 1592 642 Tertullianum
1625 604 1755 645 vero
1802 599 2064 645 annorum

478 679 676 738 Christi
703 694 885 735 veram
915 679 1193 750 Epocham
1218 669 1458 739 tenuisse
1478 691 1691 740 constat
1715 697 1784 739 ex
1806 697 1895 748 eo,
1923 667 2067 754 quod

478 787 648 828 annos
675 764 998 849 enumerans
1013 772 1098 846 (ut
1125 771 1312 831 noster
1337 774 1393 830 S.
1422 774 1568 832 Zeno
1595 775 1742 848 fecit)
1768 789 1799 830 a
1827 786 2068 848 tempore

477 881 582 938 quo
614 863 780 937 prima
829 861 946 920 Divi
993 866 1144 923 Pauli
1185 869 1412 945 epistola
1460 870 1658 941 scripta
1707 868 1806 925 fuit
1848 867 2067 925 centum

477 959 752 1031 sexaginta
786 973 961 1016 annos
988 961 1266 1033 exprimit,
1289 962 1486 1034 quibus
1514 964 1565 1020 si
1587 963 1990 1034 quinquaginta,
2014 973 2068 1020 et

476 1058 681 1120 septem
716 1051 1007 1122 addantur,
1030 1055 1244 1126 quando
1268 1055 1380 1126 ipsa
1412 1056 1641 1127 epistola
1662 1057 1782 1111 data
1813 1056 2070 1137 mittan-

468 1159 604 1207 _num
649 1143 1080 1201 ducentesimum
1107 1141 1375 1214 decimum
1418 1149 1704 1219 septimum
1755 1149 1977 1216 indicat,
2013 1150 2065 1205 iu

474 1251 583 1308 quo
607 1221 882 1294 scribebat
901 1237 1015 1308 ipse
1045 1239 1430 1297 'l‘ertullianus.
1685 1246 1687 1248 ’

547 1327 606 1383 1η
635 1328 858 1410 reliquis
885 1339 1090 1404 autem,
1125 1349 1245 1403 qua:
1273 1326 1509 1390 citantur
1529 1334 1939 1408 Chronologicis
1968 1348 2068 1390 no-

477 1422 566 1504 tis,
622 1436 824 1493 nempe,
860 1424 921 1481 S.
961 1422 1108 1482 Petri
1156 1425 1496 1499 Chrysologi,
1527 1429 1616 1499 qui
1657 1430 1793 1483 circa
1843 1415 2064 1485 medium

408 1517 414 1523 '
474 1514 706 1587 quintum
743 1517 988 1572 sarculum
1020 1519 1197 1589 ﬂoruit
1240 1538 1392 1576 serm.
1437 1520 1562 1591 145,
1615 1523 1678 1578 de
1731 1523 2067 1581 Generatione

470 1597 667 1680 Christi
685 1609 738 1663 in
958 1625 1129 1668 annos
1143 1614 1468 1695 quingentos
1489 1611 1774 1672 circiter...
1805 1634 1837 1671 a
1862 1615 2065 1673 Christo
2092 1617 2094 1619 ’

475 1714 598 1758 nuto
638 1718 920 1764 enumerat.
963 1708 1062 1764 Cui
1103 1709 1162 1766 S.
1212 1700 1360 1768 Petri
1401 1708 1718 1785 Cbrysologi
1756 1712 2058 1777 sementim,

2169 507 2354 564 prteter
2395 499 2641 574 rationem
2681 498 2750 551 ad
2769 515 2971 564 eorum,
3008 514 3121 567 qua:
3149 514 3241 552 nos
3267 498 3405 574 docti
3424 515 3610 555 sumus
3635 517 3784 556 ever-

2167 591 2364 661 sionem,
2390 591 2527 645 dicat
2550 601 2671 646 ante
2706 598 2868 646 annos
2893 600 3098 645 centum
3132 591 3527 663 quinquaginta,
3562 611 3663 648 nos
3689 613 3782 649 us-

2167 685 2392 738 seuerare
2439 681 2698 738 Christum
2749 685 2843 738 sub
2874 681 3094 754 Cyrenio
3137 693 3314 738 natum
3355 701 3485 752 esse,
3534 687 3784 744 docuisse

2167 769 2336 837 autem
2361 784 2476 843 qua
2496 773 2669 827 docuit
2708 775 2961 846 posterius
2990 775 3081 828 sub
3107 773 3297 830 Pontio
3331 775 3527 846 Pilato,
3554 788 3696 845 εις..
3726 791 3784 836 et

2169 879 2234 920 ex
2264 864 2433 934 ipsius
2455 863 2631 918 verbis
2661 864 2719 919 S.
2755 863 3044 936 Epiphanii
3073 865 3474 926 demonstratur
3499 870 3783 927 anachro—

2171 952 2392 1011 iiistnus.
2425 954 2554 1023 Quis
2578 971 2706 1027 ergo
2731 955 3060 1013 inliciabitur
3089 975 3156 1016 ex
3185 958 3288 1016 hoc
3314 978 3423 1018 uno
3452 978 3668 1021 canone
3711 966 3782 1022 ad

2171 1048 2524 1104 resecaudum
2581 1049 2631 1103 in
2685 1050 3118 1127 anacltronismis
3162 1069 3430 1127 annorum
3477 1061 3780 1114 excessum

2169 1149 2334 1197 totam
2367 1142 2910 1213 pessumdari.everti
2942 1156 2996 1203 et
3032 1147 3288 1206 confundi
3315 1140 3783 1224 chronologiam?

2163 1235 2364 1306 Fateor
2392 1251 2485 1306 per
2517 1237 2666 1307 plura
2698 1237 2956 1296 Ecclesiae
2978 1241 3176 1297 saecula
3206 1257 3274 1300 ex
3301 1244 3592 1308 consulum
3629 1246 3784 1301 serie

2166 1333 2339 1388 annos
2371 1327 2538 1384 tuisse
2564 1329 2909 1402 consignatos
2931 1331 2946 1387 ‘:
2979 1335 3047 1388 At
3078 1333 3196 1391 haec
3237 1346 3320 1391 est
3349 1352 3472 1393 vera
3498 1345 3782 1394 annorum

2165 1417 2362 1475 Christi
2391 1411 2848 1496 recensendorum
2899 1405 3060 1492 ratio,
3110 1435 3168 1481 ut
3204 1429 3539 1498 Augustinus
3587 1428 3780 1485 docet.

2166 1509 2275 1569 Per
2315 1512 2672 1586 Olympiadas;
2719 1526 2767 1591 et
2811 1518 3081 1573 consulum
3132 1520 3362 1590 nomina,
3413 1522 3591 1587 multa
3637 1538 3785 1594 sepe

2161 1608 2464 1677 quaeruntur
2489 1624 2521 1662 α
2541 1608 2708 1679 nobis,
2749 1618 2794 1666 et
2819 1609 3114 1680 ignorantia
3136 1613 3456 1685 consulatus,
3487 1631 3591 1686 quo
3621 1624 3784 1670 natus

2165 1709 2240 1756 est
2271 1699 2543 1774 Dominus,
2574 1694 2747 1778 etquo
2791 1723 2979 1778 passus
3002 1718 3104 1774 est,
3133 1708 3323 1781 multos
3362 1694 3527 1781 coegit
3573 1726 3780 1766 errare.

475 1798 704 1854 assertio
725 1790 792 1856 'S.
825 1800 1016 1868 Hilarii
1052 1802 1147 1857 lib.
1180 1788 1355 1874 primo
1381 1800 1447 1859 ad
1474 1783 1867 1872 Constantium,
1898 1798 2061 1875 quam
2097 1790 2138 1850 Β
2165 1783 2348 1862 Quam:
2390 1810 2456 1850 ex
2495 1794 2683 1851 iisdem
2722 1799 3007 1885 consttlutn
3045 1796 3433 1885 {austeram
3464 1811 3785 1885 assecutus

478 1890 687 1952 Domini
745 1894 1019 1951 Ballerin‘ii
1067 1897 1276 1966 pariter
1305 1895 1556 1963 aﬂ’erunt,
1607 1896 1901 1957 conformis
1943 1908 2061 1965 est;

473 1985 882 2056 concedendum
923 1989 1161 2058 quidem,
1190 1997 1312 2045 cum
1338 1980 1568 2066 rotundo
1597 2002 1823 2046 numero
1867 1992 2064 2048 saecula

475 2081 1014 2137 numerantur'inter
1053 2069 1287 2137 medium
1323 2096 1585 2138 annorum
1632 2098 1916 2144 numerum
1955 2082 2076 2141 non

472 2173 698 2240 attendi,
729 2173 872 2246 quod
907 2182 962 2230 et
994 2174 1045 2236 in
1086 2175 1334 2246 praesenti
1375 2175 1456 2241 iit,
1499 2190 1621 2232 cum
1655 2185 1888 2243 sextum,
1921 2172 2068 2234 deci-

470 2281 640 2334 mum,
673 2266 1048 2338 duodecimum
1084 2270 1341 2340 szeculum
1370 2278 1878 2327 cammemoramus.
1929 2271 2063 2328 Nam

472 2368 528 2415 et
562 2375 711 2426 nunc
746 2361 958 2418 decimo
985 2372 1181 2418 octavo
1218 2362 1415 2420 sreculo
1440 2364 1622 2421 vivere
1656 2365 1907 2434 dicimur,
1942 2359 2063 2423 cum

472 2453 647 2510 adhuc
675 2454 908 2510 medium
941 2456 1194 2512 saeculum
1220 2457 1447 2530 minime
1469 2457 1827 2530 attigerimus.
1855 2458 1926 2522 At
1950 2461 2067 2528 hazc

469 2548 791 2604 surculorum
822 2545 945 2627 nota
988 2550 1121 2606 nihil
1164 2552 1468 2623 proiicit‘ad
1514 2555 1802 2622 intentum,
1843 2572 1964 2612 cum
2003 2557 2063 2614 S.

471 2642 617 2699 Zeno
639 2643 696 2698 in
735 2643 835 2699 hoc
858 2659 1109 2703 sermone
1136 2662 1243 2702 non
1271 2648 1467 2706 srecula
1494 2661 1800 2713 enumeret.
1830 2652 1924 2708 sed
1967 2668 2065 2709 an-

472 2752 570 2794 nos
600 2754 628 2794 a
659 2740 856 2810 scripta
888 2739 1053 2809 prima
1087 2741 1150 2814 Ι).
1181 2741 1330 2798 Pauli
1361 2744 1586 2815 epistola
1622 2746 1690 2801 ad
1729 2744 2061 2814 Corinthios,

473 2840 531 2886 ιιι
561 2834 789 2901 ipsemet
828 2833 1022 2890 indicat
1052 2835 1164 2891 illis
1182 2837 1362 2894 verbis
1393 2856 1407 2894 :
1437 2844 1598 2909 ferme
1629 2841 1706 2895 vel
1731 2859 1791 2895 eo
1818 2843 2062 2914 amplius,

470 2942 593 2997 quae
619 2929 672 2983 in
701 2943 800 2984 usu
831 2945 937 2986 non
962 2943 1108 3000 sunt,
1144 2947 1266 2988 cum
1300 2932 1506 3006 integra
1535 2935 1736 2990 sarcula
1761 2935 2067 3007 signitiean-
2108 2949 2111 2952 '

473 3031 560 3076 tur
587 3041 600 3076 :
626 3037 689 3079 ac
710 3024 932 3094 proinde
959 3039 1065 3081 non
1095 3027 1285 3084 eadem
1317 3030 1528 3085 ratione
1558 3045 1619 3085 ac
1649 3030 1706 3096 ii,
1748 3031 1839 3102 qui
1870 3031 2063 3087 saecula

477 3114 736 3183 indicant,
768 3117 1119 3189 explicandus
1139 3129 1243 3176 est.

2165 1884 2532 1944 Christianam
2578 1888 2875 1963 epocham,
2919 1880 3234 1964 in'epistola
3265 1879 3332 1951 ad
3381 1882 3706 1951 Hesicbinm
3754 1913 3783 1951 a

2165 1977 2367 2036 Christi
2398 1981 2610 2038 Domini
2642 1983 2921 2043 nativitate
2949 1986 3018 2041 ad
3045 2001 3142 2042 sua
3185 1988 3355 2072 usque
3385 1999 3636 2060 tempora
3681 2005 3781 2045 ve-

2164 2088 2283 2126 rum
2313 2088 2576 2129 annorum
2604 2091 2887 2132 numerum
2914 2077 3168 2134 reddidit.
3196 2080 3240 2134 Α
3268 2081 3534 2154 nativitate
3559 2080 3785 2137 Domini

2161 2167 2322 2238 hodie
2388 2158 2747 2241 computantur
2805 2165 2928 2226 anni
2999 2175 3157 2246 [erute
3214 2172 3342 2231 420.
3404 2174 3472 2230 Α
3515 2192 3785 2232 resurrec-

2164 2264 2302 2340 tione
2324 2273 2514 2334 autem,
2547 2264 2623 2324 uel
2649 2267 2945 2322 ascensione
2973 2263 3206 2342 ejusdem
3249 2270 3375 2326 anni
3401 2269 3528 2349 590.
3561 2271 3687 2328 Non
3722 2289 3782 2328 ea

2166 2358 2326 2429 igitur
2351 2361 2673 2416 necessitate
2719 2361 3071 2433 adigebantur
3099 2363 3196 2419 SS.
3240 2363 3453 2432 Patres,
3492 2381 3631 2422 cum
3686 2383 3786 2437 per

2167 2452 2370 2508 seriem
2392 2453 2840 2511 consulumanni
2881 2454 3263 2528 digerebantur
3296 2459 3535 2516 rotundo
3594 2461 3786 2533 aliquo

2168 2561 2420 2615 numero,
2442 2548 2532 2618 qui
2562 2563 2667 2605 non
2696 2550 2878 2617 unius,
2906 2558 3001 2605 aut
3031 2552 3284 2631 duorum,
3309 2543 3405 2610 aut
3432 2555 3654 2626 decem,
3687 2559 3786 2615 sed

2169 2640 2257 2708 50,
2301 2640 2383 2698 vel
2431 2643 2593 2699 etiam
2643 2643 2737 2710 90,
2781 2659 3047 2702 annorum
3098 2661 3400 2710 excessum,
3440 2651 3783 2708 contineret.

2167 2733 2481 2814 Quinimmo
2507 2746 2729 2793 auclore
2756 2738 3074 2817 Augustino,
3106 2740 3154 2795 "si
3173 2740 3297 2812 quis
3324 2756 3487 2798 error
3515 2742 3573 2798 in
3602 2758 3786 2799 anno-

2168 2843 2288 2883 rum
2315 2841 2540 2904 numero
2569 2832 2955 2902 reperiebatur.
2981 2839 3044 2888 ex
3070 2833 3378 2905 ignorantia
3401 2835 3785 2893 consularium

2169 2922 2453 2979 Fastorum
2483 2925 2777 2995 contigisse
2803 2924 3088 2981 dicendum
3121 2936 3223 2982 est.
3245 2924 3558 2997 Ignorantia
3585 2944 3786 2983 consu-

2170 3019 2326 3088 latus,
2358 3036 2460 3090 quo
2479 3029 2629 3074 natus
2653 3010 2726 3075 est
2754 3019 3022 3085 Dominus,
3052 3030 3099 3075 et
3129 3037 3229 3092 quo
3251 3037 3439 3094 passus
3479 3031 3555 3076 est
3587 3025 3787 3078 multos

2169 3116 2330 3186 coegit
2352 3131 2570 3170 errare:
2603 3115 2745 3186 quod
2791 3117 3025 3173 maxime
3046 3114 3342 3171 notandum
3371 3126 3479 3184 est,
3515 3118 3789 3191 Angusti-

543 3201 782 3285 Arduum
823 3183 1062 3268 ganges;
1087 3228 1151 3269 ex
1189 3229 1298 3269 υιιο
1330 3214 1747 3274 εηηοιποηίειηο
1794 3218 2068 3291 (fl-eque"-
2093 3183 2139 3246 Ο
2174 3183 2274 3261 nus
2303 3209 2448 3262 enim
2495 3222 2600 3262 non
2622 3183 2788 3263 “hanc
2830 3208 3027 3278 allegat
3046 3183 3512 3271 consuetudinem
3542 3183 3783 3265 advena-

474 3298 685 3356 tissime
705 3301 848 3357 enim
889 3304 1275 3360 vetustioribus
1320 3306 1375 3360 in
1407 3306 1561 3363 libris
1588 3308 1955 3379 reperiuntur)
1977 3308 2070 3364 lir-

473 3406 613 3447 mam
664 3395 993 3473 constituere
1041 3398 1324 3467 epocham,
1374 3415 1534 3469 quam
1565 3401 1646 3456 .ad
1695 3403 2067 3467 sustinendam

472 3501 608 3542 nova
655 3502 876 3568 prorsus
944 3491 1256 3562 conjectura
1317 3493 1709 3551 adinvenienda
1763 3507 1891 3561 est,
1950 3514 2070 3568 qua:

471 3581 600 3638 nulli
642 3567 902 3641 hactenus
937 3587 1250 3642 criticornm
1293 3587 1346 3642 in
1388 3580 1846 3658 mentemveuit,
1895 3608 2070 3664 neque

370 3673 375 3679 ”
470 3679 678 3734 ratione
705 3679 812 3734 ulla
844 3680 1062 3750 probari
1091 3691 1286 3750 potest.
1320 3676 1714 3756 Quinquaginta
1743 3686 1950 3744 scilicet
1975 3679 2080 3743 an?

471 3784 661 3824 norum
694 3787 977 3826 excessum
1009 3787 1112 3844 pro
1141 3767 1311 3831 nihilo
1360 3775 1412 3830 in
1462 3777 1804 3847 antiquorum
1855 3779 2070 3850 scriptis

471 3863 847 3921 habendum...
903 3867 1017 3924 lloc
1063 3868 1245 3938 utique
1297 3870 1581 3935 divinitare
1619 3880 1727 3937 est,
1775 3870 1820 3928 si
1864 3890 2071 3932 canone

472 3958 575 4014 isto
600 3957 966 4029 chronologim
1005 3947 1348 4019 difﬁcultates
1376 3974 1502 4018 sunt
1526 3964 1906 4022 dissolvendae.
1931 3967 2071 4037 Quid

471 4068 603 4123 ergo
645 4061 791 4107 tanta
821 4057 1158 4113 concertatio
1184 4057 1325 4114 inter
1349 4061 1492 4135 viros
1515 4061 1759 4119 eruditos
1780 4064 1847 4120 de
1878 4065 1936 4122 S.
1963 4065 2073 4124 Ire-

474 4145 577 4198 nari
619 4145 876 4216 opinione
905 4147 1045 4203 circa
1085 4148 1214 4204 Jesu
1242 4150 1438 4207 Christi
1470 4156 1733 4211 aetatem?
1783 4156 2072 4230 (Coincidit

471 4241 704 4307 qumslio
724 4256 739 4305 ;
761 4256 881 4295 nam
908 4239 1227 4300 Christianze
1259 4247 1536 4318 religionis
1565 4251 1769 4320 epoclia
1809 4251 1878 4307 ab
1915 4255 2071 4309 annis

424 4341 428 4346 ‘
471 4330 600 4387 Jesu
631 4330 829 4389 Christi
876 4335 1084 4391 initium
1136 4337 1340 4411 habet).
1392 4339 1497 4411 ipsi
1544 4357 1777 4414 namque
1819 4345 2072 4401 tribuitur

473 4435 691 4497 putasse
721 4429 930 4484 nonnisi
957 4442 1075 4499 post
1097 4434 1596 4504 quinquagesimum
1636 4451 1836 4492 annum
1881 4439 2067 4494 Chris-

474 4531 585 4576 tum
619 4523 902 4578 Dominum
935 4540 1011 4579 ex
1036 4512 1148 4603 hac
1185 4527 1290 4581 vita
1339 4528 1628 4584 sublatum.
1663 4529 1771 4585 Cur
1799 4531 1852 4586 in
1873 4602 1876 4604 γ
1899 4532 2069 4600 ipsius

475 4613 848 4670 defensionem
896 4616 1181 4681 adducere,
1229 4619 1396 4676 libros
1436 4622 1558 4690 ejus
1603 4621 1768 4677 l'niSse
1817 4623 2068 4678 vitiatas?

474 4707 665 4762 Minori
697 4718 848 4764 certe
877 4709 1092 4765 licentia
1140 4725 1268 4782 usus
1314 4722 1461 4768 esset
1493 4712 1761 4780 lrenaens,
1799 4716 1844 4770 si
1881 4707 2065 4788 viginti

472 4819 740 4858 annorum
769 4805 944 4873 spatio
967 4805 1343 4862 tantummodo
1369 4807 1498 4862 Jesu
1527 4808 1726 4864 Christi
1756 4813 1918 4865 vitam
1948 4801 2070 4880 pro-

475 4899 746 4962 traxisset,
779 4911 940 4966 quam
970 4908 1185 4954 veteres
1214 4899 1303 4953 alii
1353 4901 1669 4971 scriptores,
1722 4904 1812 4972 qui
1851 4918 1916 4959 ex
1969 4903 2069 4960 hac

474 5007 609 5046 nova
659 4992 970 5063 conjectura
1027 4993 1386 5049 Christianam
1443 5012 1607 5051 teram
1661 4998 2066 5068 quinquaginta,

473 5089 784 5160 nonaginta,
816 5097 868 5142 et
894 5089 1125 5159 amplius
1162 5104 1333 5143 annos
1358 5090 1714 5146 excedentem
1743 5091 1857 5146 suis
1886 5092 1938 5145 in
1972 5106 2070 5144 an-

473 5196 662 5235 norum
710 5181 934 5236 calculis
972 5180 1288 5237 exhibuere.
1323 5181 1507 5251 Neque
1551 5181 1608 5237 S.
1659 5182 1944 5252 Epiphanii
1985 5183 2069 5237 lo-

470 5288 615 5339 cum,
644 5290 750 5342 qun
777 5273 834 5331 S.
871 5272 1069 5328 Justiui
1095 5275 1409 5346 martyrium
1441 5275 1543 5330 sub
1575 5273 1846 5329 lladriano
1876 5290 2070 5344 posue-

468 5367 558 5428 rit,
594 5365 946 5420 insanabilem
979 5366 1206 5420 dixisset
1248 5365 1521 5430 Petavius,
1555 5365 1680 5421 licet
1730 5365 1787 5422 S.
1828 5365 2068 5422 Justinus

474 5459 690 5528 triginta
730 5460 875 5527 post
915 5474 1085 5515 annos
1121 5461 1340 5515 circiter
1382 5460 1484 5515 sub
1536 5460 1812 5516 Antonino
1862 5469 2068 5533 martyr

471 5549 686 5607 obierit.
716 5552 906 5608 Sanari
932 5553 1080 5608 enim
1109 5562 1317 5622 paterat
1339 5552 1454 5608 hzec
1475 5553 1811 5623 cuujectnra,
1831 5568 1933 5620 qna
1959 5568 2064 5609 non

476 5653 582 5698 tam
627 5659 905 5710 excessus,
935 5661 1094 5714 quam
1132 5661 1395 5700 annorum
1431 5644 1675 5701 delectus
1702 5646 1938 5717 suppleri
1973 5661 2067 5717 po-

472 5742 595 5789 test.
625 5735 692 5790 At
720 5723 928 5791 certum
948 5749 1053 5801 est,
1077 5738 1345 5792 lustinum
1368 5755 1430 5791 ea
1452 5753 1569 5814 non
1592 5754 1712 5794 esse
1734 5756 1911 5808 usum,
1941 5756 2063 5795 cum

474 5820 526 5877 ns.
575 5827 828 5899 Apologia
861 5825 1056 5892 prima,
1085 5832 1287 5898 alisque.
1307 5843 1558 5884 excessu.
1584 5830 1667 5886 vel
1698 5830 1910 5883 «infectu
1956 5829 2065 5884 ullo

2171 3299 2515 3366 chronismos
2541 3299 2795 3355 Veterum
2824 3298 3210 3366 conciliandos,
3243 3301 3336 3357 sed
3365 3316 3533 3382 veros
3556 3317 3788 3358 errorrs

2171 3382 2303 3448 dicit
2346 3393 2508 3465 coegit
2534 3409 2726 3450 errare.
2773 3393 2903 3462 Quis
2932 3401 3112 3450 autem
3141 3392 3311 3464 magis
3349 3397 3656 3465 aguOscere
3687 3397 3786 3453 de-

2172 3486 2290 3542 buit
2318 3475 2764 3543 consuetudinem
2798 3487 2958 3552 hau‘c,
3007 3489 3052 3542 si
3085 3496 3212 3543 tunc
3235 3487 3529 3558 viguisset:
3563 3489 3786 3562 Augus-

2175 3581 2318 3636 tinus
2352 3595 2539 3636 eorutn
2569 3564 2874 3654 tempon
2918 3596 3136 3653 suppar,
3181 3592 3274 3639 aut
3311 3592 3631 3649 coclaneus,
3683 3600 3783 3638 seu

2173 3675 2508 3730 recentiores
2534 3655 2706 3730 nostri
2736 3676 2835 3729 :evi
2863 3674 3161 3743 Scriptores
3201 3680 3280 3742 tot
3299 3674 3523 3730 stt-culis
3558 3675 3629 3730 ab
3665 3676 3784 3731 illis

2173 3764 2454 3836 distantes,
2485 3767 2578 3836 qui
2619 3765 2732 3821 hare
2768 3765 2834 3821 ad
2866 3781 2993 3822 suas
3017 3765 3255 3838 epochas
3283 3765 3514 3821 tuendas
3545 3770 3787 3822 cummi.

2174 3858 2492 3914 niscuutur?
2645 3916 2656 3924 ,

2166 3940 2178 4019 ί
2246 3955 2321 4012 Ne
2346 3966 2526 4012 tamen
2553 3953 2765 4028 longius
2793 3957 3112 4028 divagemur
3133 3972 3164 4013 a
3186 3971 3355 4027 scapo
3377 3955 3445 4011 ad
3479 3973 3778 4013 numerum

2173 4048 2281 4105 400
2327 4032 2640 4116 annorum,
2690 4065 2848 4119 quem
2904 4051 2956 4104 in
3011 4060 3241 4105 tractatu
3294 4051 3357 4104 Ι).
3416 4049 3660 4106 Zenonis
3713 4053 3783 4107 de

2172 4143 2522 4216 Continentia
2555 4145 2801 4216 legimus,
2826 4145 3111 4200 redeamus
3133 4154 3370 4215 oportet.
3415 4142 3682 4213 Quamvis
3713 4147 3782 4199 56

2175 4255 2440 4295 annorum
2489 4255 2774 4296 excessum
2828 4240 2881 4295 in
2940 4239 3180 4310 antiquis
3219 4239 3600 4309 scriptoribus
3665 4256 3781 4294 non

2170 4333 2591 4406 computandum
2623 4376 2636 4400 ,
2665 4344 2720 4388 ut
2757 4333 2966 4389 Domini
3021 4332 3295 4389 Ballerinii
3324 4342 3625 4398 asserunt,
3679 4349 3783 4404 pro

2171 4438 2322 4484 certo
2352 4427 2703 4483 haberemus:
2745 4435 2980 4482 attamen
3011 4427 3323 4497 ita-certum
3362 4422 3472 4481 est
3500 4434 3686 4481 notam
3714 4427 3779 4479 il-

2173 4520 2277 4575 lam
2330 4519 2440 4576 400
2479 4533 2743 4574 annorum
2797 4520 2848 4574 in
2903 4519 3095 4575 eodem
3150 4518 3214 4572 D.
3251 4516 3489 4572 Zenonis
3541 4526 3781 4573 tractatu

2173 4616 2648 4672 anachronismum
2678 4614 2980 4682 continere,
3009 4625 3067 4668 ut
3093 4612 3393 4668 liberaliter
3425 4613 3554 4667 licet
3577 4626 3780 4668 conce-

2172 4709 2462 4774 deremus,
2493 4724 2557 4763 ex
2590 4707 2781 4763 eadem
2809 4706 2917 4762 400
2961 4721 3226 4761 annorum
3256 4714 3382 4760 nota
3419 4704 3615 4760 iul‘erri
3664 4721 3776 4760 non

2174 4817 2335 4873 posse
2361 4804 2419 4856 S.
2453 4785 2749 4857 Praesulem
2771 4801 2962 4872 quinto
2992 4798 3196 4856 smculo
3235 4798 3523 4864 claruisse,
3575 4813 3778 4869 nempe

2172 4912 2318 4952 anno
2348 4897 2452 4952 457
2477 4897 2565 4966 qui
2598 4911 2856 4951 numerus
2893 4913 2922 4951 a
2973 4896 3170 4965 scripta
3220 4896 3395 4966 prima
3437 4891 3678 4963 epistola
3705 4893 3777 4948 ad

2173 4987 2488 5048 Corinthios
2515 5002 2658 5042 anno
2686 4986 2889 5060 Christi
2917 4989 2987 5044 57
3024 4987 3224 5042 additis
3250 4989 3356 5044 400
3385 4987 3543 5042 annis
3571 4988 3626 5041 in
3647 4986 3772 5042 lau-

2175 5079 2301 5133 dato
2322 5093 2574 5134 sermone
2595 5078 2868 5147 expressis
2897 5121 2912 5143 ,
2941 5079 3181 5148 exurgit;
3216 5078 3368 5133 nullo
3395 5088 3576 5133 tamen
3610 5080 3778 5133 modo

2176 5171 2236 5227 S.
2265 5170 2501 5226 Zenonis
2529 5169 2873 5240 episcopatus
2900 5169 3103 5238 epocha
3139 5169 3207 5224 ab
3235 5185 3380 5225 anno
3405 5171 3512 5226 556
3546 5169 3618 5226 ad
3665 5171 3779 5226 380

2176 5263 2434 5319 constitui
2455 5272 2659 5334 posset,
2688 5261 2933 5315 utiidem
2969 5261 3212 5329 praeclari
3240 5263 3341 5316 viri
3371 5271 3772 5320 statueremu-

2177 5355 2423 5411 tendunt.
2457 5355 2566 5409 Hoc
2595 5370 2655 5409 ea
2689 5351 3020 5407 iueluctabili
3057 5351 3269 5408 ratione
3297 5354 3597 5422 probatur,
3629 5359 3776 5426 qum!

2133 5461 2135 5463 ‘
2174 5449 2423 5520 ejusdem
2452 5446 2717 5503 sermonis
2750 5455 2929 5501 textus
2959 5461 3068 5501 non
3108 5446 3272 5500 modo
3319 5449 3495 5515 aptari
3543 5465 3655 5504 non
3679 5465 3777 5520 pus.

2179 5553 2287 5599 test
2311 5541 2496 5598 saeculi
2527 5542 2696 5608 quinti
2743 5539 3082 5596 oeconomico
3119 5539 3380 5594 Ecclesiae
3420 5542 3590 5596 statui
3618 5585 3636 5610 ,
3676 5545 3776 5596 Sed

2175 5655 2279 5695 nec
2311 5637 2494 5694 szeculi
2525 5636 2724 5708 quarti,
2778 5647 2832 5691 et
2877 5637 3148 5705 prtecipue
3178 5651 3323 5689 atauo
3351 5635 3462 5693 536
3489 5636 3557 5694 ad
3587 5638 3698 5696 580
3725 5642 3776 5694 id

2184 5731 2346 5788 modo
2376 5729 2826 5786 considerandum
2849 5729 3191 5798 suscipimus.

2252 5805 2613 5881 Cbrisﬂnnnm
2643 5811 2922 5878 mulierem
2952 5819 3005 5878 in
3031 5810 3228 5880 eorum
3256 5809 3777 5882 immolitave"?
