3822 6220
64 255 163 309 ῒυό

1459 246 1929 308 υιεεειιτΑ-τιο.

3251 253 3353 312 706

61 365 282 418 studens
308 367 368 420 S.
398 372 640 426 Antistes
663 385 692 426 a
715 367 986 444 connubio
1007 382 1132 422 cum
1186 367 1304 423 viro
1349 367 1535 438 gentili
1571 365 1656 420 lu-
1687 370 1736 431 Α
1763 360 2051 417 consecrari
2081 362 2190 418 sine
2228 363 2503 438 sacrilegio
2522 363 2686 419 videri
2713 349 2900 437 potest.
2944 365 3242 437 Antithesis
3273 369 3362 426 hic

60 459 305 515 culenter
329 457 618 514 admodum
640 457 979 515 incommoda
1002 461 1081 516 iui
1103 461 1346 528 exhibet,
1375 461 1660 532 qum-circa

62 552 340 624 religionis
367 550 688 610 exercitium
740 564 808 604 ex
842 548 946 602 hoc
993 545 1268 601 c‘onnubio
1313 552 1660 614 prnvcniunt.

63 645 201 701 Inter
228 646 342 702 alia
384 645 504 700 haec
551 643 748 710 habet:
799 637 939 706 Quid
965 636 1104 708 quod
1135 636 1302 692 illius
1351 635 1669 706 sacri/icium

64 739 324 810 publicum
341 750 418 794 est
447 779 464 806 ,
488 746 535 792 et
561 745 708 791 tuum
748 732 1036 788 secretum?
1067 729 1236 786 Illius
1255 746 1289 783 a
1312 729 1487 801 quovis
1505 728 1670 806 libere

65 833 271 888 tractari
292 825 484 904 potest,
507 839 651 884 tuum
697 827 854 882 etiam
880 843 914 880 a
942 821 1252 880 Christianis
1296 823 1429 895 ipsis
1459 823 1670 877 minime

66 926 377 980 consecratis
424 924 535 979 sine
562 920 835 994 sacrilegio
865 918 1049 979 sideri
1090 935 1195 974 non
1239 927 1426 988 potest.
1485 919 1563 973 ιω
1615 917 1668 974 in

65 1019 301 1074 editione
347 1017 538 1072 ultima
588 1006 898 1085 Veronensi
923 1030 950 1067 ⁴ε
992 1022 1050 1068 at
1093 1013 1156 1083 in,
1197 1009 1684 1069 hoc‘Pistoriensi'

67 1127 162 1167 ms.
185 1126 283 1184 pro
308 1108 588 1180 sacrilegio
608 1107 761 1163 habet
779 1106 1057 1178 sacriﬁcio.
1071 1104 1422 1177 .Tuum'etiam
1446 1122 1478 1159 a
1495 1103 1674 1161 Chris—

67 1207 215 1261 tianis
240 1205 374 1276 ipsis
398 1203 610 1266 minime
627 1201 936 1257 consecratis
956 1200 1068 1256 sine
1086 1189 1358 1274 sacrilegio
1384 1198 1547 1253 uideri
1568 1214 1674 1252 non
1733 1206 1736 1212 '

67 1309 244 1371 potest.
264 1297 324 1353 In
338 1295 673 1373 Bibliotheca
703 1295 958 1356 Patrum:
983 1291 1156 1350 Tuan:
1175 1293 1334 1373 etiam
1357 1310 1390 1348 a
1417 1291 1676 1347 Christia-

69 1397 141 1450 nis
168 1393 298 1460 ipsis
328 1372 852 1458 ntininteconsecrari
895 1389 1006 1444 sine
1051 1372 1331 1460 sacrilegio
1382 1384 1559 1463 rideri
1581 1400 1674 1455 po-

69 1497 174 1542 test.
200 1484 335 1543 nec
353 1485 517 1555 verba
539 1482 605 1541 εἰ
615 1484 736 1538 llius
764 1481 1078 1549 sacriﬁcium
1122 1481 1385 1550 publictmt
1405 1483 1500 1547 est,
1527 1488 1677 1533 tuum

70 1589 335 1635 secretum.
375 1571 537 1632 Illius
582 1576 814 1650 aquosis
847 1573 1010 1645 libere
1031 1573 1242 1630 tractari
1285 1583 1492 1650 potest,
1533 1582 1677 1626 tuum

71 1673 220 1726 etiam
249 1687 284 1726 a
328 1668 642 1726 Christianis
671 1660 798 1743 ipsis
825 1664 1047 1722 minime
1074 1667 1366 1722 consecrari
1408 1667 1505 1738 (ita
1545 1680 1667 1721 cum

1764 463 1848 507 est
1876 453 1982 507 dun
2009 453 2294 512 continens
2318 459 2584 514 orationis
2633 458 2873 526 membra
2926 459 3159 516 invicem
3187 476 3359 533 oppo-

1765 544 1888 600 sita.
1928 544 2168 601 Primum
2200 564 2215 600 :
2245 547 2404 605 Illius
2444 546 2762 620 sacriﬁcium
2798 552 3062 623 publicum
3091 561 3188 620 est,
3217 562 3362 608 tuum

1767 646 2035 691 secretum.
2091 640 2447 709 Apertissime
2484 641 2576 699 hic
2610 644 2932 716 exprimitur
2961 647 3225 704 solemnis
3238 648 3268 714 ",
3298 661 3363 703 ac

1770 722 2022 797 frequens
2053 730 2317 788 idolorum
2359 728 2567 802 cultus;
2611 738 2700 792 cui
2747 754 2815 794 ex
2854 732 3086 797 adverso
3137 757 3364 816 respon—
3431 760 3439 769 ’

1771 818 1904 874 dent
1933 824 2119 890 verba,
2143 823 2314 880 Tuum
2335 837 2583 883 secretum
2607 870 2624 895 ,
2652 846 2774 900 qua:
2803 841 2992 904 aperte
3012 835 3232 893 vetitam
3253 876 3272 905 ,
3299 851 3366 893 ac

1770 914 2025 984 periculis
2097 917 2382 989 panisque
2439 934 2472 973 a
2510 905 2756 993 tyrannis
2805 924 3019 982 indictis
3071 927 3363 989 obnoxiam

1772 1005 2091 1077 religionem
2133 1006 2498 1066 Christianam
2542 1012 2867 1085 signiﬁcant.
2917 1017 3116 1075 Horum
3171 1020 3364 1078 verbo-

1774 1114 1891 1155 rum
1918 1115 2137 1183 sensum
2168 1119 2344 1177 neque
2368 1108 2559 1177 quinto
2576 1150 2592 1170 .
2621 1125 2797 1182 neque
2823 1122 3016 1183 quarto
3036 1115 3239 1174 seculo
3277 1131 3368 1173 ac-
3427 1136 3429 1139 ·

1773 1188 2118 1263 εοιιιηιοάπῐ
2133 1210 2297 1268 posse
2311 1197 2424 1268 jam
2454 1198 2706 1269 vidimus.
2736 1202 3058 1277 Secundum
3079 1197 3364 1277 orationis,

1776 1301 1872 1341 seu
1912 1288 2197 1346 antithesis
2223 1283 2812 1363 membrumulltiusa
2850 1301 3028 1370 quovis
3056 1302 3369 1376 liberetna-
3473 1292 3481 1299 ’

1777 1382 1879 1436 tari
1917 1379 2104 1454 potest.
2149 1383 2399 1443 Libertas
2437 1388 2528 1445 hic
2565 1389 2781 1462 publice
2824 1393 2985 1451 idolis
3015 1395 3370 1455 sacriﬁcandi

1777 1478 2067 1533 manifesto
2086 1478 2338 1545 edicitur.
2371 1480 2544 1536 Tuum
2563 1487 2720 1540 etiam
2738 1503 2770 1539 a
2785 1480 3090 1549 Christianis
3114 1490 3241 1560 ipsis
3268 1491 3370 1546 sni-

1778 1570 1917 1624 nime
1943 1573 2231 1628 consecrari
2249 1574 2372 1629 sine
2419 1576 2694 1647 sacrilegio
2730 1579 2890 1635 uideri
2912 1567 3098 1652 potest
3131 1583 3372 1653 :qnibus

1783 1664 1966 1721 verbis
2011 1666 2314 1742 libertatem
2348 1669 2642 1741 religionis.
2670 1670 2994 1729 Christianis
3040 1675 3274 1734 ablatam
3302 1680 3376 1736 si-

71 1766 226 1823 editis
255 1765 446 1838 legere
473 1764 661 1836 placet
683 1761 986 1841 rationibus
1041 1759 1267 1816 inferius
1318 1756 1673 1830 deducendis)
1706 1761 1754 1823 B
1780 1758 2022 1836 gnificari
2047 1775 2212 1817 nemo
2230 1759 2354 1831 jure
2385 1763 2588 1832 poterit
2614 1764 2842 1822 inliciari
2873 1809 2888 1834 ,
2915 1783 2980 1824 ac
3017 1770 3244 1844 proinde
3273 1787 3372 1841 op-
3442 1762 3444 1764 ’

75 1861 175 1915 sine
203 1859 485 1932 sacrilegio
508 1857 671 1912 videri
696 1863 896 1928 potest;
920 1853 1036 1911 haec
1058 1853 1245 1922 verba,
1269 1853 1513 1924 inquam,
1540 1861 1676 1933 tem-

76 1953 293 2024 poribus
316 1949 574 2008 indicatis
603 1964 802 2021 nempe
824 1949 894 2005 ab
935 1961 1080 2004 anno
1110 1945 1217 2004 356
1241 1945 1309 2002 ad
1336 1961 1537 2001 annum
1568 1945 1675 2003 380

75 2048 370 2104 convenire
427 2045 578 2102 nullo
631 2043 796 2100 modo
844 2052 1094 2116 possunt.
1139 2042 1298 2099 Anno
1327 2044 1527 2115 quippe
1563 2039 1675 2097 356

75 2125 396 2198 Constantio
420 2130 762 2196 Constantini
794 2126 967 2216 Magni
1015 2134 1155 2191 Filio
1184 2134 1485 2206 imperante
1507 2177 1523 2202 ,
1557 2135 1676 2206 lege

78 2235 140 2291 ab
161 2231 358 2292 eodem
387 2233 706 2289 Constantio
732 2232 838 2286 lata
871 2273 886 2297 ,
930 2231 1127 2301 templa
1150 2229 1418 2287 idolorum
1445 2230 1627 2285 clausa
1657 2271 1674 2300 ,

81 2346 138 2386 ac
162 2329 432 2385 sacrificia
465 2326 754 2383 interdicta
783 2326 1023 2391 fuerant,
1055 2338 1157 2381 nec
1187 2331 1430 2380 reserata
1453 2323 1674 2394 templa,

82 2440 139 2479 ac
159 2422 430 2480 sacriﬁcia
452 2421 615 2477 idolis
665 2419 930 2496 permissa
965 2419 979 2485 ,
1014 2417 1116 2474 nisi
1141 2433 1287 2473 anno
1326 2418 1426 2474 361
1461 2416 1679 2475 Juliano

83 2517 338 2588 Apostata
361 2515 428 2571 ad
458 2514 744 2585 imperium
775 2521 896 2583 post
944 2511 1322 2568 Constantium
1373 2511 1536 2568 elato.
1583 2509 1681 2566 Ju-

84 2611 251 2667 lianus
273 2621 457 2665 tamen
481 2607 640 2664 idolis
668 2596 796 2662 licet
823 2607 1027 2684 cultum
1047 2605 1337 2662 restituere
1357 2605 1675 2672 studuisset,

86 2718 378 2773 numquam
407 2711 587 2756 tamen
608 2689 1041 2772 Christianorum
1070 2697 1339 2753 sacriﬁcia
1361 2685 1532 2754 vetuit
1559 2697 1681 2754 bre-

85 2798 314 2868 \‘lSSimQ
328 2795 572 2867 imperii,
596 2809 697 2850 seu
721 2792 1024 2867 tyrannidis
1052 2808 1166 2849 sua:
1182 2790 1450 2869 decursu.
1485 2791 1680 2850 Postea

87 2885 209 2946 vero
228 2887 522 2946 Joviniano
549 2888 603 2944 in
636 2885 923 2958 imperium
948 2885 1272 2960 succedente
1292 2927 1307 2953 ,
1333 2901 1398 2941 ac
1429 2869 1678 2951 Valente,

1781 1845 1980 1923 poéitio
2003 1867 2167 1921 quam
2191 1853 2453 1934 orationis
2474 1857 2578 1930 vis,
2602 1867 2659 1914 et
2687 1869 2912 1918 ornatus
2943 1857 3112 1934 exigit
3148 1863 3249 1920 hac
3270 1866 3380 1922 lec-

1778 1942 1929 2031 tione
1949 1933 2357 2003 evidentissima
2395 1959 2500 2006 est.
2544 1951 2624 2008 Eo
2647 1967 2778 2009 vero
2809 1955 2994 2023 modo,
3021 1933 3133 2026 quo
3155 1956 3377 2030 legunt,

1779 2045 1941 2111 atque
1968 2041 2242 2112 explicant
2272 2043 2488 2110 Domini
2515 2045 2794 2104 Ballerinii
2825 2065 3019 2107 sensus
3057 2051 3117 2108 S.
3146 2052 3380 2112 Zenonis

1781 2148 1888 2187 non
1924 2141 2136 2189 constat
2160 2145 2212 2191 et
2233 2136 2519 2196 antithesis
2541 2140 2643 2208 vis,
2683 2149 2739 2196 ct
2763 2153 2988 2200 ornatus
3007 2146 3234 2204 tollitur.
3269 2148 3378 2213 Vo,-

1780 2227 1898 2292 lunt
1924 2229 2125 2299 quippe
2153 2245 2250 2301 per
2286 2230 2375 2287 illa
2420 2234 2581 2291 verba
2622 2245 2772 2290 tuum
2799 2247 3048 2294 secretum
3090 2240 3381 2312 signiﬁcari

1785 2319 2046 2389 Ecclesiae
2070 2323 2409 2395 disciplinam
2434 2327 2487 2382 in
2533 2329 2857 2398 occultanda
2892 2333 3236 2405 sanctissima
3262 2334 3379 2392 Eu~

1783 2411 2039 2498 charistia
2087 2411 2195 2472 non
2237 2417 2400 2473 modo
2429 2418 2736 2484 Gentilibus
2764 2462 2780 2489 .
2829 2423 2924 2482 sed
2952 2425 3393 2487 catechumenisr
3445 2431 3452 2450 ‘
3494 2410 3497 2413 ’

1785 2511 2050 2568 Secretum
2070 2524 2216 2569 vocat
2233 2557 2248 2580 ,
2284 2515 2478 2589 quippe
2501 2517 2640 2588 quod
2665 2534 2731 2576 an
2749 2519 2948 2602 )Arcaui
2987 2522 3268 2592 disciplina
3294 2542 3384 2580 sa-

1782 2606 2037 2691 criﬁcium
2054 2624 2164 2679 seu.
2185 2605 2532 2664 Eucharistiiz
2560 2611 2862 2683 mysterium
2903 2628 3006 2667 non
3036 2630 3270 2686 paganos
3295 2633 3383 2672 so-
3443 2671 3455 2686 ,

1789 2698 1893 2752 lunt
1911 2739 1928 2766 ,
1960 2699 2050 2753 sed
2075 2699 2213 2770 ipsos
2234 2701 2626 2768 catechumenos
2664 2713 2910 2760 accurate
2931 2699 3205 2761 colendum
3219 2717 3381 2766 esset:

1783 2788 1857 2845 Et
1882 2804 1982 2859 pro
2005 2790 2098 2846 illo
2124 2791 2294 2848 verbo
2325 2795 2617 2864 consperari
2641 2835 2659 2862 ,
2691 2796 2762 2850 ita
2802 2795 3381 2873 corrigunL-Legeba-

1787 2892 1871 2937 tur
1887 2883 1940 2938 in
1959 2883 2108 2939 editis
2134 2887 2449 2942 consecrati:
2467 2883 2795 2942 Cori-eximus
2817 2905 2879 2943 ea:
2907 2905 3003 2959 ms.
3031 2888 3379 2962 Pompeiano,
3418 2893 3420 2895 ’

87 2993 138 3040 et
167 2970 716 3051 V'aletitiniano,.‘tum
739 2975 1022 3047 Gratiano,
1053 2995 1118 3036 ac
1162 2978 1547 3043 Valentiniano
1590 2978 1684 3034 Ju-
1715 3058 1718 3061 χ
1789 2989 1834 3034 et
1858 2978 2058 3061 duobus
2080 2979 2406 3063 Zenonianis
2427 2965 2655 3053 (scilicet
2693 2965 3053 3057 consecratis)
3091 2985 3386 3050 Consecrati
3480 3007 3484 3010 ·

88 3079 253 3148 aiore,
285 3095 351 3135 ac
382 3078 598 3133 domum
623 3074 933 3132 Theodosio
957 3075 1022 3130 ad
1053 3090 1255 3130 annum
1288 3072 1395 3129 590
1429 3088 1599 3144 usque
1630 3083 1684 3129 et
1789 3084 1962 3130 autem
2010 3074 2312 3131 dicebantur
2352 3077 2439 3146 qui
2477 3074 2750 3149 Baptisma
2783 3073 3152 3153 susceperant.
3200 3081 3387 3155 Itaque

89 3173 328 3238 uim-ius,
355 3170 608 3242 quamvis
635 3169 915 3243 gentilium
966 3167 1282 3240 superstitio
1328 3166 1508 3250 adhuc
1559 3182 1682 3237 per-
1710 3164 1755 3228 C
1790 3170 2001 3225 minime
2027 3173 2316 3227 consecrati
2351 3181 2470 3228 sunt
2499 3174 2845 3229 catechumeni
2874 3216 2889 3241 ,
2910 3176 3004 3245 qui
3022 3176 3128 3245 alia
3159 3178 3387 3249 formula

90 3271 426 3333 mitteretur,
464 3275 641 3320 tamen
679 3263 1118 3320 Christianorum
1165 3263 1421 3337 ecclesias
1455 3262 1628 3332 palam
1664 3304 1680 3330 ,

90 3377 148 3417 ac
200 3345 417 3432 publice
470 3358 882 3429 frequentatas,
938 3357 1120 3429 ibique
1175 3358 1346 3413 libere
1417 3357 1682 3412 sacriﬁcia

92 3455 388 3511 christiano
407 3451 562 3510 more
596 3439 811 3525 peracta
842 3451 1010 3508 fuisse
1033 3467 1100 3508 ex
1129 3439 1352 3506 IiistOria
1383 3449 1685 3506 Ecclesias-

94 3549 606 3606 ticaindubitatum
673 3555 780 3604 est.
833 3547 973 3603 Toto
1027 3545 1209 3617 itaque
1266 3546 1370 3600 isto
1441 3545 1721 3614 tempore

95 3660 279 3714 nempe
309 3645 383 3700 ab
401 3659 548 3699 anno
578 3642 683 3699 556
713 3641 781 3697 ad
811 3635 1011 3696 annum
1040 3639 1147 3695 580
1173 3648 1228 3695 et
1252 3639 1394 3694 ultra
1423 3637 1683 3696 Christia-

95 3755 278 3814 norum
301 3737 574 3815 sacriﬁcia
595 3736 807 3820 publica
837 3726 987 3793 fuere
1012 3777 1028 3801 ,
1064 3743 1121 3791 et
1147 3732 1318 3810 libere
1355 3733 1544 3816 peragi
1587 3748 1684 3806 po-

95 3843 328 3900 tuerunt,
357 3845 467 3889 non
494 3840 740 3888 secreta:
765 3831 952 3902 Itaque
993 3827 1100 3886 non
1127 3828 1229 3886 hoc
1267 3827 1509 3900 tempore
1550 3829 1684 3885 scri-

93 3926 246 4000 bebat
271 3929 336 3988 S.
356 3926 533 3993 Zeno,
562 3925 652 3998 qui
682 3934 904 3983 econtra
927 3920 1028 3990 ait,
1063 3921 1371 3997 Gentilium
1415 3920 1732 3995 sacriﬁciat.

95 4008 298 4093 publica
319 4035 468 4088 esse,
496 4027 596 4075 eta
626 4011 1015 4088 quovislibere
1039 4015 1259 4073 tractari
1287 4030 1469 4085 posse,
1499 4013 1686 4070 Chris-

35 4105 48 4137 ί
96 4099 376 4175 ιὶειιιοτιιιῇ,
417 4127 553 4168 vero
586 4122 819 4170 secreta.
874 4109 1060 4167 Tertio
1101 4108 1284 4181 itaque
1321 4105 1524 4164 saeculo
1573 4116 1682 4161 tum

97 4220 234 4265 cum
264 4190 565 4281 Gentilium
626 4205 895 4263 sacrificia
956 4203 1172 4275 publica
1220 4209 1417 4270 erant,
1470 4211 1684 4258 secreta

97 4301 549 4366 Christianorum,
580 4297 957 4357 constituenda
988 4307 1071 4353 est
1098 4297 1157 4352 S.
1190 4295 1425 4352 Zenonis
1453 4295 1698 4367 (διιοειιει,Δ

97 4405 151 4451 ιιι
171 4395 462 4463 Barouius,
485 4393 731 4450 Perettus
756 4434 771 4459 ,
794 4400 850 4449 et
875 4389 1096 4462 Bagatta
1125 4389 1463 4471 constituunt
1501 4398 1682 4443 notam

1789 3267 1998 3322 minime
2019 3267 2213 3322 initiati
2232 3257 2550 3335 dicebantur,
2593 3269 2659 3324 de
2676 3269 2860 3338 quibus
2887 3286 2952 3325 ea:
2979 3281 3259 3343 memorata
3278 3273 3387 3327 dis-

1788 3361 1983 3428 ciplina
2009 3362 2190 3417 arcani
2211 3347 2418 3422 cautum
2456 3372 2565 3418 erat
2585 3405 2600 3432 ,
2627 3380 2689 3419 ne
2710 3365 2765 3419 in
2811 3363 3153 3428 Eucliaristia:
3171 3367 3385 3424 .Sacra-

1789 3468 2015 3526 utentum
2041 3456 2221 3512 oculos
2249 3457 2583 3532 conjicerent.
2608 3458 2667 3515 Si
2712 3460 3057 3532 prominime
3097 3477 3386 3519 consecra—

1789 3547 1858 3604 tis
1894 3547 2276 3613 catechumeni
2323 3549 2660 3619 intelligendi
2690 3560 2897 3616 essent,
2947 3538 3087 3608 nihil
3112 3553 3181 3610 ad
3209 3554 3385 3611 inten-

1787 3647 1900 3695 tum
1944 3637 2425 3711 argumentationis
2469 3639 2715 3698 facerent
2771 3632 2855 3698 υς.
2883 3629 3137 3701 Zenonis.
3172 3639 3381 3712 iet-ba,

1733 3789 1757 3805 Α
1786 3729 2074 3787 antithesis
2115 3731 2261 3787 nulla
2280 3729 2485 3800 inillis
2516 3741 2700 3788 esset:
2731 3731 2863 3790 Nam
2893 3733 3059 3805 etiam
3091 3735 3136 3790 si
3165 3751 3196 3789 a
3221 3750 3384 3793 cons-

1786 3823 2040 3896 picienda
2083 3822 2353 3880 sacriﬁcio
2400 3831 2721 3882 arcerentur
2773 3825 3183 3902 catechumeni,
3209 3827 3384 3899 publi-

1786 3932 1911 3993 cum
1963 3918 2310 3984 nihilominus
2339 3916 2547 3976 ‘fuisset
2610 3920 2936 3991 sacriﬁcium
2965 3963 2982 3990 ,
3018 3932 3090 3979 et
3138 3923 3309 3981 libere
3350 3940 3380 3980 a

1787 4010 2113 4071 Christianis
2140 4011 2324 4084 peragi
2351 4013 2652 4083 potuisset:
2688 4017 2973 4085 perperam
3003 4015 3186 4087 itaque
3216 4016 3384 4074 dixis-

1743 4135 1746 4138 η
1786 4115 1873 4163 set
1896 4105 1954 4162 S.
1989 4105 2189 4162 Doctor
2221 4123 2235 4158 :
2268 4095 2600 4174 Sacriﬁcium
2632 4091 3024 4177 publicarunt,
3054 4119 3196 4164 tuum
3219 4126 3388 4166 secre-

1789 4205 1914 4252 tum.
1955 4196 2106 4252 Illius
2131 4198 2367 4266 a'quovis
2405 4195 2560 4253 libere
2585 4199 2800 4253 tractari
2828 4191 2993 4270 potest
3020 4240 3037 4267 ,
3069 4209 3213 4257 tuum
3231 4203 3384 4256 etiam

1789 4310 1821 4348 a
1843 4283 2153 4359 Christianis
2180 4291 2307 4364 ipsis
2335 4291 2547 4346 minime
2566 4293 2854 4347 consecrati
2884 4293 2993 4348 sine
3015 4293 3285 4369 sacrilegio
3311 4295 3387 4349 oi-

1791 4388 1903 4442 deri
1940 4393 2127 4454 potest.
2156 4383 2461 4442 Occultatio
2491 4400 2723 4457 namque
2767 4385 3123 4442 sanctissima:
3167 4386 3383 4443 Eucha-

97 4489 236 4547 illam
265 4488 376 4547 £00
427 4501 690 4542 annorum
737 4500 845 4540 non
874 4500 953 4540 ex
1004 4482 1230 4554 arbitrio
1260 4523 1277 4550 ,
1316 4467 1426 4554 non
1476 4480 1687 4553 proprio
1790 4479 1958 4534 ristize
1983 4466 2429 4544 catechumenis,
2484 4485 2539 4535 et
2575 4493 2765 4535 eorum
2809 4469 2893 4535 ab
2920 4479 3150 4537 ecclesia
3192 4480 3387 4560 eiectio

98 4592 270 4650 marte,
313 4597 478 4653 neque
505 4580 612 4636 ullo
632 4579 809 4633 codice
842 4577 1029 4644 innixi,
1056 4574 1137 4631 vel
1156 4583 1333 4630 contra
1359 4573 1515 4646 ﬁdem
1545 4573 1680 4628 codi-
1712 4567 1762 4628 D
1791 4579 2037 4642 tempore
2079 4571 2370 4640 sacriﬁcii,
2417 4587 2592 4642 neque
2637 4580 2913 4629 secretum
2955 4573 3386 4634 Christianorum

100 4691 226 4742 cum,
252 4673 350 4730 sed
378 4689 445 4730 ex
477 4673 595 4744 ipso
621 4672 783 4742 hujus
814 4679 1074 4727 tractatus
1123 4675 1383 4725 contextu
1409 4669 1689 4739 corrigen-

100 4775 194 4830 tes,
226 4777 284 4821 ut
313 4766 421 4822 alia
444 4765 720 4836 corrigunt
748 4765 799 4819 in
823 4763 910 4844 his
933 4761 1138 4820 eisdem
1176 4748 1235 4820 S.
1286 4760 1519 4818 Zenonis
1546 4767 1686 4816 trac—

101 4859 290 4914 tatibus
315 4858 714 4915 accuratissimi
737 4842 1040 4924 Ballerinii.

167 4951 231 5005 Et
289 4950 414 5006 haec
459 4950 742 5023 potissima
784 4949 926 5011 ratio
982 4959 1106 5022 est,
1163 4963 1260 5005 cur
1305 4964 1425 5020 qua!
1452 4949 1532 5026 hin
1579 4947 1690 5006 edi-

103 5043 164 5098 tis
189 5043 346 5099 lectio
373 5040 627 5109 habetur,
653 5041 730 5097 illi
751 5040 1096 5113 praeferatur,
1127 5056 1289 5114 quam
1330 5039 1492 5097 iidem
1526 5041 1578 5095 in
1605 5039 1689 5096 ul-

101 5137 223 5190 tima
247 5133 554 5190 Veroneasi
582 5133 823 5190 editione
842 5130 1077 5190 afferuni
1095 5150 1112 5201 ;
1131 5133 1274 5205 quod
1296 5133 1425 5211 haec
1442 5125 1687 5200 minime,

103 5226 185 5282 illa
228 5241 364 5284 vero
392 5224 630 5289 maxime
671 5226 857 5281 sensui
894 5223 1192 5281 conformis
1231 5225 1430 5281 existat
1461 5269 1476 5294 ,
1529 5240 1688 5295 quem

104 5319 213 5389 ipse
236 5319 295 5376 S.
330 5317 574 5375 Zenonis
616 5325 881 5373 tractatus
909 5317 1095 5389 exigit.
1133 5316 1193 5375 S.
1227 5317 1428 5374 elonim
1456 5316 1649 5373 doctor
1671 5359 1688 5384 ,

108 5422 161 5468 ut
193 5413 558 5469 Christianam
583 5402 854 5465 deterreat
880 5409 1158 5464 mulierem
1201 5424 1230 5462 a
1261 5410 1533 5466 connubio
1566 5425 1689 5465 cum

107 5506 280 5582 gentili
298 5495 452 5570 'viro,
477 5501 798 5582 Christianae
836 5500 1116 5572 religionis
1142 5541 1158 5567 ,
1191 5513 1246 5556 et
1273 5501 1540 5557 idolorum
1581 5502 1698 5556 cal-

112 5608 214 5655 tum
244 5579 477 5654 invicem
506 5579 746 5651 confert.
768 5591 927 5648 illius
953 5592 1052 5666 (ita
1087 5591 1145 5649 S.
1175 5591 1351 5662 Zeno)
1385 5595 1697 5663 sacriﬁcium

114 5683 363 5757 publicam
392 5701 518 5755 est‘,
552 5695 695 5742 tuum
725 5697 970 5743 secretum
997 5702 1020 5753 ,'
1063 5684 1221 5749 Illius
1263 5703 1296 5740 a
1337 5687 1521 5757 quovis
1544 5688 1701 5742 libere

116 5785 498 5856 uutaripotest
523 5822 541 5850 ,
567 5791 714 5853 tuum
755 5778 907 5836 etiam
938 5793 972 5833 a
999 5774 1307 5849 Christianis
1342 5777 1468 5850 ipsis
1492 5777 1700 5835 minime

1793 4664 2120 4742 sacriﬁcium
2149 4662 2406 4733 faciebat,
2435 4679 2614 4737 neque
2639 4665 2746 4722 illis
2786 4665 3092 4724 libertatem
3119 4655 3391 4726 adimebat
3446 4725 3458 4741 ι

1800 4757 2159 4830 sacriﬁcandi.
2203 4757 2272 4816 Ut
2320 4758 2483 4830 igitur
2521 4769 2736 4818 COIlSlet
2776 4775 2969 4816 sensus
3012 4760 3389 4833 praedictorum

1794 4853 2106 4920 verborum,
2134 4867 2226 4922 pro
2247 4843 2580 4919 consecratis,
2606 4853 2900 4909 consecrari
2935 4852 3219 4930 legendum
3261 4865 3344 4912 est
3370 4895 3386 4921 ,

1795 4957 1849 5002 et
1879 4946 1949 5002 de
1981 4944 2231 5002 libertate
2263 4944 2670 5012 Christianis.“
2710 4940 2956 5019 tyrannis
3009 4946 3188 5003 ablata
3236 4962 3388 5003 sacra

1755 5116 1764 5124 δ
1796 5039 2097 5096 ministeria
2138 5037 2431 5111 peragendi
2456 5047 2597 5109 sunt
2626 5037 2973 5111 intelligenda
2993 5082 3010 5109 ,
3036 5042 3109 5097 ita
3143 5042 3392 5114 exigente

1799 5134 1918 5205 ipso
1946 5132 2217 5210 sermonis
2242 5139 2502 5202 contextu
2531 5173 2547 5198 ,
2576 5131 2733 5205 quod
2753 5147 2927 5204 neque
2964 5135 3145 5205 quarti
3170 5176 3185 5203 ,
3216 5130 3393 5206 neque

1796 5225 1970 5296 quinti
2005 5223 2188 5277 steculi
2233 5220 2651 5299 conditionibus
2676 5209 2968 5300 convenit;
3002 5223 3109 5287 ,sed
3136 5229 3420 5297 necessag

1795 5319 1894 5376 rio'
1911 5317 2054 5375 tertii
2073 5316 2258 5372 saculi
2283 5301 2484 5372 statum
2510 5304 2978 5394 indicagfquando
3003 5310 3390 5388 imperatorum

1797 5407 1958 5466 editis
1980 5419 2250 5476 tamquam
2273 5407 2535 5478 sacrilegi
2563 5448 2580 5474 ,
2608 5407 2943 5477 deorumque
2987 5416 3396 5478 contemptores

1797 5500 2000 5558 Christi
2043 5497 2230 5554 ﬁdeles
2252 5493 2658 5576 puniebantur,
2690 5497 2783 5572 qui
2824 5514 2978 5555 sacra
3024 5513 3388 5572 peragerent,

1798 5593 1883 5648 vel
1915 5590 2084 5646 sacris
2111 5591 2459 5646 interessent.
2683 5624 2706 5636 η
2776 5584 2779 5585 ⁷
2992 5580 2993 5583 “
3199 5640 3204 5647 .

1869 5684 2010 5739 Nihil
2034 5683 2433 5753 frequentiusin
2460 5681 2700 5752 antiquis
2729 5685 3286 5760 mss.amanncnsium
3305 5687 3392 5743 in-

1799 5777 1949 5865 curia
1976 5793 2137 5834 unam
2163 5777 2531 5848 litterampro
2580 5779 2685 5834 alia
2737 5777 2979 5840 scribere
3007 5821 3023 5849 ,
3050 5830 3052 5833 .
3078 5779 3149 5837 ita
3181 5792 3241 5839 ut
3295 5797 3394 5854 pro
