3822 6220
384 297 480 316 -ιιη

394 316 475 349 ὐλ

1530 277 1619 349 be
1653 289 1897 350 SANCTI
1935 287 2225 351 zeaouts
2266 292 2535 351 specus

3568 292 3654 351 703

378 418 687 479 consecrari,
716 414 993 470 consecrati
1019 419 1337 469 exorarent:
1380 425 1537 483 quam
1573 410 1963 466 correctionem
1997 410 2047 470 A
2074 427 2195 465 mss.
2222 428 2454 479 numero,
2484 429 2600 467 cum
2626 413 2797 466 omnia
2828 412 2891 466 ab
2917 410 3087 465 eodem
3120 418 3363 479 corrupto
3388 414 3655 480 exemplari

376 508 535 563 unius
562 509 757 564 littera:
785 506 1205 577 repugnantibus
1245 506 1406 561 etiam
1438 505 1621 573 editis,
1654 515 1708 562 et
1740 520 1869 560 mss.
1918 514 1972 559 et

376 602 475 671 ipsi
503 602 702 657 domini
739 601 1009 656 Ballerinii
1057 601 1108 655 in
1138 600 1221 655 Itis
1250 599 1476 656 edendis
1504 598 1848 657 sermonibus
1878 597 1973 652 adn

378 693 681 759 tribuerunt,
719 702 776 747 ut
829 694 881 746 in
935 691 1289 748 adnotatione
1336 692 1403 747 Ἡ
1449 693 1514 747 ad
1548 700 1834 748 tractatum
1880 705 1971 745 se-

372 787 605 841 cundum
639 785 764 839 libri
805 785 960 855 primi
980 804 991 839 :
1011 784 1200 840 Urbem
1219 803 1312 855 pro
1329 786 1513 841 Orbem
1542 786 1687 857 facili
1707 786 1858 838 unius
1888 783 1972 836 lit-

368 891 490 935 tera:
515 879 797 934 mutatione
822 896 1090 950 perperam
1114 880 1166 933 in
1196 896 1319 934 mss.
1354 888 1399 932 et
1426 879 1575 933 editis
1604 879 1848 948 scriptum
1870 884 1964 929 est.

324 973 1030 1038 _Entendationemtsensus
1085 973 1359 1043 persuasit.
1419 972 1698 1027 Editorum
1750 983 1967 1045 quoque

367 1066 656 1122 lectionem
687 1081 819 1122 mss.
839 1067 1132 1137 praeierunt
1152 1067 1204 1122 in
1230 1066 1579 1120 adnotatione
1604 1062 1661 1129 4,
1692 1062 1757 1117 ad
1781 1061 1962 1116 Tract‘.

366 1176 461 1216 xm
504 1161 597 1217 lib.
631 1176 667 1216 ιι
700 1178 713 1214 :
742 1160 921 1217 Editio
950 1161 1384 1230 Venetacaptulo';
1414 1170 1608 1215 autem
1631 1158 1817 1229 capulo
1840 1172 1960 1209 mss.

363 1264 532 1309 autem
558 1255 791 1323 capitulo
814 1296 830 1322 ,
869 1253 1007 1325 quod
1054 1254 1437 1313 retinuissemus
1462 1294 1476 1317 ,
1510 1252 1553 1305 si
1592 1266 1693 1320 quo
1733 1247 1964 1318 exentplo

362 1348 571 1419 probari
620 1349 866 1417 potuisset
898 1357 945 1402 et
983 1348 1035 1401 in
1062 1347 1311 1410 eamdem,
1350 1363 1449 1415 qua
1472 1344 1711 1417 copulant
1757 1340 1961 1412 signiﬁ.

361 1442 612 1495 cntionem
640 1451 941 1511 usurpatum
968 1443 1137 1510 fuisse.
1186 1438 1284 1493 Hic
1307 1449 1476 1493 autem
1496 1438 1739 1507 capulum
1765 1479 1780 1503 ,
1808 1438 1863 1491 id
1887 1445 1966 1491 est

362 1532 687 1587 manubrium
724 1532 886 1603 gladii
919 1532 1207 1602 significari
1245 1532 1630 1601 apertissimum
1665 1541 1777 1585 est:
1808 1517 1964 1602 Capi-1

362 1628 525 1682 tulunt
541 1644 658 1682 vero
680 1628 816 1683 idem
837 1628 1132 1700 significare
1154 1626 1333 1681 nullibi
1356 1626 1485 1680 alias
1505 1626 1810 1680 invenimus.
1849 1622 1961 1678 Ita-

358 1738 454 1789 que
483 1722 671 1791 capulo
700 1723 1020 1791 reliquimus,
1045 1732 1101 1775 ut
1131 1721 1346 1791 inferius
1371 1736 1571 1791 quoque
1594 1719 1837 1791 capulum
1876 1735 1961 1771 re-

2075 507 2209 574 forte
2233 508 2464 577 profecta
2491 522 2599 559 esse
2621 506 2835 573 possint,
2868 521 2900 557 a
2921 519 3021 571 quo
3045 502 3250 556 easdem
3278 518 3478 571 quoque
3495 520 3657 557 macu-

2075 594 2153 648 las
2183 598 2528 666 conceperint.
2562 593 2911 667 Intelligentia
2949 593 3186 663 quidem,
3222 602 3266 647 et
3286 604 3526 648 contextu
3562 612 3657 649 ser-

2073 687 2238 741 monis
2281 696 2581 759 argumento
2626 703 2734 741 esse
2758 695 2994 758 poterunt
3044 685 3111 738 ad
3159 686 3311 763 verba
3359 682 3583 741 auctoris
3603 689 3657 741 ab

2072 780 2398 833 amanuensis
2436 778 2597 834 verbis
2636 780 2967 833 secernenda.
3020 777 3131 833 [lac
3172 778 3358 849 regula
3410 780 3491 834 usi
3542 790 3659 836 sunt

2072 870 2389 926 Cl‘illCOl‘lllD
2407 872 2746 927 celeberrimi
2771 915 2783 936 ,
2816 872 3126 943 Stephanus
3150 873 3405 929 Baluzins
3431 874 3656 940 scilicet,

2071 976 2120 1017 et
2151 964 2396 1019 Nicolans
2442 965 2738 1035 lligaltius,
2774 966 2994 1038 aliique.
3034 967 3285 1035 Baluzius
3327 969 3395 1025 ad
3442 970 3656 1026 verbum

2072 1057 2351 1126 Absint/tia.
2384 1058 2435 1112 itt
2468 1058 2609 1114 notis
2634 1058 2701 1114 ad
2734 1059 3047 1116 Salvianum
3075 1062 3153 1117 sic
3183 1056 3381 1119 habet?
3409 1064 3566 1120 llunc
3590 1067 3660 1121 ιυ-

2070 1166 2184 1204 cum
2206 1153 2278 1206 ita
2305 1154 2619 1208 correximus
2651 1156 2861 1227 propria
2883 1158 3206 1226 auctoritate,
3234 1161 3458 1226 tametsi,
3487 1171 3535 1215 et
3563 1162 3663 1215 edi-

2066 1244 2246 1311 tiones,
2282 1255 2331 1298 et
2352 1262 2472 1300 mss.
2504 1246 2623 1301 libri
2654 1259 3021 1323 repugnarent.
3049 1249 3329 1324 Utrobiqne
3363 1255 3498 1308 enim
3523 1272 3661 1310 cons-

2069 1346 2235 1391 tanter
2257 1338 2463 1409 legitur.
2494 1340 2633 1409 Quid
2668 1341 2822 1412 juvat
2846 1345 3185 1403 stomachum
3229 1347 3555 1415 abstinentia
3577 1351 3617 1404 si
3645 1391 3657 1413 ,

2066 1440 2171 1484 ete.
2205 1431 2313 1486 Sed
2338 1434 2457 1487 vitio
2481 1435 2816 1492 librariorum
2843 1440 3049 1510 irrepsit
3079 1437 3163 1497 hic
3186 1425 3349 1498 error.
3379 1442 3521 1497 Nam
3549 1445 3659 1499 Sal-

2065 1526 2244 1581 vianus
2271 1528 2531 1583 absinthia
2575 1548 2854 1603 opponere
2880 1536 3052 1591 voluit
3091 1519 3360 1607 dulcibus,
3384 1550 3440 1594 ut
3466 1538 3661 1594 silentia

2063 1620 2292 1685 clumori,
2325 1632 2370 1676 et
2415 1626 2710 1681 antidotum
2748 1644 2963 1685 veneno.
3022 1630 3276 1687 Nostram
3318 1635 3657 1705 conjecturam

2063 1717 2339 1785 confirmat
2367 1720 2476 1787 ipse
2506 1720 2810 1778 Salvianus.
2842 1724 2991 1780 Unde
3018 1727 3223 1781 interim
3268 1728 3564 1799 colligitur,
3583 1746 3659 1784 ve-

359 1816 626 1879 tinuimus,
660 1832 779 1869 cum
805 1815 987 1882 editis,
1031 1816 1117 1868 ubi
1153 1822 1275 1870 mss.
1308 1816 1494 1869 habent
1536 1813 1837 1885 capitulum.
1890 1813 1958 1866 Et
1990 1804 2037 1864 Β
2064 1811 2322 1864 rissimum
2346 1828 2453 1867 esse
2482 1811 2696 1869 Nicolai
2748 1814 2965 1889 Iliga'ltii
2996 1818 3401 1876 observationem
3432 1863 3448 1888 ,
3488 1822 3574 1888 qui
3611 1822 3659 1873 in

357 1910 657 1964 mnanuensi
684 1910 919 1979 antiquo,
943 1926 1007 1963 ea;
1030 1924 1129 1980 quo
1158 1910 1248 1961 alii
1274 1910 1606 1981 profecerint,
1635 1904 1957 1961 tribuendum

357 2007 634 2073 credimus,
659 2007 797 2077 quod
821 2024 939 2060 cum
961 2022 1128 2060 vocem
1157 2003 1365 2076 capulo,
1399 2014 1444 2059 et
1479 2005 1721 2074 capulum
1753 2020 1840 2073 per
1863 2004 1955 2056 ab-

355 2098 720 2153 breviationent
748 2100 991 2169 scriptam
1018 2108 1219 2168 putaret
1247 2138 1262 2163 ,
1285 2096 1512 2167 capitulo
1539 2144 1551 2169 ,
1595 2106 1640 2151 et
1670 2096 1957 2168 capitulum

354 2191 675 2262 expresserit.
711 2192 974 2262 tntegram
1016 2205 1232 2261 quoque
1274 2189 1566 2244 dictionem
1600 2187 1802 2244 addere
1854 2188 1955 2241 ali-

352 2286 571 2357 quando
638 2285 1206 2361 iidemhsolcrtissimi
1268 2285 1625 2341 adnotatores
1691 2287 1957 2356 compulsi

354 2388 513 2447 sunt,
574 2387 633 2433 ut
687 2386 917 2434 tractatu
949 2394 1003 2433 ιιι
1044 2378 1140 2433 lib.
1174 2393 1224 2444 ι,
1259 2377 1443 2433 adnot.
1500 2378 1564 2433 15
1602 2396 1613 2432 :
1646 2376 1711 2431 In
1767 2380 1968 2446 editis,

359 2472 591 2539 clausis;
621 2489 775 2543 porro
831 2482 939 2526 tum
980 2473 1036 2526 in
1077 2489 1198 2526 mss.
1250 2481 1353 2525 tum
1411 2472 1465 2524 in
1505 2471 1655 2526 editis
1696 2471 1778 2525 hic
1816 2470 1957 2526 locus

356 2582 458 2621 uno
483 2576 722 2621 contextu
751 2565 986 2635 effertur,
1008 2567 1080 2620 ita
1107 2576 1158 2619 ut
1177 2565 1329 2639 plane
1348 2566 1565 2640 intelligi
1606 2577 1854 2638 nequeat;
1883 2570 1957 2620 sic

352 2662 483 2715 enim
508 2662 783 2715 scribitur:
807 2662 1020 2717 Clausis
1050 2660 1221 2716 oculis
1255 2661 1412 2715 tertio
1449 2660 1603 2717 dives
1649 2672 1732 2717 est
1773 2663 1953 2716 avari-

352 2754 442 2807 tia.
476 2751 801 2808 Correximits
826 2754 960 2808 utin
999 2764 1174 2809 textu:
1202 2754 1288 2807 ubi
1320 2770 1436 2807 cum
1462 2755 1666 2809 verbum
1708 2755 1957 2825 dispergit

349 2857 525 2915 aperte
550 2846 895 2915 supplendum
926 2847 1055 2918 fuit,
1084 2856 1138 2900 ut
1170 2864 1349 2901 sensus
1372 2857 1628 2903 constaret
1655 2865 1673 2915 ;
1704 2858 1814 2902 tum
1838 2863 1956 2902 vero

349 2949 596 3007 punctum
621 2938 950 3010 affigendum,
976 2949 1089 3011 post
1110 2939 1245 3010 quod
1270 2942 1420 2995 tertia
1445 2940 1694 2995 orationis
1722 2959 1753 2994 a
1785 2938 1956 2995 Paulo

348 3034 625 3104 proposita:
652 3052 796 3103 pars,
830 3050 944 3104 quae
964 3036 1237 3089 avaritiam
1276 3046 1471 3105 spectat
1503 3053 1532 3090 a
1563 3034 1772 3092 Zenone
1795 3053 1957 3106 expo-

347 3130 483 3182 nitur
512 3130 616 3184 illis
649 3131 812 3184 verbis
842 3148 854 3184 :
884 3129 1070 3185 Tertio
1105 3131 1255 3185 dives
1292 3138 1376 3185 est
1406 3130 1636 3186 avaritia
1668 3174 1681 3195 ,
1722 3141 1827 3187 etc.
1882 3131 1955 3184 ita

2063 1903 2370 1971 prtvfatione
2417 1906 2486 1958 ad
2533 1904 2911 1962 Tertullianuut
2949 1909 3213 1964 adnotavit
3251 1913 3404 1966 etiam
3448 1910 3658 1967 veterum

2064 1995 2313 2051 librorum
2335 1997 2438 2066 fide
2468 2000 2776 2069 falsissimas
2803 2003 3042 2057 lectiones
3080 2005 3262 2059 asseri.
3304 2005 3442 2060 Nam
3465 2017 3518 2062 et
3543 2015 3659 2061 sunt

2065 2086 2223 2154 libri,
2250 2088 2444 2160 inquit,
2470 2091 2917 2161 depravatissime
2934 2096 3189 2153 correeti.
3208 2111 3382 2166 neque
3410 2096 3519 2152 ulla
3543 2112 3658 2167 spes

2064 2173 2386 2239 reducendae
2419 2200 2652 2256 unquam
2680 2186 2944 2257 veritatis,
2978 2188 3082 2244 nisi
3124 2198 3234 2245 tam
3277 2202 3489 2247 veteres
3534 2208 3656 2248 nan-

2063 2278 2351 2342 ciscamnr,
2383 2289 2439 2332 ut
2474 2279 2584 2333 sint
2613 2282 2759 2336 omni
2797 2290 3168 2339 correctorum
3209 2285 3533 2356 antiquitate
3574 2301 3660 2341 vc-

2064 2372 2320 2451 tustiores
2344 2382 2396 2428 et
2419 2372 2543 2428 alibi
2570 2374 2708 2429 idem
2733 2374 3005 2432 Baluzius.
3040 2376 3125 2432 Ita
3161 2381 3479 2436 correximus
3503 2398 3563 2436 ea:
3586 2382 3659 2434 in-

2064 2464 2233 2533 genio,
2267 2481 2386 2519 cum
2408 2475 2558 2520 antea
2585 2467 2861 2540 legeretur,
2891 2469 3103 2540 injuria
3123 2512 3139 2539 ,
3183 2472 3315 2527 sicut
3330 2475 3469 2527 enim
3501 2475 3659 2528 molli-

2064 2557 2181 2625 tiem
2204 2558 2478 2628 voluptatis
2497 2561 2709 2632 apponit
2739 2564 3120 2635 asperitatibus,
3149 2567 3223 2621 sic
3247 2566 3433 2640 longas
3454 2569 3656 2623 delicias

2028 2684 2037 2692 ρ
2062 2647 2274 2716 injuria:
2290 2664 2308 2702 :
2331 2651 2561 2719 alioquin
2591 2653 2727 2706 enim
2756 2669 2854 2709 voa:
2882 2655 3094 2726 injuria:
3122 2659 3324 2713 nullum
3372 2662 3456 2715 hic
3485 2662 3659 2717 bonum

2063 2760 2266 2797 sensum
2298 2746 2442 2816 facit.
2474 2747 2597 2803 Haec
2618 2749 2900 2805 attulimus
2926 2754 3201 2824 exempla,
3230 2771 3353 2825 quae
3380 2766 3508 2823 sunt
3529 2759 3659 2827 prx-

2063 2835 2197 2902 cisa,
2228 2852 2350 2893 cum
2381 2849 2435 2895 et
2464 2839 2517 2894 in
2544 2840 2602 2897 S.
2637 2840 2870 2898 Zenonis
2899 2854 3048 2900 textu
3079 2831 3371 2904 antithesis
3398 2851 3657 2921 oppositio

2064 2930 2215 2986 nullo
2242 2932 2349 2988 alio
2389 2950 2573 3002 sensu,
2607 2953 2769 3007 quam
2801 2955 2890 3006 eo,
2923 2957 3029 3009 quo
3079 2941 3196 3012 ejus
3235 2945 3402 2999 verba
3433 2945 3660 3016 explica-
3734 2978 3738 2981 ~

2061 3029 2258 3089 vimus,
2292 3030 2515 3099 reperiri
2542 3031 2753 3100 possit:
2784 3034 3039 3104 nullaque
3064 3036 3239 3107 major
3265 3038 3447 3094 allerri
3501 3038 3659 3110 possit

2061 3121 2201 3174 ratio
2230 3121 2302 3175 ita
2327 3124 2631 3195 corrigendi
2681 3134 2885 3182 textum
2919 3168 2934 3194 ,
2959 3142 3118 3199 quam
3152 3128 3327 3201 ipsius
3372 3142 3656 3190 contextus

343 3206 604 3280 commode
623 3226 931 3297 intelligitur
956 3227 1129 3296 utique
1169 3227 1354 3297 referri
1380 3227 1448 3280 ad
1484 3226 1825 3296 eloquentiam

921 3227 1129 3296 °utique
1169 3227 1354 3297 referri
1380 3227 1448 3280 ad
1484 3226 1825 3296 eloquentiam
1853 3268 1866 3291 ,
1902 3234 1949 3279 et
1977 3204 2021 3269 Ο
2061 3217 2348 3271 ευιιῐθηιῖέι-
2428 3272 2430 3278 .

343 3312 951 3387 [ονιὶιιιάὶηειιιάυανὶιὶιυ
974 3320 1240 3390 facientes,
1273 3319 1336 3372 de
1371 3318 1553 3389 quibus
1577 3320 1816 3372 hactenus
1844 3318 1950 3371 dis-

344 3421 590 3466 seruerat.
625 3412 945 3482 llujusmodi
977 3414 1352 3468 correCtioncs
1405 3424 1602 3483 prmter
1625 3412 1889 3468 editorum
1931 3453 1945 3475 ,

342 3513 397 3557 ct
420 3520 553 3559 mss.
583 3504 872 3560 lectionem
904 3504 956 3559 in
986 3505 1366 3563 eruditiSs-imis
1412 3505 1851 3560 adnotationibus
1879 3502 1947 3557 ad

340 3598 627 3654 'l‘ractatus
675 3599 730 3656 S.
784 3599 1022 3655 Zenonis
1067 3617 1094 3655 a
1149 3600 1210 3655 D.
1264 3600 1566 3655 Balleriniis
1616 3600 1948 3655 elucubratis

344 3694 547 3761 passim
580 3692 763 3748 videre
786 3703 870 3748 est
896 3734 912 3760 ,
948 3710 1008 3749 ea
1038 3693 1244 3749 ratione
1287 3672 1447 3748 allata
1473 3737 1487 3762 ,
1513 3702 1569 3747 ut
1599 3710 1777 3747 sensus
1799 3708 1950 3746 cons-

340 3794 446 3839 tet:
487 3804 550 3839 ne
588 3802 767 3841 sensus
807 3796 933 3841 εδδει
974 3803 1289 3850 suspensus:
1340 3798 1607 3842 contextus
1653 3786 1942 3856 persuasit:

340 3879 595 3933 sensentia
633 3882 919 3949 persuasit:
966 3889 1019 3936 ut
1038 3882 1289 3934 sententia
1344 3880 1639 3952 efflagitat:
1681 3878 1947 3933 sententia:

336 3982 508 4025 autem
537 3974 702 4043 magis
729 3990 1030 4046 congruum.
1076 3971 1210 4027 Cum
1264 3973 1443 4049 itaque
1489 3984 1543 4028 et
1592 3974 1642 4027 in
1672 3973 1774 4028 hoc
1826 3973 1945 4028 loco

337 4063 797 4120 cditorumlecuo
820 4066 1096 4120 contextui
1152 4068 1321 4137 magis
1355 4075 1619 4122 consonet
1643 4108 1658 4133 ,
1687 4082 1795 4137 pra:
1823 4066 1943 4121 aliis

339 4155 663 4215 lectionibus
692 4158 973 4213 retinenda
1005 4167 1109 4226 est,
1132 4168 1185 4213 et
1221 4158 1530 4230 legendum.
1572 4158 1727 4214 Illius
1766 4177 1944 4228 aquo-

338 4250 413 4303 vis
439 4249 593 4313 libere
623 4250 836 4303 tractari
868 4260 1029 4320 potest
1056 4266 1073 4304 :
1104 4262 1249 4305 tuum
1278 4252 1433 4305 etiam
1461 4269 1493 4305 a
1523 4250 1829 4307 Christianis
1858 4253 1939 4324 ip-

335 4342 406 4397 sis
434 4343 641 4397 minime
671 4344 961 4397 consecrari
995 4344 1104 4397 sine
1132 4345 1401 4415 sacrilegio
1433 4345 1596 4399 videri
1641 4356 1825 4416 potest.
1872 4345 1939 4402 Ut

333 4454 525 4494 sensus
558 4441 625 4493 sit
648 4438 986 4494 Cbrisuianos
1007 4439 1174 4507 sacris
1202 4440 1590 4495 interessettles
1619 4450 1806 4495 eontra
1840 4442 1940 4495 im-

335 4546 647 4605 peratorum
680 4535 854 4591 edicta
888 4548 1140 4606 tauquam
1172 4536 1467 4608 sacrilegos
1511 4536 1667 4607 plecti
1702 4580 1715 4603 ,
1750 4538 1934 4607 utjant

2128 3309 2259 3365 Illud
2292 3312 2341 3366 in
2372 3313 2475 3368 hoc
2502 3315 2691 3385 quinto
2736 3316 2794 3372 S.
2826 3317 3064 3378 Zenonis
3093 3328 3326 3377 tractatu
3358 3322 3518 3393 primi
3543 3322 3653 3380 libri

2055 3404 2469 3471 expendendum
2504 3417 2673 3463 restat
2695 3422 3074 3482 argumentum
3099 3430 3164 3469 es
3206 3414 3272 3469 iis
3317 3416 3501 3472 verbis
3529 3431 3652 3471 con-

2054 3494 2258 3574 ﬂatum.
2291 3498 2356 3552 At
2399 3516 2517 3553 cum
2544 3511 2662 3557 ante
2705 3520 2868 3558 annos
2914 3508 3077 3577 ferme
3112 3506 3513 3579 quadringentos
3541 3506 3653 3581 (du-

2053 3601 2244 3648 centos
2267 3610 2333 3649 ex
2356 3596 2695 3653 correctione
2717 3597 3029 3672 legendum)
3046 3602 3124 3655 vel
3141 3617 3198 3657 eo
3222 3602 3472 3671 amplius,
3497 3602 3654 3675 Apos-

2051 3686 2263 3739 tolicum
2294 3687 2391 3741 hoc
2417 3701 2655 3758 operetur
2698 3692 2941 3761 edictum,
2968 3710 3071 3765 quo
3100 3703 3149 3750 et
3185 3696 3469 3751 vivaciores
3515 3697 3650 3764 [uere

2053 3780 2306 3848 homines,
2339 3792 2384 3838 et
2407 3786 2661 3840 rarissimi
2710 3784 3033 3854 Christiani;
3061 3804 3156 3844 cur
3202 3806 3325 3861 ergo
3365 3790 3649 3849 Christiano

2053 3875 2173 3930 orbe
2199 3878 2312 3946 ipso
2335 3894 2480 3947 ptene
2495 3883 2611 3953 jam
2642 3891 2769 3947 toto,
2795 3882 3163 3953 hominumque
3191 3884 3486 3951 vivacitate,
3509 3899 3650 3937 mun-

2051 3971 2117 4024 do
2166 3984 2457 4029 senescente
2505 3976 2714 4041 detrita,
2768 3976 3050 4031 obtundam
3105 3977 3273 4031 verbis
3326 3977 3650 4049 palpantibus

2050 4069 2211 4121 aciem
2242 4070 2491 4138 veritatis,
2520 4080 2627 4126 etc.
2678 4069 2773 4126 llla
2817 4072 2984 4127 verba
3030 4072 3323 4140 adhibent,
3367 4071 3649 4127 Christiana

2049 4162 2169 4215 orbe
2196 4163 2307 4231 ipso
2338 4181 2483 4235 paene
2511 4166 2618 4232 iam
2669 4175 2806 4233 toto,
2850 4167 3048 4237 quibus
3095 4178 3350 4237 quartum
3400 4168 3646 4222 saaculum

2050 4257 2271 4313 iudicari
2321 4259 2657 4314 contendunt
2714 4260 2929 4315 Domini
2982 4259 3293 4324 Balleriuii,
3357 4258 3646 4315 Marcellini

2048 4354 2424 4409 auctoritatem
2464 4356 2736 4424 propriam
2779 4355 2845 4409 ad
2877 4354 3306 4409 conlirmandam
3331 4356 3646 4409 sententiam

2046 4446 2404 4513 adducentes,
2434 4448 2523 4510 qui
2556 4447 2647 4502 lib.
2682 4463 2801 4514 χχι,
2836 4463 2884 4502 c.
2915 4448 2971 4510 2,
3010 4449 3149 4520 ipsos
3198 4463 3401 4516 quoque
3431 4446 3645 4501 Romani

2045 4539 2246 4607 imperii
2268 4540 2451 4594 milites
2473 4541 2790 4595 Christianos
2814 4542 2973 4610 fuisse
2995 4541 3208 4610 prodit;
3236 4542 3321 4594 cui
3353 4548 3411 4595 et
3430 4539 3643 4595 Zonarte

331 4643 519 4687 contra
551 4631 957 4703 Tillcmontium
997 4631 1408 4701 explicavimus.
1454 4632 1533 4686 Ex
1576 4633 1675 4686 hac
1702 4633 1933 4702 genuina
1964 4617 2017 4677 D
2046 4641 2246 4686 textum
2277 4633 2485 4688 addunt
2517 4635 2599 4689 his
2633 4634 2949 4704 supplentcs
2980 4634 3179 4689 verbis.
3216 4632 3367 4688 Unde
3410 4630 3643 4687 Julianus

234 4718 239 4721 ⁷
330 4736 508 4781 textus
564 4726 906 4780 restitutione
932 4733 1181 4796 patenter
1224 4725 1675 4781 anachronismus
1710 4728 1935 4797 emergit

244 4870 255 4877 .
329 4822 471 4877 circa
502 4837 562 4877 ea
586 4865 600 4889 ,
629 4837 746 4893 qu:c
804 4820 890 4875 hic
918 4820 1095 4873 allalis
1138 4820 1450 4890 prteceduut
1490 4820 1671 4874 verba.
1709 4822 1769 4872 At
1813 4836 1931 4873 cum

328 4932 489 4970 annos
537 4916 696 4986 ferme
749 4915 1153 4986 quadringentos
1191 4914 1267 4968 vel
1314 4931 1372 4968 eo
1421 4915 1669 4983 amplius.
1719 4914 1931 4985 Quippe

329 5025 449 5063 cum
485 5025 625 5063 anno
646 5007 851 5062 Christi
892 5007 1002 5062 475
1032 5006 1203 5061 asseri
1235 5022 1341 5061 non
1374 5018 1555 5077 posset
1593 5049 1608 5073 ,
1645 5022 1817 5076 neque
1862 5007 1930 5062 ab

327 5119 472 5157 anno
492 5103 598 5158 360
624 5103 689 5156 ad
712 5102 817 5158 380
845 5101 1279 5156 Chrisrianoi-um
1312 5100 1577 5156 sacriﬁcia
1606 5112 1836 5169 secreta,
1864 5116 1927 5157 ac

326 5198 491 5254 vetita
526 5197 692 5253 luisse
716 5240 731 5263 ,
762 5196 1031 5251 idolorum
1079 5212 1209 5251 vero
1240 5196 1448 5266 publica
1473 5238 1488 5261 ,
1523 5211 1585 5251 ac
1614 5197 1780 5253 libera
1808 5239 1822 5262 ,
1855 5199 1935 5254 le-

326 5291 558 5363 gendum
593 5291 779 5361 procul
815 5291 979 5345 dubio
1025 5300 1107 5345 est
1139 5304 1236 5360 pro
1266 5290 1668 5360 quadringentos
1691 5336 1705 5358 ,
1738 5291 1931 5346 ducen—

328 5393 435 5451 tos,
466 5393 524 5439 ut
548 5384 813 5438 Baronius
866 5383 1074 5453 Optime
1116 5380 1260 5435 hunc
1296 5389 1500 5435 textum
1547 5384 1789 5453 corrigit.
1827 5383 1933 5439 Ne-

327 5495 431 5550 que
457 5479 582 5535 huic
602 5478 769 5533 allicit
796 5477 1140 5541 correcti-mi,
1158 5476 1337 5530 omnia
1362 5491 1490 5531 mss.
1509 5478 1932 5549 quadringentos

325 5576 662 5644 exprimere,
702 5588 822 5625 nam
855 5580 910 5626 ct
961 5572 1061 5625 hoc
1094 5570 1399 5625 amanuensi
1445 5571 1658 5638 antiquo
1688 5587 1792 5636 ,-ex
1824 5588 1931 5641 quo

326 5669 414 5721 alii
448 5668 810 5737 profecerunt,
836 5665 1165 5722 tribuendum
1210 5666 1483 5720 credimus.
1510 5665 1689 5730 Quare
1716 5668 1933 5736 sapien-

332 5762 536 5815 tissime
567 5760 1106 5814 monctclarissimus
1149 5759 1209 5814 P.
1255 5758 1561 5815 Honoratus
1594 5775 1622 5813 a
1646 5812 1649 5813 ,
1675 5760 1733 5815 ὃ.
1764 5761 1931 5816 Maria

331 5852 508 5920 quod:
543 5851 724 5907 Nihilo
746 5854 908 5924 magis
954 5853 1282 5921 deferendum
1328 5864 1402 5908 est
1444 5871 1631 5923 magno
1686 5855 1933 5910 similium

2042 4724 2303 4796 Augustus
2329 4727 2382 4778 in
2414 4724 2603 4780 Galliis
2629 4727 2948 4781 acclamatus
2986 4747 3006 4780 ‹
3043 4736 3102 4782 ut
3149 4741 3341 4781 omnes
3375 4725 3522 4780 nullo
3546 4726 3641 4779 im-

2044 4819 2295 4887 pediente
2339 4819 2406 4873 ad
2453 4819 2540 4874 sui
2583 4818 2823 4875 favorem
2877 4819 3126 4885 illiceret,
3172 4820 3458 4874 adhmrere
3487 4816 3671 4873 cultui‘

2038 4910 2347 4968 Christiano
2374 4913 2644 4982 ﬁngebat;
2676 4930 2799 4968 nam
2832 4913 3122 4969 verebatur
3149 4932 3169 4965 ›
3203 4914 3279 4967 ait
3302 4910 3534 4966 Zonaras
3554 4908 3639 4963 lib.

2038 5019 2155 5071 χιιι,
2191 5022 2244 5057 n.
2279 5006 2368 5070 lii,
2400 5006 2620 5070 milites,
2652 5021 2787 5076 quos
2821 5022 2986 5077 prope
3010 5007 3294 5061 universos
3315 5003 3641 5061 Christianos

2039 5114 2163 5155 esse
2192 5110 2436 5154 noverat.
2465 5101 2595 5156 Dein
2622 5100 3015 5157 Tertulliannm
3043 5118 3206 5173 quem
3238 5102 3342 5157 sibi
3367 5095 3643 5156 adversari

2036 5197 2281 5251 sentiunt
2308 5182 2580 5266 explicare
2609 5206 2873 5252 Conantur
2901 5217 2913 5251 :
2950 5196 3056 5263 Qui
3096 5213 3191 5252 suo
3221 5206 3452 5266 tempore
3474 5196 3641 5250 omnes

2040 5289 2300 5343 Romanas
2323 5291 2471 5346 urbes
2502 5288 2817 5346 Christianis
2840 5292 3082 5363 impletas
3115 5301 3355 5347 testetur.
3398 5290 3641 5345 Oratorie

2039 5384 2108 5438 ibi
2158 5384 2305 5439 illum
2354 5385 2500 5456 loqui
2530 5396 2897 5453 autumantes,
2948 5385 3278 5441 Tertulliani
3322 5386 3485 5441 verba
3529 5383 3642 5438 hate

2038 5490 2211 5533 sunt:
2262 5479 2479 5533 Easterni
2530 5498 2729 5542 sumus,
2781 5491 2828 5535 et
2876 5491 3043 5536 vestra
3083 5482 3259 5535 omnia
3287 5480 3637 5551 implevimus,

2042 5573 2212 5639 nrbes,
2246 5572 2445 5626 insulas
2474 5615 2488 5639 ,
2524 5573 2756 5640 castella,
2785 5575 3089 5647 municipia,
3120 5574 3485 5639 conciliabula,
3524 5588 3640 5625 cas-

2039 5678 2117 5720 tra
2148 5669 2281 5738 ipsa,
2315 5668 2497 5735 tribus,
2545 5669 2804 5736 decurias,
2840 5671 3117 5739 palatium,
3150 5657 3408 5736 senatum,
3449 5669 3638 5736 forum,

2040 5762 2150 5814 sola
2179 5760 2315 5815 vobis
2338 5762 2636 5830 reliquimus
2667 5764 2861 5834 templa
2884 5763 2961 5836 (in
2982 5764 3125 5832 apol.
3152 5779 3270 5832 cap.
3297 5762 3410 5832 37).
3440 5760 3641 5815 Demus

2040 5858 2276 5914 oratorie
2304 5857 2528 5925 dictum,
2560 5867 2615 5914 ct
2661 5860 2892 5929 quodam
2942 5874 3066 5915 cum
3112 5873 3342 5916 excessu
3380 5876 3390 5909 :
3430 5862 3489 5911 ,ιι
3517 5857 3641 5927 quis
