3822 6220
81 192 179 280 τοι)

1508 229 1980 291 DlSSERTATlO.

3269 230 3373 303 ito

80 338 635 409 putctTertullianum
665 341 918 414 gentibus
972 354 1070 412 pro
1112 337 1541 400 Christianorum
1571 344 1664 401 de-
1701 348 1743 409 Α
1774 345 1851 402 de’
1885 349 2227 407 sermonibus
2273 350 2333 409 S.
2382 352 2619 420 Zenonis
2664 355 2843 427 capite
2887 354 3176 413 undecimo
3215 375 3243 413 a
3288 380 3372 416 tt'c

78 432 311 490 leusione
362 436 485 492 talia
541 429 874 507 prolaturum
921 436 1114 503 luisse,
1164 436 1209 491 si
1260 431 1489 491 numero
1540 438 1674 493 adeo

80 528 222 594 pauci
252 525 554 586 Christiani
594 530 757 586 iidem
792 528 1063 585 fuissent?
1103 527 1407 585 Ridiculum
1456 544 1678 599 prorsus

80 617 283 680 iecisset
311 620 629 693 Apologiam
654 638 830 679 suam.
857 622 1179 679 Tertulliani
1205 624 1387 693 itaque
1409 631 1675 694 tempore,

80 712 119 764 si
162 727 266 767 non
322 715 518 783 urbes,
569 716 831 783 insulas,
873 716 1133 785 castella,
1193 716 1509 787 municipia,
1568 725 1682 787 etc.

80 802 363 865 Christiani
406 808 480 863 ita
531 808 920 880 impleverant,
974 819 1033 865 ut
1081 809 1331 882 gentibus
1380 826 1489 866 non
1530 820 1679 867 esset

83 897 252 965 locus;
305 902 441 958 adeo
500 912 678 960 tamen
736 903 1051 976 frequentes
1094 916 1283 973 erant,
1344 914 1406 962 ut
1450 906 1679 978 implere

80 992 306 1061 quodam
344 995 508 1050 modo
533 996 873 1054 viderentur.
909 1000 1252 1072 Quapropter
1277 1002 1420 1057 sicut
1459 1001 1675 1056 Tertul-

82 1084 198 1139 liani
225 1090 512 1157 expressio
543 1091 596 1146 in
634 1102 889 1164 quartum
912 1097 1177 1151 saeculum
1211 1095 1407 1152 cadere
1455 1096 1685 1152 minime

82 1183 268 1250 potest,
304 1197 483 1254 neque
507 1185 567 1241 D.
591 1185 833 1258 ZenOpis
859 1196 1059 1255 textus,
1091 1190 1147 1244 in
1176 1205 1282 1261 quo
1307 1190 1494 1246 orbem
1538 1205 1678 1261 pene

76 1275 178 1345 jam
211 1284 390 1332 totum
411 1275 785 1338 Christianum
818 1267 1080 1354 legimus,
1112 1283 1181 1339 ad
1210 1292 1463 1355 Quartum
1505 1301 1680 1341 saecu-

83 1368 185 1422 lum
215 1368 515 1425 trahendus
543 1380 647 1426 est.
676 1372 824 1428 Idem
867 1374 934 1429 de
966 1375 1087 1429 aliis
1131 1375 1350 1431 Eusebii
1391 1378 1681 1434 sententiis

80 1477 109 1517 a
130 1452 369 1531 dominis
398 1463 702 1521 Balleriniis
728 1467 974 1523 adductis
1002 1468 1312 1524 dicendum.
1368 1470 1371 1471 ⁷

149 1550 351 1614 Verum
379 1560 527 1616 enim
550 1576 685 1617 vero
710 1570 771 1618 ut
792 1561 908 1619 haec
926 1562 1102 1635 magis
1122 1573 1337 1632 constet
1359 1564 1419 1618 D.
1446 1564 1682 1620 Zenonis

82 1652 362 1719 sententia,
396 1654 667 1724 prrecipua
697 1654 1133 1712 consideratione
1182 1656 1415 1713 Gallieni
1440 1658 1683 1731 edictum

1776 452 1901 496 sunt
1955 445 2201 516 allegata.
2262 448 2336 501 Ex
2394 448 2564 518 ipsius
2612 450 2857 520 epistolzc
2908 461 3162 506 contextu
3218 451 3375 521 plane

1778 545 1989 591 constat
2037 538 2093 594 S.
2130 540 2471 621 AtnbrOsium
2519 558 2698 614 neque
2743 544 3154 611 Veronensetn,
3201 561 3378 616 neque

1778 627 2089 699 episcopum
2129 630 2313 688 dicere
2336 643 2372 699 ,'
2397 649 2558 704 quem
2609 630 2855 693 nominat
2891 637 3191 693 Zenonem.
3224 636 3375 692 indi-

1778 716 1928 773 ciam.
1944 735 2073 777 vero
2099 721 2324 795 Syagrio
2357 743 2466 782 non
2494 727 2659 784 fuisse
2685 730 2958 785 subditam
2981 772 2995 796 ,
3025 732 3124 787 nisi
3151 731 3376 787 obtentu
3442 750 3449 757 λ

1780 807 1995 877 delicti,
2028 814 2212 886 cujus,
2245 817 2371 873 licet
2400 818 2571 890 falso,
2608 812 3039 880 insimulabatur
3066 812 3397 898 ltchirgo-

1781 902 2235 963 manifestissimis
2255 903 2585 983 coniecturis
2607 931 2671 970 ex
2695 916 2938 987 ejusdem
2960 918 3202 989 epistola:
3224 928 3376 976 textu

1780 999 1970 1065 crutis,
2000 1001 2166 1056 citato
2193 1002 2312 1059 loco
2337 1006 2726 1066 demonstravi.
2759 1011 2872 1067 lloo
2897 1024 2953 1067 ut
2977 1016 3149 1084 magis
3175 1016 3377 1086 magis-
3435 1007 3453 1070 ,’

1781 1107 1887 1162 que
1926 1100 2145 1163 pateat,
2189 1093 2483 1155 notandum
2516 1111 2602 1158 est
2632 1105 2682 1158 in
2710 1103 2813 1161 hac
2845 1105 2905 1159 ι).
2937 1107 3215 1163 Ambrosii
3256 1123 3374 1165 res-

1782 1186 2005 1272 ponsiva
2044 1187 2275 1257 epistola
2306 1190 2372 1244 ad
2402 1190 2722 1264 Syagrium,
2755 1198 2837 1269 agi
2868 1198 2937 1254 de
2966 1198 3249 1271 illegitimo
3279 1200 3374 1272 ju-

1783 1270 1928 1334 dicio
1955 1280 2234 1347 νει-(ιυριιά
2259 1282 2483 1356 Syagrio
2506 1288 2754 1363 instituto
2777 1303 2963 1348 contra
2988 1270 3245 1363 Indiciam
3263 1270 3376 1351 :VTu

1785 1382 1961 1429 autent
1998 1377 2111 1430 sine
2151 1376 2379 1451 alicujus
2418 1382 2600 1451 fratris
2636 1386 2851 1440 consilio
2879 1387 2974 1442 ltoc
2994 1390 3258 1459 judicium
3285 1390 3378 1445 tibi
3405 1448 3409 1452 ,

1702 1478 1707 1481 ’
1784 1466 1925 1521 solus
1942 1470 2294 1540 judicandum
2321 1476 2540 1543 putaris,
2568 1477 2622 1529 in
2654 1493 2755 1547 quo
2785 1488 2952 1534 tamen
2980 1496 3097 1537 ante
3114 1486 3387 1556 judicium
3460 1506 3467 1513 ι

1785 1562 2155 1633 prazjudicium
2195 1565 2409 1636 feceris,
2453 1578 2507 1622 ut
2546 1571 2775 1639 puellam
2805 1570 3029 1628 Zenonis
3056 1586 3248 1631 sancta:
3276 1594 3381 1631 tne-

1789 1656 1966 1707 ntoriaz
1984 1657 2191 1728 judicio
2232 1658 2535 1729 probatam,
2584 1665 2794 1735 ejusque
2837 1667 3185 1737 santiﬁcatam
3234 1672 3381 1726 bene-

81 1748 469 1819 emendainiis.
521 1748 708 1815 Refert
751 1749 884 1805 illud
941 1748 1226 1807 Eusebius.
1287 1748 1679 1821 Indulgentiam
1708 1746 1756 1807 B
1785 1745 2012 1802 dictione
2034 1759 2169 1821 .pou
2216 1762 2287 1806 tot
2338 1770 2503 1809 annos
2550 1756 2661 1812 sine
2710 1768 2920 1813 auclore
2972 1760 3380 1827 criminationis.

47 1840 171 1915 ‘(ita
200 1842 509 1914 Gallienus)
549 1843 780 1913 beneﬁcii
810 1845 974 1899 nostri
1025 1861 1118 1917 per
1168 1847 1459 1899 universum
1511 1846 1681 1901 orbem

82 1935 306 2005 di/j'undi
334 1940 698 2011 praecipimus,
734 1948 788 2010 ut
817 1940 992 1994 cuncti
1021 1938 1312 2013 (Gentiles)
1360 1957 1391 1994 a
1426 1940 1682 2011 religiosis

82 2030 203 2087 locis
228 2033 530 2089 abscedant.
550 2032 716 2089 lubet
742 2034 1039 2104 imperator
1064 2050 1156 2106 per
1186 2036 1481 2095 universum
1509 2034 1681 2090 urbem

80 2109 403 2183 Christianis
429 2127 681 2200 religiosa
707 2126 826 2182 loca
857 2127 1097 2183 restitui.
1131 2126 1318 2184 Tertio
1355 2129 1535 2199 itaque
1573 2142 1681 2183 sae-

80 2222 201 2295 culo
227 2219 409 2299 diﬂ‘usi
457 2236 553 2293 per
589 2216 912 2277 universum
943 2223 1132 2277 orbem
1181 2220 1471 2277 Christiani
1502 2230 1678 2277 erant.

80 2313 210 2371 Num
237 2325 295 2373 et
321 2316 632 2375 Gallienum
680 2318 922 2374 oratorie
954 2317 1057 2372 hoc
1108 2317 1163 2371 in
1211 2317 1393 2372 edicto
1442 2316 1705 2380 locutum.

81 2410 319 2466 dicemus
340 2411 367 2464 2
391 2409 477 2465 Ab
504 2410 723 2482 Trajani
770 2412 933 2466 etiam
969 2421 1212 2480 tempore
1244 2412 1303 2466 in
1345 2421 1550 2465 tantum
1585 2427 1684 2466 nu-

82 2516 289 2557 merum
338 2500 687 2558 excrevissse‘
724 2502 926 2558 Christi
976 2502 1167 2558 ﬁdeles
1211 2519 1280 2558 ex
1323 2518 1390 2559 eo
1430 2511 1678 2571 constat,

82 2580 218 2665 quod
247 2595 603 2667 magistratus
641 2595 711 2650 ad
750 2596 897 2666 ipsos
938 2596 1215 2652 necandos
1250 2597 1484 2668 impares
1511 2582 1684 2653 fuisse

83 2691 351 2762 legamus;
404 2680 816 2748 demonstratur
864 2682 1092 2762 quoque
1133 2691 1456 2747 exuberanti
1502 2690 1680 2747 fructu

83 2784 235 2840 ﬁdem
257 2783 471 2842 Christi
493 2786 689 2843 eodem
714 2787 876 2841 tertio
907 2787 1107 2842 saeculo
1133 2772 1485 2859 propagatum
1510 2829 1523 2853 ,
1557 2804 1681 2843 eum

82 2877 515 2952 Thaumaturgus
561 2879 859 2951 Gregorius
901 2881 1211 2952 quindecim
1241 2882 1525 2952 reliquisse
1556 2882 1681 2936 inii-

80 2972 224 3029 deles
254 2973 505 3047 (totidem
562 2977 796 3045 namque
826 2974 1016 3031 lideles
1051 2986 1208 3031 erant
1229 3017 1245 3044 ,
1277 2961 1494 3048 quando
1533 2976 1681 3033 Neci

80 3068 459 3123 czesarieasem
479 3067 1088 3141 suscepitCatltedram)
1112 3070 1163 3123 in
1186 3069 1417 3125 Domino
1442 3074 1681 3125 moriens

1783 1840 1895 1894 sine
1921 1853 2242 1911 accusatore,
2270 1846 2381 1901 sine
2402 1840 2695 1920 professors
2718 1850 2990 1907 delationis
3016 1854 3067 1908 in
3098 1855 3382 1922 periculum

1782 1935 1956 1993 reatus
2003 1938 2357 1999 deducendam
2400 1941 2729 1998 arbitrarere.
2788 1943 2884 1999 Cui
2932 1946 3126 2000 invidia
3170 1958 3301 2003 esset
3350 1966 3383 2003 a

1782 2032 1963 2100 uanis,
2008 2032 2297 2102 litareticis,
2344 2044 2397 2089 ut
2441 2037 2543 2110 ipsi
2583 2039 2795 2106 volunt,
2826 2056 2858 2093 a
2886 2042 3123 2111 turpibus
3151 2043 3383 2114 personis

1783 2123 2008 2194 conﬂata
2055 2142 2147 2196 per
2172 2127 2358 2183 scelus.
2409 2128 2485 2183 Ea
2513 2144 2645 2184 vero
2711 2142 2859 2200 erat,
2907 2143 2961 2188 et
3003 2132 3064 2186 Ι).
3115 2135 3382 2189 Ambrosii

1786 2218 2119 2286 temporibus
2156 2218 2208 2273 in
2248 2218 2493 2295 Ecclesia
2534 2222 2859 2291 judiciorum
2900 2223 3184 2296 disciplina
3224 2241 3382 2280 cons-

1781 2308 1940 2364 tituta
1985 2326 2084 2382 per
2123 2310 2372 2368 Nicaenos
2412 2328 2652 2371 canones
2692 2317 2973 2387 quintum,
3026 2325 3080 2373 et
3117 2318 3381 2373 decimum

1785 2409 2033 2461 sessum.
2079 2419 2110 2459 a
2152 2404 2479 2473 Sardiceusi,
2510 2408 2743 2463 concilio
2784 2425 2997 2486 canone
3030 2426 3128 2465 xm
3168 2424 3221 2467 et
3268 2427 3383 2479 xw,

1784 2494 2173 2573 confirmatos,
2221 2508 2280 2553 ut
2322 2501 2496 2564 nullus
2539 2502 2815 2572 cpiscopus
2846 2504 3082 2576 judicet,
3129 2507 3384 2573 retineat,

1786 2580 2221 2657 excommunic'et,
2278 2592 2481 2649 ordinet
2532 2596 2759 2651 numam
2800 2596 3196 2667 'parocltianum.
3250 2598 3386 2655 Nam

1786 2684 1910 2739 licet
1965 2693 2210 2755 tempore
2265 2692 2698 2757 persecutionum
2754 2691 3006 2762 exigente
3057 2693 3387 2749 necessitate

1786 2775 2043 2847 episcopo
2070 2778 2121 2832 in
2148 2778 2324 2834 aliena
2356 2764 2616 2849 dioecesi,
2644 2781 2728 2838 vel
2762 2781 3082 2838 in‘alieuum
3112 2784 3385 2840 subditum

1780 2864 2217 2944 jurisdictionem
2241 2891 2393 2947 suam
2415 2893 2672 2933 exercere
2696 2879 3017 2947 permissum
3043 2873 3241 2935 fuerit:
3272 2880 3388 2935 haec

1788 2971 1966 3021 tamen
1996 2969 2334 3043 consuetudo
2364 2986 2462 3041 per
2498 2971 2700 3048 relatos
2727 2971 2980 3029 Nicaenos
3016 2988 3253 3030 canones
3290 2989 3387 3029 su-

1784 3059 1932 3115 blata
1971 3071 2089 3127 est,
2131 3074 2192 3118 ut
2232 3064 2441 3134 optimo
2477 3073 2667 3121 contra
2702 3064 2981 3122 Socrate'm
3022 3076 3171 3122 notat
3197 3067 3388 3132 Chris-

80 3163 301 3234 gloriari
345 3164 561 3235 poterit.
614 3163 869 3219 Testatur
912 3163 1018 3219 hoc
1057 3162 1319 3220 Nissenus
1351 3163 1679 3246 Gregorius:

1820 3155 1973 3209 ianus
1998 3155 2200 3227 Lupus.
2236 3156 2482 3215 Secundo
2509 3160 2698 3231 falsum
2729 3169 2801 3215 est
2830 3160 2927 3232 (ita
2950 3160 3133 3232 Lupus
3164 3160 3309 3218 Tam.
3338 3177 3384 3229 ι,

81 3254 336 3311 Crésceret
358 3268 534 3313 autem
570 3243 870 3328 mysterium
901 3254 1339 3323 Christianorum,
1380 3268 1426 3311 et
1462 3243 1522 3311 in.
1546 3259 1684 3313 mul—

81 3349 347 3404 titudinem
384 3348 575 3419 ubique
607 3359 863 3407 terrarum
894 3359 1271 3422 propagaretur
1318 3347 1553 3405 Ecclesia
1591 3366 1684 3420 per

82 3456 183 3507 eos,
212 3440 303 3511 qui
336 3457 537 3509 semper
564 3442 790 3515 sertnoni
820 3440 1231 3515 adjungerentur
1275 3443 1328 3496 in
1358 3441 1683 3516 magnitudi-

82 3551 191 3588 nem
212 3530 467 3609 exurgens
484 3533 605 3609 (To.
634 3550 716 3601 tn,
748 3536 803 3590 in
836 3533 953 3589 Vita
980 3535 1216 3609 Gregorii
1242 3536 1668 3611 Tltautttaiut'gi).

81 3628 214 3694 Quin
258 3640 315 3685 et
366 3630 483 3700 ipse
531 3628 908 3704 sanctissimus
965 3641 1174 3702 martyr
1229 3626 1533 3701 Cyprianus
1578 3630 1680 3687 sub

81 3721 403 3792 imperatore
452 3718 701 3780 Gallieno
752 3722 1021 3799 martyrio
1066 3734 1383 3789 coronatus,
1434 3725 1501 3781 de
1549 3740 1680 3795 pace

81 3815 240 3886 lapsis
262 3832 532 3873 concessa
562 3817 629 3872 ad
662 3818 1030 3874 Antonianum
1059 3819 1246 3875 scribit
1277 3837 1291 3872 :
1330 3818 1462 3886 Qua:
1495 3819 1685 3873 litterte

82 3926 168 3976 per
211 3916 377 3965 totum
400 3908 652 3978 mundum
680 3910 853 3966 missa
881 3922 1021 3978 sunt,
1066 3920 1112 3965 et
1144 3912 1198 3964 in
1226 3912 1467 3964 notitiam
1496 3908 1679 3964 Eccle-

78 4003 163 4058 siis
190 4004 445 4071 omnibus,
477 4012 525 4058 et
546 4003 793 4058 universis
818 4004 1070 4073 fratribus
1100 4003 1310 4074 perlata:
1338 4011 1479 4057 sunt.
1504 4000 1679 4057 Cous-

81 4102 151 4162 tat
176 4096 339 4165 igitur
378 4112 447 4151 ex
478 4096 546 4159 iis
579 4093 864 4160 omnibus,
910 4089 1030 4167 quae
1059 4096 1130 4150 ab
1155 4094 1386 4151 exordio
1413 4095 1677 4151 hactenus

78 4190 573 4266 consideravimus,
608 4190 811 4246 nullum
841 4205 909 4262 ex
939 4191 1001 4245 ι).
1039 4189 1272 4245 Zenonis
1313 4189 1550 4245 textibus
1579 4182 1676 4245 de-

76 4281 195 4337 duci
245 4288 627 4356 argumentum
674 4299 868 4356 posse,
923 4294 984 4339 ut
1036 4285 1158 4355 quis
1211 4283 1355 4340 illius
1411 4284 1675 4355 epocham

76 4377 407 4434 constituere
456 4361 664 4449 quarto
693 4380 897 4434 saeculo
933 4377 1200 4449 adigatur.
1244 4377 1363 4433 Mox
1416 4378 1484 4433 ad
1534 4379 1672 4443 alia,

76 4486 191 4539 qua:
238 4470 466 4539 exterae
525 4482 782 4545 petuntur
838 4472 1157 4545 argumenta
1204 4459 1502 4545 opitulante
1560 4474 1673 4530 Deo

79 4566 457 4632 procedamus.
752 4574 755 4575 ⁷

690 4706 919 4764 CAPUT
971 4706 1059 4762 lll.

79 4822 105 4896 §
143 4823 184 4880 Ι,
226 4825 316 4880 Ea;
345 4826 411 4883 8.
444 4826 706 4891 Ambrosii
731 4824 976 4899 Epistola
1003 4826 1071 4886 ad
1103 4824 1385 4905 Syagrium
1419 4823 1684 4883 Veronene

140 4933 251 4972 sem
280 4920 585 4991 episcOpum
603 4954 631 4986 ,ν
654 4920 718 4975 S.
751 4918 1012 4983 Zenonem
1040 4930 1226 4990 quarto
1245 4920 1443 4981 alecula
1474 4919 1679 4987 vixisse,

141 5012 357 5081 probari
383 5028 487 5075 non
515 5022 703 5084 potest.

144 5122 429 5193 Syagrium
450 5163 467 5191 ,
496 5123 566 5179 ad
592 5140 753 5194 quem
784 5128 1073 5184 occasione
1096 5128 1314 5185 ludiciae
1339 5128 1565 5199 virginis
1590 5126 1679 5183 lit-

78 5222 217 5271 teras
261 5214 414 5271 dedit
453 5217 804 5301 bnabrosius,
847 5220 1193 5279 Veronensem
1228 5224 1528 5296 episcopunt
1568 5232 1679 5277 tum

79 5307 267 5373 faba,
308 5308 476 5378 ipsius
523 5309 757 5379 epistolae
801 5322 1096 5367 contextum
1146 5317 1303 5385 plane
1344 5316 1675 5382 convincere,

80 5397 445 5479 [adiciamque
471 5402 739 5472 virginem
770 5388 960 5458 contra
988 5407 1127 5474 juris
1158 5409 1405 5464 ordinem
1447 5409 1517 5463 ab
1558 5410 1679 5479 ipso

80 5478 310 5566 Syagrio
356 5494 711 5566 inspectionis
763 5495 1105 5567 subjeCtam,
1166 5500 1413 5570 ejusdem
1467 5502 1707 5573 Syagrii

77 5584 438 5655 jurisdictioni
493 5586 764 5645 subditam
819 5597 929 5644 tota
984 5592 1212 5661 epistola
1280 5592 1420 5656 tradi
1472 5592 1679 5650 domini

83 5678 349 5739 Balle'rinii
408 5692 681 5740 asserunt.
742 5682 999 5739 indiciam
1068 5694 1253 5740 tamen
1303 5684 1679 5743 Veronenscm

85 5788 187 5830 non
215 5774 414 5844 fuisse,
451 5776 603 5853 plura
635 5772 700 5833 ad
726 5776 1319 5834 bocdemonstrandum
1350 5779 1679 5849 primolibro

1790 3248 1860 3303 In
1903 3250 2118 3311 Scholia
2158 3251 2229 3307 ad
2270 3252 2309 3307 2
2343 3269 2605 3308 canonem
2653 3255 2862 3309 concilii
2900 3251 3206 3327 Constant.)
3252 3254 3389 3323 quod

1788 3330 2293 3425 episcOporum’atl‘
2322 3347 2519 3403 alienas
2581 3347 2840 3402 Ecclesias
2903 3348 3204 3420 demigratio
3229 3390 3244 3414 ,
3300 3365 3389 3403 seu
3444 3368 3447 3369 '

1788 3437 2084 3493 alienarum
2132 3434 2485 3496 Ecclesiarum
2522 3434 2705 3512 ‘quoad
2721 3441 2947 3515 judicia,
3001 3442 3387 3507 ordinationes,

1786 3543 1877 3585 aut
1911 3534 2140 3604 quamvis
2169 3536 2662 3592 adn‘tinistratianem
2701 3538 2764 3591 sit
2802 3536 3071 3590 interdicta
3108 3536 3177 3589 ad
3215 3536 3390 3590 exclu-

1786 3628 2012 3681 dendum
2053 3638 2303 3683 vetustam
2344 3646 2535 3683 morem
2563 3631 2832 3684 toleratam
2864 3629 2987 3683 olim
3016 3644 3175 3682 causa
3205 3628 3386 3682 Genti-

1784 3721 1915 3776 lium
1956 3723 2386 3793 persecutionum.
2438 3721 2716 3777 Gentilium
2761 3723 3138 3792 persrcutiones
3170 3721 3389 3791 jamdu-

1784 3816 1911 3869 dum
1931 3816 2168 3870 extinctae
2194 3822 2360 3886 erant,
2392 3826 2442 3871 et
2470 3832 2533 3870 ea:
2559 3832 2735 3872 earum
2774 3816 3073 3871 necessitate
3112 3816 3388 3871 toleratam

1783 3919 1997 3965 mortem
2042 3908 2357 3982 jampridem
2389 3906 2697 3965 excluserat
2746 3908 2985 3978 Nirwna'
3015 3910 3243 3980 synodus
3297 3924 3388 3979 per

1781 4014 2021 4075 quartum
2079 4015 2129 4060 et
2193 4016 2394 4060 sextum
2458 4021 2704 4059 canonent
2732 4046 2748 4072 ,
2792 4004 3187 4074 confirmatum,
3235 4014 3386 4073 atque

1780 4101 2078 4155 innovatum
2105 4116 2137 4152 a
2168 4101 2316 4175 tertio
2347 4099 2667 4156 Sardicensi.
2712 4098 2882 4169 Hujus
2922 4099 3137 4153 concilii
3177 4113 3387 4155 canone

1738 4234 1745 4237 κ
1785 4209 1900 4259 xxv,
1934 4193 2046 4248 sola
2087 4193 2423 4264 permittitur
2451 4192 2749 4264 appellatio
2776 4194 2842 4247 ad
2872 4192 3389 4262 Metropolitanum,

1766 4286 1833 4341 ‘ei
1861 4287 1955 4356 qui
1974 4296 2042 4343 se
2071 4287 2140 4342 ab
2166 4285 2459 4368 prdinario
2482 4286 2681 4358 injuste
2708 4272 3229 4341 excenimunitatum
3256 4302 3383 4343 cau-

1780 4382 1949 4433 setur.
1997 4377 2098 4446 Qui
2141 4377 2366 4450 ejicitur,
2399 4376 2694 4454 potestatein
2716 4377 2896 4431 habeat
2943 4377 3268 4459 confugiendi
3309 4378 3379 4431 ad

1782 4473 2078 4538 episcOpttm
2105 4470 2412 4540 Metropolis
2436 4471 2661 4542 ejusdem
2684 4469 2991 4538 provinciis;
3017 4469 3224 4523 interim
3253 4467 3378 4524 dum

1700 4546 1758 4636 Β
1783 4563 2167 4637 appellationis
2197 4562 2464 4634 judicium
2505 4564 2681 4635 agitur
2710 4562 2967 4624 ordinarii
3010 4560 3163 4619 ﬁrma
3204 4572 3383 4619 stante

1784 4657 2053 4713 sententia
2077 4699 2091 4724 ,
2124 4658 2300 4713 donec
2339 4656 2583 4728 legitime
2624 4656 2964 4715 sententiain
3001 4655 3238 4712 secunda
3271 4656 3383 4710 ins-

1787 4754 1957 4807 tantia
1997 4753 2104 4807 lata
2146 4751 2676 4829 fuerit.,Priusqttam
2701 4738 2884 4807 autem
2910 4750 3201 4821 diligenter,
3232 4760 3383 4817 etes:

1786 4848 1891 4916 ﬁde
1913 4849 2118 4920 singula
2142 4834 2437 4904 exannnata
2460 4846 2681 4919 fuerint,
2713 4844 2806 4915 qui
2842 4845 3247 4899 communionem
3275 4863 3381 4901 non

1790 4940 1989 5009 Itabet,‘
2022 4952 2124 4995 non
2166 4939 2313 4994 debet
2355 4948 2472 4993 ante
2514 4939 2591 4992 rei
2630 4936 2971 5007 cognitionem
3015 4936 3119 4990 sibi
3151 4931 3383 4991 commu-

1790 5036 1994 5090 nionem
2022 5046 2283 5102 arrogare.
2313 5030 2450 5098 Quae.
2473 5026 2652 5093 omnia
2684 5026 2928 5082 secundo
2967 5042 3176 5083 canone
3204 5026 3381 5084 Cons-

1787 5124 2223 5198 tantinopolitani
2264 5122 2483 5180 concilii
2514 5136 2666 5178 anno
2706 5120 2913 5178 Christi
2948 5121 3054 5179 581'
3081 5122 3379 5193 celebrati,

1784 5220 2031 5277 innovari
2056 5225 2208 5274 notat
2236 5217 2375 5272 idem
2407 5216 2608 5291 Lupus.
3362 5292 3365 5294 _

1856 5314 1968 5381 Qua
2008 5311 2077 5367 de
2115 5326 2207 5377 re,
2247 5324 2371 5365 eum
2399 5318 2456 5365 et
2484 5294 2547 5364 D.
2579 5304 2850 5366 Ambrosii
2882 5320 3041 5367 aetate
3074 5312 3190 5366 h:ee
3215 5310 3384 5377 disci-

1789 5405 1934 5476 plina
1980 5404 2217 5474 vigeret,
2269 5399 2542 5472 quomodo
2592 5400 2735 5459 idem
2786 5401 3106 5459 Ambrosius
3156 5401 3383 5474 Syagrio

1788 5503 2111 5554 succensere
2147 5501 2437 5565 potuerat:
2480 5490 2558 5548 Tu
2596 5504 2769 5549 autem
2808 5497 2917 5549 sine
2954 5495 3168 5549 alterius
3206 5495 3383 5565 fratris

1789 5590 2009 5645 consilio
2038 5588 2133 5642 lioc
2151 5589 2414 5661 judicium
2442 5587 2536 5642 tibi
2560 5586 2659 5642 soli
2677 5587 3024 5659 judicandum
3052 5588 3269 5658 putaris.
3324 5586 3381 5643 Si

1789 5682 2004 5739 subdita
2031 5680 2256 5761 Syagrii
2284 5682 2475 5738 fuisset
2501 5680 2748 5737 Indicia?
2783 5681 2963 5736 Potuit
3001 5681 3217 5752 quidem
3248 5683 3385 5754 Sya-
3408 5740 3421 5749 κ

1788 5776 1938 5849 grius
1957 5820 1972 5845 ,
2003 5785 2058 5833 et
2085 5777 2141 5836 in
2168 5792 2274 5832 non
2300 5772 2568 5833 subditam
2593 5774 2853 5845 judicium
2879 5790 3136 5832 exercere
3162 5784 3383 5846 propter
