3822 6220
355 153 508 208 711’

1485 156 1574 212 DE
1621 155 1864 214 SANC'I'I
1902 153 2190 215 ZENONIS
2230 155 2501 214 EPOCllA

3544 149 3644 205 712

348 266 606 322 delictum
628 309 641 333 .
681 276 738 324 ut
773 249 1064 332 ferebatur,
1105 267 1333 334 Verona:
1373 269 1743 324 commissum.
1779 269 1846 340 At
1873 267 1940 321 il-
1971 273 2023 329 Α
2053 270 2233 337 tibus,
2266 263 2938 331 confabulationibusque,
2997 273 3060 313 ac
3103 257 3264 340 ludis
3289 246 3640 334 abhorreret;

349 361 459 418 lum
497 363 840 434 reprehendit
884 361 1201 416 AmbrOsius
1219 402 1240 446 ι
1280 362 1423 434 quod
1454 364 1572 419 sine
1602 363 1830 419 consilio
1860 364 1940 418 al-

348 453 520 510 terius
545 453 723 509 fratris
750 453 947 524 (semet
975 452 1219 508 modeste
1249 453 1502 526 innitens)
1529 455 1788 525 judicium
1817 470 1942 524 age-

2045 336 2296 428 atqueut
2327 360 2441 430 Deo
2471 362 2686 410 vacaret
2713 355 2874 408 etiam
2915 351 2970 405 in
3000 336 3277 421 agrosute
3305 350 3641 423 consortium

2043 440 2326 508 afﬁnitatis
2354 448 2666 518 refugisset,
2691 454 2744 498 et
2765 443 2902 499 forte
2927 439 3144 498 Maximi
3170 443 3444 523 licentiam
3465 485 3480 509 ,
3500 446 3642 515 quod

345 555 448 601 ret.
480 546 629 600 [licet
658 544 800 599 enim
829 543 1043 600 ratione
1075 546 1272 614 patrati
1314 525 1488 617 stupri
1529 547 1727 602 Indicia
1772 547 1940 615 ipsius
2041 542 2269 597 innuere
2314 539 2527 594 videtur
2569 534 2929 601 Ambrosius,
2973 525 3216 601 addens,
3264 536 3469 605 aliaque
3512 537 3641 608 proli

341 635 549 709 Syagrii
579 634 976 714 jurisdictionis
1013 636 1370 704 subderetur;
1412 648 1650 694 attamen
1685 654 1806 716 cum
1840 653 1937 692 ex—

343 739 453 787 tera
495 739 676 798 esset,
718 739 779 785 ut
819 730 989 802 ipsius
1030 731 1196 787 vitam
1243 717 1310 788 ac
1353 747 1535 807 mores
1578 739 1933 804 agnosceret,

293 865 295 867 ι
338 817 627 880 consilium
659 821 887 895 Syagrio
913 824 1275 894 expetendum
1303 823 1406 880 fuit
1444 823 1514 879 ab
1560 823 1680 893 ipso
1722 820 1937 892 potissi—

337 931 484 971 mum
504 912 827 994 Ambrosio,
868 917 1126 973 cui..nota
1175 923 1293 979 erat
1340 912 1562 969 indicia.
1615 911 1776 967 Nulla
1826 910 1934 965 alia

337 1007 475 1064 ratio
519 1007 963 1078 reprehensionis
1009 1005 1170 1077 hujus
1211 1005 1406 1061 adduci
1453 1013 1653 1076 potest.
1702 1003 1836 1058 Nam
1884 1001 1934 1057 si

342 1102 670 1159 Veronensis
718 1101 907 1157 luisset
952 1101 1146 1178 virgo,
1192 1107 1251 1154 ut
1305 1097 1776 1168 falsop'utabatur
1818 1083 1933 1151 stu-

337 1187 486 1266 prata
505 1236 520 1260 ,
563 1203 629 1266 et,
653 1193 753 1264 ipsi
791 1191 1020 1263 Syagrio
1055 1200 1182 1246 nota
1205 1232 1221 1254 ,
1251 1205 1350 1246 cur
1377 1190 1447 1245 ab
1487 1188 1610 1246 aliis
1639 1189 1831 1244 notitia
1861 1188 1933 1245 de

174 1304 198 1315 ’
232 1273 234 1275 ’
333 1288 427 1345 illa
446 1269 778 1358 exquirenda
804 1285 958 1343 erat?
985 1283 1061 1339 De
1084 1282 1188 1343 liae
1212 1282 1401 1338 notitia
1427 1297 1592 1354 agere
1619 1282 1677 1339 S.
1703 1280 1934 1338 Ambro-

330 1381 471 1435 sium
514 1393 583 1434 ex
607 1377 777 1447 ipsius
804 1375 1051 1446 epistola
1081 1374 1260 1432 verbis
1291 1374 1635 1431 manifestum
1663 1384 1779 1440 est,
1807 1389 1930 1429 cum

330 1471 470 1527 hanc
497 1469 744 1526 notitiam
784 1469 1013 1542 Syagrio
1057 1470 1336 1540 pwbeat,
1389 1468 1827 1525 benedictionem
1854 1474 1935 1523 ~et

327 1565 816 1622 sanetillcationem
842 1563 1082 1620 Zenonis
1111 1578 1212 1633 pro
1237 1562 1441 1618 Indicia
1474 1563 1742 1634 allegans,
1779 1563 1929 1632 ejus-

2041 633 2225 686 dolor!
2265 626 2456 700 Quare’
2493 628 2929 683 Maximus-odio
2971 627 3024 682 in
3069 627 3326 683 Indicium
3373 627 3637 700 ﬂagrans,

2037 724 2295 780 conﬂavit
2318 724 2643 778 calumniam
2665 765 2680 790 ,
2710 723 2867 792 cujus
2907 723 3362 781 fautores‘habuit
3393 738 3520 791 eos,
3549 727 3640 797 qui

2035 815 2261 886 virginis
2289 805 2514 871 Iudicia:
2537 816 2996 879 continentia.'ae
3015 817 3358 873 sarcularium
3403 832 3636 874 consue-

2035 907 2280 964 tudinum
2309 907 2433 980 fuga
2461 908 2654 964 οπεηεί
2681 919 2856 965 erant.
2893 909 3035 966 Nam
3065 920 3112 965 et
3154 911 3238 965 hic
3274 911 3497 966 uidimus
3535 911 3636 966 du-

2033 1001 2193 1065 dum,
2218 1005 2274 1057 'et
2302 1002 2410 1056 illic
2439 1018 2549 1058 esse
2575 1004 2957 1072 comperimus,
2999 1004 3089 1074 qui
3128 1004 3466 1072 compositam
3505 1005 3635 1058 hanc

2031 1099 2320 1164 querantur
2343 1094 2697 1162 calumniam,
2741 1112 2869 1166 quos
2908 1097 3088 1163 aiunt,
3123 1104 3169 1160 et
3199 1095 3422 1164 oﬂ‘ensos
3452 1096 3638 1167 favisse
3699 1134 3708 1139 -

2035 1184 2303 1254 Maximo,
2335 1186 2473 1258 quod
2511 1172 2798 1260 ista-oiryo
2825 1205 2930 1242 non
2967 1190 3248 1244 circumeat
3289 1189 3502 1256 domos,
3543 1205 3638 1243 nec

2033 1295 2213 1334 eorum
2238 1289 2498 1335 matronas
2526 1280 2745 1347 salutet,
2769 1291 2922 1352 atque
2943 1280 3156 1336 ambiat.
3185 1281 3265 1338 Ita
3291 1282 3634 1338 Ambrosius.

2031 1369 2189 1427 Nulla
2235 1371 2322 1435 hic
2361 1373 2432 1429 de
2473 1389 2532 1428 re
2573 1371 2830 1429 familiari
2871 1375 3074 1430 mentio
3101 1375 3196 1442 ﬁt;
3240 1359 3574 1446 quapropter
3590 1375 3637 1429 si

2033 1464 2306 1520 Ambrosii
2351 1466 2513 1521 verba
2563 1467 2784 1536 proprio
2829 1467 3178 1538 inspiciamus
3214 1473 3474 1537 aspectu.
3519 1466 3639 1522 haec

2018 1555 2162 1618 lacti
2196 1559 2354 1630 hujus
2384 1561 2586 1615 veritas
2613 1560 2958 1630 apertissime
2985 1577 3051 1616 ex
3083 1562 3217 1631 ipsis
3243 1562 3422 1617 verbis
3452 1577 3637 1617 emer-

327 1676 434 1732 que
481 1660 746 1716 innocuos
794 1672 978 1714 mores
1030 1657 1267 1714 textibus
1304 1656 1696 1728 comprobans,
1726 1665 1782 1710 at
1820 1671 1926 1710 non
1957 1655 2126 1727 Bgit.
2180 1653 2414 1721 Indicia,
2466 1669 2586 1724 qua:
2625 1653 2845 1720 Rarum,
2898 1663 2952 1710 et
2996 1654 3123 1710 alibi
3173 1654 3342 1711 multo
3389 1661 3638 1725 tempere

329 1753 769 1833 Veronensibus,
801 1751 897 1826 sed
926 1750 1160 1818 exteris,
1195 1759 1252 1804 ut
1280 1749 1472 1805 eodem
1503 1750 1565 1804 tl
1597 1749 1774 1817 capite
1813 1747 1930 1818 plu-

224 1874 226 1877 -
327 1846 478 1904 ribus
507 1843 717 1902 ostendi
751 1843 885 1917 (lib.
919 1858 936 1898 ι
976 1843 1040 1896 de
1093 1841 1266 1897 Serm.
1303 1841 1363 1896 S.
1396 1839 1530 1894 Zen.
1557 1839 1597 1910 ).
1643 1838 1760 1894 Non
1799 1853 1928 1909 ergo

329 1937 656 1995 Veronensis
676 1935 875 1992 Indicia
904 1933 1024 1989 fuit.
1233 1941 1241 1947 ‘
1390 1986 1392 1989 .

393 2031 572 2102 ipsum
616 2044 748 2085 vero
788 2027 850 2082 D.
896 2024 1169 2083 Ambrosii
1212 2032 1421 2081 textum
1463 2023 1696 2079 aderunt
1738 2023 1923 2078 eximii

322 2123 596 2180 Ballerinii
616 2164 631 2190 ,
663 2136 772 2192 quo
798 2118 1103 2178 evidentius
1132 2108 1383 2175 constare
1410 2117 1631 2185 dicunt,
1665 2117 1919 2177 Indicium

325 2218 692 2276 Veronensem
721 2216 908 2273 fuisse.
941 2202 1078 2280 Quid
1107 2214 1152 2268 si
1177 2230 1242 2269 ex
1269 2214 1332 2269 iis
1358 2213 1488 2284 ipsis
1510 2254 1527 2281 ,
1558 2228 1671 2282 qua:
1716 2214 1768 2267 in
1797 2212 1922 2266 Am-

321 2314 480 2370 brosii
522 2311 738 2384 epistola
779 2321 1059 2366 narrantur
1084 2354 1100 2378 ,
1163 2309 1416 2365 indiciam
1466 2309 1717 2380 uirginem
1765 2307 1921 2363 Vero-

320 2427 528 2467 nensem
570 2409 733 2481 fuisse
773 2407 1082 2471 luculentius
1125 2405 1524 2476 conﬁrmamus?
1551 2403 1756 2460 Etenim
1799 2403 1919 2459 Ma-

317 2506 498 2561 ximus
531 2503 724 2558 sororis
775 2503 853 2556 uir
904 2512 1176 2572 postquam
1224 2500 1314 2554 lite
1364 2500 1608 2554 adversus
1655 2499 1918 2554 Indicium

318 2606 458 2650 mota
483 2597 547 2650 de
571 2595 877 2666 quibusdam
907 2594 1080 2648 bonis.
1101 2633 1116 2649 .
1137 2593 1340 2663 judicia
1373 2601 1722 2648 attentasset.
1756 2634 1771 2646 .
1801 2609 1917 2647 cum

254 2728 259 2734 ι
321 2689 639 2762 uehementer
675 2696 945 2760 angeretur
975 2727 987 2741 .
1022 2729 1037 2742 .
1091 2687 1235 2757 quod
1267 2686 1430 2758 Virgo
1475 2687 1532 2742 in
1573 2702 1704 2757 agro
1741 2686 1918 2742 afﬁni-

319 2781 445 2838 tatis
471 2796 585 2836 sua:
612 2779 900 2852 refugisset
926 2779 1262 2839 censor-tium
1281 2821 1296 2845 ,
1328 2795 1482 2834 muro
1511 2779 1798 2850 interjecto
1830 2778 1916 2851 (in

237 2927 243 2932 .
319 2875 497 2931 eadem
526 2873 696 2945 utique
738 2870 923 2943 domo)
968 2870 1229 2928 discretas
1271 2871 1418 2927 ardes
1465 2873 1650 2927 uxoris
1692 2887 1807 2926 sua:
1851 2885 1914 2926 ac

223 3012 226 3015 .
320 2969 578 3040 virginis,
619 2968 951 3038 divi~amque
975 2966 1349 3038 germanitatis
1389 2966 1531 3022 inter
1561 2971 1780 3022 sorbres
1825 2982 1914 3020 so-

2035 1750 2165 1818 fuit,
2217 1759 2275 1804 ut
2321 1766 2389 1804 ex
2439 1747 2595 1818 hujus
2637 1738 2884 1819 epistolae
2923 1758 3106 1816 textu,
3147 1763 3212 1804 ac
3249 1765 3315 1805 ex
3361 1750 3464 1813 iis,
3513 1765 3636 1819 qua:

2029 1842 2165 1896 alias
2197 1840 2554 1910 expendimus
2574 1879 2589 1904 ,
2619 1849 2867 1905 constat,
2907 1840 3170 1896 Veronam
3210 1855 3270 1895 se
3303 1839 3595 1901 conferens
3619 1881 3633 1906 ,

2031 1944 2088 1987 ut
2113 1933 2256 2003 apud
2287 1947 2530 1987 sororem
2562 1933 2864 1997 habitaret,
2897 1934 3205 2003 contiguam
3235 1931 3419 1988 domui
3461 1933 3634 1989 Maxi-

2027 2027 2122 2092 mi,
2156 2026 2276 2096 ipso
2305 2012 2916 2085 consentientedomum
2937 2026 3200 2080 conduxit
3225 2019 3415 2096 aperto
3447 2043 3631 2093 muro,

2025 2132 2078 2176 ut
2102 2165 2117 2189 ,
2154 2133 2432 2177 accessum
2462 2120 2528 2174 ad
2559 2135 2804 2176 sororem
2838 2121 3080 2188 habens,
3107 2131 3290 2191 posset
3320 2115 3632 2179 tam‘libere

2021 2232 2205 2274 secum
2258 2215 2536 2280 habitare,
2584 2217 2776 2273 nolens
2822 2218 2875 2272 in
2908 2206 3086 2273 domo
3131 2219 3345 2289 cognati
3394 2220 3630 2276 aliorum

2021 2309 2416 2365 consuetudine
2455 2309 2721 2378 distrahi,
2751 2304 2923 2380 quare
2953 2325 3055 2370 nec
3085 2311 3197 2367 ruri
3227 2326 3349 2366 cum
3391 2312 3631 2368 Maximo

2021 2419 2145 2460 esse
2170 2405 2357 2460 voluit.
2386 2402 2732 2461 Continentia
2761 2404 2980 2461 Indicia:
3005 2406 3226 2476 virginis
3253 2407 3494 2462 offensus
3519 2409 3632 2464 Ma-

2019 2497 2197 2551 ximus
2231 2497 2404 2568 primo
2428 2496 2682 2569 jurgatus
2703 2540 2718 2564 ,
2750 2509 2809 2554 ut
2847 2498 3084 2567 ‘vidctur,
3134 2513 3356 2572 propter
3393 2504 3628 2559 liberum

2018 2589 2238 2646 Indicize
2265 2606 2544 2647 accessum
2587 2608 2619 2647 e
2659 2607 2755 2647 sua
2788 2593 2841 2647 in
2874 2592 3094 2650 domum
3126 2597 3313 2656 uxoris
3334 2638 3351 2664 ,
3384 2607 3499 2652 tum
3528 2615 3626 2654 ac-

2019 2683 2166 2738 tione
2189 2682 2436 2752 judiciali
2473 2683 2730 2740 intentata
2754 2724 2770 2751 ,
2811 2686 2896 2740 cui
2935 2675 3281 2761 occasionem
3321 2704 3631 2746 consensus

2017 2779 2295 2848 praestitus
2323 2777 2391 2834 de
2418 2779 2717 2847 aperiendo
2746 2795 2900 2834 muro
2928 2795 2957 2834 a
2988 2781 3224 2837 Maximo
3250 2782 3382 2838 dare
3411 2786 3593 2854 potuit
3615 2829 3628 2853 ,

2017 2887 2174 2927 muro
2217 2873 2487 2928 obstruxit
2531 2873 2773 2938 aditum,
2818 2887 3150 2944 uxoremque
3194 2876 3508 2945 prohibuit,
3560 2897 3630 2936 ne

2016 2964 2084 3019 ad
2124 2980 2369 3021 sororem
2410 2964 2668 3022 indiciam
2707 2965 3030 3034 accederet,
3071 2983 3219 3039 agro
3255 2969 3308 3024 id
3358 2970 3501 3027 forte
3545 2972 3629 3028 fe-

317 3062 572 3119 cietatem
602 3101 615 3116 .
648 3101 661 3115 .
689 3077 798 3116 esse
816 3062 1048 3133 jusserat
1080 3100 1093 3114 .
1125 3102 1138 3115 .
1168 3062 1303 3132 quod
1331 3069 1685 3131 argumentum
1713 3069 1788 3114 est
1815 3060 1914 3114 eoi-
1940 3049 1986 3112 C
2022 3069 2177 3116 rente
2220 3061 2403 3115 animo
2462 3063 2573 3132 ipsa
2622 3077 2792 3117 uxore
2846 3079 2965 3118 sua.
3000 3064 3225 3119 Demum
3269 3067 3320 3121 in
3362 3066 3626 3124 indiciam

320 3156 480 3222 dens,
527 3155 711 3211 media:
739 3156 921 3209 domus
951 3163 1148 3226 partem
1175 3150 1243 3207 ad
1271 3150 1527 3207 Indicium
1556 3163 1846 3225 spectasse;
1874 3153 1919 3206 si

319 3247 455 3308 enim
493 3268 558 3308 ex
596 3245 703 3306 alia
743 3251 867 3305 urbe
902 3247 1156 3304 Veronam
1183 3247 1500 3312 advenisset,
1533 3246 1796 3302 Maximus
1823 3262 1917 3316 pro

318 3345 526 3412 hostili,
568 3354 615 3400 et
655 3360 834 3398 averso
862 3343 916 3398 in
941 3343 1089 3398 illaut
1116 3342 1289 3396 animo
1311 3383 1325 3408 ,
1357 3357 1470 3395 eam
1500 3339 1653 3395 domo
1675 3383 1690 3406 ,
1719 3349 1768 3396 et
1795 3340 1918 3395 urbe

316 3438 535 3511 pellere,
580 3454 640 3493 ac
676 3438 729 3492 in
771 3454 918 3491 suam
958 3436 1180 3508 patriam
1221 3435 1476 3489 remittere
1522 3435 1795 3506 potuisset.
1837 3433 1915 3488 ita

298 3520 384 3589 'ex
416 3534 535 3604 ipso
564 3532 626 3587 D.
652 3530 923 3606 Ambrosii
949 3539 1097 3585 textu
1125 3527 1372 3600 praclari
1402 3528 1504 3585 viri
1534 3536 1919 3599 argumentan-

317 3635 422 3683 tur.
452 3625 508 3683 Si
539 3641 671 3682 vero
696 3624 947 3681 eumdem
974 3631 1184 3681 textum
1214 3623 1281 3678 ad
1311 3636 1538 3678 examen
1569 3637 1914 3690 revocemus,

315 3737 423 3778 non
451 3722 514 3776 de
538 3719 840 3789 quibusdam
861 3719 1007 3774 bonis
1029 3718 1315 3774 Maximum
1340 3717 1542 3788 judicio
1567 3732 1690 3772 cum
1713 3715 1914 3772 Indicia

313 3813 678 3882 contendisse,
710 3828 885 3884 neque
914 3811 1103 3868 eadem
1141 3812 1306 3867 luisse
1346 3810 1598 3876 domum,
1633 3809 1916 3879 interjecto

314 3922 472 3964 muro
500 3907 569 3964 ab
594 3906 784 3962 eodem
811 3905 1048 3961 Maximo
1075 3903 1291 3959 lndiciaa
1321 3913 1553 3972 cognato
1577 3902 1805 3957 divisam
1840 3902 1915 3955 fa-

314 4002 415 4056 cile
442 3998 863 4070 compericmus.
898 3997 1167 4069 lntegrum
1202 3997 1262 4051 Ι).
1298 3996 1567 4053 Ambrosii
1601 4004 1803 4051 textum
1835 3993 1916 4048 ai—

315 4095 576 4152 lcramus.
621 4092 692 4148 Te
732 4093 891 4148 miror
919 4090 1107 4146 Frater
1133 4091 1244 4164 (ita
1287 4091 1604 4146 Ambrosius
1643 4088 1913 4162 Syagrio)

313 4188 402 4258 qui
433 4195 700 4257 tantopere
723 4184 969 4256 defendas
998 4182 1290 4239 Maximum
1321 4199 1422 4237 non
1452 4183 1610 4252 fuisse
1650 4191 1913 4236 accusato-

314 4295 451 4346 rem,
493 4279 582 4346 setl
621 4277 846 4349 parentis
887 4275 1068 4332 dolore
1093 4264 1318 4331 doluisse
1346 4274 1792 4344 invidiam‘sparsi
1822 4291 1910 4328 ru-

315 4372 502 4434 moris.
546 4387 661 4426 eum
701 4370 791 4425 ille
815 4387 869 4425 se
896 4369 1196 4436 inimicum,
1230 4377 1276 4424 et
1301 4367 1656 4423 adversarium
1681 4368 1910 4442 litigato—

312 4482 420 4520 rem
449 4465 713 4540 prOposito
730 4466 843 4538 jam
861 4463 1039 4536 jurgio
1068 4480 1255 4536 negare
1283 4479 1385 4518 non
1415 4465 1633 4533 potuerit
1660 4463 1904 4516 adversus
1931 4443 1983 4504 Ῑ)

312 4575 510 4615 sacram
549 4559 794 4631 uirginem
835 4556 1040 4632 judicia
1078 4555 1433 4625 attentuuisse,
1476 4574 1722 4628 muroque
1749 4558 1908 4611 inter-

228 4667 232 4670 ‘
308 4655 455 4724 iectu.
488 4649 733 4704 discretas
778 4648 912 4703 (edes
957 4651 1131 4704 uxoris
1175 4644 1301 4716 suae,
1342 4659 1390 4704 et
1443 4651 1654 4720 virginis
1697 4650 1909 4706 divisam

309 4742 661 4816 germanitatis
686 4742 822 4796 inter
845 4756 1044 4796 sorores
1074 4729 1396 4807 societatem,
1428 4743 1631 4810 aliaque
1660 4737 1792 4812 proh
1818 4745 1910 4798 do-

311 4838 436 4893 lor!
472 4847 519 4892 et
554 4835 695 4908 quod
737 4833 901 4906 Virgo
933 4836 985 4888 in
1023 4849 1150 4906 agro
1187 4833 1446 4905 afﬁnitatis
1485 4851 1594 4888 sua:
1638 4837 1911 4906 refugisset

311 4930 644 4985 consortium.
677 4926 1022 4983 Inimicitiam
1077 4924 1294 4980 Maximi
1354 4924 1546 4995 probat
1591 4940 1655 4980 ex
1703 4926 1906 4996 jnrgio,

311 5023 574 5095 proposito
614 5025 729 5095 jam
763 5021 981 5094 jurgio,
1029 5027 1086 5075 et
1129 5018 1325 5084 divisa,
1356 5018 1907 5092 muroqueinterjecto.

311 5115 572 5173 societate
617 5116 751 5168 inter
825 5128 1059 5179 sorores,
1110 5120 1168 5170 et
1211 5111 1614 5168 cohabitatione
1664 5112 1914 5167 discretas

309 5209 465 5264 ades.
496 5207 554 5264 Si
594 5205 663 5264 de
702 5206 862 5261 bonis
897 5205 1044 5262 civili
1082 5204 1290 5277 judicio
1313 5198 1493 5261 ac'tum
1522 5215 1704 5272 esset,
1735 5207 1913 5261 inimi-

310 5303 492 5358 citiam
524 5309 749 5372 propter
776 5301 1096 5355 intentatam
1123 5296 1271 5355 litem
1302 5301 1534 5368 probare
1563 5315 1672 5354 non
1703 5299 1912 5370 potuis-

311 5405 396 5452 set
426 5394 767 5449 Ambrosius.
799 5391 898 5449 Jus
927 5392 1128 5448 etenim
1159 5407 1316 5447 suum
1346 5393 1489 5449 civili
1531 5395 1745 5451 actione
1787 5409 1913 5465 pro-

313 5490 466 5560 sequi
499 5487 766 5544 infensum
795 5487 1070 5554 animum,
1103 5502 1199 5542 seu
1228 5489 1412 5543 odium
1451 5489 1672 5546 minime
1712 5495 1906 5564 arguit.

209 5647 212 5651 ,
315 5584 384 5639 At
412 5599 477 5640 ex
508 5597 574 5639 eo
604 5581 881 5637 inimicum
915 5581 1255 5638 demonstrat
1279 5581 1589 5645 Maximum,
1623 5585 1765 5652 quod
1788 5601 1910 5640 cum

287 5677 514 5761 'lndieia
567 5677 717 5748 virgo
761 5676 1022 5748 propositi
1056 5687 1214 5732 tenax
1241 5691 1270 5731 a
1297 5675 1646 5753 saecularibus
1676 5695 1913 5737 conven-

2022 3153 2196 3224 stupri
2227 3153 2553 3210 calumniam
2586 3155 2865 3210 conflavit.
2900 3156 3026 3212 llzec
3065 3173 3131 3212 ex
3174 3158 3275 3224 iis,
3317 3177 3439 3229 qua:
3479 3163 3629 3230 apud

2021 3244 2370 3303 Ambrosium
2401 3247 2678 3316 leguntur,
2712 3248 2873 3302 obvio
2901 3251 3188 3320 emergunt
3226 3267 3410 3308 sensu.
3451 3255 3633 3322 Caete-

2019 3355 2138 3395 rum
2185 3340 2334 3395 litem
2380 3341 2448 3394 de
2490 3341 2812 3412 quibusdam
2859 3343 3052 3408 bonis,
3081 3361 3144 3400 ac
3172 3362 3332 3401 unam
3361 3363 3487 3405 esse
3528 3350 3632 3405 do-

2020 3450 2168 3513 mum
2195 3451 2227 3491 a
2259 3433 2492 3491 Maximo
2515 3435 2749 3492 divisam
2772 3437 2958 3494 dicere
2985 3440 3227 3496 divinare
3255 3451 3360 3497 est.
3390 3443 3447 3498 Si
3477 3447 3628 3502 enim

2018 3544 2274 3600 reponas,
2303 3529 2450 3585 nulla
2475 3546 2610 3601 opus
2636 3530 2803 3587 fuisse
2833 3533 2926 3588 lite
2953 3534 3019 3588 ad
3046 3535 3439 3593 obstruendum
3468 3556 3631 3598 muro

2018 3625 2260 3693 aditum,
2291 3625 2335 3681 si
2366 3608 2488 3681 duae
2526 3623 2757 3708 fuissent
2801 3627 2996 3683 domus
3037 3644 3160 3684 cum
3199 3629 3464 3687 Maximus
3502 3650 3634 3704 pro-

2019 3718 2137 3787 prio
2180 3719 2410 3774 arbitrio
2454 3719 2522 3791 id,
2551 3718 2732 3776 facere
2775 3721 3066 3790 potuisset.
3104 3722 3174 3777 At
3215 3724 3342 3794 quid
3389 3726 3435 3781 si
3486 3726 3635 3786 forte

2017 3813 2300 3867 attentavit
2329 3811 2507 3868 facere
2533 3854 2548 3878 ,
2581 3824 2634 3869 et
2665 3829 2732 3869 ex
2771 3828 2992 3870 suorum
3014 3858 3029 3885 ,
3069 3828 3122 3894 et
3149 3815 3365 3874 Indicia:
3396 3819 3636 3878 familia-

2017 3905 2154 3960 rium
2208 3905 2552 3972 resistentia,
2601 3922 2704 3976 qua
2744 3907 2982 3979 jurgium
3026 3912 3094 3965 ab
3141 3910 3432 3968 Ambrosio
3477 3930 3633 3970 com-

2016 4010 2376 4054 memoratum
2404 4010 2582 4054 ortum
2615 3999 2782 4056 fuisse
2812 4002 3047 4067 videtur,
3081 4003 3147 4058 ad
3185 4004 3390 4076 judicia
3431 4009 3632 4064 confu~

2013 4107 2144 4162 gere
2188 4107 2413 4149 necesse
2455 4092 2658 4149 fuerit?
2701 4094 2758 4150 Si
2807 4112 2939 4151 vero
2987 4097 3104 4153 haec
3145 4113 3250 4154 non
3299 4101 3630 4170 probentur,

2016 4186 2196 4240 minus
2220 4201 2282 4240 ea
2313 4185 2588 4255 probanda
2618 4201 2740 4243 esse
2767 4187 3052 4244 dicendum
3075 4231 3090 4257 ,
3116 4206 3238 4261 qua:
3269 4192 3418 4248 nullo
3449 4203 3634 4251 textus

2011 4277 2377 4347 adstipulante
2415 4272 2673 4350 suﬂ‘ragio
2712 4282 3014 4351 excogitata
3058 4295 3399 4352 promuntur.
3425 4266 3631 4344 ἰἰιθιιι

2010 4361 2188 4443 jurg'io
2227 4381 2468 4428 exortam
2513 4376 2774 4445 preposilo
2809 4376 2920 4445 jam
2961 4378 3152 4448 iurgio,
3195 4387 3251 4434 et
3289 4382 3632 4449 prohibitum

2012 4453 2216 4520 tantum
2249 4465 2461 4522 indicite
2500 4483 2776 4523 accessum
2805 4468 3088 4540 interjecto
3119 4489 3273 4528 muro
3297 4474 3366 4528 ad
3398 4454 3631 4532 uxorem

2011 4560 2229 4627 dicere,
2275 4561 2423 4616 nulla
2471 4561 2545 4619 de
2583 4577 2642 4618 re
2678 4562 2932 4619 familiari
2976 4567 3253 4623 mentione
3291 4566 3471 4636 facta,
3517 4587 3632 4627 non

2011 4653 2170 4710 civile
2191 4696 2205 4720 ,
2239 4654 2332 4709 sed
2374 4656 2516 4725 quod
2547 4657 2752 4713 crimen
2785 4651 3140 4716 concerneret
3164 4703 3178 4727 ,
3223 4660 3489 4731 judicium
3545 4665 3636 4720 in.

2012 4745 2175 4802 dicat.
2223 4748 2400 4803 Potuit
2439 4751 2672 4822 namque
2713 4734 3009 4821 Maximus,
3067 4755 3159 4826 qui
3200 4757 3373 4826 stupri
3414 4758 3635 4816 facitms

2014 4839 2231 4896 Indicia:
2272 4843 2530 4914 impegit,
2561 4852 2617 4901 et
2658 4843 2781 4901 furti
2816 4833 3064 4903 timorem
3105 4850 3383 4906 insinuare
3413 4852 3591 4921 judici
3616 4896 3632 4919 ,

2017 4946 2075 4987 ut
2101 4933 2416 4990 obstruendi
2444 4935 2650 4992 aditum
2669 4980 2684 5004 ,
2712 4949 2832 5009 post
2859 4942 3157 5022 pricstitum
3185 4957 3512 5001 consensum
3543 4945 3631 5001 fa—

2017 5025 2191 5079 cultas
2219 5027 2631 5085 concederetur.

2041 5145 2045 5149 ~
2090 5117 2228 5185 Quid
2253 5134 2382 5174 vero
2409 5121 2646 5192 scirpum
2681 5122 2732 5177 in
2757 5123 2898 5180 nodo
2923 5127 3258 5196 quaerimus?
3292 5129 3482 5186 Fuerit
3511 5130 3630 5202 Ve-

1978 5240 1980 5243 -
2018 5212 2270 5266 ronensis
2297 5211 2520 5268 Indicia.
2552 5214 2692 5282 Quid
2726 5216 2849 5272 inde
2872 5217 2904 5281 ‘l.
2940 5215 3078 5273 Num
3109 5236 3175 5274 cx
3201 5235 3268 5276 eo
3296 5221 3487 5279 Zenon
3519 5225 3631 5294 qui

2020 5304 2069 5358 ei
2103 5304 2409 5372 benedixit,
2463 5323 2692 5377 eamque
2739 5309 3095 5366 sanctificavit
3133 5304 3425 5384 episc0pus
3470 5304 3577 5372 I'uit
3605 5317 3633 5372 ξ

2021 5397 2104 5452 Nil
2134 5398 2330 5455 minus.
2366 5399 2703 5467 Benedictio,
2726 5411 2780 5457 et
2808 5402 3167 5458 sanctificatio
3215 5420 3245 5460 a
3274 5405 3493 5462 Zenone
3539 5409 3636 5464 ln-

2015 5492 2180 5550 dictae
2199 5493 2499 5565 impertita,
2532 5510 2638 5550 non
2662 5494 2761 5550 fuit
2791 5497 3052 5552 solemnis
3108 5488 3356 5567 ejusdem
3397 5501 3634 5572 virginis

2015 5591 2373 5669 consecratio,
2404 5589 2548 5659 quod
2571 5599 2629 5644 ut
2658 5590 2938 5646 evidenter
2965 5601 3246 5662 appareat,
3277 5593 3632 5651 observanda

2015 5682 2284 5739 Ambrosii
2317 5684 2475 5739 verba
2506 5692 2631 5740 sunt
2658 5702 2670 5741 :
2703 5682 2939 5741 Puellam
2990 5685 3214 5743 Zenonis
3263 5688 3479 5746 Sancta:
3507 5707 3631 5745 me-
