3822 6220
242 237 359 293 ’115

1675 233 2146 290 υιδδιςινιθλίἰο.

3442 237 3544 290 7H

244 351 657 426 moriwjudicio
687 348 978 423 probatam,
1039 351 1250 420 ejusque
1294 348 1663 416 sancti/iratam
1695 352 1842 400 benc-
1868 356 1919 413 Α
2014 351 2118 417 Qui
2173 327 2446 405 Veronam
2514 345 2859 416 praedicando
2932 346 3151 403 reduxit
3216 348 3281 403 ad
3329 350 3543 426 Baptis-

249 429 474 498 dictione
502 454 615 513 post
644 454 716 496 tot
741 459 975 495 annos...
1006 440 1058 492 in
1089 438 1372 507 perieulum
1394 448 1564 493 reatus
1590 439 1843 491 deducen-

248 533 379 588 dam
406 536 732 590 arbitrarere.
762 531 899 587 Nota
940 529 1165 585 verbum
1194 529 1322 583 illud
1357 529 1619 584 Puellam.
1643 529 1846 585 Puella:

248 644 363 683 non
388 606 868 707 consecrabantur,
891 625 986 680 sed
1011 624 1231 689 adultae,
1256 634 1307 680 et
1332 635 1491 679 :ctatc
1504 625 1842 696 grandiores,

246 731 307 777 et
336 720 695 794 quadraginta
723 734 987 775 annorum
1021 718 1242 788 probata
1273 718 1598 789 Virginitate
1624 733 1690 773 ex
1719 733 1850 772 con-

246 810 538 871 stitutione
562 793 644 871 GS'.
678 814 878 869 Leonis
928 812 1127 883 Magni.
1163 812 1297 868 Vide
1324 793 1686 866 Chrisﬁanum
1737 811 1847 866 Lu-

248 923 381 978 pum
407 899 463 962 in
512 908 708 962 librum
754 904 1073 961 Tertulliani
1120 904 1189 959 de
1243 905 1747 975 Prtescriptionibus
1794 903 1847 958 in

247 999 479 1057 Sclrolio
507 1000 573 1054 ad
602 1009 763 1069 caput
789 999 1026 1065 tertium,
1059 998 1224 1053 verbo
1249 1018 1262 1054 :
1291 1001 1334 1053 si
1368 1000 1540 1069 virgo,
1569 1007 1763 1069 quaest.
1791 998 1845 1053 6.

244 1091 556 1160 quaestione
579 1089 743 1145 etiam
795 1090 1031 1145 secunda
1078 1105 1142 1145 ex
1191 1091 1417 1160 epistola
1474 1091 1510 1143 2
1555 1089 1879 1145 Ιιιηαωηιίἱν

249 1184 413 1254 primi
445 1184 511 1238 ad
545 1184 600 1239 S.
641 1180 954 1248 Victricium
1006 1183 1496 1255 ltothomagcnscm
1543 1183 1853 1254 Arcliiepis-

246 1292 446 1347 copum
475 1292 594 1347 cap.
630 1276 696 1330 12
724 1286 776 1331 et
806 1278 893 1343 15,
943 1275 1191 1347 Virgines
1245 1278 1561 1347 distinguit,
1612 1279 1853 1347 aliasque

247 1369 423 1425 velari
454 1379 788 1436 meruerunt,
821 1380 877 1425 et
903 1370 1057 1435 alias,
1111 1381 1233 1440 quae
1287 1372 1506 1425 necdum
1543 1387 1693 1447 sacro
1718 1372 1854 1424 rela-

249 1464 396 1518 mine
426 1471 591 1531 tecttz,
645 1472 813 1521 tamen
863 1463 916 1515 in
960 1464 1223 1532 proposito
1264 1454 1504 1533 virginali
1564 1478 1762 1536 semper
1802 1478 1856 1515 se

249 1574 557 1627 permanere
596 1559 961 1627 promiserunt.
994 1558 1060 1610 Et
1108 1557 1193 1613 lue
1247 1557 1437 1627 puella:
1483 1567 1679 1622 erant,
1734 1572 1856 1626 qua:

253 1650 661 1721 provectiorem
710 1646 927 1705 aetatem
958 1648 1400 1727 nonattigerunt,
1457 1658 1516 1705 ut
1568 1648 1621 1701 in
1669 1646 1855 1704 cadem

249 1742 487 1812 epistola
518 1756 638 1811 cap.
675 1743 699 1796 l
732 1741 841 1796 eti
878 1759 890 1793 :
918 1739 1126 1806 Puella,
1153 1724 1285 1810 quae
1309 1740 1522 1793 necdum
1571 1740 1736 1794 velata
1759 1748 1852 1808 est,
1886 1724 1934 1783 Β

251 1833 347 1888 sed
392 1830 663 1904 praptisuit
714 1837 788 1887 sic
833 1849 1055 1888 manere.
1100 1820 1234 1887 Cum
1267 1834 1447 1903 itaque
1496 1832 1669 1901 puella
1712 1839 1859 1886 esset

251 1925 485 1991 Indicia,
524 1924 741 1995 quando
786 1934 823 1979 a’
868 1921 1095 1981 Zenone~
1120 1924 1401 1983 benedicta
1446 1925 1582 1991 fuit,
1636 1940 1699 1979 ex
1760 1924 1858 1977 hac

249 2016 661 2088 benedictione,
691 2032 810 2087 qua:
841 2031 868 2070 a
899 2006 1570 2072 soleinniconsecratione
1597 2016 1665 2070 ab
1707 2007 1860 2085 Epis-

252 2124 400 2181 copo
446 2097 691 2191 lacienda
737 2109 1108 2181 distinguitur,
1150 2110 1344 2186 deduci
1375 2098 1599 2167 minimc
1658 2119 1856 2179 potest,

254 2201 509 2258 eumdem
534 2194 806 2259 zenonem
834 2202 909 2257 ab
943 2202 1234 2280 Ambrosio
1285 2203 1645 2280 nominatum,
1697 2202 1862 2257 fuisse

259 2296 611 2365 Episcopum.
645 2295 784 2364 Quin
840 2298 1006 2351 etiam
1053 2278 1237 2367 si’pro
1289 2278 1521 2352 solemni
1569 2310 1861 2352 consecra-

254 2387 411 2444 tione
435 2388 774 2458 acciperetur
819 2388 934 2443 hinc
952 2388 1191 2459 Zenonis
1221 2390 1548 2457 benedictio,
1579 2404 1753 2460 neque
1780 2404 1862 2444 ex

257 2495 331 2536 eo
363 2478 553 2536 inferri
583 2488 786 2548 posset,
818 2474 1434 2551 Zenonem'episcopnm
1490 2480 1679 2537 fuisse.
1728 2479 1861 2535 Nam

257 2571 369 2628 etsi
391 2571 445 2626 in
472 2572 714 2626 Ecclesia
742 2570 930 2626 Latina
958 2572 1237 2640 ordinaria
1264 2574 1702 2643 potestatesolus
1724 2572 1866 2641 epis-

257 2680 436 2735 copus
463 2667 703 2735 potuerit
720 2679 905 2720 sacras
933 2649 1258 2721 consécrare
1311 2666 1570 2737 virgines,
1626 2673 1865 2719 attamen

258 2766 319 2812 et
354 2748 639 2839 presbyter
666 2771 736 2811 ex
755 2756 1096 2831 delegatione
1122 2756 1362 2840 episcopi
1418 2772 1741 2813 consecrare
1774 2771 1869 2827 po-

261 2866 430 2913 tent.
460 2856 617 2910 Patet
646 2871 710 2911 ex
736 2848 971 2911 concilio
994 2854 1409 2927 Cartltaginensi
1460 2855 1640 2924 tertio,
1694 2854 1869 2924 capite

258 2948 357 3015 36,
392 2946 535 3003 circa
560 2962 758 3003 annum
784 2932 981 3003 Christi
1012 2947 1118 3004 598
1137 2947 1414 3004 celebrato
1445 2947 1677 3019 (nempe
1708 2946 1869 3019 paulo

262 3049 556 3111 postquam
584 3039 643 3096 S.
673 3038 947 3095 Zenonem
979 3040 1178 3105 obiisse
1206 3041 1395 3095 volunt
1440 3040 1650 3095 Domini
1695 3040 1871 3095 Balle-

2028 493 2073 547 Α
2094 507 2143 545 ηέ
2185 491 2239 545 εο
2264 492 2456 561 stiu-itu
2484 489 2699 542 sanavit
2718 488 2857 543 Galli
2886 490 3072 555 tiliam,
3328 420 3539 492 [""m'"

2020 563 2192 617 Boves
2213 576 2335 617 cum
2502 569 2821 630 vergentem
2848 561 3061 615 reduxit
3086 576 3113 614 a
3142 561 3354 632 pelago.

2018 720 2251 776 Gallieni
2284 722 2336 775 in
2367 721 2472 776 hoc
2498 720 2800 791 penultimo
2824 698 2985 774 versu
3017 720 3306 789 legendum
3355 730 3546 776 notant

1950 810 2222 866 Balleriuii
2249 828 2314 867 ex
2344 828 2446 868 ms.
2473 813 2724 868 Lubiensi
2750 812 2861 879 ipsa
2889 810 3135 867 Ratlterii
3164 803 3399 883 episcopi
3424 811 3548 868 Ve-

1951 903 2202 957 ronensis
2228 919 2391 957 manu
2413 913 2653 958 cxarato.
2701 902 2771 957 In
2813 904 2910 956 ItOC
2946 913 3118 957 autem
3152 921 3255 957 non
3298 904 3460 971 Galli,
3492 915 3545 958 ut

1958 993 2291 1050 Mabillonius
2322 999 2549 1051 ediderat
2575 1040 2588 1062 ,
2645 1014 2735 1051 nec
2764 996 2988 1051 Gallieni
3019 996 3271 1065 Cwsaris,
3316 1008 3371 1051 ut
3403 1016 3495 1053 nos
3520 1016 3548 1052 e

1955 1088 2149 1144 duobus
2178 1090 2477 1159 posterioris
2502 1092 2604 1144 (cvi
2626 1108 2748 1145 mss.
2784 1091 3003 1162 (nempe
3047 1107 3079 1146 c
3107 1107 3206 1147 ms.
3233 1092 3548 1148 Zenoniano

1955 1194 2019 1234 ac
2045 1180 2403 1248 Pompeiano)
2436 1183 2549 1255 loco
2588 1184 2801 1236 laudato
2840 1184 3089 1254 (Disscrt.
3123 1188 3174 1250 3,
3217 1201 3339 1254 cap.
3376 1189 3550 1253 primo

1956 1272 1986 1343 ᾗ
2044 1273 2133 1342 54)
2186 1274 2526 1343 scripsimus,
2580 1275 2672 1328 sed
2712 1273 2939 1329 Gallieni
2978 1278 3090 1345 [ilia
3132 1279 3303 1346 palam
3343 1278 3549 1347 legitur.

1958 1365 2115 1421 lluuc
2140 1365 2475 1436 Rbytltmutn
2517 1383 2548 1420 e
2602 1367 2882 1437 Diptychis
2929 1369 3188 1426 Ecclesia:
3224 1371 3552 1427 Veronensis

1958 1469 2170 1512 erutum
2200 1458 2553 1523 arbitrantur,
2587 1460 2933 1531 maximoque
2959 1463 3012 1515 in
3043 1466 3216 1532 pretio
3248 1464 3553 1521 habendum

1957 1560 2221 1614 censent;
2257 1560 2482 1605 monent
2504 1552 2760 1621 insuper:
2797 1551 2979 1620 Neque
3000 1572 3150 1621 vero,
3199 1558 3243 1609 si
3282 1573 3397 1625 quw
3424 1559 3557 1627 [alca

1960 1645 2331 1718 posterioribus
2352 1645 2602 1718 catalogis
2633 1650 2825 1700 insecta
2850 1659 2986 1713 sunt,
3019 1650 3353 1723 objiciuntur,
3402 1664 3457 1707 ut
3496 1671 3559 1708 ea;

1964 1737 2028 1790 iis
2079 1737 2279 1791 ordinis
2329 1740 2484 1792 etiam
2537 1738 2918 1809 Episwporum
2968 1742 3229 1808 elevetur;
3281 1731 3399 1797 nam
3448 1745 3561 1800 sola
3632 1798 3637 1803 .

1966 1827 2346 1900 Episcoporum
2369 1830 2578 1883 nomina
2604 1831 2660 1884 in
2689 1830 2922 1884 ordinem
2974 1833 3251 1887 distributa
3292 1836 3428 1888 sumi
3461 1852 3557 1905 po-

1965 1930 2171 1976 tuerunt
2197 1937 2260 1975 ex
2280 1920 2571 1993 Diptychis,
2592 1923 2657 1977 .in
2685 1923 2869 1993 quibus
2905 1926 3038 1979 nihil
3067 1924 3253 1996 praeter
3275 1944 3451 1983 eorum
3477 1908 3579 1983 διο-1

1958 1995 2449 2085 minalegebantur,
2481 2025 2533 2069 ut
2566 2017 2783 2086 proinde
2834 2019 2944 2073 Iure
2994 1995 3151 2073 series
3190 2021 3318 2075 satis
3362 2032 3472 2076 tuta
3515 2033 3563 2078 et
3657 2092 3660 2095 Α

1966 2122 2083 2161 uera
2111 2107 2350 2161 habenda
2378 2109 2478 2173 sit;
2502 2110 2570 2163 ad
2592 2110 2836 2165 historica
2866 2114 3040 2166 autem’
3082 2117 3241 2184 facta,
3297 2118 3376 2170 uel
3415 2097 3564 2172 chro-

1968 2200 2107 2253 nicas
2134 2201 2290 2253 etiam
2315 2210 2464 2254 notas
2491 2203 2630 2271 quod
2660 2204 3041 2272 pertinet,.cum
3070 2206 3177 2260 Itazc
3202 2208 3414 2263 aliunde
3434 2211 3567 2265 sumi

1968 2287 2254 2363 debuerint,
2284 2311 2380 2364 pro
2406 2305 2877 2363 monumentorum,
2905 2317 2933 2353 e
2960 2300 3147 2368 quibus
3169 2318 3229 2355 ea
3258 2305 3418 2372 petita
3453 2308 3567 2376 fue-

1968 2394 2091 2439 runt
2117 2386 2318 2453 ratione
2337 2388 2416 2442 vel
2439 2402 2577 2454 vera,
2603 2390 2681 2443 vel
2708 2390 2951 2459 fabulosa
2986 2390 3370 2462 EpiscOporum
3398 2398 3568 2452 ordini

1970 2488 2244 2549 potuerunt
2284 2480 2544 2546 interseri,
2575 2491 2625 2535 et
2649 2497 2787 2551 swpe
2828 2499 2894 2537 ea:
2914 2485 3156 2553 Opinione
3206 2489 3346 2560 uulgi
3382 2489 3571 2560 fabulis

1972 2570 2144 2625 leviter
2169 2573 2495 2626 assentientis
2515 2574 2720 2626 intrusa
2745 2584 2861 2628 sunt
2892 2576 3169 2642 nonnulla,
3196 2595 3312 2645 qua:
3359 2582 3422 2634 ab
3453 2599 3571 2636 eru-

1972 2662 2092 2714 ditis
2118 2662 2406 2733 falsissima
2421 2663 2859 2720 demonstrantur.
2893 2666 3042 2734 Quod
3096 2671 3345 2723 monitum
3383 2676 3571 2742 ιη·ωεὶ-

1973 2768 2072 2821 pue
2098 2753 2351 2818 volumus,
2375 2756 2574 2828 nequis
2598 2756 2837 2810 omnibus
2866 2770 3053 2827 prwter
3078 2758 3459 2833 Episwporum
3488 2770 3571 2818 or-'

1973 2842 2144 2897 dinem
2174 2846 2429 2915 Anonymi
2451 2843 2721 2917 Pipiniani
2738 2848 2888 2901 dictis
2908 2850 3064 2917 ﬁdem
3084 2854 3575 2911 accommodandam

1975 2937 2250 3003 existimet,
2283 2954 2400 2991 cum
2426 2955 2486 2992 ea
2531 2956 2647 3010 qua:
2675 2941 2738 2993 de
2763 2939 2987 2997 Gallieni
3013 2944 3234 3001 Caesaris
3275 2950 3388 3019 ﬁlia
3438 2952 3573 3006 inse-

1974 3030 2098 3095 ruit,
2131 3028 2269 3100 falsa
2317 3031 2440 3097 sint,
2492 3040 2545 3084 ut
2580 3034 2811 3101 sequenti
2860 3040 3190 3107 paragrapho
3229 3046 3571 3098 ostendemus.

263 3134 473 3203 rinii):
507 3131 786 3205 Presbyter
826 3133 1120 3187 inconsulto
1181 3134 1421 3205 episwpo
1470 3131 1705 3205 Virgines
1761 3149 1863 3186 ηοη
1889 3113 1934 3177 C
1966 3120 2173 3177 Volunt
2203 3123 2387 3193 itaque
2426 3124 2478 3177 in
2528 3124 2695 3178 allato
2745 3124 3022 3197 thytltmo
3066 3129 3314 3187 ordinem
3368 3144 3572 3190 tantum

263 3237 580 3293 consecret;
629 3225 867 3281 Chrisnta
922 3218 1038 3281 vero
1090 3233 1370 3297 numquant
1422 3227 1681 3296 conficiat.
1738 3225 1899 3308 Vide‘

264 3320 470 3374 iterum
523 3317 771 3373 eumdem
827 3316 1037 3388 Lupum
1086 3320 1382 3388 qumstione
1422 3321 1628 3389 quinta.
1673 3316 1873 3387 Cutije-

264 3423 427 3468 ctura
442 3411 599 3483 igitur
621 3412 690 3469 de
709 3412 966 3478 Zenonis,
982 3414 1072 3483 qui
1090 3413 1306 3469 Indicia!
1338 3409 1632 3480 benedixit,
1661 3413 1873 3484 episco-

265 3517 404 3582 patu
428 3510 729 3577 evanescit,
761 3526 883 3567 eum
915 3510 1256 3582 nequeillum
1285 3511 1609 3581 Episcopum
1642 3501 1876 3566 Ambro-

266 3603 391 3659 sius
432 3603 697 3670 nominet,
749 3619 928 3675 neque
956 3619 1021 3660 ex
1061 3603 1447 3685 benedictione
1490 3604 1710 3660 Indicia:
1755 3605 1874 3674 ejus

267 3695 889 3774 Episcopatusjnl’erri.
917 3699 1133 3766 possit:
1193 3713 1359 3768 quare
1405 3698 1582 3752 omnis
1633 3699 1874 3766 suspicio

264 3786 457 3841 ablata
483 3795 588 3852 est,
610 3786 885 3844 Zenonem
913 3787 1055 3844 hunc
1086 3789 1251 3845 luisse
1295 3788 1546 3846 eumdem
1589 3790 1738 3845 aes.
1771 3790 1875 3846 Ve-

266 3892 432 3934 ronae
458 3878 777 3947 Prmsulem,
810 3888 869 3934 ut
905 3879 1024 3936 sine
1056 3881 1160 3935 ulla
1192 3882 1402 3936 ratione
1445 3896 1730 3938 asseruere
1764 3882 1873 3937 Du-

267 3971 441 4042 pinus
471 3980 529 4042 et
550 3965 965 4045 Tillemontius,
1001 3975 1089 4045 qui
1117 3975 1331 4045 penitus
1380 3975 1672 4032 divinando
1697 3976 1877 4032 Zeno-

266 4077 402 4118 nem
436 4060 805 4119 Veronensem
839 4065 1153 4136 episcopum
1214 4076 1457 4139 tempore
1502 4068 1737 4125 Gallieni
1766 4085 1873 4125 non

263 4153 525 4211 extitisse
544 4154 662 4210 ausi
686 4162 815 4211 sunt
841 4153 1138 4228 afﬁrmare.

269 4312 303 4383 δ
354 4308 418 4364 ll.
448 4310 850 4381 Antiquus‘ordo
869 4311 1253 4384 Episcoporum
1272 4313 1643 4372 Veronensium
1669 4317 1878 4372 minime

359 4403 542 4471 probat
590 4401 654 4458 S.
685 4402 943 4459 Zenonem
986 4416 1168 4476 quarto
1207 4404 1399 4463 steculo
1427 4409 1615 4464 vixisse
1665 4427 1684 4465 :
1725 4410 1877 4479 quin-

350 4494 509 4549 immo
534 4495 708 4564 ipsum
735 4497 879 4551 tertio
906 4498 1095 4552 sacculo
1120 4499 1307 4554 vixisse
1331 4502 1621 4571 conﬁrmat.

360 4649 644 4706 Vetustum
659 4653 791 4708 satis
804 4653 1139 4725 Rhythmum
1152 4655 1386 4713 all'erunt
1414 4660 1759 4729 antiquarum
1792 4676 1882 4717 re-

272 4761 406 4802 rum
446 4746 760 4816 peritissimi
794 4747 1112 4815 thllerittii',
1145 4766 1254 4821 quo
1282 4762 1496 4808 aetatem
1551 4755 1608 4810 S.
1643 4753 1882 4812 Zenonis

272 4847 484 4909 quarto
503 4839 704 4893 saeculo
730 4839 1083 4897 determinari
1112 4852 1320 4912 putant.
1364 4845 1531 4917 (Diss.
1570 4848 1589 4901 ι
1647 4865 1693 4902 c.
1752 4849 1805 4903 5.
1853 4847 1880 4919 §

273 4932 370 5001 '5.)
401 4928 736 5000 Rhytltmum
759 4932 965 5002 accipe,
993 4934 1237 4991 studiose
1265 4936 1484 4993 Lector.

362 5088 603 5171 Primum
634 5087 861 5171 Verona}
889 5091 1546 5171 prtedicavitEuprepius
1573 5100 1881 5171 cpiscopus,

360 5158 663 5239 §ecundus
676 5158 1062 5239 Dimidrianns,
1084 5164 1298 5239 Tertius
1328 5158 1659 5239 Simplicius,

360 5231 602 5311 Quartus
626 5232 854 5311 Proeliis
873 5232 1186 5311 Confessor,
1221 5237 1412 5294 Pastor
1432 5231 1700 5311 egregius,

359 5302 595 5377 Quintus
622 5304 722 5377 fuit
738 5303 1096 5377 Saturninus,
1121 5302 1179 5363 et
1201 5311 1396 5365 Sextus
1410 5302 1667 5377 Lienlius,

361 5372 770 5452 §eptimus_l‘uit
812 5374 1062 5452 Gricinus
1081 5372 1275 5452 doctor
1312 5392 1367 5435 et
1394 5372 1703 5452 episcenos,

362 5444 601 5503 Octavus
626 5446 816 5502 Pastor
842 5458 896 5503 et
924 5448 1206 5506 confessor
1230 5450 1379 5508 Zeno
1399 5444 1604 5524 martyr
1624 5444 1883 5525 Inclytus.

366 5627 639 5681 llactenus
667 5623 977 5690 Ballerinii;
1028 5635 1085 5681 at
1136 5627 1251 5683 lucc
1298 5630 1465 5685 etiam
1514 5631 1887 5702 subjungcuda

282 5734 411 5791 qua:
442 5716 755 5774 inuncdiatc
777 5726 1073 5787 sequuntur
1103 5734 1117 5783 ;

751 5813 995 5875 I’ATItOL
1072 5813 1185 5875 XI.

1971 3213 2205 3277 attendi,
2237 3229 2298 3267 ac
2325 3214 2523 3277 seriem
2558 3215 2952 3287 Episcoporum
2983 3219 3377 3279 Veronensium
3400 3267 3414 3293 ,
3448 3227 3575 3282 falsa

1973 3321 2118 3372 esse,
2150 3322 2271 3377 quae
2290 3306 2489 3361 delilia
2518 3307 2752 3364 Gallieni
2786 3309 3060 3380 dicuntur,
3100 3323 3464 3374 autumantes.
3510 3340 3538 3356 ·’

2048 3398 2308 3470 thytluni
2364 3398 2527 3469 hujus
2575 3403 2957 3468 antiquitatem
2997 3407 3231 3463 maxime
3277 3411 3576 3482 suspicien-

1973 3490 2098 3545 dam
2130 3500 2185 3545 et
2212 3506 2312 3562 ego
2333 3490 2461 3547 duxi
2491 3493 2559 3548 de
2584 3509 2690 3549 uno
2730 3493 2952 3551 Ζειιοιιθ
2993 3489 3290 3555 Ver‘dnensi
3318 3504 3577 3575 episcopo

1975 3600 2141 3656 agens
2170 3601 2185 3650 ;
2218 3594 2536 3656 certamque
2565 3588 2860 3655 primorum
2887 3600 3013 3647 octo
3040 3594 3420 3664 episcoporum
3476 3600 3577 3656 Ve-

1975 3681 2294 3735 ronensium
2324 3680 2520 3735 seriem
2552 3681 2724 3752 ipsius
2753 3682 3012 3754 lihythmi
3035 3692 3361 3763 auctoritate
3384 3673 3572 3748 contra

1975 3772 2413 3848 Papebrochium
2437 3773 2665 3827 asserui.
2698 3774 2974 3847 Immerito
2999 3787 3179 3833 tamen
3213 3782 3577 3839 clarissimum

1977 3867 2119 3935 hunc
2140 3868 2327 3925 Virum
2351 3872 2554 3927 erroris
2584 3872 2637 3926 in
2664 3887 2730 3928 eo
2761 3890 2846 3928 nte
2876 3875 3220 3947 redarguisse
3239 3879 3467 3949 ingenue
3498 3880 3578 3937 fa-

1978 3962 2080 4033 teri
2106 3962 2275 4044 exigit
2303 3965 2525 4020 veritas.
2558 3965 2669 4040 Hoc
2722 3966 3065 4023 manifestum
3097 3972 3189 4025 lict
3226 3987 3292 4026 cx
3321 3972 3405 4028 his
3456 3990 3578 4044 qua:

1962 4041 2140 4111 modo
2169 4055 2489 4113 disserenda
2517 4059 2779 4130 suscipio.

2049 4145 2171 4200 Tria
2205 4146 2274 4202 de
2298 4147 2401 4203 hoc
2427 4148 2706 4219 thythmo
2733 4153 3250 4220 ponuntdoctissimi
3272 4146 3573 4214 Ballerinii.

1978 4238 2179 4305 Primo,
2212 4244 2364 4296 aiunt
2393 4242 2568 4312 ipsum
2598 4259 2627 4298 e
2661 4244 2935 4316 Diptycltis
2956 4247 3219 4305 Ecclesiae
3251 4252 3579 4312 Veronensis

1977 4330 2144 4387 fuisse
2185 4336 2604 4390 concinnatum:
2655 4336 2929 4407 Secundo,
2976 4343 3175 4397 seriem
3225 4352 3279 4398 et
3324 4347 3573 4402 ordinem

1979 4434 2101 4478 octo
2134 4425 2431 4505 primorum
2464 4429 2856 4501 Episcoporum
2881 4435 3154 4491 sincerum
3185 4438 3236 4491 i'n
3266 4440 3383 4508 ipso
3410 4444 3584 4497 conti-

1898 4496 1953 4556 D
1980 4518 2097 4573 neri
2127 4536 2140 4572 :
2174 4502 2382 4589 Tertio,
2406 4538 2469 4577 ea
2497 4538 2618 4593 qua:
2639 4522 2707 4579 de
2735 4526 2967 4582 Gallieni
2998 4496 3348 4601 Imperatoris
3395 4535 3503 4589 ﬁlia
3529 4539 3582 4592 in

1980 4611 2172 4667 eodem
2200 4612 2453 4683 leguntur
2477 4630 2601 4671 esse
2631 4616 2786 4672 falsa.
2819 4619 3058 4691 Singula-
3091 4627 3507 4694 perpendamus.

2059 4704 2102 4758 E
2124 4704 2404 4777 Diptychis
2424 4706 2687 4764 Ecclesia:
2724 4709 3052 4768 Veronensis
3082 4728 3363 4787 acceptum
3413 4719 3577 4778 fuisse

1990 4798 2135 4853 hunc
2164 4798 2521 4871 thythmum,
2547 4803 2699 4858 nullo
2725 4821 2823 4859 nec
2850 4815 3065 4862 vetusto
3092 4851 3105 4871 ,
3161 4825 3262 4864 nec
3291 4796 3579 4869 recentiori

1991 4902 2344 4949 monumento
2373 4896 2632 4963 probatur
2656 4912 2671 4960 ;
2696 4897 2967 4952 Ecclesiae
2993 4914 3222 4969 namque
3252 4901 3582 4960 Veronensis

1994 4986 2252 5058 Diptycha
2285 4987 2431 5041 nulla
2463 4996 2654 5042 extant
2680 5006 2691 5041 :
2721 5004 2781 5042 ea
2817 4997 3022 5043 tantum
3068 4992 3381 5058 conjecmra
3418 4996 3589 5051 addo-

1992 5080 2154 5143 citur,
2189 5078 2333 5148 quod
2360 5078 2625 5149 cujusque
2649 5077 2895 5134 Civitatis
2922 5080 3220 5151 Episcopos
3246 5085 3298 5139 in
3329 5086 3583 5159 diptychis

1945 5188 2052 5242 fex
2106 5171 2286 5224 ordine
2333 5171 2586 5235 scribere,
2644 5181 2691 5225 et
2736 5172 2868 5225 inter
2896 5172 3178 5229 Missurum
3222 5179 3471 5233 solemnia
3513 5183 3581 5236 ad

1988 5263 2265 5317 secundum
2289 5257 2747 5328 Memento'omnes
2776 5266 2931 5318 etiam
2966 5266 3185 5323 Sanctus
3223 5271 3475 5340 recitare,
3522 5290 3585 5329 ea:

1993 5357 2205 5423 antiqua
2230 5354 2504 5424 disciplina
2528 5372 2639 5409 mos
2671 5357 2847 5424 fuerit,
2882 5367 2989 5412 tum
3028 5360 3081 5413 in
3116 5360 3327 5419 Oriente
3348 5408 3363 5431 ,
3396 5375 3503 5419 tum
3535 5367 3589 5422 in

1997 5448 2284 5502 Occidente.
2303 5446 2494 5502 Utrum
2520 5447 2624 5503 hoc
2650 5448 2723 5502 ita
2755 5450 2843 5512 sit,
2871 5450 2922 5503 in
2947 5450 3167 5508 dubiant
3198 5470 3461 5512 revocare
3485 5475 3591 5514 non

1992 5549 2075 5596 cst
2102 5555 2269 5609 opus;
2302 5540 2570 5600 indicasse
2598 5540 2761 5596 modo
2794 5542 3027 5598 sufficiat
3055 5547 3342 5614 quamlevi
3376 5552 3586 5605 ratione

1993 5632 2295 5688 aitirmetur
2328 5634 2550 5703 hujusce
2579 5634 2912 5704 Rhytlu‘num
2941 5652 2970 5690 c
3018 5637 3297 5709 Diptychis
3332 5640 3593 5697 Ecclesia:

2001 5726 2332 5782 Veronensis
2353 5726 2870 5797 originemtralterc.
2911 5728 2966 5783 Si
3008 5730 3286 5787 cnimltmc
3332 5729 3592 5805 Diptyclta

2935 5825 3013 5885 23
