3822 6220
309 266 417 320 715

1455 261 1543 316 DE
1582 259 1830 317 SANCTI
1868 259 2162 322 ZENONIS
2198 262 2467 322 EPOCHA

3521 266 3639 323 716‘

309 386 578 442 extarent,
638 385 748 431 tum
780 388 843 431 ex
873 379 1061 429 eordm
1121 387 1242 429 cum
1290 373 1568 447 thytltmo
1615 376 1928 431 collatione
1946 390 1994 449 Α
2091 380 2191 434 Ast
2215 397 2316 452 ego
2358 382 2409 436 id
2438 382 2579 455 quod
2621 382 2795 439 sentio
2823 388 3009 452 aperte
3029 380 3226 436 dicam.
3261 380 3449 451 Neque
3478 384 3639 451 cpis-

311 471 557 543 dignosci
592 479 795 538 posset,
829 482 954 521 num
986 465 1055 520 ab
1100 464 1291 520 iisdem
1327 465 1605 537 Diptychis
1661 476 1917 537 acceptus

315 573 461 618 esset
490 578 504 625 ;
538 575 657 613 cum
692 573 820 612 vero
844 573 949 612 non
1002 566 1212 622 extent,
1256 557 1482 611 arbitrio
1537 567 1638 612 sn‘o
1686 559 1918 629 quisque

315 662 494 724 potest
536 650 676 705 unde
725 649 812 705 hic
862 649 1172 721 Rbytlnnus
1211 648 1281 703 sit
1313 649 1531 704 habitus
1580 652 1916 723 excogitare.

318 746 436 800 Non
464 726 628 798 luisse
653 757 782 797 vero
810 752 1120 812 acceptum,
1150 755 1260 797 non
1304 742 1407 797 levi
1440 753 1763 813 argumento
1794 747 1921 801 csse

314 840 1000 910 poteSLMouumentorum
1054 834 1403 906 antiquorum
1436 835 1701 893 Ecclesiae
1750 838 1921 893 Vero-

316 933 499 988 nensis
527 940 583 986 et
611 929 870 1001 thythmi
907 928 1067 998 hujus
1092 928 1432 983 dissonantia
1461 947 1474 983 :
1511 930 1563 984 iu
1587 928 1691 985 hoc
1717 930 1920 986 etenim

317 1016 593 1100 thytbmo
617 1025 907 1082 Secundus
932 1023 1168 1081 Verona:
1194 1023 1500 1095 Episcopus
1533 1025 1920 1092 Dimidrianus,

317 1122 534 1177 Tertius
565 1120 902 1192 Simplicius,
957 1133 1021 1195 ac
1074 1118 1354 1189 Septimus
1387 1117 1653 1174 .Gricinus
1682 1119 1882 1174 dicitur
1906 1158 1920 1173 .

315 1220 388 1272 At
417 1216 470 1270 itt
505 1216 686 1271 tabula
710 1214 946 1284 lapidea,
972 1228 1094 1283 qua:
1124 1213 1533 1284 propejanuam
1578 1213 1839 1269 Ecclesia:
1861 1212 1921 1269 S.

315 1308 533 1364 Proculi
559 1308 842 1378 aspicitur,
872 1307 989 1363 haec
1011 1306 1183 1362 series
1207 1307 1505 1377 primorum
1543 1305 1923 1375 episcoporum

316 1405 517 1476 legitur
544 1421 559 1457 ι
586 1402 703 1457 Hac
728 1405 837 1457 azde
881 1401 1228 1457 vetustissima
1269 1401 1498 1471 plurium
1554 1398 1791 1454 Virorum
1830 1397 1925 1453 Di-

315 1516 497 1555 uorum
539 1498 787 1554 Sacrario
846 1496 1123 1569 Euprepii,
1184 1494 1329 1549 Petri
1378 1494 1613 1567 Apostoli
1656 1494 1923 1563 discipuli,

316 1591 474 1663 hujus
512 1590 653 1645 urbis
702 1590 931 1661 episcopi
985 1591 1035 1656 1,
1068 1587 1266 1643 Gricini
1297 1586 1383 1656 ΙΙ,
1413 1587 1602 1659 Agapii
1641 1584 1735 1639 111
1748 1629 1762 1653 ,
1794 1585 1929 1639 Pro-

286 1677 425 1740 iculi
490 1682 600 1750 IV,
664 1682 1055 1754 Martyrumque
1110 1681 1345 1749 Cosmus,
1409 1693 1456 1735 et
1512 1679 1786 1745 Damiani,
1818 1688 1922 1733 etc.

2020 485 2277 541 coporum
2304 474 2699 530 Veronensium
2724 476 2942 537 seriem,
2971 488 3089 542 qua:
3116 472 3169 527 in
3201 471 3503 544 liliythmo,
3534 488 3638 527 nec

2021 577 2127 632 que
2152 578 2269 618 eam
2293 581 2414 636 qua:
2438 567 2489 620 in
2514 568 2787 622 veteribus
2833 557 3196 621 monumentis
3224 564 3420 634 legitur
3443 580 3474 619 e
3499 566 3635 636 Dip-

2024 654 2203 724 tychis
2231 656 2561 714 Veronensis
2602 658 2863 714 Ecclesiae
2894 658 3231 728 desutuptam
3275 666 3407 727 puto
3437 674 3450 710 :
3480 657 3635 727 quod

2024 748 2125 804 liae
2148 752 2354 807 ratione
2382 751 2643 819 adducor,
2673 763 2729 807 ut
2749 752 2989 817 credam,
3023 767 3145 807 nam
3169 751 3291 806 etin
3320 744 3631 821 thytltmo,

2026 851 2080 897 et
2128 843 2180 897 in
2236 847 2600 901 monumentis
2652 845 3051 901 Veronensibus
3108 844 3426 901 manifestus
3477 845 3631 900 circa

2025 933 2400 1004 episcoporum
2435 946 2680 1005 tempora
2711 938 2977 1005 reperitur
3025 951 3203 992 error.
3273 936 3329 990 ln
3381 936 3634 1006 utrisque

2027 1025 2228 1081 etenim
2274 1028 2330 1084 S.
2377 1028 2641 1083 Proculus
2685 1037 2907 1099 quartus
2954 1029 3285 1085 Veronensis
3335 1030 3635 1099 episcopus

2027 1116 2225 1173 dicitur
2248 1159 2262 1183 ,
2292 1128 2347 1173 et
2373 1119 2424 1174 in
2473 1120 2716 1189 utrisque
2745 1131 2870 1177 ante
2899 1120 3203 1178 Gallienum
3236 1123 3630 1193 imperatorem

2028 1208 2259 1278 vixisse,
2285 1227 2407 1267 cum
2455 1213 2743 1284 utrobique
2770 1198 2993 1284 quartus
3023 1216 3311 1286 episcopus
3341 1230 3629 1284 nuncupe-

2028 1310 2137 1369 tur,
2172 1312 2228 1358 et.
2248 1313 2472 1360 octavus
2510 1306 2570 1361 S.
2615 1307 2795 1375 Zeno,
2837 1324 2998 1379 quem
3024 1308 3257 1367 Gallieni
3289 1308 3637 1380 temporibus

2030 1396 2409 1481 Episcopatum
2442 1398 2809 1458 Veronensem
2851 1402 3086 1474 gessisse
3116 1403 3457 1471 apertissime
3480 1401 3639 1456 aftir-

2029 1498 2180 1544 mant
2210 1508 2221 1543 :
2248 1490 2292 1544 Α
2332 1492 2469 1547 malo
2516 1495 2703 1563 spiritu
2754 1496 2953 1549 sanavit
3001 1493 3229 1550 Gallieni
3282 1495 3467 1563 ﬁliam.
3502 1493 3642 1548 Haec

2032 1581 2356 1653 Rhytlumts.
2384 1586 2542 1639 Anno
2568 1585 2675 1642 256
2717 1587 2773 1642 S.
2808 1587 3096 1642 Proculum
3129 1586 3330 1642 vixisse
3373 1587 3425 1640 in
3469 1584 3635 1640 Psal-

2030 1676 2190 1731 mista
2239 1673 2462 1748 antiquo
2504 1679 2765 1735 Ecclesia:
2795 1680 2891 1737 SS.
2937 1680 3317 1750 Apostolorum
3367 1688 3635 1734 netatur:

322 1776 444 1831 Fuit
491 1774 710 1845 quidem
740 1774 827 1829 hic
857 1774 997 1844 lapis
1028 1788 1171 1828 anno
1207 1772 1347 1828 1502
1378 1771 1569 1827 eadem
1603 1771 1654 1825 in
1684 1770 1927 1826 Ecclesia
1957 1787 2007 1848 Β
2033 1771 2181 1823 Anno
2229 1770 2441 1826 Domini
2465 1772 2571 1829 256
2600 1773 2790 1827 vivebat
2822 1773 2882 1828 S.
2930 1772 3187 1827 Proculus
3230 1781 3446 1843 quartus
3493 1773 3645 1843 epis-

320 1870 546 1936 locatus,
578 1869 676 1925 sed
704 1870 779 1924 illi
809 1869 991 1924 omnia
1019 1867 1321 1923 vetustiora
1348 1876 1699 1921 monumenta
1725 1880 1926 1919 consu-

318 1972 471 2019 nant.
525 1961 803 2018 Consonat
851 1968 1067 2015 vetusta
1120 1957 1438 2013 membrana
1492 1956 1627 2030 (SS.
1673 1956 1923 2026 Episwp.

337 2056 519 2113 Veron.
555 2056 781 2123 Antiqua
812 2054 958 2108 Man.
1009 2068 1099 2126 per
1120 2051 1397 2124 Bagattam
1438 2060 1483 2106 et
1520 2051 1782 2105 Perettum
1823 2049 1928 2102 col-

323 2154 454 2207 lecta
492 2149 616 2204 Ven.
646 2166 734 2202 an.
784 2146 946 2218 1576)
982 2165 993 2200 :
1030 2146 1159 2201 Htec
1184 2154 1305 2200 sunt
1353 2160 1571 2214 corpora
1616 2143 1927 2199 Sanctorum

321 2241 527 2312 sepulta
573 2242 627 2293 in
676 2239 908 2293 Ecclesia
958 2238 1019 2293 8.
1059 2237 1313 2303 Proculi,
1361 2245 1407 2290 et
1452 2240 1617 2305 primo
1659 2235 1713 2287 in
1762 2233 1930 2286 Altari

318 2333 559 2405 inferiori
585 2332 815 2399 eiusdem
836 2334 975 2403 jacet
995 2346 1184 2397 corpus
1209 2330 1246 2383 8
1308 2326 1522 2381 Proculi
1540 2350 1546 2355 ·
1565 2325 1793 2397 episcOpi
1836 2322 1931 2377 Ve-

320 2428 575 2491 ronensis,
607 2436 655 2480 et
691 2408 790 2494 fuit
819 2433 1033 2490 quartus
1079 2424 1473 2493 episcopus.....
1514 2420 1583 2473 In
1638 2420 1745 2473 alio
1774 2417 1929 2471 altari

323 2521 393 2576 ad
422 2521 661 2576 dextrum
685 2518 819 2571 latus
842 2516 1052 2587 praefati
1076 2515 1262 2568 altaris
1275 2518 1418 2586 jacet
1442 2518 1643 2583 Corpus
1667 2512 1726 2567 S.
1746 2510 1929 2581 Agabii

321 2613 571 2686 episcOpi,
601 2620 646 2666 et
671 2611 770 2681 fuit
798 2611 978 2664 tertius
1026 2607 1352 2663 Veronensis.
1377 2607 1469 2661 ~In
1508 2608 1613 2660 alio
1651 2606 1807 2659 altari
1859 2605 1928 2658 ad

298 2709 592 2764 ~sinistrum
620 2706 753 2760 latus
780 2703 989 2775 prtcfati
1015 2703 1199 2756 altaris
1213 2705 1394 2774 jaceat
1420 2716 1643 2768 corpora
1667 2698 1775 2754 SS.
1818 2695 1928 2750 Eu-

323 2800 492 2873 prepii
518 2809 563 2853 et
592 2797 795 2853 Gricini
844 2814 857 2849 :
890 2796 975 2867 qui
1026 2794 1238 2865 quidem
1269 2794 1570 2867 Euprepius
1603 2792 1699 2863 fuit
1730 2791 1927 2863 primus

321 2896 594 2965 episcOpus
631 2888 958 2953 Veronensis,
1007 2888 1196 2941 missus
1232 2896 1276 2941 et
1324 2892 1649 2940 consecratus
1695 2899 1726 2937 a
1765 2881 1925 2935 Beato

291 3006 294 3009 λ
323 2983 481 3039 Petro
511 2981 782 3055 Apostolo,
818 2990 865 3034 et
888 2979 1123 3033 similiter
1151 2978 1392 3032 Gricinus
1432 2976 1685 3030 secundus
1730 2975 1926 3043 episco-

320 3094 416 3149 pus
466 3074 789 3129 Veronensis.
848 3066 1125 3127 Consonat
1172 3079 1229 3125 et
1261 3070 1527 3141 inscriptio
1576 3069 1629 3121 itt
1661 3066 1832 3122 Altari
1863 3064 1920 3120 S.

2033 1879 2190 1932 capas
2220 1863 2523 1920 Veronensis
2543 1907 2558 1931 ,
2593 1870 2751 1937 frater
2780 1865 2841 1922 S.
2866 1865 3047 1921 Tuscte
3087 1865 3334 1937 Virginis,
3364 1867 3641 1938 magistra

2032 1956 2094 2011 S.
2138 1956 2390 2013 Teuteria:
2445 1959 2705 2031 Virginis;
2758 1969 2812 2015 et
2854 1960 2907 2014 in
2944 1959 3333 2030 Martyrologio
3366 1958 3644 2013 Ecclesia:

2032 2048 2371 2104 Cathedralis
2419 2048 2753 2106 Veronensis
2792 2051 2881 2106 die
2926 2050 2998 2106 25
3044 2051 3221 2106 Martii
3263 2051 3344 2105 sic
3383 2050 3590 2120 legitur
3619 2068 3639 2104 :

2032 2138 2226 2193 Eadem
2251 2140 2333 2196 die
2351 2139 2413 2197 S.
2445 2142 2651 2196 Proculi
2676 2139 2981 2197 Veronensis
3002 2140 3270 2215 Episcopi,
3291 2142 3640 2213 quitempore

2034 2229 2307 2285 Maximini
2347 2232 2650 2303 sequebatur
2688 2233 3004 2289 beatissimos
3047 2233 3305 2305 Martyres
3347 2233 3636 2303 Firmum,

2033 2334 2077 2378 et
2106 2323 2396 2391 Rusticum,
2424 2328 2636 2394 cupiens
2667 2344 2773 2382 una
2794 2344 2914 2382 cum
2938 2328 3065 2398 ipsis
3086 2328 3336 2399 martyrio
3362 2327 3637 2391 coronari,

2033 2419 2121 2473 sed
2145 2430 2312 2473 tamen
2338 2438 2370 2474 a
2395 2421 2702 2476 satellitibus
2732 2423 2978 2493 expulsus
3007 2422 3061 2476 in
3084 2438 3209 2491 pace
3240 2421 3450 2492 quievit.
3478 2419 3635 2475 Idem

2033 2511 2087 2565 in
2110 2511 2233 2567 aliis
2260 2526 2387 2567 mss.
2421 2512 2975 2584 inspicitur.Tempus
2998 2528 3247 2583 veroque
3276 2513 3335 2568 S.
3365 2512 3639 2567 Proculus

2033 2602 2331 2659 Veronensi
2368 2617 2598 2673 prmerat
2641 2604 2901 2660 Ecclesia:
2949 2621 3014 2661 ex
3056 2594 3220 2661 certis
3261 2608 3638 2661 monumentis

2032 2697 2259 2753 habetur
2284 2741 2297 2765 ,
2347 2708 2421 2753 ut.
2443 2700 2728 2754 clarissimi
2758 2700 3029 2755 Ballerinii
3058 2699 3431 2755 demonstrant
3482 2699 3636 2754 dicta

2036 2790 2260 2847 Dissert.
2293 2783 2463 2862 prima
2509 2808 2629 2863 cap.
2663 2795 2730 2859 ὅ,
2765 2793 2850 2865 §5
2879 2811 2891 2846 :
2923 2794 2984 2848 8.
3031 2791 3287 2847 Proculus
3318 2791 3426 2864 [ita
3459 2791 3629 2846 iidem

2030 2882 2333 2955 Auctores]
2371 2894 2556 2954 quarto
2605 2884 2797 2939 steculo
2835 2885 3039 2938 ineunte
3068 2884 3121 2937 in
3166 2883 3291 2937 vivis
3327 2891 3476 2946 erat,
3508 2900 3634 2936 cum

2032 2977 2353 3033 Maximiano
2384 2978 2706 3049 lmperatore
2741 2978 2994 3035 Veronam
3023 2979 3166 3033 ducti
3191 2983 3334 3051 fuere
3363 2979 3473 3035 SS.
3498 2979 3632 3035 Fir-

2029 3088 2164 3137 mus,
2197 3082 2241 3127 et
2265 3072 2531 3139 Rusticus,
2555 3074 2644 3140 qui
2672 3073 2890 3128 subinde
2913 3073 3169 3144 martyrio
3200 3074 3435 3127 coronati
3464 3084 3587 3127 sunt
3608 3114 3624 3138 ,

322 3162 530 3241 Agabio
551 3176 737 3223 erecto
767 3184 779 3219 :
806 3164 1001 3236 Agabio
1025 3165 1112 3235 qui
1155 3164 1212 3217 in
1266 3162 1579 3231 Pontiﬁcatu
1633 3161 1782 3214 tertio
1802 3175 1922 3211 suc-
1950 3160 2083 3233 C'ut
2112 3165 2283 3233 palam
2335 3165 2394 3233 ﬁt
2439 3164 2507 3219 ετ
2545 3166 2767 3235 antiquis
2812 3166 3044 3235 ipsorum
3103 3166 3230 3220 actis
3260 3182 3292 3218 a
3321 3164 3633 3219 March‘one

318 3261 490 3329 cessit.
552 3260 829 3315 Consonat
884 3256 1168 3327 inscriptio
1199 3256 1252 3309 in
1299 3255 1468 3309 Altari
1518 3253 1614 3310 SS.
1669 3251 1922 3321 Euprepii

319 3361 377 3419 et
400 3351 604 3409 Gricini
632 3350 737 3406 sito
762 3350 815 3404 in
851 3349 1095 3405 Ecclesia
1123 3348 1181 3403 S.
1228 3346 1444 3401 Proculi
1479 3364 1490 3399 :
1520 3344 1780 3417 Euprepio
1824 3344 1923 3397 Ve-

315 3459 518 3498 ronata
569 3441 764 3498 Christi
801 3458 938 3494 anno
984 3440 1055 3494 72
1102 3438 1328 3493 Prwsuli
1371 3438 1556 3507 primo,
1614 3445 1659 3489 et
1712 3434 1924 3489 Gricino

317 3538 551 3595 laborum
581 3537 722 3591 socio
767 3545 814 3590 et
841 3534 1017 3588 comiti
1061 3538 1206 3586 locus
1248 3531 1540 3586 restitutus.
1577 3530 1690 3584 Duo
1744 3529 1923 3597 itaque

306 3631 517 3687 diversi
540 3630 936 3700 Episcoporum
974 3624 1373 3680 Veronensium
1393 3622 1612 3680 ordines
1640 3622 1923 3691 reperiun-

319 3735 406 3780 tur
439 3740 453 3788 ;
484 3720 604 3793 quis
632 3736 763 3792 ergo
803 3736 837 3774 e
872 3718 1149 3789 Diptychis
1203 3728 1426 3770 manare
1480 3714 1743 3771 dicendus
1785 3713 1920 3769 est?

312 3813 412 3883 Qui
443 3817 495 3871 in
516 3814 796 3886 Rhytbmo
825 3814 1041 3883 legitur,
1072 3826 1138 3864 an
1169 3810 1258 3878 qui
1304 3810 1357 3862 in
1380 3808 1683 3863 Iveteribus
1728 3822 1920 3861 monu-

317 3908 557 3964 mentis?
585 3909 666 3963 Au
695 3906 1002 3982 censendus
1034 3913 1115 3958 est
1139 3902 1459 3973 Anonymus
1488 3900 1829 3970 Pipinianus,
1863 3910 1916 3954 ut

322 4000 531 4054 Domini
590 3998 863 4053 Ballerinii
912 3996 1171 4068 thytltmi
1220 4005 1495 4073 auctorem
1545 3994 1829 4048 nominant
1888 4007 1920 4047 e

319 4084 590 4162 diptychis
632 4088 864 4155 eruisse,
922 4089 1011 4159 qui
1059 4086 1318 4158 di'ptycba
1374 4086 1516 4141 forte
1572 4086 1705 4140 vidit
1759 4102 1917 4140 num-

321 4186 531 4256 quan.‘
583 4186 663 4238 An
698 4198 827 4237 vero
857 4180 1139 4244 Ecclesiae,
1194 4179 1282 4233 ubi
1329 4179 1521 4244 eadem
1568 4186 1916 4231 monumenta

320 4278 535 4349 publice
557 4286 686 4333 sunt
733 4275 1001 4345 exposita,
1050 4262 1334 4342 inquibus
1383 4273 1557 4325 donec
1586 4284 1703 4323 mos
1749 4270 1919 4338 viguit

318 4374 530 4444 legendi
565 4388 632 4428 ex
696 4370 976 4442 Diptychis
1023 4368 1242 4424 nomina
1294 4368 1555 4438 inscripta
1597 4352 1625 4431 ,i
1671 4365 1916 4435 quotidie

319 4466 692 4537 legebantur?
736 4462 1075 4534 Antiquitate
1105 4468 1329 4532 prsestet
1365 4460 1672 4531 Rbytltmus
1706 4458 1917 4513 caeteris

316 4559 684 4615 monumentis
761 4556 1027 4611 Vetustior
1060 4596 1074 4621 ,

316 4652 360 4708 si
414 4663 467 4708 et
519 4652 570 4705 in
619 4668 685 4705 eo
734 4648 1050 4703 nlillliftJSlUS
1091 4644 1531 4717 deprehendatur
1586 4658 1774 4709 error,
1855 4644 1919 4697 li-

270 4754 404 4800 .cet
452 4755 505 4800 et
572 4746 693 4799 aliis
750 4740 1115 4797 monumentis
1178 4737 1526 4793 communis?
1584 4736 1915 4807 thytltmum

317 4854 530 4894 errores
560 4837 846 4893 continere
896 4842 1084 4903 putant
1113 4831 1272 4887 iidem
1319 4828 1595 4884 Ballerinii
1633 4846 1645 4881 :
1681 4826 1762 4880 Ne
1805 4829 1917 4898 quis

318 4931 548 4984 omnibus
578 4938 766 5000 prtcter
813 4916 1193 4997 EpiscOporum
1240 4924 1470 4977 ordinem
1522 4921 1782 4992 Anonymi
1822 4919 1917 4973 Pi-

316 5023 514 5090 piniani
545 5022 695 5075 dictis
732 5021 887 5090 fidem
920 5016 1417 5071 accommodandam
1451 5016 1747 5080 existimet,
1795 5030 1913 5067 cum

314 5132 372 5169 ea
417 5132 531 5185 quae
579 5116 643 5169 de
673 5113 904 5168 Gallieni
954 5111 1178 5166 Cwsaris
1208 5110 1321 5179 [ilia
1361 5110 1574 5164 inseruit
1617 5107 1754 5179 falsa
1785 5109 1907 5161 sint.

312 5207 635 5262 Recentiora
665 5216 1019 5260 tttOutthMIa
1051 5204 1171 5275 quis
1197 5203 1389 5271 credat
1416 5212 1542 5257 tunc
1562 5260 1563 5263 η
1584 5201 1871 5257 adinventa
1892 5243 1907 5269 ,

312 5315 431 5353 cunt
459 5300 512 5353 in
547 5300 815 5370 lapidibus
847 5306 901 5351 ct
960 5299 1011 5351 in
1055 5296 1390 5350 membranis
1440 5293 1911 5349 inscriberentur?

308 5392 499 5447 Nonne
525 5393 805 5461 omnijnrc
830 5388 1327 5457 censeredebemus
1353 5403 1419 5443 ex
1446 5387 1567 5443 aliis
1592 5387 1908 5458 antiquiori-

310 5484 408 5538 bus
464 5482 632 5553 fuisse
678 5483 1006 5552 desumpta?
1076 5480 1334 5536 Ludibrio
1402 5480 1619 5550 quidem
1692 5479 1903 5534 cnuctis

307 5583 469 5641 esset,
494 5578 583 5646 qui
610 5578 729 5630 sine
756 5576 866 5629 ullo
894 5576 1177 5629 vetusmtis
1203 5572 1594 5628 admininiculo
1628 5579 1900 5640 tamquam

302 5678 510 5721 vetusta
556 5668 877 5730 exhiberet,
923 5685 1042 5736 qua:
1092 5668 1205 5735 ipse
1263 5667 1481 5735 proprio
1529 5674 1699 5717 marte
1751 5662 1900 5717 adin-

302 5768 472 5813 νειηι.
1210 5780 1213 5781 ⁷

2033 3256 2248 3323 Maﬂ‘eio
2294 3258 2442 3335 editis
2471 3258 2527 3312 in
2550 3259 2689 3312 calce
2717 3258 3063 3329 diplomaticte
3093 3258 3357 3325 historias,
3396 3276 3449 3330 p.
3490 3258 3625 3314 505.

2029 3348 2096 3403 In
2124 3350 2387 3404 nonnullis
2412 3352 2615 3421 quidem
2643 3362 2879 3405 actorum
2898 3368 2993 3405 ms.
3022 3366 3116 3421 pro
3146 3350 3471 3405 Maximiano
3504 3349 3627 3404 Ma-

2026 3441 2253 3496 ximinus
2294 3442 2509 3513 legitur,
2541 3442 2609 3496 ad
2633 3445 2778 3511 cujus
2823 3442 3039 3509 proinde
3081 3439 3371 3514 Imperium
3401 3440 3626 3496 Proculi

2027 3544 2224 3590 atatem
2262 3537 2636 3605 provehendam
2675 3536 2907 3592 arbitrati
2934 3545 3091 3601 sunt;
3118 3547 3173 3589 at
3214 3553 3333 3589 cum
3378 3553 3443 3590 ex
3489 3538 3626 3592 actis

2027 3638 2197 3699 pateat
2228 3627 2594 3698 Imperatorem
2619 3630 2673 3683 id
2700 3629 2941 3700 temporis
2972 3628 3258 3683 Mediolani
3283 3628 3467 3696 fuisse,
3494 3626 3617 3682 Ma-

2025 3723 2250 3777 ximinus
2270 3732 2439 3778 autem
2467 3739 2527 3777 ea
2557 3724 2610 3776 in
2646 3723 2768 3776 urbe
2794 3738 3075 3793 numquam
3098 3722 3281 3791 fuerit,
3319 3722 3508 3792 quippe
3532 3723 3627 3791 qui

2026 3815 2116 3868 vix
2159 3808 2370 3869 Italiam
2400 3817 2661 3886 ingressus
2705 3814 2758 3867 in
2809 3814 3055 3883 Aquileia:
3093 3812 3358 3867 obsidione
3403 3822 3623 3867 mortem

2025 3910 2272 3980 appetiit,
2297 3923 2353 3965 ut
2378 3920 2512 3965 recte
2543 3910 2777 3981 probavit
2798 3919 2971 3964 noster
3007 3908 3076 3962 P.
3114 3907 3300 3965 Petrus
3330 3907 3624 3964 Paduanus

2024 4019 2089 4057 ea:
2119 4003 2313 4058 Ordine
2333 4002 2758 4058 Conventualium
2787 4003 2927 4075 apud
2954 4001 3231 4073 Ughellum
3260 4010 3383 4055 tam.
3410 4018 3473 4056 v.
3502 4000 3622 4055 Ita-

2023 4094 2109 4148 lia:
2135 4110 2296 4149 sacra:
2318 4111 2437 4164 pag.
2463 4094 2590 4156 685.
2624 4110 2837 4163 cumque
2859 4094 3091 4164 pluribus
3113 4092 3361 4162 exemplis
3383 4093 3581 4164 liqueat
3599 4134 3618 4162 ,

2023 4187 2133 4240 haec
2168 4187 2269 4240 duo
2300 4188 2506 4240 nomina
2541 4186 2848 4241 Maximiani
2890 4197 2938 4241 et
2963 4185 3236 4241 Maximini
3271 4188 3334 4241 in.
3355 4174 3649 4243 codicibus.

2022 4282 2309 4353 promiscue
2357 4280 2542 4343 scribi,
2588 4281 2839 4350 facileque
2886 4282 3175 4352 confundi,
3206 4282 3377 4351 potior
3420 4282 3618 4345 immo,

2023 4382 2071 4426 et
2095 4371 2315 4443 genuina
2345 4379 2559 4443 apparet
2583 4371 2801 4425 aliorum
2827 4372 3059 4426 codicum
3090 4371 3473 4428 Maximianum
3494 4374 3623 4427 scri-

2026 4464 2251 4516 bentium
2279 4462 2578 4531 lectio,qua:
2598 4463 2799 4529 quidem
2831 4464 2884 4517 in
2912 4462 3149 4533 Antiquis
3178 4480 3301 4517 mss.
3330 4479 3448 4531 quae
3474 4464 3620 4519 vide-

1157 4556 1337 4623 ilattue
1386 4562 1439 4606 ει
1470 4552 1668 4628 ,νθΐῖοΐ
1691 4551 1717 4603 ’ἶ
1782 4547 1918 4615 Quid
1948 4551 1998 4610 D
2024 4560 2145 4611 run’t
2192 4565 2239 4610 et
2272 4556 2564 4628 allegarunt
2607 4555 2851 4610 Bollaadi
2882 4556 3027 4613 Socii
3052 4557 3121 4610 ad
3161 4558 3296 4610 diem
3319 4556 3391 4611 24
3434 4557 3621 4611 Martii

2019 4653 2076 4706 in
2105 4650 2166 4706 8.
2195 4649 2407 4704 Proculi
2441 4650 2644 4703 inventa
2670 4658 2745 4703 est
2764 4667 2783 4715 ;
2810 4666 2870 4703 ac
2890 4652 3016 4722 jure
3053 4658 3323 4719 propterea
3369 4648 3431 4705 S.
3477 4647 3620 4703 Pro-

2021 4745 2168 4800 culus
2194 4751 2239 4797 et
2269 4742 2375 4798 SS.
2422 4740 2632 4796 Firmus
2654 4784 2667 4808 ,
2715 4751 2761 4797 et
2789 4741 3031 4796 Rusticus
3070 4741 3125 4795 in
3159 4739 3382 4809 antiquis
3410 4738 3619 4810 Marty-

2020 4836 2231 4908 rologiis
2254 4835 2517 4899 omnibus,
2547 4848 2636 4888 nec
2667 4850 2768 4888 non
2788 4833 3109 4888 in~Romano
3133 4837 3368 4904 referunt
3395 4834 3465 4886 ad
3487 4831 3619 4887 Dio-

2020 4928 2257 4994 cletiani,
2304 4926 2713 4996 Maxintianique
2741 4928 3172 4995 persecutionem,
3216 4941 3329 4995 quae
3370 4925 3619 4982 destrvire

2021 5020 2169 5088 ccepit
2215 5021 2279 5073 an
2310 5018 2435 5073 505.
2476 5018 2701 5083 Quartus
2747 5020 2917 5087 itaque
2967 5017 3274 5072 Veronensis
3319 5016 3617 5088 Episcopus

2016 5122 2201 5183 quarto
2222 5112 2427 5165 ineunte
2450 5113 2638 5165 siccato
2666 5112 2863 5181 floruit.

2064 5204 2300 5275 ‘Optime
2346 5204 2563 5275 quidem
2601 5205 2745 5259 circa
2788 5203 2845 5260 S.
2880 5203 3093 5259 Proculi
3126 5212 3387 5269 tetatem;
3430 5214 3505 5258 at‘
3532 5205 3616 5264 in-

2013 5297 2143 5353 l‘erri
2178 5297 2398 5352 minime
2427 5306 2605 5366 potest
2633 5315 2644 5349 :
2681 5297 2907 5363 Quartus
2937 5297 3106 5367 itaque
3148 5294 3453 5350 Veronensis
3475 5296 3614 5365 epis-

2014 5406 2203 5457 copus,
2243 5401 2425 5458 quarto
2461 5390 2670 5443 ineunte
2710 5390 2896 5442 saeculo
2934 5389 3135 5458 floruit.
3177 5387 3307 5441 Nam
3341 5388 3484 5441 ratio
3511 5401 3614 5442 cur

2013 5492 2205 5548 quarto
2236 5481 2354 5534 loco
2382 5482 2453 5533 sit
2479 5482 2803 5533 constitutus
2835 5480 2890 5534 S.
2928 5479 3191 5532 Proculus
3242 5479 3296 5531 in
3326 5479 3474 5533 serie
3503 5477 3611 5534 Ve-

2009 5574 2322 5626 ronensium
2364 5574 2742 5639 episcotiortttn
2774 5586 2835 5623 ea
2869 5579 2987 5633 est,
3030 5585 3136 5638 quo
3176 5572 3357 5624 omnia
3410 5586 3609 5625 monu-

2008 5674 2186 5717 menta
2214 5664 2473 5718 Ecclesiae
2504 5663 2831 5717 Veronensis
2864 5672 2915 5716 ct
2943 5661 3057 5731 ipse
3085 5662 3392 5733 thytltmus
3425 5666 3605 5735 ipsum

2009 5752 2281 5806 Maximini
2348 5760 2587 5822 tempore
2654 5752 2901 5809 ﬂoruisse
2975 5750 3261 5819 referunt,
3352 5765 3409 5811 ct
3477 5765 3605 5813 ante
