3822 6220
334 260 446 316 7l7

337 374 573 433 Gallieni
603 366 847 448 tempora
874 419 887 443 ,
919 391 1086 448 quare
1130 385 1184 432 et
1227 392 1425 432 annum
1466 378 1773 446 exprimunt

337 467 522 538 ipsum
543 470 921 541 imperatorem
939 488 951 524 :
968 470 1116 525 Anno
1139 467 1348 524 Domini
1369 469 1477 524 236
1500 469 1687 523 vivebat
1713 469 1774 524 S.
1803 467 1930 522 Pro-

341 564 518 631 culus;
558 565 628 618 ita
652 565 703 618 in
735 564 898 618 allato
925 561 1209 618 Psalmista
1235 564 1478 632 antiquo,
1511 576 1561 616 et
1605 563 1656 616 in
1681 561 1939 632 Martyro-

340 654 493 725 logio
537 657 791 721 Ecclesia;
836 655 1178 712 Catbedralis
1205 673 1218 708 :
1247 654 1439 711 Eodem
1484 656 1568 710 die
1612 656 1672 710 S.
1729 653 1937 708 Proculi

350 747 661 819 Veronensis
691 750 917 821 episcopi
943 750 1030 818 qui
1059 759 1285 820 tempore
1325 747 1599 804 Maximini
1635 746 1939 818 sequebatur

339 843 662 897 beatissimos
687 843 966 914 Martyres,
995 851 1103 898 etc.
1131 842 1474 913 Quapmpter
1499 845 1601 898 hoc
1626 856 1810 899 errore
1833 840 1941 896 lac-

340 944 460 989 tmn
511 945 631 1001 est,
677 947 734 990 ut
775 936 868 1006 qui
901 936 1146 991 ordinem
1205 937 1498 1007 primorum
1547 936 1938 992 Veronensium

341 1026 748 1098 Episeopormn
768 1029 1037 1085 censeribi
1058 1029 1309 1086 curarunt
1331 1073 1345 1094 ,
1376 1032 1433 1087 S.
1461 1031 1749 1086 Proculum
1779 1045 1943 1100 quar-

341 1129 461 1189 tum
509 1122 820 1192 episcopum
852 1125 1260 1190 constituerint,
1313 1131 1370 1179 ut
1413 1123 1688 1187 Maximini
1732 1132 1943 1192 te’mpo—

339 1211 498 1266 ribus
528 1213 902 1269 concordaret.
933 1214 1116 1285 itaque
1144 1215 1424 1271 evidenter
1445 1215 1799 1286 dignoscitur,
1835 1231 1941 1268 non

341 1320 415 1358 ex
447 1305 720 1360 veteribus
769 1306 1107 1379 diptbycliis,
1139 1303 1232 1362 sed
1279 1324 1345 1363 ex
1378 1309 1541 1363 variis
1579 1310 1942 1364 monumentis

343 1395 601 1452 ordinem
631 1398 805 1468 ipsum
835 1401 1215 1454 concinnatum
1247 1400 1430 1456 luisse.

422 1488 706 1545 Conantur
743 1491 958 1562 quidem
981 1491 1193 1547 Domini
1219 1493 1497 1562 Ballerinii
1525 1508 1771 1549 errorem
1801 1491 1945 1546 hunc

346 1581 650 1638 excludere
670 1582 738 1636 ab
763 1581 953 1637 eodem
981 1582 1252 1654 Rliytlimo
1281 1585 1568 1654 genuinam
1595 1584 1944 1638 restituentes

344 1675 642 1730 lectionem
668 1691 732 1729 ex
755 1675 1006 1730 Lobiensi
1032 1691 1130 1730 ms.
1159 1677 1383 1731 carmini
1414 1677 1492 1732 illi
1527 1695 1560 1731 a
1583 1676 1717 1730 malo
1741 1675 1942 1746 Spiritu

1769 261 2233 319 lilSSERTATIO.

1886 389 1940 432 et
1966 381 2014 437 Α
2045 384 2162 440 tur,
2191 375 2332 445 quod
2368 374 2562 445 passim
2591 375 2642 430 in
2684 376 2803 434 aliis
2838 392 2939 435 ms.
2970 421 2984 444 ,

3522 277 3626 333 7l8

3032 389 3090 438 et
3135 383 3295 438 editis
3336 385 3624 444 observare

2039 470 2266 540 quisque
2303 479 2499 539 poteSI.
2534 469 2744 526 Nullum
2768 473 2945 544 itaque
2982 480 3065 530 est
3104 479 3514 548 argumentum,
3558 496 3624 537 eo

2040 561 2180 628 quod
2226 562 2276 614 in
2325 561 2427 616 hoc
2459 560 2732 632 Rbythmo
2758 562 2980 621 Gallieni
3020 584 3214 624 nomen
3257 572 3372 626 sine
3410 573 3624 644 adjecto

2009 707 2016 714 ,
2041 652 2258 706 Gwsuris
2285 653 2630 722 iuspiciatur,
2660 669 2831 724 neque
2848 666 3024 727 potest
3041 662 3128 729 qui
3154 659 3455 718 Gallienum
3483 663 3626 719 hunc

2041 759 2148 797 non
2177 759 2300 799 esse
2341 743 2611 800 Caesarem
2653 745 2900 812 inliciari.
2942 748 3117 818 Quare
3147 752 3478 822 superﬂuum
3509 766 3589 810 est
3613 798 3626 819 ,

2044 835 2208 890 alium
2237 835 2544 891 Gallienum
2575 847 2767 908 quarto
2797 839 2995 896 saeculo
3036 841 3257 912 ﬁngere,
3290 860 3410 900 cum
3442 848 3493 902 in
3527 847 3629 902 hoc

2048 929 2322 1000 llhytbmo
2353 930 2630 1001 dignitatis
2670 933 2983 989 vocabulum
3016 934 3243 994 Gallieni
3291 923 3494 997 nomini
3523 959 3628 996 non

2043 1023 2282 1078 additum
2313 1024 2479 1080 fuisse
2507 1034 2713 1080 constet
2738 1069 2752 1093 ,
2780 1035 2836 1082 ut
2863 1027 3003 1084 idem
3041 1031 3090 1084 in
3131 1033 3232 1087 hoc
3259 1049 3416 1090 versu
3447 1053 3634 1092 nume-

2043 1134 2168 1184 rus,
2201 1134 2264 1174 ac
2291 1119 2344 1174 in
2369 1107 2584 1176 exteris
2626 1123 2871 1177 versibus
2911 1135 3219 1182 servaretur
3248 1127 3394 1184 :alia
3432 1133 3629 1186 etenim

2045 1229 2147 1268 ms.
2178 1213 2230 1268 in
2259 1215 2453 1282 quibus
2475 1215 2706 1271 Caesaris
2734 1229 2926 1271 nomen
2951 1216 3215 1289 adjectum
3244 1230 3347 1289 est,
3375 1223 3629 1295 Rbytlimi

2045 1320 2327 1361 numerum
2356 1307 2689 1364 sustulerunt
2717 1325 2730 1361 :
2757 1309 2800 1362 Α
2825 1310 2962 1364 malo
2983 1311 3170 1381 spiritu
3187 1315 3384 1370 sanauit
3406 1315 3632 1371 Gallieni

2045 1397 2230 1465 ﬁliam.
2279 1397 2352 1452 ita
2387 1395 2653 1456 Lobiense
2699 1415 2798 1456 ms.
2822 1443 2836 1466 ,
2864 1411 2914 1456 et
2943 1404 3164 1472 Optime.
3197 1403 3238 1457 Α
3277 1406 3412 1460 malo
3450 1408 3633 1477 spiritu

2046 1487 2244 1542 sanauit
2269 1488 2730 1546 GallieaiGazsaris
2758 1492 2941 1561 filiam.
2969 1493 3044 1548 Ita
3077 1494 3130 1548 in
3159 1510 3258 1549 ms.
3286 1498 3633 1567 Ariminensi,

2049 1579 2102 1634 in
2133 1590 2241 1651 quo
2285 1595 2391 1636 non
2422 1581 2564 1637 idem
2595 1591 3144 1641 servatur'numerus.
3189 1587 3476 1644 Auctorem
3506 1606 3638 1647 vero

2051 1671 2305 1744 Bliytbmi
2344 1674 2640 1728 carminum
2681 1690 2965 1730 numerum
3012 1692 3122 1747 pra:
3145 1678 3314 1732 oculis
3345 1666 3596 1736 habuisse
3620 1721 3637 1748 ,

344 1771 556 1824 sanavit
586 1767 810 1824 Gallieni
836 1769 1021 1839 ﬁliam,
1056 1769 1106 1824 in
1143 1784 1248 1840 quo
1270 1785 1428 1826 versu
1453 1784 1551 1840 pro
1577 1769 1807 1825 Gallieni
1837 1767 1948 1822 Ma—
1975 1771 2022 1830 B
2051 1775 2265 1822 constat
2300 1782 2366 1823 ex
2397 1767 2716 1837 praecedenti
2753 1782 2914 1824 versu
2950 1786 2963 1823 :
3002 1769 3104 1836 Qui
3153 1769 3412 1826 Veronam
3453 1773 3640 1843 praedi-

349 1861 612 1916 billonius
639 1862 845 1932 legerat
871 1859 1039 1925 Galli,
1073 1861 1417 1935 bacratione
1448 1861 1686 1926 scilicet,
1714 1859 1859 1931 quod
1893 1859 1946 1914 in

347 1953 548 2010 eodem
583 1955 821 2008 carmine
851 1967 957 2006 non
990 1953 1197 2022 legatur
1241 1951 1465 2008 Gallieni
1505 1951 1722 2008 Cwsaris
1745 1994 1760 2018 ,
1808 1961 1861 2007 ut
1893 1950 1948 2005 in

349 2045 477 2101 aliis
501 2061 656 2113 mss.,
676 2045 767 2098 sed
797 2044 1026 2100 Gallieni
1055 2056 1401 2116 tantum,qua
1431 2046 1811 2102 observatione
1835 2046 1952 2114 opi—

352 2144 559 2190 sistitur
589 2135 806 2191 nomine
836 2135 1068 2192 Gallieni
1099 2152 1203 2192 non
1231 2137 1638 2207 imperatorem,
1667 2137 1760 2193 sed
1783 2136 1950 2191 alium

351 2227 660 2284 Gallienum
687 2239 878 2298 quarto
919 2229 1118 2284 saeculo
1147 2232 1414 2285 viventem
1443 2231 1732 2302 signiﬁcari
1752 2273 1766 2295 ,
1797 2231 1951 2300 cujus

356 2321 526 2376 ﬁliam
555 2321 623 2376 ab
656 2321 970 2376 obsessione
1000 2323 1264 2376 daemonis
1294 2322 1544 2378 liberarii
1569 2323 1625 2379 S.
1666 2322 1834 2378 Zeno.
1871 2322 1953 2377 Ex

356 2431 419 2469 ea
456 2412 725 2486 [restituta
761 2413 1029 2486 lectione]
1057 2415 1151 2469 illa
1189 2416 1462 2486 difficultas
1485 2415 1642 2469 simul
1669 2417 1951 2480 adimitur,

355 2523 514 2576 quam
549 2523 702 2559 unum
733 2507 785 2560 in
813 2507 1082 2576 Anonymo
1115 2507 1391 2577 Pipiniano
1417 2509 1584 2563 inesse
1610 2510 1918 2580 putabamus
1936 2549 1950 2574 ,

358 2600 509 2669 quasi
577 2597 800 2653 Gallieni
843 2600 1177 2671 imperatoris
1230 2600 1456 2671 fabulam
1502 2600 1752 2655 ebibisset.
1819 2599 1955 2654 Ilinc

358 2694 513 2748 etiam
569 2694 866 2762 conﬁrmari
916 2709 1065 2763 posse
1113 2693 1350 2760 ridetur,
1411 2695 1546 2765 quod
1604 2694 1822 2749 Dissert.
1883 2696 1951 2761 1,

362 2803 477 2857 cap.
507 2770 618 2858 5,.§
650 2784 716 2852 4,
747 2785 994 2852 suspicati
1012 2801 1185 2838 sumus
1209 2803 1321 2839 eum
1355 2788 1500 2858 cujus
1532 2787 1694 2854 ﬁliam
1723 2788 1781 2841 S.
1817 2785 1954 2841 Zeno

360 2881 561 2936 sanavit
581 2896 613 2934 a
634 2880 887 2946 dwmone,
918 2880 1077 2950 fuisse
1104 2896 1217 2934 vere
1244 2879 1534 2943 Gallienum
1577 2880 1795 2951 aliquem
1816 2923 1831 2948 ,
1869 2881 1955 2948 qui

363 2993 455 3045 per
496 2978 776 3033 nonnullos
806 2981 859 3033 in
902 2980 1256 3050 imperatorer):
1287 2979 1540 3049 migravit.
1578 2979 1641 3033 Ut
1667 2977 1953 3048 genuinam

363 3081 529 3142 atque
555 3073 770 3127 caeteris
811 3073 1199 3142 prtelerendam
1248 3088 1348 3142 ego
1394 3085 1607 3142 quoque
1649 3069 1820 3124 habeo
1853 3071 1957 3124 lec-

331 3166 564 3220 ‘tionem
596 3166 913 3238 antiquioris
949 3183 1050 3221 ms.
1085 3165 1366 3221 Loliiensis
1393 3181 1454 3220 ea
1491 3165 1828 3234 potissimum
1870 3177 1956 3218 ra-

366 3261 534 3324 tione,
567 3259 708 3329 quod
741 3273 928 3314 versus
967 3274 996 3312 a
1039 3260 1175 3313 uialo
1205 3260 1388 3329 spiritu
1413 3258 1611 3311 sanavit
1644 3255 1866 3310 Gallieni
1894 3255 1958 3323 ﬁ-

363 3354 484 3408 liam
507 3353 698 3409 eodem
731 3371 957 3410 numero
979 3363 1194 3410 constet
1220 3397 1232 3420 ,
1256 3370 1316 3408 ac
1339 3353 1519 3408 cmteni
1548 3352 1636 3406 alii
1665 3392 1680 3418 ,
1714 3360 1770 3404 ut
1791 3349 1958 3418 inspi-

361 3447 526 3502 eienti
550 3456 734 3516 patet;
769 3449 813 3502 si
847 3463 974 3503 vero
1024 3448 1106 3503 vel
1155 3445 1294 3504 Galli
1338 3446 1544 3516 legatur
1571 3486 1585 3510 ,
1617 3445 1699 3498 vel
1731 3440 1957 3496 Gallieni

363 3538 583 3594 thsaris
630 3539 824 3595 eodem
868 3556 1091 3594 numero
1123 3555 1226 3593 noo
1268 3546 1499 3593 constat.
1534 3536 1602 3591 At
1640 3552 1704 3590 ex
1749 3549 1814 3589 eo
1843 3545 1952 3586 tan-

364 3640 496 3698 tum,
522 3631 665 3701 quod
694 3629 919 3685 Gallieni
947 3632 1156 3701 legatur
1183 3629 1298 3684 sine
1325 3628 1690 3683 additamenta
1711 3623 1954 3690 Caesaris,

361 3721 500 3778 alter
521 3721 808 3778 Gallienus
846 3723 914 3776 ab
967 3722 1296 3791 lmperature
1346 3720 1595 3774 diversus
1643 3715 1957 3771 comminis-

361 3815 566 3870 cendos
589 3816 697 3879 sit,
728 3814 950 3869 minime
976 3816 1266 3880 assentior,
1301 3828 1427 3867 cum.
1452 3811 1647 3881 passim
1680 3809 1956 3865 Gallienus

363 3908 571 3979 legatur
599 3906 718 3961 sine
771 3907 956 3961 addito
997 3904 1218 3960 Caesaris
1267 3905 1346 3959 vel
1380 3902 1735 3974 imperatoris,
1783 3915 1953 3970 neque

359 4000 497 4054 alius
523 4015 553 4054 a
583 3998 830 4055 Gallieno
857 3999 1186 4068 Imperatore
1225 3997 1471 4052 diversus
1505 3994 1676 4064 possit
1704 3992 1947 4061 intelligi.

361 4093 414 4148 In
443 4085 700 4164 promptu
718 4091 976 4147 habemus
1008 4091 1314 4160 exemplum
1356 4091 1408 4144 in
1443 4088 1604 4142 allato
1639 4097 1784 4142 testu
1812 4101 1954 4139 mar-

361 4186 610 4258 tyrologii
638 4185 902 4241 Ecclesia:
927 4184 1254 4241 Veronensis
1280 4200 1292 4235 :
1327 4181 1523 4237 Eodem
1551 4181 1632 4233 die
1661 4180 1720 4234 S.
1741 4177 1954 4230 Proculi

362 4279 674 4334 Veronensis
715 4278 998 4351 EpiscOpi,
1046 4278 1136 4348 qui
1181 4285 1406 4348 tempore
1452 4271 1726 4326 Maximini
1778 4286 1954 4340 seque—

358 4376 509 4426 batur
540 4370 853 4426 beatissimos
901 4369 1190 4439 Martyres,
1236 4375 1375 4432 etc.,
1421 4380 1594 4434 neque
1639 4361 1705 4416 ad
1756 4375 1949 4414 nomen

356 4463 637 4518 Maximini
687 4462 898 4517 additur
945 4459 1184 4516 Cazsaris.
1216 4458 1366 4514 Alius
1398 4455 1557 4527 igitur
1586 4453 1951 4524 exquirendus

2051 1860 2217 1913 cando
2245 1860 2446 1914 reduxit
2473 1860 2541 1913 ad
2569 1862 2910 1931 baptismum,
2956 1878 2987 1914 a
3035 1863 3173 1916 malo
3214 1864 3402 1931 spiritu
3445 1868 3639 1924 sanavit

2054 1950 2276 2006 Gallieni
2293 1951 2478 2020 ﬁliam.
2511 1951 2564 2007 In
2585 1954 2758 2023 primo
2782 1953 2979 2008 etenim
3000 1966 3165 2010 versu
3184 1971 3286 2011 non
3309 1956 3635 2029 baptismum,

2051 2043 2145 2099 sed
2179 2044 2506 2116 baptismium
2533 2045 2777 2115 scripsit,
2812 2061 2918 2101 non
2941 2046 3046 2102 alia
3076 2063 3206 2104 sane
3227 2049 3294 2104 de
3316 2064 3508 2118 causa,
3539 2051 3640 2106 nisi

2054 2145 2112 2189 ut
2150 2137 2290 2191 idem
2325 2143 2878 2194 mnnerus‘eonslaret
2929 2139 2980 2193 in
3014 2141 3278 2196 versibus.
3327 2144 3392 2196 Et
3436 2144 3486 2197 in
3541 2143 3643 2198 hoc

2054 2228 2236 2298 itaque
2265 2229 2542 2302 Rliytlnno
2570 2231 2796 2287 Gallieni
2833 2247 3028 2289 nomen
3056 2234 3124 2289 de
3153 2234 3401 2291 Gallieno
3427 2235 3644 2291 Caesare

2055 2321 2424 2392 accipiendum
2480 2331 2584 2378 est.
2619 2322 2800 2392 Quare
2825 2326 2882 2379 lit
2922 2334 2981 2381 ut
3006 2325 3193 2382 eodem
3226 2342 3412 2382 errore
3441 2327 3648 2384 laboret

2056 2413 2142 2469 ltic
2163 2413 2493 2486 Rhytbmus,
2522 2415 2612 2486 qui
2641 2417 2693 2471 in
2723 2417 2843 2472 aliis
2875 2418 3146 2474 veteribus
3177 2421 3310 2474 mss'.
3343 2420 3641 2490 reperitur,

2055 2507 2262 2563 scilicet
2299 2507 2358 2562 S.
2393 2508 2675 2564 Proculum
2715 2509 2814 2566 sub
2853 2511 3186 2582 lmperatore
3225 2511 3517 2568 Maximino
3545 2513 3648 2570 Ve-

2049 2615 2203 2668 ronae
2230 2599 2396 2656 fuisse
2428 2601 2736 2673 episcopum
2764 2646 2779 2669 ,
2809 2604 2900 2674 qui
2930 2619 3116 2660 revera
3145 2602 3329 2659 ﬂoruit
3355 2606 3453 2661 sub
3482 2605 3651 2660 Maxi-

2060 2692 2238 2748 miano
2273 2711 2285 2747 :
2323 2693 2552 2765 ideoque
2595 2695 2697 2751 hoc
2745 2712 2934 2752 errore
2983 2697 3129 2752 ducti
3159 2706 3404 2753 veterum
3454 2714 3647 2753 monu-

2060 2792 2363 2839 mentorum
2415 2796 2698 2852 auclores,
2731 2797 2923 2858 quarto
2964 2787 3083 2842 loco
3123 2788 3265 2844 inter
3305 2788 3646 2846 Veronenses

2060 2877 2321 2946 praesules
2349 2877 2408 2934 S.
2451 2879 2736 2934 Proculum
2772 2894 3119 2935 recensuere.
3153 2879 3335 2950 ipsum
3368 2893 3543 2942 tamen
3586 2885 3644 2939 S.

2059 2968 2271 3024 Zenone
2295 2970 2643 3040 posteriorem
2697 2971 2863 3027 fuisse
2908 2987 2974 3027 ex
3007 2973 3122 3043 ipso
3167 2972 3441 3044 thytlimo
3487 2984 3650 3032 caete-

2060 3062 2241 3132 risque
2273 3065 2632 3118 monumentis
2658 3063 2982 3131 ostenditur,
3026 3080 3091 3120 eo
3115 3066 3258 3136 quod
3285 3066 3340 3122 S.
3376 3067 3650 3124 Zenonem

1987 3163 2032 3227 ρ
2064 3153 2295 3210 Gallieni
2329 3164 2572 3224 tempore
2613 3165 2667 3212 et
2688 3156 3039 3228 Rbytbmus',
3091 3169 3146 3213 et
3195 3175 3324 3214 mss.
3359 3161 3644 3216 collucent.

2059 3245 2189 3301 Jure
2219 3247 2378 3318 igitur
2413 3263 2474 3303 ac
2507 3247 2703 3303 merito
2731 3248 2991 3320 Ughellus
3022 3250 3162 3305 Petri
3197 3249 3432 3307 Paduani
3464 3262 3650 3308 aucto-

2059 3341 2236 3407 ritate,
2269 3355 2427 3410 quem
2456 3340 2556 3410 ipsi
2587 3341 2802 3396 Domini
2831 3341 3104 3397 Ballerinii
3135 3344 3515 3400 commendant
3535 3385 3551 3412 ,
3586 3347 3645 3402 S.

2059 3431 2343 3487 Proculum
2370 3433 2722 3502 posteriorem
2758 3433 2883 3490 facit
2908 3434 3130 3490 Zenoni.

2136 3525 2326 3578 Verum
2376 3525 2654 3580 enimvero
2683 3528 2893 3581 etiamsi
2942 3529 3332 3598 Episcoliorum
3367 3531 3648 3589 Veronen-

2058 3615 2195 3670 sium
2225 3617 2422 3672 seriem
2452 3632 2482 3670 a
2513 3621 2894 3672 vetustissimis
2939 3619 3193 3674 Ecclesia,-
3233 3623 3399 3690 ipsius
3427 3625 3646 3698 diptby-

2055 3707 2172 3762 ClllS
2194 3707 2533 3778 tlesumptain
2563 3725 2684 3764 esse
2717 3720 3011 3779 constaret,
3047 3721 3151 3765 non
3181 3728 3244 3767 ex
3269 3729 3333 3768 eo
3363 3718 3484 3786 quis
3512 3735 3641 3788 pos-

2057 3807 2140 3852 set
2189 3813 2434 3854 asserere
2485 3800 2534 3852 in
2583 3800 2771 3854 iisdem
2844 3802 3186 3857 inalteratum
3258 3805 3645 3878 Episcopornm

2056 3891 2310 3945 Ordinem
2329 3892 2592 3947 contineri
2620 3910 2632 3958 ;
2676 3895 2726 3948 id
2752 3896 3262 3964 ipsametevincunt,
3293 3913 3411 3967 qum
3439 3900 3645 3956 Domini

2059 3983 2633 4038 lialleriniiadducunt
2661 3987 2908 4055 exempla
2937 4002 2949 4044 :
2983 4001 3175 4058 nempe
3197 3988 3646 4046 MiSsalisMozza-

2056 4076 2244 4142 labici,
2276 4076 2429 4145 cujus
2464 4084 2670 4131 textum
2726 4078 2790 4131 ad
2833 4061 2988 4148 hujus
3035 4080 3642 4143 veritatisretinentium

2056 4167 2144 4221 hic
2169 4153 2544 4232 exscribimns,
2599 4186 2665 4224 ex
2701 4171 2857 4225 titulo
2883 4171 2969 4238 qui
3004 4173 3313 4227 inser-ibitur
3343 4157 3355 4226 l.
3407 4177 3644 4232 Omnium

2059 4258 2415 4326 Olferentium,
2450 4263 2535 4314 ubi
2560 4265 2638 4316 sic
2665 4262 2859 4331 legitur
2887 4280 2904 4316 :
2958 4261 3229 4319 Facientes
3258 4278 3642 4327 commemora.

2054 4352 2239 4404 tionem
2302 4351 2706 4406 beatissimorum
2749 4354 3111 4422 Apostolorum
3147 4397 3160 4421 ,
3195 4360 3260 4409 et
3310 4359 3652 4436 Martyrum,

2056 4442 2306 4498 Gloriosa:
2336 4444 2543 4499 Sanctw
2574 4444 2764 4498 Maria!
2793 4445 3036 4516 Virginis,
3071 4447 3367 4522 Zacttarire,
3400 4451 3644 4525 Joannis,

352 4565 439 4610 est
481 4554 824 4611 Maximinus.
870 4552 1016 4607 Idem
1047 4553 1099 4606 in
1137 4549 1515 4618 Martyrologio
1551 4545 1772 4601 Ordinis
1809 4543 1859 4598 Pl

2057 4534 2366 4608 Infantiam,
2399 4535 2540 4590 Petri
2565 4579 2578 4600 ,
2615 4535 2790 4603 Pauli,
2831 4534 3048 4594 Joannis
3073 4539 3300 4615 ,ληίδοὺὶ
3334 4585 3346 4605 ,
3377 4544 3597 4602 Ant/rea:
3625 4591 3641 4618 ,

352 4650 684 4704 dicittorum:
707 4646 883 4700 Pridie
911 4645 1027 4698 idus
1048 4643 1240 4714 Aprilis
1266 4658 1284 4696 .'
1312 4639 1506 4705 Eodem
1536 4639 1618 4692 die
1643 4636 1705 4691 S.
1729 4634 1950 4688 Zenonis

355 4742 604 4813 Episcopi
624 4783 638 4808 ,
667 4740 753 4810 qui
783 4741 912 4793 inter
944 4737 1196 4808 procellas
1239 4733 1652 4813 persecutionum
1689 4729 1951 4783 Veronen-

352 4851 460 4889 sem
492 4833 667 4887 urbem
697 4831 995 4886 mirabiliter
1023 4829 1181 4893 rexit,
1208 4845 1267 4882 ac
1299 4836 1524 4895 tempore
1552 4821 1775 4877 Gallieni
1806 4820 1952 4874 illar-

351 4927 489 4998 tyrio
517 4934 788 4978 coronatus
814 4934 907 4978 est.
936 4922 1194 4979 GALLIENI
1222 4918 1474 4976 s‘cribitur
1494 4919 1612 4972 sine
1625 4913 1808 4969 addito
1834 4911 1950 4966 Ca;-

351 5035 504 5075 sams
532 5036 545 5074 :
580 5020 709 5089 quin
740 5027 793 5072 et
821 5016 1100 5073 Usuardus
1125 5015 1179 5069 in
1211 5011 1589 5084 Martyrologio
1635 5006 1803 5079 pridie
1835 5006 1953 5061 idos

354 5114 557 5185 Aprilis
588 5131 600 5168 :
637 5111 830 5167 Eodem
870 5113 954 5166 die
997 5110 1057 5167 S.
1089 5108 1312 5165 Zenonis
1354 5103 1690 5178 EpiscOpi....
1729 5119 1788 5155 ac
1824 5111 1952 5154 tem-

355 5223 483 5278 pore
536 5204 760 5260 Gallieni
789 5206 1055 5278 ‘martyrio
1108 5211 1389 5256 coronatus
1439 5207 1535 5253 est.
1570 5197 1638 5252 Et.
1676 5197 1727 5250 in
1757 5194 1952 5264 Marty-

357 5300 566 5370 rologio
594 5298 1008 5367 Romanojussu
1038 5295 1286 5366 Gregorii
1323 5308 1418 5348 xm
1442 5305 1584 5345 anno
1610 5289 1749 5344 1584
1784 5286 1947 5351 editi,

358 5391 681 5447 duodecima
716 5391 914 5458 Aprilis
947 5407 958 5442 :
999 5389 1220 5442 Verona:
1255 5387 1426 5458 passio
1460 5385 1520 5440 S.
1553 5382 1775 5437 Zenonis
1803 5379 1956 5450 Epis—

358 5487 507 5555 c0pi,
531 5486 620 5554 qui
655 5485 785 5536 inter
823 5482 1076 5552 procellas
1104 5479 1471 5550 persecutionis
1512 5492 1624 5530 eam
1667 5471 1953 5526 Ecclesimn

359 5577 490 5630 mira
518 5579 808 5630 constantia
845 5575 1180 5646 gubernavit,
1214 5582 1260 5626 et
1303 5570 1530 5628 Gallieni
1559 5580 1784 5638 tempore
1810 5565 1956 5620 Illar-

359 5669 491 5740 tyrio
542 5675 816 5723 coronatus
867 5678 958 5721 est.
1021 5666 1121 5722 Ubi
1158 5681 1408 5722 GALLIENI
1449 5677 1646 5718 nomen
1697 5660 1958 5731 aspicitur

358 5765 562 5835 absque
591 5779 678 5829 eo,
713 5761 854 5830 quod
888 5761 966 5817 vel
996 5757 1198 5824 Caesar,
1228 5759 1309 5815 vel
1341 5757 1637 5826 Imperator
1668 5766 1947 5821 nuncupe-

2060 4626 2315 4699 Pltilippi,
2353 4627 2579 4690 T/tomre,
2612 4627 2994 4695 Bartltolmnczi',
3039 4624 3293 4698 llla'ltlu‘ci,
3325 4635 3529 4703 Jacobi,
3559 4641 3647 4696 Si-

2058 4721 2244 4786 monis,
2268 4733 2315 4774 et
2341 4719 2514 4785 ludia,
2541 4719 2798 4784 Matthiae,
2826 4709 3028 4796 litorei,
3061 4733 3107 4776 et
3152 4723 3325 4780 Lucae.
3371 4711 3502 4786 Nota
3554 4733 3673 4790 illa

2059 4811 2222 4867 verba
2261 4812 2529 4877 :Joannis,
2566 4812 2872 4883 Infantiam,
2911 4815 2953 4867 si
2989 4817 3203 4884 templis
3248 4821 3440 4876 mortis
3469 4835 3646 4889 atten-

2058 4904 2202 4959 ditur
2232 4906 2399 4960 multo
2426 4916 2666 4975 tempore
2688 4915 2810 4975 post
2829 4905 3362 4968 interfecmm'luisse
3383 4914 3646 4973 Joannem

2058 5001 2391 5069 Baptistam,
2435 5015 2540 5068 quo
2591 4998 2791 5052 fuerint
2846 4999 3173 5063 innocentes
3223 5004 3404 5061 occisi.
3433 5007 3488 5063 Si
3515 5025 3646 5066 vero

2059 5090 2702 5158 nativitatis,incertum.
2765 5089 2900 5144 Nota
2957 5093 3119 5168 etiam
3171 5098 3343 5166 quoad
3402 5101 3643 5158 ordinem

2056 5181 2466 5254 apostolorum,
2529 5181 2752 5236 Paulum
2819 5185 3064 5241 ultimum
3131 5191 3493 5258 apostolorum
3553 5210 3645 5250 se-

2046 5275 2233 5332 .cundo
2273 5275 2391 5329 loco
2442 5284 2560 5344 post
2612 5275 2827 5330 l’ctrum
2897 5279 3158 5333 nominari
3195 5321 3208 5346 ,
3269 5298 3374 5336 non
3431 5285 3644 5344 ratione
3693 5306 3696 5308 ‘

2030 5367 2336 5438 'lemporis,
2371 5366 2450 5421 vel
2497 5367 2725 5432 ordinis,
2775 5370 2869 5423 sed
2903 5371 3028 5439 quia
3085 5355 3338 5428 Romana:
3385 5375 3646 5435 Ecclesia:

2058 5477 2174 5517 mos
2205 5475 2420 5530 semper
2449 5459 2547 5513 fuit
2571 5501 2585 5525 ,
2617 5469 2673 5513 ut
2707 5461 2960 5531 observat
2991 5461 3064 5517 Le
3112 5462 3256 5517 Brun
3285 5506 3300 5530 ,
3350 5483 3645 5539 numquam

2058 5553 2686 5626 sejungendiApostolos
2716 5553 2936 5608 Petrum
2987 5564 3040 5609 et
3062 5555 3307 5612 Paulum.
3353 5559 3537 5631 Neque
3591 5565 3647 5620 in

2059 5650 2280 5720 reliquis
2307 5650 2395 5704 ille
2425 5649 2558 5704 ordo
2579 5657 2850 5714 servatur,
2908 5649 2998 5718 qui
3044 5648 3094 5702 in
3145 5649 3437 5724 Evangelia
3489 5655 3650 5713 Luca;

2068 5747 2308 5814 digestus
2341 5743 2585 5823 habetur,
2613 5741 2783 5810 quiet
2827 5739 3057 5796 Mattlnei
3091 5758 3145 5809 κ,
3180 5745 3227 5811 ι,
3269 5753 3323 5800 et
3352 5747 3538 5814 {Marci
3592 5765 3648 5805 ιιι
