  <div class='ocr_page' id='page_1' title='image "/cluster/home/n/w/nwhite01/storage/ocr_20150623/11/uva.x000826576/367.png"; bbox 0 0 3822 6220; ppageno 0'>
   <div class='ocr_carea' id='block_1_1' title="bbox 303 275 406 332">
    <p class='ocr_par' dir='ltr' id='par_1_1' title="bbox 303 275 406 332">
     <span class='ocr_line' id='line_1_1' title="bbox 303 275 406 332; baseline -0.019 0"><span class='ocrx_word' id='word_1_1' title='bbox 303 275 406 332; x_wconf 77' lang='grc'><strong>719</strong></span> 
     </span>
    </p>
   </div>
   <div class='ocr_carea' id='block_1_2' title="bbox 1495 245 2509 335">
    <p class='ocr_par' dir='ltr' id='par_1_2' title="bbox 1495 245 2509 335">
     <span class='ocr_line' id='line_1_2' title="bbox 1495 245 2509 335; baseline 0.006 -9"><span class='ocrx_word' id='word_1_2' title='bbox 1495 245 1585 327; x_wconf 76' lang='lat' dir='ltr'><strong>DE</strong></span> <span class='ocrx_word' id='word_1_3' title='bbox 1617 270 1861 329; x_wconf 65' lang='lat' dir='ltr'><strong>sarum</strong></span> <span class='ocrx_word' id='word_1_4' title='bbox 1901 273 2198 332; x_wconf 74' lang='lat' dir='ltr'><strong>zenoms</strong></span> <span class='ocrx_word' id='word_1_5' title='bbox 2231 275 2509 335; x_wconf 58' lang='lat' dir='ltr'><strong>crocus</strong></span> 
     </span>
    </p>
   </div>
   <div class='ocr_carea' id='block_1_3' title="bbox 3491 281 3604 336">
    <p class='ocr_par' dir='ltr' id='par_1_3' title="bbox 3491 281 3604 336">
     <span class='ocr_line' id='line_1_3' title="bbox 3491 281 3604 336; baseline -0.009 0"><span class='ocrx_word' id='word_1_6' title='bbox 3491 281 3604 336; x_wconf 74' lang='lat'><strong>720</strong></span> 
     </span>
    </p>
   </div>
   <div class='ocr_carea' id='block_1_4' title="bbox 303 382 3603 462">
    <p class='ocr_par' dir='ltr' id='par_1_4' title="bbox 303 382 3603 462">
     <span class='ocr_line' id='line_1_4' title="bbox 303 382 3603 462; baseline 0.001 -18"><span class='ocrx_word' id='word_1_7' title='bbox 303 389 395 455; x_wconf 81' lang='grc'><strong>16,</strong></span> <span class='ocrx_word' id='word_1_8' title='bbox 422 387 666 444; x_wconf 89' lang='lat' dir='ltr'><strong>diversus</strong></span> <span class='ocrx_word' id='word_1_9' title='bbox 692 386 903 456; x_wconf 99' lang='lat' dir='ltr'><strong>legitur.</strong></span> <span class='ocrx_word' id='word_1_10' title='bbox 933 384 1063 438; x_wconf 88' lang='lat' dir='ltr'><strong>Post</strong></span> <span class='ocrx_word' id='word_1_11' title='bbox 1081 382 1464 451; x_wconf 79' lang='lat' dir='ltr'><strong>Apostolorum</strong></span> <span class='ocrx_word' id='word_1_12' title='bbox 1493 385 1710 439; x_wconf 79' lang='lat' dir='ltr'><strong>nomina</strong></span> <span class='ocrx_word' id='word_1_13' title='bbox 1743 385 1886 440; x_wconf 74' lang='grc' dir='ltr'><strong>Μοιρ</strong></span> <span class='ocrx_word' id='word_1_14' title='bbox 1920 397 1974 458; x_wconf 79' lang='grc' dir='ltr'>Α</span> <span class='ocrx_word' id='word_1_15' title='bbox 1997 389 2365 456; x_wconf 59' lang='lat' dir='ltr'><strong>conspicitur.</strong></span> <span class='ocrx_word' id='word_1_16' title='bbox 2387 390 2442 444; x_wconf 92' lang='lat' dir='ltr'><strong>In</strong></span> <span class='ocrx_word' id='word_1_17' title='bbox 2469 392 2642 462; x_wconf 88' lang='lat' dir='ltr'><strong>primo</strong></span> <span class='ocrx_word' id='word_1_18' title='bbox 2690 390 2966 448; x_wconf 89' lang='lat' dir='ltr'><strong>Memento</strong></span> <span class='ocrx_word' id='word_1_19' title='bbox 2999 410 3011 444; x_wconf 91' lang='lat'>:</span> <span class='ocrx_word' id='word_1_20' title='bbox 3073 392 3188 449; x_wconf 78' lang='lat' dir='ltr'><strong>Sed</strong></span> <span class='ocrx_word' id='word_1_21' title='bbox 3232 404 3277 448; x_wconf 88' lang='lat' dir='ltr'><strong>et</strong></span> <span class='ocrx_word' id='word_1_22' title='bbox 3325 395 3603 450; x_wconf 76' lang='lat' dir='ltr'><strong>beatorum</strong></span> 
     </span>
    </p>
   </div>
   <div class='ocr_carea' id='block_1_5' title="bbox 301 474 1894 548">
    <p class='ocr_par' dir='ltr' id='par_1_5' title="bbox 301 474 1894 548">
     <span class='ocr_line' id='line_1_5' title="bbox 301 474 1894 548; baseline -0.003 -14"><span class='ocrx_word' id='word_1_23' title='bbox 301 481 607 535; x_wconf 85' lang='lat' dir='ltr'><strong>zarabicum</strong></span> <span class='ocrx_word' id='word_1_24' title='bbox 641 480 718 534; x_wconf 90' lang='lat' dir='ltr'><strong>sic</strong></span> <span class='ocrx_word' id='word_1_25' title='bbox 745 478 906 532; x_wconf 80' lang='lat' dir='ltr'><strong>habet</strong></span> <span class='ocrx_word' id='word_1_26' title='bbox 939 474 1142 548; x_wconf 72' lang='lat' dir='ltr'><strong>:item,</strong></span> <span class='ocrx_word' id='word_1_27' title='bbox 1170 484 1216 528; x_wconf 86' lang='lat' dir='ltr'><strong>et</strong></span> <span class='ocrx_word' id='word_1_28' title='bbox 1236 490 1330 545; x_wconf 88' lang='lat' dir='ltr'><strong>pro</strong></span> <span class='ocrx_word' id='word_1_29' title='bbox 1353 475 1618 544; x_wconf 74' lang='lat' dir='ltr'><strong>spiritibus</strong></span> <span class='ocrx_word' id='word_1_30' title='bbox 1669 492 1894 540; x_wconf 87' lang='lat' dir='ltr'><strong>pausan-</strong></span> 
     </span>
    </p>
   </div>
   <div class='ocr_carea' id='block_1_6' title="bbox 307 565 1913 638">
    <p class='ocr_par' dir='ltr' id='par_1_6' title="bbox 307 565 1913 638">
     <span class='ocr_line' id='line_1_6' title="bbox 307 565 1913 638; baseline -0.001 -17"><span class='ocrx_word' id='word_1_31' title='bbox 307 573 453 638; x_wconf 79' lang='lat' dir='ltr'><strong>tiunt,</strong></span> <span class='ocrx_word' id='word_1_32' title='bbox 483 571 697 637; x_wconf 80' lang='lat' dir='ltr'><strong>Hilarii,</strong></span> <span class='ocrx_word' id='word_1_33' title='bbox 723 569 1014 633; x_wconf 77' lang='lat' dir='ltr'><strong>Athanasii,</strong></span> <span class='ocrx_word' id='word_1_34' title='bbox 1039 565 1275 631; x_wconf 78' lang='lat' dir='ltr'><strong>Martini,</strong></span> <span class='ocrx_word' id='word_1_35' title='bbox 1297 567 1575 632; x_wconf 76' lang='lat' dir='ltr'><strong>Ambrosii,</strong></span> <span class='ocrx_word' id='word_1_36' title='bbox 1601 567 1913 638; x_wconf 82' lang='lat' dir='ltr'><strong>Augustini,.</strong></span> 
     </span>
    </p>
   </div>
   <div class='ocr_carea' id='block_1_7' title="bbox 307 663 1891 739">
    <p class='ocr_par' dir='ltr' id='par_1_7' title="bbox 307 663 1891 739">
     <span class='ocr_line' id='line_1_7' title="bbox 307 663 1891 739; baseline -0.004 -17"><span class='ocrx_word' id='word_1_37' title='bbox 307 667 594 739; x_wconf 85' lang='lat' dir='ltr'><strong>Fulgentii,</strong></span> <span class='ocrx_word' id='word_1_38' title='bbox 634 664 878 730; x_wconf 76' lang='lat' dir='ltr'><strong>Leandri,</strong></span> <span class='ocrx_word' id='word_1_39' title='bbox 915 663 1130 731; x_wconf 80' lang='lat' dir='ltr'><strong>Isidori,</strong></span> <span class='ocrx_word' id='word_1_40' title='bbox 1164 663 1348 732; x_wconf 84' lang='lat' dir='ltr'><strong>David,</strong></span> <span class='ocrx_word' id='word_1_41' title='bbox 1380 664 1605 731; x_wconf 88' lang='lat' dir='ltr'><strong>Juliani,</strong></span> <span class='ocrx_word' id='word_1_42' title='bbox 1647 665 1766 726; x_wconf 85' lang='lat' dir='ltr'><strong>item</strong></span> <span class='ocrx_word' id='word_1_43' title='bbox 1797 663 1891 717; x_wconf 88' lang='lat' dir='ltr'><strong>Ju-</strong></span> 
     </span>
    </p>
   </div>
   <div class='ocr_carea' id='block_1_8' title="bbox 307 757 1924 839">
    <p class='ocr_par' dir='ltr' id='par_1_8' title="bbox 307 757 1924 839">
     <span class='ocr_line' id='line_1_8' title="bbox 307 757 1924 839; baseline -0.004 -24"><span class='ocrx_word' id='word_1_44' title='bbox 307 761 454 827; x_wconf 63' lang='lat' dir='ltr'><strong>liani,</strong></span> <span class='ocrx_word' id='word_1_45' title='bbox 491 759 744 826; x_wconf 78' lang='lat' dir='ltr'><strong>Hilarius,</strong></span> <span class='ocrx_word' id='word_1_46' title='bbox 801 758 1152 821; x_wconf 81' lang='lat' dir='ltr'><strong>Athanasius,</strong></span> <span class='ocrx_word' id='word_1_47' title='bbox 1208 757 1494 823; x_wconf 75' lang='lat' dir='ltr'><strong>Martinus,</strong></span> <span class='ocrx_word' id='word_1_48' title='bbox 1551 758 1924 839; x_wconf 83' lang='lat' dir='ltr'><strong>Ambrosius,</strong></span> 
     </span>
    </p>
   </div>
   <div class='ocr_carea' id='block_1_9' title="bbox 305 836 1903 927">
    <p class='ocr_par' dir='ltr' id='par_1_9' title="bbox 305 836 1903 927">
     <span class='ocr_line' id='line_1_9' title="bbox 305 836 1903 927; baseline -0.001 -17"><span class='ocrx_word' id='word_1_49' title='bbox 305 854 634 926; x_wconf 80' lang='lat' dir='ltr'><strong>Augustinus</strong></span> <span class='ocrx_word' id='word_1_50' title='bbox 663 836 748 908; x_wconf 86' lang='lat' dir='ltr'><strong>hic</strong></span> <span class='ocrx_word' id='word_1_51' title='bbox 773 862 1150 921; x_wconf 77' lang='lat' dir='ltr'><strong>recensentur,</strong></span> <span class='ocrx_word' id='word_1_52' title='bbox 1179 855 1295 923; x_wconf 85' lang='lat' dir='ltr'><strong>&#39;qui</strong></span> <span class='ocrx_word' id='word_1_53' title='bbox 1345 853 1681 909; x_wconf 76' lang='lat' dir='ltr'><strong>diversarum</strong></span> <span class='ocrx_word' id='word_1_54' title='bbox 1703 851 1903 927; x_wconf 80' lang='lat' dir='ltr'><strong>Eccle-</strong></span> 
     </span>
    </p>
   </div>
   <div class='ocr_carea' id='block_1_10' title="bbox 302 944 1900 1021">
    <p class='ocr_par' dir='ltr' id='par_1_10' title="bbox 302 944 1900 1021">
     <span class='ocr_line' id='line_1_10' title="bbox 302 944 1900 1021; baseline -0.003 -15"><span class='ocrx_word' id='word_1_55' title='bbox 302 953 504 1006; x_wconf 85' lang='lat' dir='ltr'><strong>siarum</strong></span> <span class='ocrx_word' id='word_1_56' title='bbox 535 949 875 1021; x_wconf 79' lang='lat' dir='ltr'><strong>episcopales</strong></span> <span class='ocrx_word' id='word_1_57' title='bbox 905 949 1064 1005; x_wconf 89' lang='lat' dir='ltr'><strong>sedes</strong></span> <span class='ocrx_word' id='word_1_58' title='bbox 1091 944 1426 1016; x_wconf 47' lang='lat' dir='ltr'><strong>obtinuerey</strong></span> <span class='ocrx_word' id='word_1_59' title='bbox 1455 959 1510 1003; x_wconf 88' lang='lat' dir='ltr'><strong>et</strong></span> <span class='ocrx_word' id='word_1_60' title='bbox 1553 949 1606 1003; x_wconf 93' lang='lat' dir='ltr'><strong>in</strong></span> <span class='ocrx_word' id='word_1_61' title='bbox 1656 947 1900 1013; x_wconf 77' lang='lat' dir='ltr'><strong>Oriente,</strong></span> 
     </span>
    </p>
   </div>
   <div class='ocr_carea' id='block_1_11' title="bbox 305 1041 1904 1113">
    <p class='ocr_par' dir='ltr' id='par_1_11' title="bbox 305 1041 1904 1113">
     <span class='ocr_line' id='line_1_11' title="bbox 305 1041 1904 1113; baseline -0.004 -13"><span class='ocrx_word' id='word_1_62' title='bbox 305 1054 360 1100; x_wconf 93' lang='lat' dir='ltr'><strong>et</strong></span> <span class='ocrx_word' id='word_1_63' title='bbox 385 1047 436 1100; x_wconf 93' lang='lat' dir='ltr'><strong>in</strong></span> <span class='ocrx_word' id='word_1_64' title='bbox 467 1043 904 1113; x_wconf 30' lang='lat' dir='ltr'><strong>Occidente,.nec</strong></span> <span class='ocrx_word' id='word_1_65' title='bbox 934 1044 1074 1098; x_wconf 84' lang='lat' dir='ltr'><strong>ullus</strong></span> <span class='ocrx_word' id='word_1_66' title='bbox 1099 1043 1512 1112; x_wconf 85' lang='lat' dir='ltr'><strong>llispanicarum</strong></span> <span class='ocrx_word' id='word_1_67' title='bbox 1539 1041 1904 1100; x_wconf 84' lang='lat' dir='ltr'><strong>Ecclesiarum</strong></span> 
     </span>
    </p>
   </div>
   <div class='ocr_carea' id='block_1_12' title="bbox 306 1131 1938 1206">
    <p class='ocr_par' dir='ltr' id='par_1_12' title="bbox 306 1131 1938 1206">
     <span class='ocr_line' id='line_1_12' title="bbox 306 1131 1938 1206; baseline -0.003 -16"><span class='ocrx_word' id='word_1_68' title='bbox 306 1137 405 1192; x_wconf 77' lang='lat' dir='ltr'><strong>fuit</strong></span> <span class='ocrx_word' id='word_1_69' title='bbox 433 1136 754 1206; x_wconf 86' lang='lat' dir='ltr'><strong>Episcopus.</strong></span> <span class='ocrx_word' id='word_1_70' title='bbox 813 1137 1154 1206; x_wconf 82' lang='lat' dir='ltr'><strong>Quapropter</strong></span> <span class='ocrx_word' id='word_1_71' title='bbox 1184 1134 1330 1190; x_wconf 88' lang='lat' dir='ltr'><strong>nulla</strong></span> <span class='ocrx_word' id='word_1_72' title='bbox 1375 1135 1516 1189; x_wconf 83' lang='lat' dir='ltr'><strong>ratio</strong></span> <span class='ocrx_word' id='word_1_73' title='bbox 1569 1131 1776 1205; x_wconf 85' lang='lat' dir='ltr'><strong>ordinis</strong></span> <span class='ocrx_word' id='word_1_74' title='bbox 1817 1131 1938 1186; x_wconf 89' lang='lat' dir='ltr'><strong>hic.</strong></span> 
     </span>
    </p>
   </div>
   <div class='ocr_carea' id='block_1_13' title="bbox 306 1226 1905 1295">
    <p class='ocr_par' dir='ltr' id='par_1_13' title="bbox 306 1226 1905 1295">
     <span class='ocr_line' id='line_1_13' title="bbox 306 1226 1905 1295; baseline -0.004 -9"><span class='ocrx_word' id='word_1_75' title='bbox 306 1231 484 1287; x_wconf 89' lang='lat' dir='ltr'><strong>habita</strong></span> <span class='ocrx_word' id='word_1_76' title='bbox 518 1229 806 1295; x_wconf 82' lang='lat' dir='ltr'><strong>videbitur,</strong></span> <span class='ocrx_word' id='word_1_77' title='bbox 835 1230 930 1285; x_wconf 88' lang='lat' dir='ltr'><strong>sed</strong></span> <span class='ocrx_word' id='word_1_78' title='bbox 958 1238 1170 1284; x_wconf 89' lang='lat' dir='ltr'><strong>tantum</strong></span> <span class='ocrx_word' id='word_1_79' title='bbox 1200 1227 1507 1284; x_wconf 86' lang='lat' dir='ltr'><strong>devotionis</strong></span> <span class='ocrx_word' id='word_1_80' title='bbox 1535 1241 1698 1281; x_wconf 87' lang='lat' dir='ltr'><strong>causa</strong></span> <span class='ocrx_word' id='word_1_81' title='bbox 1738 1226 1905 1280; x_wconf 80' lang='lat' dir='ltr'><strong>fuisse</strong></span> 
     </span>
    </p>
   </div>
   <div class='ocr_carea' id='block_1_14' title="bbox 226 1319 1903 1397">
    <p class='ocr_par' dir='ltr' id='par_1_14' title="bbox 226 1319 1903 1397">
     <span class='ocr_line' id='line_1_14' title="bbox 226 1319 1903 1397; baseline -0.006 -15"><span class='ocrx_word' id='word_1_82' title='bbox 226 1379 234 1382; x_wconf 94' lang='lat'>_</span> <span class='ocrx_word' id='word_1_83' title='bbox 307 1327 360 1380; x_wconf 91' lang='lat' dir='ltr'><strong>in</strong></span> <span class='ocrx_word' id='word_1_84' title='bbox 383 1324 688 1397; x_wconf 87' lang='lat' dir='ltr'><strong>dipthychis</strong></span> <span class='ocrx_word' id='word_1_85' title='bbox 720 1325 922 1380; x_wconf 89' lang='lat' dir='ltr'><strong>relatos</strong></span> <span class='ocrx_word' id='word_1_86' title='bbox 943 1323 1171 1380; x_wconf 84' lang='lat' dir='ltr'><strong>Sauctos</strong></span> <span class='ocrx_word' id='word_1_87' title='bbox 1193 1323 1293 1378; x_wconf 92' lang='lat' dir='ltr'><strong>hos</strong></span> <span class='ocrx_word' id='word_1_88' title='bbox 1316 1321 1576 1392; x_wconf 69' lang='lat' dir='ltr'><strong>praesules</strong></span> <span class='ocrx_word' id='word_1_89' title='bbox 1614 1319 1903 1375; x_wconf 87' lang='lat' dir='ltr'><strong>dicendum</strong></span> 
     </span>
    </p>
   </div>
   <div class='ocr_carea' id='block_1_15' title="bbox 308 1401 1908 1489">
    <p class='ocr_par' dir='ltr' id='par_1_15' title="bbox 308 1401 1908 1489">
     <span class='ocr_line' id='line_1_15' title="bbox 308 1401 1908 1489; baseline -0.006 -14"><span class='ocrx_word' id='word_1_90' title='bbox 308 1429 411 1475; x_wconf 91' lang='lat' dir='ltr'><strong>est.</strong></span> <span class='ocrx_word' id='word_1_91' title='bbox 442 1419 749 1489; x_wconf 83' lang='lat' dir='ltr'><strong>Sequuntur</strong></span> <span class='ocrx_word' id='word_1_92' title='bbox 777 1428 962 1489; x_wconf 88' lang='lat' dir='ltr'><strong>postea</strong></span> <span class='ocrx_word' id='word_1_93' title='bbox 994 1418 1046 1472; x_wconf 93' lang='lat' dir='ltr'><strong>in</strong></span> <span class='ocrx_word' id='word_1_94' title='bbox 1074 1401 1262 1473; x_wconf 85' lang='lat' dir='ltr'><strong>eodem</strong></span> <span class='ocrx_word' id='word_1_95' title='bbox 1320 1414 1690 1471; x_wconf 83' lang='lat' dir='ltr'><strong>Mozzarabico</strong></span> <span class='ocrx_word' id='word_1_96' title='bbox 1735 1414 1908 1479; x_wconf 79' lang='lat' dir='ltr'><strong>Lean-</strong></span> 
     </span>
    </p>
   </div>
   <div class='ocr_carea' id='block_1_16' title="bbox 306 1508 1909 1584">
    <p class='ocr_par' dir='ltr' id='par_1_16' title="bbox 306 1508 1909 1584">
     <span class='ocr_line' id='line_1_16' title="bbox 306 1508 1909 1584; baseline -0.003 -18"><span class='ocrx_word' id='word_1_97' title='bbox 306 1513 402 1567; x_wconf 85' lang='lat' dir='ltr'><strong>der</strong></span> <span class='ocrx_word' id='word_1_98' title='bbox 433 1521 488 1567; x_wconf 90' lang='lat' dir='ltr'><strong>et</strong></span> <span class='ocrx_word' id='word_1_99' title='bbox 517 1513 779 1584; x_wconf 79' lang='lat' dir='ltr'><strong>Isidorus,</strong></span> <span class='ocrx_word' id='word_1_100' title='bbox 803 1513 1040 1582; x_wconf 88' lang='lat' dir='ltr'><strong>episcopi</strong></span> <span class='ocrx_word' id='word_1_101' title='bbox 1063 1511 1408 1581; x_wconf 85' lang='lat' dir='ltr'><strong>llispalenses</strong></span> <span class='ocrx_word' id='word_1_102' title='bbox 1434 1527 1448 1575; x_wconf 92' lang='lat'><strong>;</strong></span> <span class='ocrx_word' id='word_1_103' title='bbox 1478 1508 1719 1564; x_wconf 92' lang='lat' dir='ltr'><strong>Isidorus</strong></span> <span class='ocrx_word' id='word_1_104' title='bbox 1734 1508 1909 1563; x_wconf 86' lang='lat' dir='ltr'><strong>Lean-</strong></span> 
     </span>
    </p>
   </div>
   <div class='ocr_carea' id='block_1_17' title="bbox 308 1598 1909 1672">
    <p class='ocr_par' dir='ltr' id='par_1_17' title="bbox 308 1598 1909 1672">
     <span class='ocr_line' id='line_1_17' title="bbox 308 1598 1909 1672; baseline -0.005 -12"><span class='ocrx_word' id='word_1_105' title='bbox 308 1604 409 1660; x_wconf 93' lang='lat' dir='ltr'><strong>dro</strong></span> <span class='ocrx_word' id='word_1_106' title='bbox 435 1604 719 1670; x_wconf 87' lang='lat' dir='ltr'><strong>successit,</strong></span> <span class='ocrx_word' id='word_1_107' title='bbox 745 1613 800 1656; x_wconf 88' lang='lat' dir='ltr'><strong>at</strong></span> <span class='ocrx_word' id='word_1_108' title='bbox 823 1603 1069 1658; x_wconf 80' lang='lat' dir='ltr'><strong>Leander</strong></span> <span class='ocrx_word' id='word_1_109' title='bbox 1090 1603 1462 1672; x_wconf 81' lang='lat' dir='ltr'><strong>episcopatum</strong></span> <span class='ocrx_word' id='word_1_110' title='bbox 1485 1598 1726 1670; x_wconf 82' lang='lat' dir='ltr'><strong>suscepit</strong></span> <span class='ocrx_word' id='word_1_111' title='bbox 1766 1613 1909 1655; x_wconf 88' lang='lat' dir='ltr'><strong>anno</strong></span> 
     </span>
    </p>
   </div>
   <div class='ocr_carea' id='block_1_18' title="bbox 308 1688 1910 1768">
    <p class='ocr_par' dir='ltr' id='par_1_18' title="bbox 308 1688 1910 1768">
     <span class='ocr_line' id='line_1_18' title="bbox 308 1688 1910 1768; baseline -0.004 -15"><span class='ocrx_word' id='word_1_112' title='bbox 308 1697 437 1763; x_wconf 62' lang='lat'><strong>584,</strong></span> <span class='ocrx_word' id='word_1_113' title='bbox 464 1697 614 1768; x_wconf 79' lang='lat' dir='ltr'><strong>iuxta</strong></span> <span class='ocrx_word' id='word_1_114' title='bbox 639 1697 1060 1768; x_wconf 88' lang='lat' dir='ltr'><strong>Chronologiam</strong></span> <span class='ocrx_word' id='word_1_115' title='bbox 1087 1694 1262 1751; x_wconf 89' lang='lat' dir='ltr'><strong>Cenui</strong></span> <span class='ocrx_word' id='word_1_116' title='bbox 1304 1697 1470 1750; x_wconf 90' lang='lat' dir='ltr'><strong>nostri</strong></span> <span class='ocrx_word' id='word_1_117' title='bbox 1510 1704 1530 1746; x_wconf 82' lang='lat'><strong>:&#39;</strong></span> <span class='ocrx_word' id='word_1_118' title='bbox 1561 1693 1658 1748; x_wconf 86' lang='lat' dir='ltr'><strong>iuit</strong></span> <span class='ocrx_word' id='word_1_119' title='bbox 1690 1709 1757 1748; x_wconf 89' lang='lat' dir='ltr'><strong>ne</strong></span> <span class='ocrx_word' id='word_1_120' title='bbox 1795 1688 1910 1762; x_wconf 87' lang='lat' dir='ltr'><strong>ipse</strong></span> 
     </span>
    </p>
   </div>
   <div class='ocr_carea' id='block_1_19' title="bbox 2000 482 3600 556">
    <p class='ocr_par' dir='ltr' id='par_1_19' title="bbox 2000 482 3600 556">
     <span class='ocr_line' id='line_1_19' title="bbox 2000 482 3600 556; baseline 0.004 -21"><span class='ocrx_word' id='word_1_121' title='bbox 2000 483 2387 548; x_wconf 81' lang='lat' dir='ltr'><strong>Apostolorum,</strong></span> <span class='ocrx_word' id='word_1_122' title='bbox 2419 482 2475 538; x_wconf 74' lang='lat' dir='ltr'><strong>et</strong></span> <span class='ocrx_word' id='word_1_123' title='bbox 2494 483 2786 556; x_wconf 80' lang='lat' dir='ltr'><strong>Martyrum</strong></span> <span class='ocrx_word' id='word_1_124' title='bbox 2837 498 3044 540; x_wconf 86' lang='lat' dir='ltr'><strong>tuorum</strong></span> <span class='ocrx_word' id='word_1_125' title='bbox 3095 487 3275 553; x_wconf 89' lang='lat' dir='ltr'><strong>Petri,</strong></span> <span class='ocrx_word' id='word_1_126' title='bbox 3323 498 3368 540; x_wconf 71' lang='lat' dir='ltr'><strong>tt</strong></span> <span class='ocrx_word' id='word_1_127' title='bbox 3417 487 3600 553; x_wconf 83' lang='lat' dir='ltr'><strong>Pauli,</strong></span> 
     </span>
    </p>
   </div>
   <div class='ocr_carea' id='block_1_20' title="bbox 2000 576 3600 652">
    <p class='ocr_par' dir='ltr' id='par_1_20' title="bbox 2000 576 3600 652">
     <span class='ocr_line' id='line_1_20' title="bbox 2000 576 3600 652; baseline 0.003 -24"><span class='ocrx_word' id='word_1_128' title='bbox 2000 576 2240 644; x_wconf 69' lang='lat' dir='ltr'><strong>Audi-em,</strong></span> <span class='ocrx_word' id='word_1_129' title='bbox 2275 577 2478 646; x_wconf 89' lang='lat' dir='ltr'><strong>Jacobi,</strong></span> <span class='ocrx_word' id='word_1_130' title='bbox 2509 577 2758 643; x_wconf 81' lang='lat' dir='ltr'><strong>Joannis,</strong></span> <span class='ocrx_word' id='word_1_131' title='bbox 2790 579 3003 634; x_wconf 71' lang='lat' dir='ltr'><strong>Thomw</strong></span> <span class='ocrx_word' id='word_1_132' title='bbox 3024 622 3037 646; x_wconf 91' lang='lat'><strong>,</strong></span> <span class='ocrx_word' id='word_1_133' title='bbox 3069 578 3282 642; x_wconf 79' lang='lat' dir='ltr'><strong>Jacobi.</strong></span> <span class='ocrx_word' id='word_1_134' title='bbox 3336 579 3600 652; x_wconf 75' lang='lat' dir='ltr'><strong>Philippi,</strong></span> 
     </span>
    </p>
   </div>
   <div class='ocr_carea' id='block_1_21' title="bbox 2001 659 3602 745">
    <p class='ocr_par' dir='ltr' id='par_1_21' title="bbox 2001 659 3602 745">
     <span class='ocr_line' id='line_1_21' title="bbox 2001 659 3602 745; baseline 0.003 -24"><span class='ocrx_word' id='word_1_135' title='bbox 2001 667 2394 738; x_wconf 77' lang='lat' dir='ltr'><strong>Bartholomtei,</strong></span> <span class='ocrx_word' id='word_1_136' title='bbox 2426 666 2687 740; x_wconf 73' lang='lat' dir='ltr'><strong>Malthwi,</strong></span> <span class='ocrx_word' id='word_1_137' title='bbox 2719 671 2946 745; x_wconf 79' lang='lat' dir='ltr'><strong>Simonis</strong></span> <span class='ocrx_word' id='word_1_138' title='bbox 2977 673 2991 738; x_wconf 82' lang='lat'><strong>,</strong></span> <span class='ocrx_word' id='word_1_139' title='bbox 3049 659 3115 727; x_wconf 21' lang='lat' dir='ltr'><strong>et.</strong></span> <span class='ocrx_word' id='word_1_140' title='bbox 3144 671 3383 740; x_wconf 78' lang='lat' dir='ltr'><strong>Thadtei,</strong></span> <span class='ocrx_word' id='word_1_141' title='bbox 3435 672 3602 738; x_wconf 79' lang='lat' dir='ltr'><strong>Xisti,</strong></span> 
     </span>
    </p>
   </div>
   <div class='ocr_carea' id='block_1_22' title="bbox 2003 760 3601 836">
    <p class='ocr_par' dir='ltr' id='par_1_22' title="bbox 2003 760 3601 836">
     <span class='ocr_line' id='line_1_22' title="bbox 2003 760 3601 836; baseline 0.002 -21"><span class='ocrx_word' id='word_1_142' title='bbox 2003 760 2289 829; x_wconf 82' lang='lat' dir='ltr'><strong>Laurentii,</strong></span> <span class='ocrx_word' id='word_1_143' title='bbox 2336 761 2631 835; x_wconf 81' lang='lat' dir='ltr'><strong>Hippolyti,</strong></span> <span class='ocrx_word' id='word_1_144' title='bbox 2689 763 2963 832; x_wconf 79' lang='lat' dir='ltr'><strong>Vincentii,</strong></span> <span class='ocrx_word' id='word_1_145' title='bbox 3023 765 3268 832; x_wconf 84' lang='lat' dir='ltr'><strong>Cornelii,</strong></span> <span class='ocrx_word' id='word_1_146' title='bbox 3325 764 3601 836; x_wconf 82' lang='lat' dir='ltr'><strong>Cypriani,</strong></span> 
     </span>
    </p>
   </div>
   <div class='ocr_carea' id='block_1_23' title="bbox 2005 842 3605 931">
    <p class='ocr_par' dir='ltr' id='par_1_23' title="bbox 2005 842 3605 931">
     <span class='ocr_line' id='line_1_23' title="bbox 2005 842 3605 931; baseline 0.003 -22"><span class='ocrx_word' id='word_1_147' title='bbox 2005 853 2298 924; x_wconf 83' lang='lat' dir='ltr'><strong>Clementis,</strong></span> <span class='ocrx_word' id='word_1_148' title='bbox 2331 857 2673 931; x_wconf 82' lang='lat' dir='ltr'><strong>Chrysogoni,</strong></span> <span class='ocrx_word' id='word_1_149' title='bbox 2697 857 2922 914; x_wconf 83' lang='lat' dir='ltr'><strong>Joannis</strong></span> <span class='ocrx_word' id='word_1_150' title='bbox 2949 903 2963 927; x_wconf 91' lang='lat'><strong>,</strong></span> <span class='ocrx_word' id='word_1_151' title='bbox 2987 842 3037 915; x_wconf 75' lang='lat' dir='ltr'><strong>et</strong></span> <span class='ocrx_word' id='word_1_152' title='bbox 3066 859 3223 914; x_wconf 84' lang='lat' dir='ltr'><strong>Pauli</strong></span> <span class='ocrx_word' id='word_1_153' title='bbox 3258 903 3272 926; x_wconf 93' lang='lat'><strong>,</strong></span> <span class='ocrx_word' id='word_1_154' title='bbox 3305 859 3520 926; x_wconf 67' lang='lat' dir='ltr'><strong>Comm,</strong></span> <span class='ocrx_word' id='word_1_155' title='bbox 3555 870 3605 914; x_wconf 84' lang='lat' dir='ltr'><strong>et</strong></span> 
     </span>
    </p>
   </div>
   <div class='ocr_carea' id='block_1_24' title="bbox 2005 934 3607 1026">
    <p class='ocr_par' dir='ltr' id='par_1_24' title="bbox 2005 934 3607 1026">
     <span class='ocr_line' id='line_1_24' title="bbox 2005 934 3607 1026; baseline 0.003 -25"><span class='ocrx_word' id='word_1_156' title='bbox 2005 947 2268 1012; x_wconf 87' lang='lat' dir='ltr'><strong>Damiani,</strong></span> <span class='ocrx_word' id='word_1_157' title='bbox 2298 948 2638 1019; x_wconf 79' lang='lat' dir='ltr'><strong>Apollinaris,</strong></span> <span class='ocrx_word' id='word_1_158' title='bbox 2680 947 2883 1019; x_wconf 72' lang='lat' dir='ltr'><strong>Vita/is,</strong></span> <span class='ocrx_word' id='word_1_159' title='bbox 2908 951 3150 1018; x_wconf 72' lang='lat' dir='ltr'><strong>Nazarii,</strong></span> <span class='ocrx_word' id='word_1_160' title='bbox 3180 961 3225 1007; x_wconf 85' lang='lat' dir='ltr'><strong>et</strong></span> <span class='ocrx_word' id='word_1_161' title='bbox 3257 952 3410 1020; x_wconf 81' lang='lat' dir='ltr'><strong>Celsi,</strong></span> <span class='ocrx_word' id='word_1_162' title='bbox 3462 934 3607 1026; x_wconf 76' lang='lat' dir='ltr'><strong>Pro-</strong></span> 
     </span>
    </p>
   </div>
   <div class='ocr_carea' id='block_1_25' title="bbox 2007 1028 3606 1113">
    <p class='ocr_par' dir='ltr' id='par_1_25' title="bbox 2007 1028 3606 1113">
     <span class='ocr_line' id='line_1_25' title="bbox 2007 1028 3606 1113; baseline 0.004 -18"><span class='ocrx_word' id='word_1_163' title='bbox 2007 1043 2146 1109; x_wconf 88' lang='lat' dir='ltr'><strong>tasii,</strong></span> <span class='ocrx_word' id='word_1_164' title='bbox 2171 1028 2215 1095; x_wconf 87' lang='lat' dir='ltr'><strong>et</strong></span> <span class='ocrx_word' id='word_1_165' title='bbox 2235 1040 2487 1108; x_wconf 82' lang='lat' dir='ltr'><strong>Cervasii,</strong></span> <span class='ocrx_word' id='word_1_166' title='bbox 2525 1041 2770 1113; x_wconf 75' lang='lat' dir='ltr'><strong>Victoris,</strong></span> <span class='ocrx_word' id='word_1_167' title='bbox 2800 1044 3048 1113; x_wconf 85' lang='lat' dir='ltr'><strong>Naboris,</strong></span> <span class='ocrx_word' id='word_1_168' title='bbox 3073 1045 3288 1113; x_wconf 75' lang='lat' dir='ltr'><strong>Felicis,</strong></span> <span class='ocrx_word' id='word_1_169' title='bbox 3307 1057 3357 1102; x_wconf 87' lang='lat' dir='ltr'><strong>et</strong></span> <span class='ocrx_word' id='word_1_170' title='bbox 3378 1047 3606 1102; x_wconf 87' lang='lat' dir='ltr'><strong>Calime-</strong></span> 
     </span>
    </p>
   </div>
   <div class='ocr_carea' id='block_1_26' title="bbox 2005 1132 3609 1209">
    <p class='ocr_par' dir='ltr' id='par_1_26' title="bbox 2005 1132 3609 1209">
     <span class='ocr_line' id='line_1_26' title="bbox 2005 1132 3609 1209; baseline 0.004 -23"><span class='ocrx_word' id='word_1_171' title='bbox 2005 1134 2070 1187; x_wconf 85' lang='lat' dir='ltr'><strong>ri.</strong></span> <span class='ocrx_word' id='word_1_172' title='bbox 2102 1132 2232 1188; x_wconf 84' lang='lat' dir='ltr'><strong>Post</strong></span> <span class='ocrx_word' id='word_1_173' title='bbox 2253 1133 2727 1201; x_wconf 79' lang='lat' dir='ltr'><strong>Cunsecrationem</strong></span> <span class='ocrx_word' id='word_1_174' title='bbox 2763 1151 2890 1191; x_wconf 85' lang='lat' dir='ltr'><strong>vero</strong></span> <span class='ocrx_word' id='word_1_175' title='bbox 2921 1155 2934 1192; x_wconf 93' lang='lat'><strong>:</strong></span> <span class='ocrx_word' id='word_1_176' title='bbox 2963 1136 3128 1192; x_wconf 69' lang='lat' dir='ltr'><strong>Nobii</strong></span> <span class='ocrx_word' id='word_1_177' title='bbox 3149 1155 3416 1209; x_wconf 83' lang='lat' dir='ltr'><strong>quoque...</strong></span> <span class='ocrx_word' id='word_1_178' title='bbox 3438 1140 3609 1194; x_wconf 80' lang='lat' dir='ltr'><strong>socie-</strong></span> 
     </span>
    </p>
   </div>
   <div class='ocr_carea' id='block_1_27' title="bbox 2010 1225 3608 1309">
    <p class='ocr_par' dir='ltr' id='par_1_27' title="bbox 2010 1225 3608 1309">
     <span class='ocr_line' id='line_1_27' title="bbox 2010 1225 3608 1309; baseline 0.004 -30"><span class='ocrx_word' id='word_1_179' title='bbox 2010 1235 2161 1280; x_wconf 82' lang='lat' dir='ltr'><strong>tatem</strong></span> <span class='ocrx_word' id='word_1_180' title='bbox 2190 1225 2383 1282; x_wconf 89' lang='lat' dir='ltr'><strong>donare</strong></span> <span class='ocrx_word' id='word_1_181' title='bbox 2412 1228 2642 1298; x_wconf 82' lang='lat' dir='ltr'><strong>digneris</strong></span> <span class='ocrx_word' id='word_1_182' title='bbox 2669 1246 2787 1283; x_wconf 87' lang='lat' dir='ltr'><strong>cum</strong></span> <span class='ocrx_word' id='word_1_183' title='bbox 2839 1232 2941 1284; x_wconf 83' lang='lat' dir='ltr'><strong>tuis</strong></span> <span class='ocrx_word' id='word_1_184' title='bbox 2972 1231 3200 1298; x_wconf 74' lang='lat' dir='ltr'><strong>Sanctis,</strong></span> <span class='ocrx_word' id='word_1_185' title='bbox 3245 1231 3531 1309; x_wconf 77' lang='lat' dir='ltr'><strong>Apastolis,</strong></span> <span class='ocrx_word' id='word_1_186' title='bbox 3556 1243 3608 1287; x_wconf 85' lang='lat' dir='ltr'><strong>et</strong></span> 
     </span>
    </p>
   </div>
   <div class='ocr_carea' id='block_1_28' title="bbox 2011 1317 3611 1401">
    <p class='ocr_par' dir='ltr' id='par_1_28' title="bbox 2011 1317 3611 1401">
     <span class='ocr_line' id='line_1_28' title="bbox 2011 1317 3611 1401; baseline 0.006 -30"><span class='ocrx_word' id='word_1_187' title='bbox 2011 1317 2331 1391; x_wconf 79' lang='lat' dir='ltr'><strong>Martyribus</strong></span> <span class='ocrx_word' id='word_1_188' title='bbox 2358 1317 2584 1387; x_wconf 81' lang='lat' dir='ltr'><strong>Joanne,</strong></span> <span class='ocrx_word' id='word_1_189' title='bbox 2614 1318 2838 1387; x_wconf 76' lang='lat' dir='ltr'><strong>Iacobo,</strong></span> <span class='ocrx_word' id='word_1_190' title='bbox 2869 1321 3154 1395; x_wconf 80' lang='lat' dir='ltr'><strong>Stephano,</strong></span> <span class='ocrx_word' id='word_1_191' title='bbox 3211 1323 3436 1401; x_wconf 73' lang='lat' dir='ltr'><strong>Andrea,</strong></span> <span class='ocrx_word' id='word_1_192' title='bbox 3467 1325 3611 1380; x_wconf 80' lang='lat' dir='ltr'><strong>Bar-</strong></span> 
     </span>
    </p>
   </div>
   <div class='ocr_carea' id='block_1_29' title="bbox 2010 1405 3604 1487">
    <p class='ocr_par' dir='ltr' id='par_1_29' title="bbox 2010 1405 3604 1487">
     <span class='ocr_line' id='line_1_29' title="bbox 2010 1405 3604 1487; baseline 0.005 -21"><span class='ocrx_word' id='word_1_193' title='bbox 2010 1414 2166 1478; x_wconf 87' lang='lat' dir='ltr'><strong>naba,</strong></span> <span class='ocrx_word' id='word_1_194' title='bbox 2198 1411 2377 1479; x_wconf 87' lang='lat' dir='ltr'><strong>Petro,</strong></span> <span class='ocrx_word' id='word_1_195' title='bbox 2406 1413 2734 1482; x_wconf 80' lang='lat' dir='ltr'><strong>Marcellino,</strong></span> <span class='ocrx_word' id='word_1_196' title='bbox 2783 1416 2996 1487; x_wconf 85' lang='lat' dir='ltr'><strong>Agnete,</strong></span> <span class='ocrx_word' id='word_1_197' title='bbox 3051 1417 3272 1482; x_wconf 66' lang='lat' dir='ltr'><strong>Caecilia,</strong></span> <span class='ocrx_word' id='word_1_198' title='bbox 3311 1405 3604 1486; x_wconf 72' lang='lat' dir='ltr'><strong>Felicitate,</strong></span> 
     </span>
    </p>
   </div>
   <div class='ocr_carea' id='block_1_30' title="bbox 2013 1496 3610 1579">
    <p class='ocr_par' dir='ltr' id='par_1_30' title="bbox 2013 1496 3610 1579">
     <span class='ocr_line' id='line_1_30' title="bbox 2013 1496 3610 1579; baseline 0.006 -22"><span class='ocrx_word' id='word_1_199' title='bbox 2013 1501 2290 1574; x_wconf 80' lang='lat' dir='ltr'><strong>Perpetua,</strong></span> <span class='ocrx_word' id='word_1_200' title='bbox 2318 1504 2614 1572; x_wconf 72' lang='lat' dir='ltr'><strong>Andalusia,</strong></span> <span class='ocrx_word' id='word_1_201' title='bbox 2648 1508 2872 1579; x_wconf 83' lang='lat' dir='ltr'><strong>Agatha,</strong></span> <span class='ocrx_word' id='word_1_202' title='bbox 2910 1508 3217 1579; x_wconf 79' lang='lat' dir='ltr'><strong>Euphemia,</strong></span> <span class='ocrx_word' id='word_1_203' title='bbox 3241 1508 3422 1577; x_wconf 83' lang='lat' dir='ltr'><strong>Lucia,</strong></span> <span class='ocrx_word' id='word_1_204' title='bbox 3475 1496 3610 1567; x_wconf 68' lang='lat' dir='ltr'><strong>Jus-</strong></span> 
     </span>
    </p>
   </div>
   <div class='ocr_carea' id='block_1_31' title="bbox 2013 1596 3606 1674">
    <p class='ocr_par' dir='ltr' id='par_1_31' title="bbox 2013 1596 3606 1674">
     <span class='ocr_line' id='line_1_31' title="bbox 2013 1596 3606 1674; baseline 0.006 -23"><span class='ocrx_word' id='word_1_205' title='bbox 2013 1599 2140 1664; x_wconf 87' lang='lat' dir='ltr'><strong>tina,</strong></span> <span class='ocrx_word' id='word_1_206' title='bbox 2173 1598 2386 1664; x_wconf 87' lang='lat' dir='ltr'><strong>Sabina,</strong></span> <span class='ocrx_word' id='word_1_207' title='bbox 2415 1598 2628 1666; x_wconf 86' lang='lat' dir='ltr'><strong>Thecla,</strong></span> <span class='ocrx_word' id='word_1_208' title='bbox 2661 1596 2903 1674; x_wconf 84' lang='lat' dir='ltr'><strong>Pelagia,</strong></span> <span class='ocrx_word' id='word_1_209' title='bbox 2960 1612 3111 1674; x_wconf 84' lang='lat' dir='ltr'><strong>atque</strong></span> <span class='ocrx_word' id='word_1_210' title='bbox 3157 1602 3456 1671; x_wconf 70' lang='lat' dir='ltr'><strong>Cat/carina,</strong></span> <span class='ocrx_word' id='word_1_211' title='bbox 3491 1615 3606 1661; x_wconf 81' lang='lat' dir='ltr'><strong>etc.</strong></span> 
     </span>
    </p>
   </div>
   <div class='ocr_carea' id='block_1_32' title="bbox 2015 1690 3610 1768">
    <p class='ocr_par' dir='ltr' id='par_1_32' title="bbox 2015 1690 3610 1768">
     <span class='ocr_line' id='line_1_32' title="bbox 2015 1690 3610 1768; baseline 0.005 -22"><span class='ocrx_word' id='word_1_212' title='bbox 2015 1690 2178 1748; x_wconf 89' lang='lat' dir='ltr'><strong>Vides</strong></span> <span class='ocrx_word' id='word_1_213' title='bbox 2205 1693 2294 1748; x_wconf 89' lang='lat' dir='ltr'><strong>hic</strong></span> <span class='ocrx_word' id='word_1_214' title='bbox 2323 1694 2378 1750; x_wconf 92' lang='lat' dir='ltr'><strong>S.</strong></span> <span class='ocrx_word' id='word_1_215' title='bbox 2408 1693 2757 1768; x_wconf 87' lang='lat' dir='ltr'><strong>Hippolytum</strong></span> <span class='ocrx_word' id='word_1_216' title='bbox 2789 1739 2804 1762; x_wconf 91' lang='lat'><strong>,</strong></span> <span class='ocrx_word' id='word_1_217' title='bbox 2826 1698 2915 1767; x_wconf 91' lang='lat' dir='ltr'><strong>qui</strong></span> <span class='ocrx_word' id='word_1_218' title='bbox 2946 1699 3043 1753; x_wconf 91' lang='lat' dir='ltr'><strong>sub</strong></span> <span class='ocrx_word' id='word_1_219' title='bbox 3089 1698 3400 1754; x_wconf 79' lang='lat' dir='ltr'><strong>Alexandro</strong></span> <span class='ocrx_word' id='word_1_220' title='bbox 3428 1698 3610 1767; x_wconf 86' lang='lat' dir='ltr'><strong>impe-</strong></span> 
     </span>
    </p>
   </div>
   <div class='ocr_carea' id='block_1_33' title="bbox 308 1777 3625 1870">
    <p class='ocr_par' dir='ltr' id='par_1_33' title="bbox 308 1777 3625 1870">
     <span class='ocr_line' id='line_1_33' title="bbox 308 1777 3625 1870; baseline 0.001 -25"><span class='ocrx_word' id='word_1_221' title='bbox 308 1791 516 1861; x_wconf 91' lang='lat' dir='ltr'><strong>primus</strong></span> <span class='ocrx_word' id='word_1_222' title='bbox 557 1791 894 1861; x_wconf 87' lang='lat' dir='ltr'><strong>Hispalensis</strong></span> <span class='ocrx_word' id='word_1_223' title='bbox 947 1777 1274 1860; x_wconf 86' lang='lat' dir='ltr'><strong>episcopus?</strong></span> <span class='ocrx_word' id='word_1_224' title='bbox 1321 1786 1508 1857; x_wconf 80' lang='lat' dir='ltr'><strong>Neque</strong></span> <span class='ocrx_word' id='word_1_225' title='bbox 1556 1779 1710 1840; x_wconf 88' lang='lat' dir='ltr'><strong>unus</strong></span> <span class='ocrx_word' id='word_1_226' title='bbox 1736 1785 1907 1856; x_wconf 89' lang='lat' dir='ltr'><strong>ipsius</strong></span> <span class='ocrx_word' id='word_1_227' title='bbox 1938 1799 1987 1858; x_wconf 78' lang='grc' dir='ltr'><strong>Β</strong></span> <span class='ocrx_word' id='word_1_228' title='bbox 2015 1797 2194 1841; x_wconf 89' lang='lat' dir='ltr'><strong>ratore</strong></span> <span class='ocrx_word' id='word_1_229' title='bbox 2223 1786 2366 1844; x_wconf 86' lang='lat' dir='ltr'><strong>circa</strong></span> <span class='ocrx_word' id='word_1_230' title='bbox 2415 1804 2614 1842; x_wconf 88' lang='lat' dir='ltr'><strong>annum</strong></span> <span class='ocrx_word' id='word_1_231' title='bbox 2653 1787 2760 1845; x_wconf 70' lang='lat'><strong>229</strong></span> <span class='ocrx_word' id='word_1_232' title='bbox 2784 1790 2984 1862; x_wconf 88' lang='lat' dir='ltr'><strong>Martyr</strong></span> <span class='ocrx_word' id='word_1_233' title='bbox 3015 1788 3172 1855; x_wconf 87' lang='lat' dir='ltr'><strong>obiit,</strong></span> <span class='ocrx_word' id='word_1_234' title='bbox 3206 1803 3327 1870; x_wconf 87' lang='lat' dir='ltr'><strong>post</strong></span> <span class='ocrx_word' id='word_1_235' title='bbox 3363 1792 3420 1864; x_wconf 67' lang='grc' dir='ltr'><strong>8Σ</strong></span> <span class='ocrx_word' id='word_1_236' title='bbox 3477 1791 3625 1848; x_wconf 81' lang='lat' dir='ltr'><strong>Xis--</strong></span> 
     </span>
    </p>
   </div>
   <div class='ocr_carea' id='block_1_34' title="bbox 307 1878 1906 1957">
    <p class='ocr_par' dir='ltr' id='par_1_34' title="bbox 307 1878 1906 1957">
     <span class='ocr_line' id='line_1_34' title="bbox 307 1878 1906 1957; baseline -0.005 -17"><span class='ocrx_word' id='word_1_237' title='bbox 307 1886 660 1940; x_wconf 90' lang='lat' dir='ltr'><strong>decessorum</strong></span> <span class='ocrx_word' id='word_1_238' title='bbox 711 1884 1041 1943; x_wconf 85' lang='lat' dir='ltr'><strong>nominatur.</strong></span> <span class='ocrx_word' id='word_1_239' title='bbox 1099 1882 1331 1957; x_wconf 84' lang='lat' dir='ltr'><strong>Sabinus</strong></span> <span class='ocrx_word' id='word_1_240' title='bbox 1369 1888 1516 1935; x_wconf 89' lang='lat' dir='ltr'><strong>certe</strong></span> <span class='ocrx_word' id='word_1_241' title='bbox 1572 1878 1665 1948; x_wconf 90' lang='lat' dir='ltr'><strong>qui</strong></span> <span class='ocrx_word' id='word_1_242' title='bbox 1713 1886 1906 1948; x_wconf 89' lang='lat' dir='ltr'><strong>quarto</strong></span> 
     </span>
    </p>
   </div>
   <div class='ocr_carea' id='block_1_35' title="bbox 305 1969 1964 2042">
    <p class='ocr_par' dir='ltr' id='par_1_35' title="bbox 305 1969 1964 2042">
     <span class='ocr_line' id='line_1_35' title="bbox 305 1969 1964 2042; baseline -0.003 -9"><span class='ocrx_word' id='word_1_243' title='bbox 305 1981 528 2036; x_wconf 89' lang='lat' dir='ltr'><strong>ineunte</strong></span> <span class='ocrx_word' id='word_1_244' title='bbox 557 1979 759 2034; x_wconf 76' lang='lat' dir='ltr'><strong>saeculo</strong></span> <span class='ocrx_word' id='word_1_245' title='bbox 783 1976 1024 2033; x_wconf 87' lang='lat' dir='ltr'><strong>Concilio</strong></span> <span class='ocrx_word' id='word_1_246' title='bbox 1053 1976 1386 2031; x_wconf 86' lang='lat' dir='ltr'><strong>Eliberitano</strong></span> <span class='ocrx_word' id='word_1_247' title='bbox 1435 1971 1776 2042; x_wconf 75' lang='lat' dir='ltr'><strong>subscripsit,</strong></span> <span class='ocrx_word' id='word_1_248' title='bbox 1808 1969 1907 2024; x_wconf 80' lang='lat' dir='ltr'><strong>fuit</strong></span> <span class='ocrx_word' id='word_1_249' title='bbox 1961 2025 1964 2028; x_wconf 83' lang='lat'><strong>.</strong></span> 
     </span>
    </p>
   </div>
   <div class='ocr_carea' id='block_1_36' title="bbox 307 2055 1904 2142">
    <p class='ocr_par' dir='ltr' id='par_1_36' title="bbox 307 2055 1904 2142">
     <span class='ocr_line' id='line_1_36' title="bbox 307 2055 1904 2142; baseline -0.005 -16"><span class='ocrx_word' id='word_1_250' title='bbox 307 2072 594 2142; x_wconf 87' lang='lat' dir='ltr'><strong>episcopus</strong></span> <span class='ocrx_word' id='word_1_251' title='bbox 625 2059 992 2140; x_wconf 82' lang='lat' dir='ltr'><strong>Hispalensis,</strong></span> <span class='ocrx_word' id='word_1_252' title='bbox 1019 2069 1109 2137; x_wconf 85' lang='lat' dir='ltr'><strong>qui</strong></span> <span class='ocrx_word' id='word_1_253' title='bbox 1141 2066 1364 2123; x_wconf 90' lang='lat' dir='ltr'><strong>minime</strong></span> <span class='ocrx_word' id='word_1_254' title='bbox 1393 2055 1460 2120; x_wconf 7' lang='lat' dir='ltr'><strong>ini</strong></span> <span class='ocrx_word' id='word_1_255' title='bbox 1479 2065 1562 2118; x_wconf 86' lang='lat' dir='ltr'><strong>his</strong></span> <span class='ocrx_word' id='word_1_256' title='bbox 1589 2063 1904 2134; x_wconf 86' lang='lat' dir='ltr'><strong>dipthychis</strong></span> 
     </span>
    </p>
   </div>
   <div class='ocr_carea' id='block_1_37' title="bbox 305 2152 1900 2233">
    <p class='ocr_par' dir='ltr' id='par_1_37' title="bbox 305 2152 1900 2233">
     <span class='ocr_line' id='line_1_37' title="bbox 305 2152 1900 2233; baseline -0.006 -13"><span class='ocrx_word' id='word_1_257' title='bbox 305 2173 626 2220; x_wconf 85' lang='lat' dir='ltr'><strong>recensetur</strong></span> <span class='ocrx_word' id='word_1_258' title='bbox 651 2180 665 2228; x_wconf 92' lang='lat'><strong>;</strong></span> <span class='ocrx_word' id='word_1_259' title='bbox 692 2177 868 2233; x_wconf 90' lang='lat' dir='ltr'><strong>neque</strong></span> <span class='ocrx_word' id='word_1_260' title='bbox 896 2161 1040 2217; x_wconf 91' lang='lat' dir='ltr'><strong>ullus</strong></span> <span class='ocrx_word' id='word_1_261' title='bbox 1065 2160 1222 2224; x_wconf 88' lang='lat' dir='ltr'><strong>alius,</strong></span> <span class='ocrx_word' id='word_1_262' title='bbox 1256 2152 1365 2229; x_wconf 57' lang='lat' dir='ltr'><strong>&#39;qui</strong></span> <span class='ocrx_word' id='word_1_263' title='bbox 1413 2168 1544 2213; x_wconf 88' lang='lat' dir='ltr'><strong>ante</strong></span> <span class='ocrx_word' id='word_1_264' title='bbox 1593 2155 1900 2212; x_wconf 85' lang='lat' dir='ltr'><strong>Leandrum</strong></span> 
     </span>
    </p>
   </div>
   <div class='ocr_carea' id='block_1_38' title="bbox 309 2248 1902 2329">
    <p class='ocr_par' dir='ltr' id='par_1_38' title="bbox 309 2248 1902 2329">
     <span class='ocr_line' id='line_1_38' title="bbox 309 2248 1902 2329; baseline -0.008 -15"><span class='ocrx_word' id='word_1_265' title='bbox 309 2268 433 2329; x_wconf 82' lang='lat' dir='ltr'><strong>post</strong></span> <span class='ocrx_word' id='word_1_266' title='bbox 448 2257 713 2311; x_wconf 79' lang='lat' dir='ltr'><strong>Sabinum</strong></span> <span class='ocrx_word' id='word_1_267' title='bbox 741 2254 1114 2324; x_wconf 82' lang='lat' dir='ltr'><strong>Hispalensem</strong></span> <span class='ocrx_word' id='word_1_268' title='bbox 1138 2251 1440 2307; x_wconf 87' lang='lat' dir='ltr'><strong>Ecclesiam</strong></span> <span class='ocrx_word' id='word_1_269' title='bbox 1473 2248 1700 2305; x_wconf 87' lang='lat' dir='ltr'><strong>tenuerit</strong></span> <span class='ocrx_word' id='word_1_270' title='bbox 1737 2265 1748 2300; x_wconf 90' lang='lat'><strong>:</strong></span> <span class='ocrx_word' id='word_1_271' title='bbox 1778 2262 1902 2302; x_wconf 87' lang='lat' dir='ltr'><strong>nam</strong></span> 
     </span>
    </p>
   </div>
   <div class='ocr_carea' id='block_1_39' title="bbox 307 2339 1907 2412">
    <p class='ocr_par' dir='ltr' id='par_1_39' title="bbox 307 2339 1907 2412">
     <span class='ocr_line' id='line_1_39' title="bbox 307 2339 1907 2412; baseline -0.008 -7"><span class='ocrx_word' id='word_1_272' title='bbox 307 2361 364 2405; x_wconf 82' lang='lat' dir='ltr'><strong>et</strong></span> <span class='ocrx_word' id='word_1_273' title='bbox 384 2360 509 2406; x_wconf 92' lang='lat' dir='ltr'><strong>ante</strong></span> <span class='ocrx_word' id='word_1_274' title='bbox 535 2349 838 2406; x_wconf 87' lang='lat' dir='ltr'><strong>Leandrum</strong></span> <span class='ocrx_word' id='word_1_275' title='bbox 865 2348 924 2401; x_wconf 84' lang='lat' dir='ltr'><strong>in</strong></span> <span class='ocrx_word' id='word_1_276' title='bbox 953 2344 1287 2410; x_wconf 79' lang='lat' dir='ltr'><strong>Cathedram</strong></span> <span class='ocrx_word' id='word_1_277' title='bbox 1338 2342 1714 2412; x_wconf 79' lang='lat' dir='ltr'><strong>tlispnlensem</strong></span> <span class='ocrx_word' id='word_1_278' title='bbox 1765 2339 1907 2394; x_wconf 80' lang='lat' dir='ltr'><strong>sedit</strong></span> 
     </span>
    </p>
   </div>
   <div class='ocr_carea' id='block_1_40' title="bbox 309 2431 1926 2511">
    <p class='ocr_par' dir='ltr' id='par_1_40' title="bbox 309 2431 1926 2511">
     <span class='ocr_line' id='line_1_40' title="bbox 309 2431 1926 2511; baseline -0.011 -11"><span class='ocrx_word' id='word_1_279' title='bbox 309 2444 618 2510; x_wconf 85' lang='lat' dir='ltr'><strong>Sallustius,</strong></span> <span class='ocrx_word' id='word_1_280' title='bbox 638 2444 748 2511; x_wconf 86' lang='lat' dir='ltr'><strong>&#39;qui</strong></span> <span class='ocrx_word' id='word_1_281' title='bbox 784 2442 930 2496; x_wconf 83' lang='lat' dir='ltr'><strong>circa</strong></span> <span class='ocrx_word' id='word_1_282' title='bbox 954 2454 1151 2494; x_wconf 91' lang='lat' dir='ltr'><strong>annum</strong></span> <span class='ocrx_word' id='word_1_283' title='bbox 1180 2437 1284 2493; x_wconf 84' lang='lat' dir='ltr'><strong>5l9</strong></span> <span class='ocrx_word' id='word_1_284' title='bbox 1305 2435 1664 2510; x_wconf 66' lang='lat' dir='ltr'><strong>cumJoanne</strong></span> <span class='ocrx_word' id='word_1_285' title='bbox 1686 2431 1926 2486; x_wconf 86' lang='lat' dir='ltr'><strong>Illicita-.</strong></span> 
     </span>
    </p>
   </div>
   <div class='ocr_carea' id='block_1_41' title="bbox 309 2524 1904 2608">
    <p class='ocr_par' dir='ltr' id='par_1_41' title="bbox 309 2524 1904 2608">
     <span class='ocr_line' id='line_1_41' title="bbox 309 2524 1904 2608; baseline -0.011 -15"><span class='ocrx_word' id='word_1_286' title='bbox 309 2553 381 2593; x_wconf 89' lang='lat' dir='ltr'><strong>no</strong></span> <span class='ocrx_word' id='word_1_287' title='bbox 404 2538 471 2591; x_wconf 89' lang='lat' dir='ltr'><strong>ab</strong></span> <span class='ocrx_word' id='word_1_288' title='bbox 492 2534 776 2590; x_wconf 84' lang='lat' dir='ltr'><strong>lIormisda</strong></span> <span class='ocrx_word' id='word_1_289' title='bbox 810 2533 1034 2590; x_wconf 88' lang='lat' dir='ltr'><strong>Summo</strong></span> <span class='ocrx_word' id='word_1_290' title='bbox 1069 2528 1325 2608; x_wconf 81' lang='lat' dir='ltr'><strong>Pontiﬁce</strong></span> <span class='ocrx_word' id='word_1_291' title='bbox 1357 2527 1606 2595; x_wconf 66' lang='lat' dir='ltr'><strong>Vicarius</strong></span> <span class='ocrx_word' id='word_1_292' title='bbox 1630 2524 1904 2593; x_wconf 81' lang='lat' dir='ltr'><strong>Aposmli-</strong></span> 
     </span>
    </p>
   </div>
   <div class='ocr_carea' id='block_1_42' title="bbox 305 2618 1906 2693">
    <p class='ocr_par' dir='ltr' id='par_1_42' title="bbox 305 2618 1906 2693">
     <span class='ocr_line' id='line_1_42' title="bbox 305 2618 1906 2693; baseline -0.011 -4"><span class='ocrx_word' id='word_1_293' title='bbox 305 2649 403 2689; x_wconf 88' lang='lat' dir='ltr'><strong>cus</strong></span> <span class='ocrx_word' id='word_1_294' title='bbox 447 2633 546 2688; x_wconf 79' lang='lat' dir='ltr'><strong>fuit</strong></span> <span class='ocrx_word' id='word_1_295' title='bbox 590 2631 936 2688; x_wconf 88' lang='lat' dir='ltr'><strong>constitutus.</strong></span> <span class='ocrx_word' id='word_1_296' title='bbox 988 2623 1179 2681; x_wconf 80' lang='lat' dir='ltr'><strong>Nullus</strong></span> <span class='ocrx_word' id='word_1_297' title='bbox 1225 2625 1406 2693; x_wconf 84' lang='lat' dir='ltr'><strong>itaque</strong></span> <span class='ocrx_word' id='word_1_298' title='bbox 1458 2621 1548 2678; x_wconf 85' lang='lat' dir='ltr'><strong>hic</strong></span> <span class='ocrx_word' id='word_1_299' title='bbox 1606 2618 1906 2674; x_wconf 89' lang='lat' dir='ltr'><strong>attenditur</strong></span> 
     </span>
    </p>
   </div>
   <div class='ocr_carea' id='block_1_43' title="bbox 308 2712 1945 2798">
    <p class='ocr_par' dir='ltr' id='par_1_43' title="bbox 308 2712 1945 2798">
     <span class='ocr_line' id='line_1_43' title="bbox 308 2712 1945 2798; baseline -0.013 -15"><span class='ocrx_word' id='word_1_300' title='bbox 308 2729 684 2798; x_wconf 90' lang='lat' dir='ltr'><strong>episcoporum</strong></span> <span class='ocrx_word' id='word_1_301' title='bbox 732 2723 886 2781; x_wconf 82' lang='lat' dir='ltr'><strong>ordo.</strong></span> <span class='ocrx_word' id='word_1_302' title='bbox 939 2722 1094 2776; x_wconf 86' lang='lat' dir='ltr'><strong>Post.</strong></span> <span class='ocrx_word' id='word_1_303' title='bbox 1125 2717 1390 2774; x_wconf 90' lang='lat' dir='ltr'><strong>Isidorum</strong></span> <span class='ocrx_word' id='word_1_304' title='bbox 1446 2715 1662 2785; x_wconf 88' lang='lat' dir='ltr'><strong>ponitur</strong></span> <span class='ocrx_word' id='word_1_305' title='bbox 1713 2712 1902 2798; x_wconf 79' lang='lat' dir='ltr'><strong>David.</strong></span> <span class='ocrx_word' id='word_1_306' title='bbox 1942 2731 1945 2733; x_wconf 94' lang='grc'><strong>·</strong></span> 
     </span>
    </p>
   </div>
   <div class='ocr_carea' id='block_1_44' title="bbox 307 2797 1905 2888">
    <p class='ocr_par' dir='ltr' id='par_1_44' title="bbox 307 2797 1905 2888">
     <span class='ocr_line' id='line_1_44' title="bbox 307 2797 1905 2888; baseline -0.011 -12"><span class='ocrx_word' id='word_1_307' title='bbox 307 2797 415 2876; x_wconf 81' lang='lat' dir='ltr'><strong>Iste</strong></span> <span class='ocrx_word' id='word_1_308' title='bbox 437 2818 669 2874; x_wconf 89' lang='lat' dir='ltr'><strong>concilio</strong></span> <span class='ocrx_word' id='word_1_309' title='bbox 697 2816 959 2888; x_wconf 80' lang='lat' dir='ltr'><strong>Toletano</strong></span> <span class='ocrx_word' id='word_1_310' title='bbox 987 2823 1180 2884; x_wconf 90' lang='lat' dir='ltr'><strong>quarto</strong></span> <span class='ocrx_word' id='word_1_311' title='bbox 1209 2809 1526 2877; x_wconf 80' lang='lat' dir='ltr'><strong>subscripsit</strong></span> <span class='ocrx_word' id='word_1_312' title='bbox 1550 2823 1644 2878; x_wconf 90' lang='lat' dir='ltr'><strong>per</strong></span> <span class='ocrx_word' id='word_1_313' title='bbox 1668 2797 1905 2875; x_wconf 83' lang='lat' dir='ltr'><strong>Marcum</strong></span> 
     </span>
    </p>
   </div>
   <div class='ocr_carea' id='block_1_45' title="bbox 307 2897 1906 2982">
    <p class='ocr_par' dir='ltr' id='par_1_45' title="bbox 307 2897 1906 2982">
     <span class='ocr_line' id='line_1_45' title="bbox 307 2897 1906 2982; baseline -0.009 -15"><span class='ocrx_word' id='word_1_314' title='bbox 307 2911 689 2982; x_wconf 81' lang='lat' dir='ltr'><strong>Presbyterum</strong></span> <span class='ocrx_word' id='word_1_315' title='bbox 712 2908 986 2963; x_wconf 89' lang='lat' dir='ltr'><strong>Vicarium</strong></span> <span class='ocrx_word' id='word_1_316' title='bbox 1009 2904 1304 2980; x_wconf 21' lang='lat' dir='ltr'><strong>suum,,cui</strong></span> <span class='ocrx_word' id='word_1_317' title='bbox 1326 2901 1557 2956; x_wconf 89' lang='lat' dir='ltr'><strong>concilio</strong></span> <span class='ocrx_word' id='word_1_318' title='bbox 1580 2899 1638 2955; x_wconf 92' lang='lat' dir='ltr'><strong>S.</strong></span> <span class='ocrx_word' id='word_1_319' title='bbox 1664 2897 1906 2953; x_wconf 91' lang='lat' dir='ltr'><strong>Isidorus</strong></span> 
     </span>
    </p>
   </div>
   <div class='ocr_carea' id='block_1_46' title="bbox 307 2985 1906 3076">
    <p class='ocr_par' dir='ltr' id='par_1_46' title="bbox 307 2985 1906 3076">
     <span class='ocr_line' id='line_1_46' title="bbox 307 2985 1906 3076; baseline -0.009 -16"><span class='ocrx_word' id='word_1_320' title='bbox 307 3004 584 3076; x_wconf 68' lang='lat' dir='ltr'><strong>praesedit,</strong></span> <span class='ocrx_word' id='word_1_321' title='bbox 613 3004 710 3057; x_wconf 86' lang='lat' dir='ltr'><strong>tuit</strong></span> <span class='ocrx_word' id='word_1_322' title='bbox 735 3012 915 3057; x_wconf 91' lang='lat' dir='ltr'><strong>autem</strong></span> <span class='ocrx_word' id='word_1_323' title='bbox 937 2999 1223 3075; x_wconf 81' lang='lat' dir='ltr'><strong>Auriensis</strong></span> <span class='ocrx_word' id='word_1_324' title='bbox 1250 2985 1560 3066; x_wconf 83' lang='lat' dir='ltr'><strong>episcopus.</strong></span> <span class='ocrx_word' id='word_1_325' title='bbox 1605 2991 1906 3061; x_wconf 66' lang='lat' dir='ltr'><strong>Neque&#39;hic</strong></span> 
     </span>
    </p>
   </div>
   <div class='ocr_carea' id='block_1_47' title="bbox 309 3085 1902 3167">
    <p class='ocr_par' dir='ltr' id='par_1_47' title="bbox 309 3085 1902 3167">
     <span class='ocr_line' id='line_1_47' title="bbox 309 3085 1902 3167; baseline -0.009 -16"><span class='ocrx_word' id='word_1_326' title='bbox 309 3097 470 3167; x_wconf 80' lang='lat' dir='ltr'><strong>igitur</strong></span> <span class='ocrx_word' id='word_1_327' title='bbox 498 3095 667 3151; x_wconf 85' lang='lat' dir='ltr'><strong>series</strong></span> <span class='ocrx_word' id='word_1_328' title='bbox 720 3091 1120 3163; x_wconf 84' lang='lat' dir='ltr'><strong>llispalensium</strong></span> <span class='ocrx_word' id='word_1_329' title='bbox 1164 3090 1541 3158; x_wconf 89' lang='lat' dir='ltr'><strong>episcoporum</strong></span> <span class='ocrx_word' id='word_1_330' title='bbox 1595 3085 1902 3155; x_wconf 87' lang='lat' dir='ltr'><strong>respicitur,</strong></span> 
     </span>
    </p>
   </div>
   <div class='ocr_carea' id='block_1_48' title="bbox 2015 1879 3608 1952">
    <p class='ocr_par' dir='ltr' id='par_1_48' title="bbox 2015 1879 3608 1952">
     <span class='ocr_line' id='line_1_48' title="bbox 2015 1879 3608 1952; baseline 0.005 -20"><span class='ocrx_word' id='word_1_331' title='bbox 2015 1889 2124 1933; x_wconf 91' lang='lat' dir='ltr'><strong>tum</strong></span> <span class='ocrx_word' id='word_1_332' title='bbox 2153 1879 2498 1944; x_wconf 82' lang='lat' dir='ltr'><strong>Pontiliceui,</strong></span> <span class='ocrx_word' id='word_1_333' title='bbox 2545 1892 2598 1936; x_wconf 91' lang='lat' dir='ltr'><strong>et</strong></span> <span class='ocrx_word' id='word_1_334' title='bbox 2643 1883 2931 1952; x_wconf 89' lang='lat' dir='ltr'><strong>Martyrem</strong></span> <span class='ocrx_word' id='word_1_335' title='bbox 2962 1925 2976 1949; x_wconf 91' lang='lat'><strong>,</strong></span> <span class='ocrx_word' id='word_1_336' title='bbox 3032 1893 3087 1939; x_wconf 89' lang='lat' dir='ltr'><strong>et</strong></span> <span class='ocrx_word' id='word_1_337' title='bbox 3136 1885 3193 1939; x_wconf 89' lang='lat' dir='ltr'><strong>S.</strong></span> <span class='ocrx_word' id='word_1_338' title='bbox 3250 1884 3608 1940; x_wconf 88' lang='lat' dir='ltr'><strong>Laurentium</strong></span> 
     </span>
    </p>
   </div>
   <div class='ocr_carea' id='block_1_49' title="bbox 2012 1961 3612 2046">
    <p class='ocr_par' dir='ltr' id='par_1_49' title="bbox 2012 1961 3612 2046">
     <span class='ocr_line' id='line_1_49' title="bbox 2012 1961 3612 2046; baseline 0.004 -22"><span class='ocrx_word' id='word_1_339' title='bbox 2012 1961 2299 2042; x_wconf 85' lang='lat' dir='ltr'><strong>Martyrem</strong></span> <span class='ocrx_word' id='word_1_340' title='bbox 2325 1972 2617 2040; x_wconf 80' lang='lat' dir='ltr'><strong>nominari,</strong></span> <span class='ocrx_word' id='word_1_341' title='bbox 2650 1973 2990 2046; x_wconf 82' lang='lat' dir='ltr'><strong>quiGallieni</strong></span> <span class='ocrx_word' id='word_1_342' title='bbox 3035 1978 3276 2045; x_wconf 80' lang='lat' dir='ltr'><strong>tempore</strong></span> <span class='ocrx_word' id='word_1_343' title='bbox 3318 1978 3460 2031; x_wconf 88' lang='lat' dir='ltr'><strong>circa</strong></span> <span class='ocrx_word' id='word_1_344' title='bbox 3507 1976 3612 2037; x_wconf 46' lang='lat' dir='ltr'><strong>an;-</strong></span> 
     </span>
    </p>
   </div>
   <div class='ocr_carea' id='block_1_50' title="bbox 2008 2065 3610 2146">
    <p class='ocr_par' dir='ltr' id='par_1_50' title="bbox 2008 2065 3610 2146">
     <span class='ocr_line' id='line_1_50' title="bbox 2008 2065 3610 2146; baseline 0.003 -27"><span class='ocrx_word' id='word_1_345' title='bbox 2008 2081 2135 2119; x_wconf 89' lang='lat' dir='ltr'><strong>num</strong></span> <span class='ocrx_word' id='word_1_346' title='bbox 2162 2065 2270 2122; x_wconf 76' lang='lat'><strong>260</strong></span> <span class='ocrx_word' id='word_1_347' title='bbox 2305 2082 2401 2135; x_wconf 91' lang='lat' dir='ltr'><strong>pro</strong></span> <span class='ocrx_word' id='word_1_348' title='bbox 2450 2065 2583 2121; x_wconf 83' lang='lat' dir='ltr'><strong>Fide</strong></span> <span class='ocrx_word' id='word_1_349' title='bbox 2630 2075 2864 2123; x_wconf 91' lang='lat' dir='ltr'><strong>mortem</strong></span> <span class='ocrx_word' id='word_1_350' title='bbox 2896 2069 3205 2146; x_wconf 19' lang='lat' dir='ltr'><strong>loppetiere.</strong></span> <span class='ocrx_word' id='word_1_351' title='bbox 3263 2069 3610 2142; x_wconf 78' lang='lat' dir='ltr'><strong>Vincentius,</strong></span> 
     </span>
    </p>
   </div>
   <div class='ocr_carea' id='block_1_51' title="bbox 2007 2159 3610 2230">
    <p class='ocr_par' dir='ltr' id='par_1_51' title="bbox 2007 2159 3610 2230">
     <span class='ocr_line' id='line_1_51' title="bbox 2007 2159 3610 2230; baseline 0.004 -19"><span class='ocrx_word' id='word_1_352' title='bbox 2007 2159 2225 2227; x_wconf 7' lang='lat' dir='ltr'><strong>quiqsub</strong></span> <span class='ocrx_word' id='word_1_353' title='bbox 2252 2159 2608 2224; x_wconf 88' lang='lat' dir='ltr'><strong>Diocletiano,</strong></span> <span class='ocrx_word' id='word_1_354' title='bbox 2635 2159 2918 2228; x_wconf 80' lang='lat' dir='ltr'><strong>Cornelio,</strong></span> <span class='ocrx_word' id='word_1_355' title='bbox 2970 2160 3125 2217; x_wconf 88' lang='lat' dir='ltr'><strong>Gallo</strong></span> <span class='ocrx_word' id='word_1_356' title='bbox 3173 2163 3496 2230; x_wconf 86' lang='lat' dir='ltr'><strong>imperante,</strong></span> <span class='ocrx_word' id='word_1_357' title='bbox 3551 2173 3610 2218; x_wconf 89' lang='lat' dir='ltr'><strong>et</strong></span> 
     </span>
    </p>
   </div>
   <div class='ocr_carea' id='block_1_52' title="bbox 2005 2247 3604 2337">
    <p class='ocr_par' dir='ltr' id='par_1_52' title="bbox 2005 2247 3604 2337">
     <span class='ocr_line' id='line_1_52' title="bbox 2005 2247 3604 2337; baseline 0.004 -33"><span class='ocrx_word' id='word_1_358' title='bbox 2005 2247 2300 2320; x_wconf 85' lang='lat' dir='ltr'><strong>Cypriano,</strong></span> <span class='ocrx_word' id='word_1_359' title='bbox 2329 2249 2558 2313; x_wconf 84' lang='lat' dir='ltr'><strong>Gallieni</strong></span> <span class='ocrx_word' id='word_1_360' title='bbox 2591 2266 2706 2306; x_wconf 63' lang='lat' dir='ltr'><strong>arvo</strong></span> <span class='ocrx_word' id='word_1_361' title='bbox 2743 2254 3002 2324; x_wconf 87' lang='lat' dir='ltr'><strong>martyrio</strong></span> <span class='ocrx_word' id='word_1_362' title='bbox 3046 2255 3322 2337; x_wconf 74' lang='lat' dir='ltr'><strong>coronatis</strong></span> <span class='ocrx_word' id='word_1_363' title='bbox 3354 2265 3604 2325; x_wconf 71' lang='lat' dir='ltr'><strong>antepo-</strong></span> 
     </span>
    </p>
   </div>
   <div class='ocr_carea' id='block_1_53' title="bbox 2010 2338 3610 2425">
    <p class='ocr_par' dir='ltr' id='par_1_53' title="bbox 2010 2338 3610 2425">
     <span class='ocr_line' id='line_1_53' title="bbox 2010 2338 3610 2425; baseline 0.007 -31"><span class='ocrx_word' id='word_1_364' title='bbox 2010 2342 2175 2396; x_wconf 87' lang='lat' dir='ltr'><strong>nitur.</strong></span> <span class='ocrx_word' id='word_1_365' title='bbox 2201 2338 2592 2425; x_wconf 29' lang='lat' dir='ltr'><strong>Clemens,‘qui</strong></span> <span class='ocrx_word' id='word_1_366' title='bbox 2622 2346 2722 2400; x_wconf 90' lang='lat' dir='ltr'><strong>sub</strong></span> <span class='ocrx_word' id='word_1_367' title='bbox 2757 2346 2990 2416; x_wconf 87' lang='lat' dir='ltr'><strong>Traiano</strong></span> <span class='ocrx_word' id='word_1_368' title='bbox 3026 2349 3206 2419; x_wconf 87' lang='lat' dir='ltr'><strong>initio-</strong></span> <span class='ocrx_word' id='word_1_369' title='bbox 3234 2348 3455 2404; x_wconf 88' lang='lat' dir='ltr'><strong>secundi</strong></span> <span class='ocrx_word' id='word_1_370' title='bbox 3497 2365 3610 2405; x_wconf 77' lang='lat' dir='ltr'><strong>sa:-</strong></span> 
     </span>
    </p>
   </div>
   <div class='ocr_carea' id='block_1_54' title="bbox 2007 2429 3610 2510">
    <p class='ocr_par' dir='ltr' id='par_1_54' title="bbox 2007 2429 3610 2510">
     <span class='ocr_line' id='line_1_54' title="bbox 2007 2429 3610 2510; baseline 0.006 -21"><span class='ocrx_word' id='word_1_371' title='bbox 2007 2433 2138 2500; x_wconf 84' lang='lat' dir='ltr'><strong>culi,</strong></span> <span class='ocrx_word' id='word_1_372' title='bbox 2170 2433 2424 2492; x_wconf 83' lang='lat' dir='ltr'><strong>Coruelio</strong></span> <span class='ocrx_word' id='word_1_373' title='bbox 2473 2429 2529 2492; x_wconf 84' lang='lat' dir='ltr'><strong>et</strong></span> <span class='ocrx_word' id='word_1_374' title='bbox 2571 2429 2846 2508; x_wconf 80' lang='lat' dir='ltr'><strong>Cypriano</strong></span> <span class='ocrx_word' id='word_1_375' title='bbox 2875 2441 3236 2510; x_wconf 88' lang='lat' dir='ltr'><strong>postponitur.</strong></span> <span class='ocrx_word' id='word_1_376' title='bbox 3267 2440 3509 2498; x_wconf 86' lang='lat' dir='ltr'><strong>Joannes</strong></span> <span class='ocrx_word' id='word_1_377' title='bbox 3551 2451 3610 2498; x_wconf 90' lang='lat' dir='ltr'><strong>et</strong></span> 
     </span>
    </p>
   </div>
   <div class='ocr_carea' id='block_1_55' title="bbox 2012 2527 3608 2606">
    <p class='ocr_par' dir='ltr' id='par_1_55' title="bbox 2012 2527 3608 2606">
     <span class='ocr_line' id='line_1_55' title="bbox 2012 2527 3608 2606; baseline 0.004 -23"><span class='ocrx_word' id='word_1_378' title='bbox 2012 2527 2237 2596; x_wconf 85' lang='lat' dir='ltr'><strong>Paulus,</strong></span> <span class='ocrx_word' id='word_1_379' title='bbox 2256 2528 2778 2600; x_wconf 82' lang='lat' dir='ltr'><strong>imperanteJuliano</strong></span> <span class='ocrx_word' id='word_1_380' title='bbox 2801 2532 3086 2603; x_wconf 86' lang='lat' dir='ltr'><strong>Apostata,</strong></span> <span class='ocrx_word' id='word_1_381' title='bbox 3109 2534 3367 2606; x_wconf 83' lang='lat' dir='ltr'><strong>Martyrio</strong></span> <span class='ocrx_word' id='word_1_382' title='bbox 3385 2536 3608 2604; x_wconf 74' lang='lat' dir='ltr'><strong>‘aﬂ&#39;ecti,</strong></span> 
     </span>
    </p>
   </div>
   <div class='ocr_carea' id='block_1_56' title="bbox 2007 2619 3610 2703">
    <p class='ocr_par' dir='ltr' id='par_1_56' title="bbox 2007 2619 3610 2703">
     <span class='ocr_line' id='line_1_56' title="bbox 2007 2619 3610 2703; baseline 0.006 -28"><span class='ocrx_word' id='word_1_383' title='bbox 2007 2619 2221 2676; x_wconf 76' lang='lat' dir='ltr'><strong>Cosmae</strong></span> <span class='ocrx_word' id='word_1_384' title='bbox 2281 2631 2337 2677; x_wconf 86' lang='lat' dir='ltr'><strong>et</strong></span> <span class='ocrx_word' id='word_1_385' title='bbox 2400 2624 2661 2680; x_wconf 86' lang='lat' dir='ltr'><strong>Damiano</strong></span> <span class='ocrx_word' id='word_1_386' title='bbox 2729 2627 2830 2680; x_wconf 90' lang='lat' dir='ltr'><strong>sub</strong></span> <span class='ocrx_word' id='word_1_387' title='bbox 2882 2625 3219 2683; x_wconf 87' lang='lat' dir='ltr'><strong>Diocletiano</strong></span> <span class='ocrx_word' id='word_1_388' title='bbox 3258 2629 3610 2703; x_wconf 68' lang='lat' dir='ltr'><strong>imperatore</strong></span> 
     </span>
    </p>
   </div>
   <div class='ocr_carea' id='block_1_57' title="bbox 2000 2711 3609 2795">
    <p class='ocr_par' dir='ltr' id='par_1_57' title="bbox 2000 2711 3609 2795">
     <span class='ocr_line' id='line_1_57' title="bbox 2000 2711 3609 2795; baseline 0.006 -28"><span class='ocrx_word' id='word_1_389' title='bbox 2000 2715 2339 2795; x_wconf 81' lang='lat' dir='ltr'><strong>martyribus</strong></span> <span class='ocrx_word' id='word_1_390' title='bbox 2365 2711 2764 2773; x_wconf 80' lang='lat' dir='ltr'><strong>anteferuutur.</strong></span> <span class='ocrx_word' id='word_1_391' title='bbox 2800 2717 3040 2774; x_wconf 77' lang='lat' dir='ltr'><strong>Tandem</strong></span> <span class='ocrx_word' id='word_1_392' title='bbox 3071 2736 3137 2774; x_wconf 90' lang='lat' dir='ltr'><strong>ne</strong></span> <span class='ocrx_word' id='word_1_393' title='bbox 3182 2720 3384 2775; x_wconf 90' lang='lat' dir='ltr'><strong>diutius</strong></span> <span class='ocrx_word' id='word_1_394' title='bbox 3413 2721 3467 2775; x_wconf 94' lang='lat' dir='ltr'><strong>in</strong></span> <span class='ocrx_word' id='word_1_395' title='bbox 3495 2722 3609 2778; x_wconf 83' lang='lat' dir='ltr'><strong>hac</strong></span> 
     </span>
    </p>
   </div>
   <div class='ocr_carea' id='block_1_58' title="bbox 2011 2807 3608 2883">
    <p class='ocr_par' dir='ltr' id='par_1_58' title="bbox 2011 2807 3608 2883">
     <span class='ocr_line' id='line_1_58' title="bbox 2011 2807 3608 2883; baseline 0.006 -23"><span class='ocrx_word' id='word_1_396' title='bbox 2011 2821 2092 2870; x_wconf 88' lang='lat' dir='ltr'><strong>re,</strong></span> <span class='ocrx_word' id='word_1_397' title='bbox 2117 2807 2326 2883; x_wconf 66' lang='lat' dir='ltr'><strong>(praede</strong></span> <span class='ocrx_word' id='word_1_398' title='bbox 2349 2824 2408 2864; x_wconf 90' lang='lat' dir='ltr'><strong>se</strong></span> <span class='ocrx_word' id='word_1_399' title='bbox 2441 2817 2608 2879; x_wconf 86' lang='lat' dir='ltr'><strong>patet,</strong></span> <span class='ocrx_word' id='word_1_400' title='bbox 2633 2810 2968 2865; x_wconf 88' lang='lat' dir='ltr'><strong>ostendenda</strong></span> <span class='ocrx_word' id='word_1_401' title='bbox 3000 2811 3282 2868; x_wconf 89' lang='lat' dir='ltr'><strong>Lectorem</strong></span> <span class='ocrx_word' id='word_1_402' title='bbox 3305 2813 3608 2880; x_wconf 84' lang='lat' dir='ltr'><strong>detineam,</strong></span> 
     </span>
    </p>
   </div>
   <div class='ocr_carea' id='block_1_59' title="bbox 2009 2897 3610 2968">
    <p class='ocr_par' dir='ltr' id='par_1_59' title="bbox 2009 2897 3610 2968">
     <span class='ocr_line' id='line_1_59' title="bbox 2009 2897 3610 2968; baseline 0.006 -17"><span class='ocrx_word' id='word_1_403' title='bbox 2009 2909 2131 2968; x_wconf 92' lang='lat' dir='ltr'><strong>post</strong></span> <span class='ocrx_word' id='word_1_404' title='bbox 2157 2897 2635 2958; x_wconf 85' lang='lat' dir='ltr'><strong>Consecrationem</strong></span> <span class='ocrx_word' id='word_1_405' title='bbox 2661 2903 2712 2956; x_wconf 92' lang='lat' dir='ltr'><strong>in</strong></span> <span class='ocrx_word' id='word_1_406' title='bbox 2736 2904 2927 2958; x_wconf 90' lang='lat' dir='ltr'><strong>eodem</strong></span> <span class='ocrx_word' id='word_1_407' title='bbox 2949 2903 3204 2961; x_wconf 82' lang='lat' dir='ltr'><strong>Ecclesiae</strong></span> <span class='ocrx_word' id='word_1_408' title='bbox 3224 2903 3610 2963; x_wconf 69' lang='lat' dir='ltr'><strong>Ambrosiam:</strong></span> 
     </span>
    </p>
   </div>
   <div class='ocr_carea' id='block_1_60' title="bbox 2010 2988 3610 3075">
    <p class='ocr_par' dir='ltr' id='par_1_60' title="bbox 2010 2988 3610 3075">
     <span class='ocr_line' id='line_1_60' title="bbox 2010 2988 3610 3075; baseline 0.004 -29"><span class='ocrx_word' id='word_1_409' title='bbox 2010 2988 2210 3070; x_wconf 32' lang='lat' dir='ltr'><strong>Mis‘sali</strong></span> <span class='ocrx_word' id='word_1_410' title='bbox 2243 2993 2439 3075; x_wconf 80' lang='lat' dir='ltr'><strong>Thecla</strong></span> <span class='ocrx_word' id='word_1_411' title='bbox 2474 2993 2532 3049; x_wconf 82' lang='grc' dir='ltr'>ο.</span> <span class='ocrx_word' id='word_1_412' title='bbox 2560 2993 2719 3075; x_wconf 81' lang='lat' dir='ltr'><strong>Pauli</strong></span> <span class='ocrx_word' id='word_1_413' title='bbox 2748 2994 3008 3067; x_wconf 85' lang='lat' dir='ltr'><strong>discipula</strong></span> <span class='ocrx_word' id='word_1_414' title='bbox 3033 3006 3155 3065; x_wconf 91' lang='lat' dir='ltr'><strong>post</strong></span> <span class='ocrx_word' id='word_1_415' title='bbox 3191 2998 3325 3052; x_wconf 86' lang='lat' dir='ltr'><strong>alias</strong></span> <span class='ocrx_word' id='word_1_416' title='bbox 3363 2997 3422 3052; x_wconf 89' lang='lat' dir='ltr'><strong>S.</strong></span> <span class='ocrx_word' id='word_1_417' title='bbox 3459 3013 3610 3074; x_wconf 82' lang='lat' dir='ltr'><strong>mar-</strong></span> 
     </span>
    </p>
   </div>
   <div class='ocr_carea' id='block_1_61' title="bbox 2012 3071 3608 3166">
    <p class='ocr_par' dir='ltr' id='par_1_61' title="bbox 2012 3071 3608 3166">
     <span class='ocr_line' id='line_1_61' title="bbox 2012 3071 3608 3166; baseline 0.006 -30"><span class='ocrx_word' id='word_1_418' title='bbox 2012 3093 2158 3154; x_wconf 78' lang='lat' dir='ltr'><strong>tyres</strong></span> <span class='ocrx_word' id='word_1_419' title='bbox 2189 3071 2518 3153; x_wconf 79' lang='lat' dir='ltr'><strong>nominatur,</strong></span> <span class='ocrx_word' id='word_1_420' title='bbox 2545 3072 2664 3156; x_wconf 75' lang='lat' dir='ltr'><strong>qua:</strong></span> <span class='ocrx_word' id='word_1_421' title='bbox 2690 3087 2952 3155; x_wconf 89' lang='lat' dir='ltr'><strong>secundo,</strong></span> <span class='ocrx_word' id='word_1_422' title='bbox 2988 3089 3150 3166; x_wconf 88' lang='lat' dir='ltr'><strong>tertio</strong></span> <span class='ocrx_word' id='word_1_423' title='bbox 3193 3105 3258 3144; x_wconf 84' lang='lat' dir='ltr'><strong>ac</strong></span> <span class='ocrx_word' id='word_1_424' title='bbox 3283 3099 3480 3160; x_wconf 86' lang='lat' dir='ltr'><strong>quarto</strong></span> <span class='ocrx_word' id='word_1_425' title='bbox 3493 3071 3608 3146; x_wconf 44' lang='lat' dir='ltr'><strong>sub.</strong></span> 
     </span>
    </p>
   </div>
   <div class='ocr_carea' id='block_1_62' title="bbox 311 3166 2736 3259">
    <p class='ocr_par' dir='ltr' id='par_1_62' title="bbox 311 3166 2736 3259">
     <span class='ocr_line' id='line_1_62' title="bbox 311 3166 2736 3259; baseline -0.006 -16"><span class='ocrx_word' id='word_1_426' title='bbox 311 3166 608 3259; x_wconf 85' lang='lat' dir='ltr'><strong>quinimmo</strong></span> <span class='ocrx_word' id='word_1_427' title='bbox 634 3185 1062 3254; x_wconf 91' lang='lat' dir='ltr'><strong>interrumpitur.</strong></span> <span class='ocrx_word' id='word_1_428' title='bbox 1106 3171 1242 3236; x_wconf 78' lang='lat' dir='ltr'><strong>Cum</strong></span> <span class='ocrx_word' id='word_1_429' title='bbox 1290 3189 1412 3250; x_wconf 90' lang='lat' dir='ltr'><strong>post</strong></span> <span class='ocrx_word' id='word_1_430' title='bbox 1467 3177 1633 3232; x_wconf 75' lang='lat' dir='ltr'><strong>David</strong></span> <span class='ocrx_word' id='word_1_431' title='bbox 1677 3176 1982 3244; x_wconf 71' lang='lat' dir='ltr'><strong>Aurien-fC</strong></span> <span class='ocrx_word' id='word_1_432' title='bbox 2011 3179 2133 3233; x_wconf 90' lang='lat' dir='ltr'><strong>culo</strong></span> <span class='ocrx_word' id='word_1_433' title='bbox 2154 3166 2421 3250; x_wconf 78' lang='lat' dir='ltr'><strong>martyres</strong></span> <span class='ocrx_word' id='word_1_434' title='bbox 2448 3179 2652 3235; x_wconf 89' lang='lat' dir='ltr'><strong>obiere.</strong></span> <span class='ocrx_word' id='word_1_435' title='bbox 2733 3224 2736 3228; x_wconf 87' lang='lat'><strong>.</strong></span> 
     </span>
    </p>
   </div>
   <div class='ocr_carea' id='block_1_63' title="bbox 262 3266 1905 3350">
    <p class='ocr_par' dir='ltr' id='par_1_63' title="bbox 262 3266 1905 3350">
     <span class='ocr_line' id='line_1_63' title="bbox 262 3266 1905 3350; baseline -0.01 -13"><span class='ocrx_word' id='word_1_436' title='bbox 262 3266 263 3269; x_wconf 9' lang='grc' dir='ltr'><strong>η</strong></span> <span class='ocrx_word' id='word_1_437' title='bbox 311 3296 426 3336; x_wconf 90' lang='lat' dir='ltr'><strong>sem</strong></span> <span class='ocrx_word' id='word_1_438' title='bbox 448 3279 762 3350; x_wconf 89' lang='lat' dir='ltr'><strong>episc0pum</strong></span> <span class='ocrx_word' id='word_1_439' title='bbox 786 3276 1032 3331; x_wconf 81' lang='lat' dir='ltr'><strong>Julianus</strong></span> <span class='ocrx_word' id='word_1_440' title='bbox 1055 3273 1392 3344; x_wconf 84' lang='lat' dir='ltr'><strong>Hispalensis</strong></span> <span class='ocrx_word' id='word_1_441' title='bbox 1413 3269 1726 3324; x_wconf 86' lang='lat' dir='ltr'><strong>nominetur</strong></span> <span class='ocrx_word' id='word_1_442' title='bbox 1753 3309 1768 3350; x_wconf 91' lang='lat'><strong><em>,</em></strong></span> <span class='ocrx_word' id='word_1_443' title='bbox 1814 3267 1905 3337; x_wconf 91' lang='lat' dir='ltr'><strong>qui</strong></span> 
     </span>
    </p>
   </div>
   <div class='ocr_carea' id='block_1_64' title="bbox 312 3362 1904 3438">
    <p class='ocr_par' dir='ltr' id='par_1_64' title="bbox 312 3362 1904 3438">
     <span class='ocr_line' id='line_1_64' title="bbox 312 3362 1904 3438; baseline -0.01 -8"><span class='ocrx_word' id='word_1_444' title='bbox 312 3376 455 3430; x_wconf 88' lang='lat' dir='ltr'><strong>circa</strong></span> <span class='ocrx_word' id='word_1_445' title='bbox 481 3388 680 3428; x_wconf 86' lang='lat' dir='ltr'><strong>annum</strong></span> <span class='ocrx_word' id='word_1_446' title='bbox 723 3370 821 3426; x_wconf 78' lang='grc'><strong>681</strong></span> <span class='ocrx_word' id='word_1_447' title='bbox 884 3369 1261 3438; x_wconf 86' lang='lat' dir='ltr'><strong>Hispalensem</strong></span> <span class='ocrx_word' id='word_1_448' title='bbox 1316 3364 1539 3435; x_wconf 84' lang='lat' dir='ltr'><strong>regebat</strong></span> <span class='ocrx_word' id='word_1_449' title='bbox 1584 3362 1904 3428; x_wconf 87' lang='lat' dir='ltr'><strong>Ecclesiam,</strong></span> 
     </span>
    </p>
   </div>
   <div class='ocr_carea' id='block_1_65' title="bbox 311 3451 1908 3531">
    <p class='ocr_par' dir='ltr' id='par_1_65' title="bbox 311 3451 1908 3531">
     <span class='ocr_line' id='line_1_65' title="bbox 311 3451 1908 3531; baseline -0.01 -10"><span class='ocrx_word' id='word_1_450' title='bbox 311 3465 529 3527; x_wconf 72' lang='lat' dir='ltr'><strong>omissis</strong></span> <span class='ocrx_word' id='word_1_451' title='bbox 569 3463 715 3528; x_wconf 90' lang='lat' dir='ltr'><strong>aliis,</strong></span> <span class='ocrx_word' id='word_1_452' title='bbox 748 3462 843 3531; x_wconf 90' lang='lat' dir='ltr'><strong>qui</strong></span> <span class='ocrx_word' id='word_1_453' title='bbox 874 3460 1138 3516; x_wconf 82' lang='lat' dir='ltr'><strong>[siderum</strong></span> <span class='ocrx_word' id='word_1_454' title='bbox 1169 3451 1324 3513; x_wconf 81' lang='lat' dir='ltr'><strong>inter</strong></span> <span class='ocrx_word' id='word_1_455' title='bbox 1343 3465 1397 3511; x_wconf 94' lang='lat' dir='ltr'><strong>et</strong></span> <span class='ocrx_word' id='word_1_456' title='bbox 1436 3455 1708 3511; x_wconf 74' lang='lat' dir='ltr'><strong>lulianum</strong></span> <span class='ocrx_word' id='word_1_457' title='bbox 1759 3468 1908 3508; x_wconf 89' lang='lat' dir='ltr'><strong>eam-</strong></span> 
     </span>
    </p>
   </div>
   <div class='ocr_carea' id='block_1_66' title="bbox 313 3544 1910 3634">
    <p class='ocr_par' dir='ltr' id='par_1_66' title="bbox 313 3544 1910 3634">
     <span class='ocr_line' id='line_1_66' title="bbox 313 3544 1910 3634; baseline -0.01 -20"><span class='ocrx_word' id='word_1_458' title='bbox 313 3559 435 3617; x_wconf 88' lang='lat' dir='ltr'><strong>dem</strong></span> <span class='ocrx_word' id='word_1_459' title='bbox 489 3544 948 3634; x_wconf 75' lang='lat' dir='ltr'><strong>gubernaverunt.</strong></span> <span class='ocrx_word' id='word_1_460' title='bbox 996 3553 1211 3618; x_wconf 81' lang='lat' dir='ltr'><strong>Juliano</strong></span> <span class='ocrx_word' id='word_1_461' title='bbox 1260 3549 1562 3620; x_wconf 74' lang='lat' dir='ltr'><strong>l-lispalensi</strong></span> <span class='ocrx_word' id='word_1_462' title='bbox 1598 3587 1612 3612; x_wconf 90' lang='lat'><strong>,</strong></span> <span class='ocrx_word' id='word_1_463' title='bbox 1663 3547 1910 3602; x_wconf 86' lang='lat' dir='ltr'><strong>Julianus</strong></span> 
     </span>
    </p>
   </div>
   <div class='ocr_carea' id='block_1_67' title="bbox 215 3642 1907 3721">
    <p class='ocr_par' dir='ltr' id='par_1_67' title="bbox 215 3642 1907 3721">
     <span class='ocr_line' id='line_1_67' title="bbox 215 3642 1907 3721; baseline -0.014 -3"><span class='ocrx_word' id='word_1_464' title='bbox 215 3677 218 3680; x_wconf 79' lang='lat'><strong><em>&#39;</em></strong></span> <span class='ocrx_word' id='word_1_465' title='bbox 314 3664 451 3717; x_wconf 83' lang='lat' dir='ltr'><strong>alter</strong></span> <span class='ocrx_word' id='word_1_466' title='bbox 480 3659 771 3715; x_wconf 84' lang='lat' dir='ltr'><strong>Toletanus</strong></span> <span class='ocrx_word' id='word_1_467' title='bbox 800 3650 1088 3707; x_wconf 79' lang='lat' dir='ltr'><strong>sufﬁcitur.</strong></span> <span class='ocrx_word' id='word_1_468' title='bbox 1124 3648 1252 3703; x_wconf 67' lang='lat' dir='ltr'><strong>[huc</strong></span> <span class='ocrx_word' id='word_1_469' title='bbox 1289 3646 1449 3721; x_wconf 85' lang='lat' dir='ltr'><strong>circa.</strong></span> <span class='ocrx_word' id='word_1_470' title='bbox 1480 3642 1907 3698; x_wconf 80' lang='lat' dir='ltr'><strong>Mozzarabicum</strong></span> 
     </span>
    </p>
   </div>
   <div class='ocr_carea' id='block_1_68' title="bbox 312 3733 1910 3810">
    <p class='ocr_par' dir='ltr' id='par_1_68' title="bbox 312 3733 1910 3810">
     <span class='ocr_line' id='line_1_68' title="bbox 312 3733 1910 3810; baseline -0.013 0"><span class='ocrx_word' id='word_1_471' title='bbox 312 3753 533 3810; x_wconf 86' lang='lat' dir='ltr'><strong>Missale</strong></span> <span class='ocrx_word' id='word_1_472' title='bbox 559 3749 881 3805; x_wconf 75' lang='lat' dir='ltr'><strong>observasse</strong></span> <span class='ocrx_word' id='word_1_473' title='bbox 920 3744 991 3797; x_wconf 90' lang='lat' dir='ltr'><strong>sit</strong></span> <span class='ocrx_word' id='word_1_474' title='bbox 1021 3741 1175 3803; x_wconf 85' lang='lat' dir='ltr'><strong>satis,</strong></span> <span class='ocrx_word' id='word_1_475' title='bbox 1205 3755 1271 3793; x_wconf 87' lang='lat' dir='ltr'><strong>ex</strong></span> <span class='ocrx_word' id='word_1_476' title='bbox 1311 3738 1376 3792; x_wconf 90' lang='lat' dir='ltr'><strong>iis</strong></span> <span class='ocrx_word' id='word_1_477' title='bbox 1405 3733 1637 3806; x_wconf 82' lang='lat' dir='ltr'><strong>namque</strong></span> <span class='ocrx_word' id='word_1_478' title='bbox 1688 3734 1910 3790; x_wconf 83' lang='lat' dir='ltr'><strong>eviden-</strong></span> 
     </span>
    </p>
   </div>
   <div class='ocr_carea' id='block_1_69' title="bbox 318 3828 1909 3914">
    <p class='ocr_par' dir='ltr' id='par_1_69' title="bbox 318 3828 1909 3914">
     <span class='ocr_line' id='line_1_69' title="bbox 318 3828 1909 3914; baseline -0.014 -13"><span class='ocrx_word' id='word_1_479' title='bbox 318 3856 399 3901; x_wconf 90' lang='lat' dir='ltr'><strong>ter</strong></span> <span class='ocrx_word' id='word_1_480' title='bbox 425 3850 648 3914; x_wconf 87' lang='lat' dir='ltr'><strong>apparet</strong></span> <span class='ocrx_word' id='word_1_481' title='bbox 699 3837 902 3892; x_wconf 90' lang='lat' dir='ltr'><strong>nullum</strong></span> <span class='ocrx_word' id='word_1_482' title='bbox 936 3835 987 3888; x_wconf 92' lang='lat' dir='ltr'><strong>in</strong></span> <span class='ocrx_word' id='word_1_483' title='bbox 1017 3834 1082 3888; x_wconf 88' lang='lat' dir='ltr'><strong>iis</strong></span> <span class='ocrx_word' id='word_1_484' title='bbox 1108 3829 1462 3886; x_wconf 88' lang='lat' dir='ltr'><strong>recensendis</strong></span> <span class='ocrx_word' id='word_1_485' title='bbox 1517 3828 1909 3898; x_wconf 83' lang='lat' dir='ltr'><strong>Episc0porum</strong></span> 
     </span>
    </p>
   </div>
   <div class='ocr_carea' id='block_1_70' title="bbox 317 3927 1424 3996">
    <p class='ocr_par' dir='ltr' id='par_1_70' title="bbox 317 3927 1424 3996">
     <span class='ocr_line' id='line_1_70' title="bbox 317 3927 1424 3996; baseline -0.019 0"><span class='ocrx_word' id='word_1_486' title='bbox 317 3938 628 3996; x_wconf 90' lang='lat' dir='ltr'><strong>nominibus</strong></span> <span class='ocrx_word' id='word_1_487' title='bbox 643 3931 899 3989; x_wconf 74' lang='lat' dir='ltr'><strong>&quot;ordinem</strong></span> <span class='ocrx_word' id='word_1_488' title='bbox 932 3927 1100 3982; x_wconf 81' lang='lat' dir='ltr'><strong>fuisse</strong></span> <span class='ocrx_word' id='word_1_489' title='bbox 1127 3932 1424 3980; x_wconf 86' lang='lat' dir='ltr'><strong>servatum.</strong></span> 
     </span>
    </p>
   </div>
   <div class='ocr_carea' id='block_1_71' title="bbox 389 4011 1914 4098">
    <p class='ocr_par' dir='ltr' id='par_1_71' title="bbox 389 4011 1914 4098">
     <span class='ocr_line' id='line_1_71' title="bbox 389 4011 1914 4098; baseline -0.022 -13"><span class='ocrx_word' id='word_1_490' title='bbox 389 4028 545 4098; x_wconf 84' lang='lat' dir='ltr'><strong>Quod</strong></span> <span class='ocrx_word' id='word_1_491' title='bbox 575 4041 704 4080; x_wconf 87' lang='lat' dir='ltr'><strong>vero</strong></span> <span class='ocrx_word' id='word_1_492' title='bbox 733 4023 798 4076; x_wconf 89' lang='lat' dir='ltr'><strong>ad</strong></span> <span class='ocrx_word' id='word_1_493' title='bbox 828 4021 1131 4074; x_wconf 82' lang='lat' dir='ltr'><strong>Romanum</strong></span> <span class='ocrx_word' id='word_1_494' title='bbox 1153 4015 1409 4069; x_wconf 86' lang='lat' dir='ltr'><strong>Ordinem</strong></span> <span class='ocrx_word' id='word_1_495' title='bbox 1438 4055 1452 4080; x_wconf 93' lang='lat'><strong>,</strong></span> <span class='ocrx_word' id='word_1_496' title='bbox 1509 4026 1668 4082; x_wconf 87' lang='lat' dir='ltr'><strong>quem</strong></span> <span class='ocrx_word' id='word_1_497' title='bbox 1703 4011 1754 4065; x_wconf 89' lang='lat' dir='ltr'><strong>in</strong></span> <span class='ocrx_word' id='word_1_498' title='bbox 1788 4024 1914 4079; x_wconf 82' lang='lat' dir='ltr'><strong>pro-</strong></span> 
     </span>
    </p>
   </div>
   <div class='ocr_carea' id='block_1_72' title="bbox 319 4105 1964 4194">
    <p class='ocr_par' dir='ltr' id='par_1_72' title="bbox 319 4105 1964 4194">
     <span class='ocr_line' id='line_1_72' title="bbox 319 4105 1964 4194; baseline -0.014 -16"><span class='ocrx_word' id='word_1_499' title='bbox 319 4121 618 4194; x_wconf 78' lang='lat' dir='ltr'><strong>legomenis</strong></span> <span class='ocrx_word' id='word_1_500' title='bbox 647 4117 712 4170; x_wconf 87' lang='lat' dir='ltr'><strong>ad</strong></span> <span class='ocrx_word' id='word_1_501' title='bbox 739 4112 1083 4170; x_wconf 61' lang='lat' dir='ltr'><strong>Anastasium</strong></span> <span class='ocrx_word' id='word_1_502' title='bbox 1110 4108 1295 4164; x_wconf 85' lang='lat' dir='ltr'><strong>Tract.</strong></span> <span class='ocrx_word' id='word_1_503' title='bbox 1330 4107 1384 4172; x_wconf 78' lang='grc'><strong>5,</strong></span> <span class='ocrx_word' id='word_1_504' title='bbox 1419 4120 1538 4175; x_wconf 89' lang='lat' dir='ltr'><strong>pag.</strong></span> <span class='ocrx_word' id='word_1_505' title='bbox 1573 4105 1634 4160; x_wconf 73' lang='lat'><strong>5|</strong></span> <span class='ocrx_word' id='word_1_506' title='bbox 1709 4119 1776 4158; x_wconf 82' lang='lat' dir='ltr'><strong>ex</strong></span> <span class='ocrx_word' id='word_1_507' title='bbox 1808 4117 1910 4157; x_wconf 90' lang='lat' dir='ltr'><strong>ms.</strong></span> <span class='ocrx_word' id='word_1_508' title='bbox 1961 4119 1964 4122; x_wconf 67' lang='grc'><strong>’</strong></span> 
     </span>
    </p>
   </div>
   <div class='ocr_carea' id='block_1_73' title="bbox 321 4193 1913 4287">
    <p class='ocr_par' dir='ltr' id='par_1_73' title="bbox 321 4193 1913 4287">
     <span class='ocr_line' id='line_1_73' title="bbox 321 4193 1913 4287; baseline -0.015 -15"><span class='ocrx_word' id='word_1_509' title='bbox 321 4193 553 4287; x_wconf 70' lang='lat' dir='ltr'><strong>Capituli</strong></span> <span class='ocrx_word' id='word_1_510' title='bbox 578 4193 917 4287; x_wconf 68' lang='lat' dir='ltr'><strong>Veronensis</strong></span> <span class='ocrx_word' id='word_1_511' title='bbox 952 4202 1336 4261; x_wconf 86' lang='lat' dir='ltr'><strong>celeberrimus</strong></span> <span class='ocrx_word' id='word_1_512' title='bbox 1379 4198 1703 4253; x_wconf 85' lang='lat' dir='ltr'><strong>Franciscus</strong></span> <span class='ocrx_word' id='word_1_513' title='bbox 1753 4196 1913 4250; x_wconf 87' lang='lat' dir='ltr'><strong>Blan-</strong></span> 
     </span>
    </p>
   </div>
   <div class='ocr_carea' id='block_1_74' title="bbox 321 4279 1938 4378">
    <p class='ocr_par' dir='ltr' id='par_1_74' title="bbox 321 4279 1938 4378">
     <span class='ocr_line' id='line_1_74' title="bbox 321 4279 1938 4378; baseline -0.019 -9"><span class='ocrx_word' id='word_1_514' title='bbox 321 4279 536 4378; x_wconf 33' lang='lat' dir='ltr'><strong>c‘hi—nius</strong></span> <span class='ocrx_word' id='word_1_515' title='bbox 562 4305 805 4378; x_wconf 86' lang='lat' dir='ltr'><strong>protulit,</strong></span> <span class='ocrx_word' id='word_1_516' title='bbox 830 4284 906 4354; x_wconf 73' lang='lat' dir='ltr'><strong>ita</strong></span> <span class='ocrx_word' id='word_1_517' title='bbox 923 4299 976 4352; x_wconf 91' lang='lat' dir='ltr'><strong>in</strong></span> <span class='ocrx_word' id='word_1_518' title='bbox 1001 4312 1067 4352; x_wconf 93' lang='lat' dir='ltr'><strong>eo</strong></span> <span class='ocrx_word' id='word_1_519' title='bbox 1088 4295 1292 4365; x_wconf 78' lang='lat' dir='ltr'><strong>legitur</strong></span> <span class='ocrx_word' id='word_1_520' title='bbox 1318 4311 1330 4346; x_wconf 92' lang='lat'>:</span> <span class='ocrx_word' id='word_1_521' title='bbox 1361 4291 1564 4345; x_wconf 71' lang='lat' dir='ltr'><strong>Exaudi</strong></span> <span class='ocrx_word' id='word_1_522' title='bbox 1595 4289 1938 4359; x_wconf 38' lang='lat' dir='ltr'><strong>Christe.....&gt;</strong></span> 
     </span>
    </p>
   </div>
   <div class='ocr_carea' id='block_1_75' title="bbox 322 4373 1915 4462">
    <p class='ocr_par' dir='ltr' id='par_1_75' title="bbox 322 4373 1915 4462">
     <span class='ocr_line' id='line_1_75' title="bbox 322 4373 1915 4462; baseline -0.018 0"><span class='ocrx_word' id='word_1_523' title='bbox 322 4373 498 4462; x_wconf 75' lang='lat' dir='ltr'><strong>nostra</strong></span> <span class='ocrx_word' id='word_1_524' title='bbox 523 4373 601 4457; x_wconf 81' lang='lat' dir='ltr'><strong>illi</strong></span> <span class='ocrx_word' id='word_1_525' title='bbox 628 4417 660 4453; x_wconf 92' lang='lat' dir='ltr'><strong>a</strong></span> <span class='ocrx_word' id='word_1_526' title='bbox 681 4397 790 4451; x_wconf 89' lang='lat' dir='ltr'><strong>Deo</strong></span> <span class='ocrx_word' id='word_1_527' title='bbox 814 4395 971 4448; x_wconf 89' lang='lat' dir='ltr'><strong>electo</strong></span> <span class='ocrx_word' id='word_1_528' title='bbox 996 4387 1239 4458; x_wconf 78' lang='lat' dir='ltr'><strong>Pontiﬁci</strong></span> <span class='ocrx_word' id='word_1_529' title='bbox 1263 4387 1365 4440; x_wconf 84' lang='lat' dir='ltr'><strong>vita</strong></span> <span class='ocrx_word' id='word_1_530' title='bbox 1406 4382 1527 4437; x_wconf 84' lang='lat' dir='ltr'><strong>III.</strong></span> <span class='ocrx_word' id='word_1_531' title='bbox 1560 4382 1747 4438; x_wconf 82' lang='lat' dir='ltr'><strong>Sancte</strong></span> <span class='ocrx_word' id='word_1_532' title='bbox 1789 4379 1915 4435; x_wconf 85' lang='lat' dir='ltr'><strong>Fir-</strong></span> 
     </span>
    </p>
   </div>
   <div class='ocr_carea' id='block_1_76' title="bbox 326 4471 1914 4562">
    <p class='ocr_par' dir='ltr' id='par_1_76' title="bbox 326 4471 1914 4562">
     <span class='ocr_line' id='line_1_76' title="bbox 326 4471 1914 4562; baseline -0.018 -10"><span class='ocrx_word' id='word_1_533' title='bbox 326 4514 426 4551; x_wconf 86' lang='lat' dir='ltr'><strong>me.</strong></span> <span class='ocrx_word' id='word_1_534' title='bbox 458 4489 837 4562; x_wconf 77' lang='lat' dir='ltr'><strong>Respondetur.</strong></span> <span class='ocrx_word' id='word_1_535' title='bbox 883 4483 960 4538; x_wconf 89' lang='lat' dir='ltr'><strong>Tu</strong></span> <span class='ocrx_word' id='word_1_536' title='bbox 1012 4480 1159 4534; x_wconf 85' lang='lat' dir='ltr'><strong>illum</strong></span> <span class='ocrx_word' id='word_1_537' title='bbox 1192 4478 1414 4550; x_wconf 61' lang='lat' dir='ltr'><strong>‘adjuva.</strong></span> <span class='ocrx_word' id='word_1_538' title='bbox 1467 4474 1660 4529; x_wconf 82' lang='lat' dir='ltr'><strong>Sancte</strong></span> <span class='ocrx_word' id='word_1_539' title='bbox 1699 4471 1914 4526; x_wconf 84' lang='lat' dir='ltr'><strong>Procul.</strong></span> 
     </span>
    </p>
   </div>
   <div class='ocr_carea' id='block_1_77' title="bbox 2081 3262 3642 3343">
    <p class='ocr_par' dir='ltr' id='par_1_77' title="bbox 2081 3262 3642 3343">
     <span class='ocr_line' id='line_1_77' title="bbox 2081 3262 3642 3343; baseline 0.004 -18"><span class='ocrx_word' id='word_1_540' title='bbox 2081 3262 2228 3328; x_wconf 89' lang='lat' dir='ltr'><strong>Idem</strong></span> <span class='ocrx_word' id='word_1_541' title='bbox 2257 3273 2310 3326; x_wconf 91' lang='lat' dir='ltr'><strong>in</strong></span> <span class='ocrx_word' id='word_1_542' title='bbox 2339 3271 2558 3341; x_wconf 51' lang='lat' dir='ltr'><strong>(«none</strong></span> <span class='ocrx_word' id='word_1_543' title='bbox 2584 3273 2818 3330; x_wconf 80' lang='lat' dir='ltr'><strong>Romani</strong></span> <span class='ocrx_word' id='word_1_544' title='bbox 2844 3274 3074 3331; x_wconf 84' lang='lat' dir='ltr'><strong>Missalis</strong></span> <span class='ocrx_word' id='word_1_545' title='bbox 3118 3276 3428 3332; x_wconf 86' lang='lat' dir='ltr'><strong>observabit</strong></span> <span class='ocrx_word' id='word_1_546' title='bbox 3482 3277 3611 3332; x_wconf 86' lang='lat' dir='ltr'><strong>dili-</strong></span> <span class='ocrx_word' id='word_1_547' title='bbox 3638 3341 3642 3343; x_wconf 22' lang='grc' dir='ltr'>λ</span> 
     </span>
    </p>
   </div>
   <div class='ocr_carea' id='block_1_78' title="bbox 2009 3352 3641 3440">
    <p class='ocr_par' dir='ltr' id='par_1_78' title="bbox 2009 3352 3641 3440">
     <span class='ocr_line' id='line_1_78' title="bbox 2009 3352 3641 3440; baseline 0.004 -20"><span class='ocrx_word' id='word_1_548' title='bbox 2009 3353 2144 3434; x_wconf 82' lang='lat' dir='ltr'><strong>gens</strong></span> <span class='ocrx_word' id='word_1_549' title='bbox 2175 3364 2369 3421; x_wconf 85' lang='lat' dir='ltr'><strong>Lector</strong></span> <span class='ocrx_word' id='word_1_550' title='bbox 2399 3365 2513 3435; x_wconf 88' lang='lat' dir='ltr'><strong>ipse</strong></span> <span class='ocrx_word' id='word_1_551' title='bbox 2541 3381 2637 3438; x_wconf 90' lang='lat' dir='ltr'><strong>per</strong></span> <span class='ocrx_word' id='word_1_552' title='bbox 2679 3352 2819 3422; x_wconf 86' lang='lat' dir='ltr'><strong>sese.</strong></span> <span class='ocrx_word' id='word_1_553' title='bbox 2877 3360 3223 3440; x_wconf 81' lang='lat' dir='ltr'><strong>Quapropter</strong></span> <span class='ocrx_word' id='word_1_554' title='bbox 3271 3371 3460 3439; x_wconf 88' lang='lat' dir='ltr'><strong>procul</strong></span> <span class='ocrx_word' id='word_1_555' title='bbox 3507 3370 3641 3427; x_wconf 89' lang='lat' dir='ltr'><strong>du-_</strong></span> 
     </span>
    </p>
   </div>
   <div class='ocr_carea' id='block_1_79' title="bbox 2012 3454 3614 3529">
    <p class='ocr_par' dir='ltr' id='par_1_79' title="bbox 2012 3454 3614 3529">
     <span class='ocr_line' id='line_1_79' title="bbox 2012 3454 3614 3529; baseline 0.004 -21"><span class='ocrx_word' id='word_1_556' title='bbox 2012 3454 2104 3510; x_wconf 91' lang='lat' dir='ltr'><strong>bio</strong></span> <span class='ocrx_word' id='word_1_557' title='bbox 2154 3463 2364 3511; x_wconf 83' lang='lat' dir='ltr'><strong>constat</strong></span> <span class='ocrx_word' id='word_1_558' title='bbox 2418 3456 2664 3512; x_wconf 82' lang='lat' dir='ltr'><strong>ordinem</strong></span> <span class='ocrx_word' id='word_1_559' title='bbox 2699 3458 2750 3511; x_wconf 90' lang='lat' dir='ltr'><strong>in</strong></span> <span class='ocrx_word' id='word_1_560' title='bbox 2792 3457 3100 3527; x_wconf 86' lang='lat' dir='ltr'><strong>huiusmodi</strong></span> <span class='ocrx_word' id='word_1_561' title='bbox 3128 3459 3416 3529; x_wconf 75' lang='lat' dir='ltr'><strong>diptychis</strong></span> <span class='ocrx_word' id='word_1_562' title='bbox 3448 3461 3614 3514; x_wconf 85' lang='lat' dir='ltr'><strong>mini-</strong></span> 
     </span>
    </p>
   </div>
   <div class='ocr_carea' id='block_1_80' title="bbox 2011 3547 3611 3621">
    <p class='ocr_par' dir='ltr' id='par_1_80' title="bbox 2011 3547 3611 3621">
     <span class='ocr_line' id='line_1_80' title="bbox 2011 3547 3611 3621; baseline 0.004 -19"><span class='ocrx_word' id='word_1_563' title='bbox 2011 3547 2353 3614; x_wconf 80' lang='lat' dir='ltr'><strong>meattendi,</strong></span> <span class='ocrx_word' id='word_1_564' title='bbox 2381 3562 2559 3618; x_wconf 86' lang='lat' dir='ltr'><strong>neque</strong></span> <span class='ocrx_word' id='word_1_565' title='bbox 2599 3550 2805 3605; x_wconf 85' lang='lat' dir='ltr'><strong>attendi</strong></span> <span class='ocrx_word' id='word_1_566' title='bbox 2838 3566 3018 3621; x_wconf 88' lang='lat' dir='ltr'><strong>posse,</strong></span> <span class='ocrx_word' id='word_1_567' title='bbox 3066 3567 3189 3607; x_wconf 90' lang='lat' dir='ltr'><strong>cum</strong></span> <span class='ocrx_word' id='word_1_568' title='bbox 3213 3551 3611 3609; x_wconf 89' lang='lat' dir='ltr'><strong>indescriben—</strong></span> 
     </span>
    </p>
   </div>
   <div class='ocr_carea' id='block_1_81' title="bbox 2012 3626 3611 3714">
    <p class='ocr_par' dir='ltr' id='par_1_81' title="bbox 2012 3626 3611 3714">
     <span class='ocr_line' id='line_1_81' title="bbox 2012 3626 3611 3714; baseline 0.006 -21"><span class='ocrx_word' id='word_1_569' title='bbox 2012 3638 2096 3693; x_wconf 91' lang='lat' dir='ltr'><strong>dis</strong></span> <span class='ocrx_word' id='word_1_570' title='bbox 2128 3626 2444 3695; x_wconf 80' lang='lat' dir='ltr'><strong>Sanctorum</strong></span> <span class='ocrx_word' id='word_1_571' title='bbox 2486 3641 2796 3700; x_wconf 83' lang='lat' dir='ltr'><strong>nominibus</strong></span> <span class='ocrx_word' id='word_1_572' title='bbox 2851 3644 2935 3697; x_wconf 80' lang='lat' dir='ltr'><strong>vel</strong></span> <span class='ocrx_word' id='word_1_573' title='bbox 2993 3653 3204 3714; x_wconf 88' lang='lat' dir='ltr'><strong>tempus</strong></span> <span class='ocrx_word' id='word_1_574' title='bbox 3256 3644 3611 3714; x_wconf 76' lang='lat' dir='ltr'><strong>observetur,</strong></span> 
     </span>
    </p>
   </div>
   <div class='ocr_carea' id='block_1_82' title="bbox 2013 3733 3616 3811">
    <p class='ocr_par' dir='ltr' id='par_1_82' title="bbox 2013 3733 3616 3811">
     <span class='ocr_line' id='line_1_82' title="bbox 2013 3733 3616 3811; baseline 0.006 -24"><span class='ocrx_word' id='word_1_575' title='bbox 2013 3748 2120 3802; x_wconf 91' lang='lat' dir='ltr'><strong>quo</strong></span> <span class='ocrx_word' id='word_1_576' title='bbox 2148 3733 2199 3787; x_wconf 91' lang='lat' dir='ltr'><strong>in</strong></span> <span class='ocrx_word' id='word_1_577' title='bbox 2223 3733 2445 3790; x_wconf 82' lang='lat' dir='ltr'><strong>Canone</strong></span> <span class='ocrx_word' id='word_1_578' title='bbox 2464 3777 2478 3801; x_wconf 92' lang='lat'><strong>,</strong></span> <span class='ocrx_word' id='word_1_579' title='bbox 2505 3748 2595 3790; x_wconf 87' lang='lat' dir='ltr'><strong>aut</strong></span> <span class='ocrx_word' id='word_1_580' title='bbox 2617 3736 2668 3791; x_wconf 91' lang='lat' dir='ltr'><strong>in</strong></span> <span class='ocrx_word' id='word_1_581' title='bbox 2694 3736 2917 3794; x_wconf 86' lang='lat' dir='ltr'><strong>Litaniis</strong></span> <span class='ocrx_word' id='word_1_582' title='bbox 2939 3739 3099 3810; x_wconf 82' lang='lat' dir='ltr'><strong>positi</strong></span> <span class='ocrx_word' id='word_1_583' title='bbox 3128 3750 3275 3808; x_wconf 90' lang='lat' dir='ltr'><strong>sunt,</strong></span> <span class='ocrx_word' id='word_1_584' title='bbox 3310 3750 3367 3794; x_wconf 88' lang='lat' dir='ltr'><strong>ut</strong></span> <span class='ocrx_word' id='word_1_585' title='bbox 3381 3752 3616 3811; x_wconf 79' lang='lat' dir='ltr'><strong>constat</strong></span> 
     </span>
    </p>
   </div>
   <div class='ocr_carea' id='block_1_83' title="bbox 2015 3814 3609 3904">
    <p class='ocr_par' dir='ltr' id='par_1_83' title="bbox 2015 3814 3609 3904">
     <span class='ocr_line' id='line_1_83' title="bbox 2015 3814 3609 3904; baseline 0.005 -23"><span class='ocrx_word' id='word_1_586' title='bbox 2015 3841 2080 3881; x_wconf 80' lang='lat' dir='ltr'><strong>ex</strong></span> <span class='ocrx_word' id='word_1_587' title='bbox 2121 3825 2395 3882; x_wconf 87' lang='lat' dir='ltr'><strong>additione</strong></span> <span class='ocrx_word' id='word_1_588' title='bbox 2421 3843 2592 3898; x_wconf 85' lang='lat' dir='ltr'><strong>nuper</strong></span> <span class='ocrx_word' id='word_1_589' title='bbox 2616 3827 2754 3904; x_wconf 76' lang='lat' dir='ltr'><strong>facta</strong></span> <span class='ocrx_word' id='word_1_590' title='bbox 2810 3814 2943 3887; x_wconf 86' lang='lat' dir='ltr'><strong>aS.</strong></span> <span class='ocrx_word' id='word_1_591' title='bbox 3002 3832 3062 3887; x_wconf 86' lang='lat' dir='ltr'><strong>P.</strong></span> <span class='ocrx_word' id='word_1_592' title='bbox 3115 3833 3409 3889; x_wconf 85' lang='lat' dir='ltr'><strong>Benedicto</strong></span> <span class='ocrx_word' id='word_1_593' title='bbox 3460 3834 3609 3899; x_wconf 75' lang='lat' dir='ltr'><strong>XIV,</strong></span> 
     </span>
    </p>
   </div>
   <div class='ocr_carea' id='block_1_84' title="bbox 1958 3915 3614 4003">
    <p class='ocr_par' dir='ltr' id='par_1_84' title="bbox 1958 3915 3614 4003">
     <span class='ocr_line' id='line_1_84' title="bbox 1958 3915 3614 4003; baseline 0.008 -35"><span class='ocrx_word' id='word_1_594' title='bbox 1958 3990 1960 3992; x_wconf 15' lang='grc' dir='ltr'><strong><em>ν</em></strong></span> <span class='ocrx_word' id='word_1_595' title='bbox 2014 3915 2104 3986; x_wconf 91' lang='lat' dir='ltr'><strong>qui</strong></span> <span class='ocrx_word' id='word_1_596' title='bbox 2126 3915 2183 3979; x_wconf 89' lang='lat' dir='ltr'><strong>S.</strong></span> <span class='ocrx_word' id='word_1_597' title='bbox 2217 3915 2418 3994; x_wconf 86' lang='lat' dir='ltr'><strong>Josepb</strong></span> <span class='ocrx_word' id='word_1_598' title='bbox 2448 3927 2570 3988; x_wconf 84' lang='lat' dir='ltr'><strong>post</strong></span> <span class='ocrx_word' id='word_1_599' title='bbox 2619 3918 3231 4003; x_wconf 48' lang='lat' dir='ltr'><strong>Joannem&#39;Baptistam</strong></span> <span class='ocrx_word' id='word_1_600' title='bbox 3279 3925 3330 3980; x_wconf 91' lang='lat' dir='ltr'><strong>in</strong></span> <span class='ocrx_word' id='word_1_601' title='bbox 3379 3923 3614 3982; x_wconf 85' lang='lat' dir='ltr'><strong>Litauiis</strong></span> 
     </span>
    </p>
   </div>
   <div class='ocr_carea' id='block_1_85' title="bbox 2014 4004 3615 4095">
    <p class='ocr_par' dir='ltr' id='par_1_85' title="bbox 2014 4004 3615 4095">
     <span class='ocr_line' id='line_1_85' title="bbox 2014 4004 3615 4095; baseline 0.01 -33"><span class='ocrx_word' id='word_1_602' title='bbox 2014 4004 2409 4087; x_wconf 82' lang='lat' dir='ltr'><strong>adnumeravit,</strong></span> <span class='ocrx_word' id='word_1_603' title='bbox 2437 4013 2515 4068; x_wconf 87' lang='lat' dir='ltr'><strong>vel</strong></span> <span class='ocrx_word' id='word_1_604' title='bbox 2545 4012 2652 4095; x_wconf 80' lang='lat' dir='ltr'><strong>alia</strong></span> <span class='ocrx_word' id='word_1_605' title='bbox 2678 4014 2862 4077; x_wconf 83' lang='lat' dir='ltr'><strong>Sancti</strong></span> <span class='ocrx_word' id='word_1_606' title='bbox 2892 4017 3284 4089; x_wconf 71' lang='lat' dir='ltr'><strong>praerogativa.-</strong></span> <span class='ocrx_word' id='word_1_607' title='bbox 3304 4017 3418 4087; x_wconf 76' lang='lat' dir='ltr'><strong>Qua</strong></span> <span class='ocrx_word' id='word_1_608' title='bbox 3447 4018 3520 4075; x_wconf 89' lang='lat' dir='ltr'><strong>de</strong></span> <span class='ocrx_word' id='word_1_609' title='bbox 3551 4035 3615 4080; x_wconf 84' lang='lat' dir='ltr'><strong>re</strong></span> 
     </span>
    </p>
   </div>
   <div class='ocr_carea' id='block_1_86' title="bbox 2017 4102 3616 4180">
    <p class='ocr_par' dir='ltr' id='par_1_86' title="bbox 2017 4102 3616 4180">
     <span class='ocr_line' id='line_1_86' title="bbox 2017 4102 3616 4180; baseline 0.007 -25"><span class='ocrx_word' id='word_1_610' title='bbox 2017 4102 2278 4175; x_wconf 84' lang='lat' dir='ltr'><strong>Martyres</strong></span> <span class='ocrx_word' id='word_1_611' title='bbox 2302 4114 2427 4160; x_wconf 90' lang='lat' dir='ltr'><strong>ante</strong></span> <span class='ocrx_word' id='word_1_612' title='bbox 2460 4105 2770 4180; x_wconf 66' lang='lat' dir='ltr'><strong>pontiﬁces,</strong></span> <span class='ocrx_word' id='word_1_613' title='bbox 2789 4116 2844 4163; x_wconf 92' lang='lat' dir='ltr'><strong>et</strong></span> <span class='ocrx_word' id='word_1_614' title='bbox 2872 4105 2926 4161; x_wconf 85' lang='lat' dir='ltr'><strong>hi</strong></span> <span class='ocrx_word' id='word_1_615' title='bbox 2971 4119 3098 4164; x_wconf 88' lang='lat' dir='ltr'><strong>ante</strong></span> <span class='ocrx_word' id='word_1_616' title='bbox 3136 4108 3500 4173; x_wconf 78' lang='lat' dir='ltr'><strong>confessores,</strong></span> <span class='ocrx_word' id='word_1_617' title='bbox 3555 4119 3616 4166; x_wconf 89' lang='lat' dir='ltr'><strong>et</strong></span> 
     </span>
    </p>
   </div>
   <div class='ocr_carea' id='block_1_87' title="bbox 2018 4195 3610 4267">
    <p class='ocr_par' dir='ltr' id='par_1_87' title="bbox 2018 4195 3610 4267">
     <span class='ocr_line' id='line_1_87' title="bbox 2018 4195 3610 4267; baseline 0.008 -19"><span class='ocrx_word' id='word_1_618' title='bbox 2018 4195 2276 4266; x_wconf 29' lang='lat' dir='ltr'><strong>Virgines.</strong></span> <span class='ocrx_word' id='word_1_619' title='bbox 2293 4207 2534 4267; x_wconf 88' lang='lat' dir='ltr'><strong>tempore</strong></span> <span class='ocrx_word' id='word_1_620' title='bbox 2563 4199 2689 4255; x_wconf 90' lang='lat' dir='ltr'><strong>licet</strong></span> <span class='ocrx_word' id='word_1_621' title='bbox 2715 4201 3046 4257; x_wconf 91' lang='lat' dir='ltr'><strong>recentiores</strong></span> <span class='ocrx_word' id='word_1_622' title='bbox 3069 4202 3353 4258; x_wconf 66' lang='lat' dir='ltr'><strong>locantur-</strong></span> <span class='ocrx_word' id='word_1_623' title='bbox 3373 4203 3610 4261; x_wconf 82' lang='lat' dir='ltr'><strong>Accedit</strong></span> 
     </span>
    </p>
   </div>
   <div class='ocr_carea' id='block_1_88' title="bbox 2019 4279 3672 4366">
    <p class='ocr_par' dir='ltr' id='par_1_88' title="bbox 2019 4279 3672 4366">
     <span class='ocr_line' id='line_1_88' title="bbox 2019 4279 3672 4366; baseline 0.007 -24"><span class='ocrx_word' id='word_1_624' title='bbox 2019 4287 2179 4342; x_wconf 88' lang='lat' dir='ltr'><strong>etiam</strong></span> <span class='ocrx_word' id='word_1_625' title='bbox 2210 4279 2260 4343; x_wconf 86' lang='lat' dir='ltr'><strong>in</strong></span> <span class='ocrx_word' id='word_1_626' title='bbox 2314 4288 2621 4359; x_wconf 88' lang='lat' dir='ltr'><strong>huiusmodi</strong></span> <span class='ocrx_word' id='word_1_627' title='bbox 2648 4292 2915 4364; x_wconf 88' lang='lat' dir='ltr'><strong>diptychis</strong></span> <span class='ocrx_word' id='word_1_628' title='bbox 2959 4305 3177 4350; x_wconf 89' lang='lat' dir='ltr'><strong>sanctos</strong></span> <span class='ocrx_word' id='word_1_629' title='bbox 3227 4283 3614 4366; x_wconf 27' lang='lat' dir='ltr'><strong>Episc0pos&#39;a</strong></span> <span class='ocrx_word' id='word_1_630' title='bbox 3669 4338 3672 4340; x_wconf 83' lang='lat'><em>-</em></span> 
     </span>
    </p>
   </div>
   <div class='ocr_carea' id='block_1_89' title="bbox 2019 4380 3612 4455">
    <p class='ocr_par' dir='ltr' id='par_1_89' title="bbox 2019 4380 3612 4455">
     <span class='ocr_line' id='line_1_89' title="bbox 2019 4380 3612 4455; baseline 0.008 -22"><span class='ocrx_word' id='word_1_631' title='bbox 2019 4380 2247 4450; x_wconf 80' lang='lat' dir='ltr'><strong>reliquis</strong></span> <span class='ocrx_word' id='word_1_632' title='bbox 2273 4383 2564 4451; x_wconf 87' lang='lat' dir='ltr'><strong>separatim</strong></span> <span class='ocrx_word' id='word_1_633' title='bbox 2591 4383 2822 4440; x_wconf 90' lang='lat' dir='ltr'><strong>describi</strong></span> <span class='ocrx_word' id='word_1_634' title='bbox 2841 4386 3032 4442; x_wconf 91' lang='lat' dir='ltr'><strong>solitos</strong></span> <span class='ocrx_word' id='word_1_635' title='bbox 3055 4428 3074 4455; x_wconf 94' lang='lat'><strong><em>,</em></strong></span> <span class='ocrx_word' id='word_1_636' title='bbox 3111 4403 3225 4443; x_wconf 82' lang='lat' dir='ltr'><strong>nec</strong></span> <span class='ocrx_word' id='word_1_637' title='bbox 3253 4405 3360 4443; x_wconf 91' lang='lat' dir='ltr'><strong>non</strong></span> <span class='ocrx_word' id='word_1_638' title='bbox 3391 4390 3612 4446; x_wconf 59' lang='lat' dir='ltr'><strong>haaretio</strong></span> 
     </span>
    </p>
   </div>
   <div class='ocr_carea' id='block_1_90' title="bbox 2021 4462 3613 4547">
    <p class='ocr_par' dir='ltr' id='par_1_90' title="bbox 2021 4462 3613 4547">
     <span class='ocr_line' id='line_1_90' title="bbox 2021 4462 3613 4547; baseline 0.008 -23"><span class='ocrx_word' id='word_1_639' title='bbox 2021 4462 2136 4538; x_wconf 68' lang='lat' dir='ltr'><strong>eos,</strong></span> <span class='ocrx_word' id='word_1_640' title='bbox 2171 4472 2253 4527; x_wconf 74' lang='lat' dir='ltr'><strong>vel</strong></span> <span class='ocrx_word' id='word_1_641' title='bbox 2274 4473 2647 4530; x_wconf 87' lang='lat' dir='ltr'><strong>schismaticos</strong></span> <span class='ocrx_word' id='word_1_642' title='bbox 2667 4476 2964 4547; x_wconf 87' lang='lat' dir='ltr'><strong>Episcopos</strong></span> <span class='ocrx_word' id='word_1_643' title='bbox 2991 4479 3218 4534; x_wconf 87' lang='lat' dir='ltr'><strong>vetitum</strong></span> <span class='ocrx_word' id='word_1_644' title='bbox 3242 4479 3414 4535; x_wconf 81' lang='lat' dir='ltr'><strong>fuisse</strong></span> <span class='ocrx_word' id='word_1_645' title='bbox 3441 4481 3492 4534; x_wconf 91' lang='lat' dir='ltr'><strong>in</strong></span> <span class='ocrx_word' id='word_1_646' title='bbox 3538 4481 3613 4536; x_wconf 86' lang='lat' dir='ltr'><strong>iis</strong></span> 
     </span>
    </p>
   </div>
   <div class='ocr_carea' id='block_1_91' title="bbox 329 4563 3614 4660">
    <p class='ocr_par' dir='ltr' id='par_1_91' title="bbox 329 4563 3614 4660">
     <span class='ocr_line' id='line_1_91' title="bbox 329 4563 3614 4660; baseline -0.005 -15"><span class='ocrx_word' id='word_1_647' title='bbox 329 4592 490 4660; x_wconf 86' lang='lat' dir='ltr'><strong>Resp.</strong></span> <span class='ocrx_word' id='word_1_648' title='bbox 522 4584 601 4640; x_wconf 89' lang='lat' dir='ltr'><strong>Tu</strong></span> <span class='ocrx_word' id='word_1_649' title='bbox 626 4583 776 4636; x_wconf 84' lang='lat' dir='ltr'><strong>illum</strong></span> <span class='ocrx_word' id='word_1_650' title='bbox 807 4577 1017 4648; x_wconf 81' lang='lat' dir='ltr'><strong>adjuva.</strong></span> <span class='ocrx_word' id='word_1_651' title='bbox 1051 4573 1241 4628; x_wconf 88' lang='lat' dir='ltr'><strong>Sancte</strong></span> <span class='ocrx_word' id='word_1_652' title='bbox 1263 4564 1528 4650; x_wconf 39' lang='lat' dir='ltr'><strong>Zeno.&#39;Tu</strong></span> <span class='ocrx_word' id='word_1_653' title='bbox 1549 4565 1708 4660; x_wconf 80' lang='lat' dir='ltr'><strong>illum</strong></span> <span class='ocrx_word' id='word_1_654' title='bbox 1759 4563 1918 4660; x_wconf 67' lang='lat' dir='ltr'><strong>adiu-</strong></span> <span class='ocrx_word' id='word_1_655' title='bbox 1943 4572 1998 4632; x_wconf 87' lang='lat'><strong>])</strong></span> <span class='ocrx_word' id='word_1_656' title='bbox 2021 4565 2477 4660; x_wconf 24' lang='lat' dir='ltr'><strong>acceuseriaQum</strong></span> <span class='ocrx_word' id='word_1_657' title='bbox 2505 4569 2685 4637; x_wconf 87' lang='lat' dir='ltr'><strong>itaque</strong></span> <span class='ocrx_word' id='word_1_658' title='bbox 2713 4570 2852 4628; x_wconf 79' lang='lat' dir='ltr'><strong>ratio</strong></span> <span class='ocrx_word' id='word_1_659' title='bbox 2895 4586 2962 4626; x_wconf 85' lang='lat' dir='ltr'><strong>ex</strong></span> <span class='ocrx_word' id='word_1_660' title='bbox 2996 4571 3302 4642; x_wconf 88' lang='lat' dir='ltr'><strong>huiusmodi</strong></span> <span class='ocrx_word' id='word_1_661' title='bbox 3333 4573 3614 4645; x_wconf 84' lang='lat' dir='ltr'><strong>diptychis</strong></span> 
     </span>
    </p>
   </div>
   <div class='ocr_carea' id='block_1_92' title="bbox 328 4641 1922 4745">
    <p class='ocr_par' dir='ltr' id='par_1_92' title="bbox 328 4641 1922 4745">
     <span class='ocr_line' id='line_1_92' title="bbox 328 4641 1922 4745; baseline -0.021 -8"><span class='ocrx_word' id='word_1_662' title='bbox 328 4641 676 4745; x_wconf 44' lang='lat' dir='ltr'><strong>italrExaudi,</strong></span> <span class='ocrx_word' id='word_1_663' title='bbox 707 4641 927 4734; x_wconf 68' lang='lat' dir='ltr'><strong>Clarisle,</strong></span> <span class='ocrx_word' id='word_1_664' title='bbox 953 4666 1175 4719; x_wconf 87' lang='lat' dir='ltr'><strong>Domino</strong></span> <span class='ocrx_word' id='word_1_665' title='bbox 1196 4641 1479 4740; x_wconf 82' lang='lat' dir='ltr'><strong>nostroilli</strong></span> <span class='ocrx_word' id='word_1_666' title='bbox 1512 4659 1780 4728; x_wconf 81' lang='lat' dir='ltr'><strong>:Augusto</strong></span> <span class='ocrx_word' id='word_1_667' title='bbox 1824 4656 1922 4726; x_wconf 80' lang='lat' dir='ltr'><strong>Se-</strong></span> 
     </span>
    </p>
   </div>
   <div class='ocr_carea' id='block_1_93' title="bbox 333 4752 1972 4836">
    <p class='ocr_par' dir='ltr' id='par_1_93' title="bbox 333 4752 1972 4836">
     <span class='ocr_line' id='line_1_93' title="bbox 333 4752 1972 4836; baseline -0.018 -9"><span class='ocrx_word' id='word_1_668' title='bbox 333 4773 600 4830; x_wconf 75' lang='lat' dir='ltr'><strong>r&#39;enissimo</strong></span> <span class='ocrx_word' id='word_1_669' title='bbox 629 4764 926 4836; x_wconf 86' lang='lat' dir='ltr'><strong>imperatori</strong></span> <span class='ocrx_word' id='word_1_670' title='bbox 976 4770 1148 4813; x_wconf 83' lang='lat' dir='ltr'><strong>nostro</strong></span> <span class='ocrx_word' id='word_1_671' title='bbox 1194 4756 1225 4808; x_wconf 87' lang='grc' dir='ltr'><em>ἁ</em></span> <span class='ocrx_word' id='word_1_672' title='bbox 1256 4753 1366 4808; x_wconf 89' lang='lat' dir='ltr'><strong>Deo</strong></span> <span class='ocrx_word' id='word_1_673' title='bbox 1392 4761 1680 4814; x_wconf 86' lang='lat' dir='ltr'><strong>coronato;</strong></span> <span class='ocrx_word' id='word_1_674' title='bbox 1724 4752 1920 4819; x_wconf 76' lang='lat' dir='ltr'><strong>magno</strong></span> <span class='ocrx_word' id='word_1_675' title='bbox 1969 4793 1972 4797; x_wconf 92' lang='lat'><strong>.</strong></span> 
     </span>
    </p>
   </div>
   <div class='ocr_carea' id='block_1_94' title="bbox 335 4842 1917 4934">
    <p class='ocr_par' dir='ltr' id='par_1_94' title="bbox 335 4842 1917 4934">
     <span class='ocr_line' id='line_1_94' title="bbox 335 4842 1917 4934; baseline -0.016 -14"><span class='ocrx_word' id='word_1_676' title='bbox 335 4875 383 4920; x_wconf 90' lang='lat' dir='ltr'><strong>et</strong></span> <span class='ocrx_word' id='word_1_677' title='bbox 437 4864 651 4934; x_wconf 83' lang='lat' dir='ltr'><strong>paci/ica</strong></span> <span class='ocrx_word' id='word_1_678' title='bbox 676 4879 699 4928; x_wconf 73' lang='lat'><strong>&#39;,</strong></span> <span class='ocrx_word' id='word_1_679' title='bbox 740 4859 843 4912; x_wconf 83' lang='lat' dir='ltr'><strong>vita</strong></span> <span class='ocrx_word' id='word_1_680' title='bbox 865 4867 910 4910; x_wconf 89' lang='lat' dir='ltr'><strong>et</strong></span> <span class='ocrx_word' id='word_1_681' title='bbox 930 4853 1145 4908; x_wconf 83' lang='lat' dir='ltr'><strong>victoria</strong></span> <span class='ocrx_word' id='word_1_682' title='bbox 1172 4847 1291 4914; x_wconf 85' lang='lat' dir='ltr'><strong>III,</strong></span> <span class='ocrx_word' id='word_1_683' title='bbox 1325 4849 1513 4915; x_wconf 80' lang='lat' dir='ltr'><strong>Sancte</strong></span> <span class='ocrx_word' id='word_1_684' title='bbox 1540 4844 1723 4898; x_wconf 84' lang='lat' dir='ltr'><strong>Paule.</strong></span> <span class='ocrx_word' id='word_1_685' title='bbox 1756 4842 1917 4910; x_wconf 85' lang='lat' dir='ltr'><strong>Resp.</strong></span> 
     </span>
    </p>
   </div>
   <div class='ocr_carea' id='block_1_95' title="bbox 338 4935 1921 5022">
    <p class='ocr_par' dir='ltr' id='par_1_95' title="bbox 338 4935 1921 5022">
     <span class='ocr_line' id='line_1_95' title="bbox 338 4935 1921 5022; baseline -0.016 -10"><span class='ocrx_word' id='word_1_686' title='bbox 338 4957 420 5012; x_wconf 85' lang='lat' dir='ltr'><strong>Tu</strong></span> <span class='ocrx_word' id='word_1_687' title='bbox 440 4955 587 5009; x_wconf 88' lang='lat' dir='ltr'><strong>illum</strong></span> <span class='ocrx_word' id='word_1_688' title='bbox 615 4953 823 5022; x_wconf 87' lang='lat' dir='ltr'><strong>adjuua.</strong></span> <span class='ocrx_word' id='word_1_689' title='bbox 842 4947 1050 5004; x_wconf 73' lang='lat' dir='ltr'><strong>Exaudi</strong></span> <span class='ocrx_word' id='word_1_690' title='bbox 1078 4943 1296 5006; x_wconf 82' lang='lat' dir='ltr'><strong>Christe,</strong></span> <span class='ocrx_word' id='word_1_691' title='bbox 1327 4938 1566 4993; x_wconf 76' lang='lat' dir='ltr'><strong>Dominae</strong></span> <span class='ocrx_word' id='word_1_692' title='bbox 1595 4935 1802 4991; x_wconf 74' lang='lat' dir='ltr'><strong>Nostra:</strong></span> <span class='ocrx_word' id='word_1_693' title='bbox 1821 4937 1921 4987; x_wconf 61' lang='grc' dir='ltr'><strong>ἤπια</strong></span> 
     </span>
    </p>
   </div>
   <div class='ocr_carea' id='block_1_96' title="bbox 341 5029 1924 5122">
    <p class='ocr_par' dir='ltr' id='par_1_96' title="bbox 341 5029 1924 5122">
     <span class='ocr_line' id='line_1_96' title="bbox 341 5029 1924 5122; baseline -0.015 -18"><span class='ocrx_word' id='word_1_694' title='bbox 341 5047 580 5122; x_wconf 88' lang='lat' dir='ltr'><strong>peratrici</strong></span> <span class='ocrx_word' id='word_1_695' title='bbox 607 5046 766 5110; x_wconf 80' lang='lat' dir='ltr'><strong>salus,</strong></span> <span class='ocrx_word' id='word_1_696' title='bbox 799 5053 846 5097; x_wconf 91' lang='lat' dir='ltr'><strong>et</strong></span> <span class='ocrx_word' id='word_1_697' title='bbox 870 5043 994 5096; x_wconf 82' lang='lat' dir='ltr'><strong>vita.</strong></span> <span class='ocrx_word' id='word_1_698' title='bbox 1028 5038 1222 5095; x_wconf 77' lang='lat' dir='ltr'><strong>sancta</strong></span> <span class='ocrx_word' id='word_1_699' title='bbox 1264 5033 1457 5088; x_wconf 84' lang='lat' dir='ltr'><strong>Maria.</strong></span> <span class='ocrx_word' id='word_1_700' title='bbox 1487 5031 1643 5100; x_wconf 83' lang='lat' dir='ltr'><strong>Resp.</strong></span> <span class='ocrx_word' id='word_1_701' title='bbox 1666 5029 1766 5122; x_wconf 40' lang='lat' dir='ltr'><strong>fit</strong></span> <span class='ocrx_word' id='word_1_702' title='bbox 1782 5029 1924 5122; x_wconf 79' lang='lat' dir='ltr'><strong>illam</strong></span> 
     </span>
    </p>
   </div>
   <div class='ocr_carea' id='block_1_97' title="bbox 340 5120 1925 5212">
    <p class='ocr_par' dir='ltr' id='par_1_97' title="bbox 340 5120 1925 5212">
     <span class='ocr_line' id='line_1_97' title="bbox 340 5120 1925 5212; baseline -0.015 -17"><span class='ocrx_word' id='word_1_703' title='bbox 340 5120 553 5212; x_wconf 81' lang='lat' dir='ltr'><strong>adjuua.</strong></span> <span class='ocrx_word' id='word_1_704' title='bbox 585 5136 650 5190; x_wconf 83' lang='lat' dir='ltr'><strong>Et</strong></span> <span class='ocrx_word' id='word_1_705' title='bbox 679 5133 919 5205; x_wconf 83' lang='lat' dir='ltr'><strong>proiecto</strong></span> <span class='ocrx_word' id='word_1_706' title='bbox 961 5138 1090 5185; x_wconf 83' lang='lat' dir='ltr'><strong>ante</strong></span> <span class='ocrx_word' id='word_1_707' title='bbox 1135 5128 1207 5183; x_wconf 71' lang='lat' dir='ltr'><strong>S.‘</strong></span> <span class='ocrx_word' id='word_1_708' title='bbox 1232 5126 1507 5180; x_wconf 86' lang='lat' dir='ltr'><strong>Zenonem</strong></span> <span class='ocrx_word' id='word_1_709' title='bbox 1562 5123 1621 5177; x_wconf 91' lang='lat' dir='ltr'><strong>S.</strong></span> <span class='ocrx_word' id='word_1_710' title='bbox 1664 5120 1925 5212; x_wconf 80' lang='lat' dir='ltr'><strong>Proculus</strong></span> 
     </span>
    </p>
   </div>
   <div class='ocr_carea' id='block_1_98' title="bbox 341 5210 1927 5288">
    <p class='ocr_par' dir='ltr' id='par_1_98' title="bbox 341 5210 1927 5288">
     <span class='ocr_line' id='line_1_98' title="bbox 341 5210 1927 5288; baseline -0.015 0"><span class='ocrx_word' id='word_1_711' title='bbox 341 5210 665 5288; x_wconf 52' lang='lat' dir='ltr'><strong>inuocatur:</strong></span> <span class='ocrx_word' id='word_1_712' title='bbox 721 5235 775 5278; x_wconf 85' lang='lat' dir='ltr'><strong>at</strong></span> <span class='ocrx_word' id='word_1_713' title='bbox 806 5237 868 5278; x_wconf 81' lang='lat' dir='ltr'><strong>ea</strong></span> <span class='ocrx_word' id='word_1_714' title='bbox 897 5217 1106 5277; x_wconf 83' lang='lat' dir='ltr'><strong>ratione</strong></span> <span class='ocrx_word' id='word_1_715' title='bbox 1156 5218 1408 5288; x_wconf 72' lang='lat' dir='ltr'><strong>superius</strong></span> <span class='ocrx_word' id='word_1_716' title='bbox 1461 5214 1734 5279; x_wconf 85' lang='lat' dir='ltr'><strong>adducta,</strong></span> <span class='ocrx_word' id='word_1_717' title='bbox 1783 5210 1927 5282; x_wconf 91' lang='lat' dir='ltr'><strong>quod</strong></span> 
     </span>
    </p>
   </div>
   <div class='ocr_carea' id='block_1_99' title="bbox 340 5305 1930 5382">
    <p class='ocr_par' dir='ltr' id='par_1_99' title="bbox 340 5305 1930 5382">
     <span class='ocr_line' id='line_1_99' title="bbox 340 5305 1930 5382; baseline -0.013 -3"><span class='ocrx_word' id='word_1_718' title='bbox 340 5325 548 5379; x_wconf 89' lang='lat' dir='ltr'><strong>scilicet</strong></span> <span class='ocrx_word' id='word_1_719' title='bbox 573 5318 752 5374; x_wconf 86' lang='lat' dir='ltr'><strong>omnia</strong></span> <span class='ocrx_word' id='word_1_720' title='bbox 800 5314 1017 5382; x_wconf 85' lang='lat' dir='ltr'><strong>antiqua</strong></span> <span class='ocrx_word' id='word_1_721' title='bbox 1047 5310 1380 5367; x_wconf 84' lang='lat' dir='ltr'><strong>Veronensia</strong></span> <span class='ocrx_word' id='word_1_722' title='bbox 1431 5316 1780 5362; x_wconf 87' lang='lat' dir='ltr'><strong>monumenta</strong></span> <span class='ocrx_word' id='word_1_723' title='bbox 1830 5305 1930 5360; x_wconf 89' lang='lat' dir='ltr'><strong>sub</strong></span> 
     </span>
    </p>
   </div>
   <div class='ocr_carea' id='block_1_100' title="bbox 344 5400 1929 5484">
    <p class='ocr_par' dir='ltr' id='par_1_100' title="bbox 344 5400 1929 5484">
     <span class='ocr_line' id='line_1_100' title="bbox 344 5400 1929 5484; baseline -0.011 -14"><span class='ocrx_word' id='word_1_724' title='bbox 344 5415 572 5484; x_wconf 86' lang='lat' dir='ltr'><strong>imperio</strong></span> <span class='ocrx_word' id='word_1_725' title='bbox 603 5406 876 5465; x_wconf 81' lang='lat' dir='ltr'><strong>Maximini</strong></span> <span class='ocrx_word' id='word_1_726' title='bbox 900 5418 1000 5474; x_wconf 84' lang='lat' dir='ltr'><strong>per</strong></span> <span class='ocrx_word' id='word_1_727' title='bbox 1031 5415 1273 5457; x_wconf 83' lang='lat' dir='ltr'><strong>errorem</strong></span> <span class='ocrx_word' id='word_1_728' title='bbox 1303 5403 1360 5458; x_wconf 81' lang='lat' dir='ltr'><strong>S.</strong></span> <span class='ocrx_word' id='word_1_729' title='bbox 1396 5400 1683 5471; x_wconf 70' lang='lat' dir='ltr'><strong>Proculum</strong></span> <span class='ocrx_word' id='word_1_730' title='bbox 1732 5412 1929 5467; x_wconf 70' lang='lat' dir='ltr'><strong>posue-</strong></span> 
     </span>
    </p>
   </div>
   <div class='ocr_carea' id='block_1_101' title="bbox 344 5493 1929 5575">
    <p class='ocr_par' dir='ltr' id='par_1_101' title="bbox 344 5493 1929 5575">
     <span class='ocr_line' id='line_1_101' title="bbox 344 5493 1929 5575; baseline -0.009 -12"><span class='ocrx_word' id='word_1_731' title='bbox 344 5517 490 5572; x_wconf 90' lang='lat' dir='ltr'><strong>runt,</strong></span> <span class='ocrx_word' id='word_1_732' title='bbox 517 5503 661 5575; x_wconf 88' lang='lat' dir='ltr'><strong>quod</strong></span> <span class='ocrx_word' id='word_1_733' title='bbox 688 5508 745 5556; x_wconf 85' lang='lat' dir='ltr'><strong>et</strong></span> <span class='ocrx_word' id='word_1_734' title='bbox 774 5503 824 5553; x_wconf 90' lang='lat' dir='ltr'><strong>in</strong></span> <span class='ocrx_word' id='word_1_735' title='bbox 854 5497 976 5551; x_wconf 89' lang='lat' dir='ltr'><strong>aliis</strong></span> <span class='ocrx_word' id='word_1_736' title='bbox 1013 5494 1372 5549; x_wconf 73' lang='lat' dir='ltr'><strong>monumentis</strong></span> <span class='ocrx_word' id='word_1_737' title='bbox 1406 5509 1437 5546; x_wconf 90' lang='lat' dir='ltr'><strong>a</strong></span> <span class='ocrx_word' id='word_1_738' title='bbox 1466 5494 1704 5548; x_wconf 90' lang='lat' dir='ltr'><strong>Dominis</strong></span> <span class='ocrx_word' id='word_1_739' title='bbox 1755 5493 1929 5550; x_wconf 56' lang='lat' dir='ltr'><strong>Balleo</strong></span> 
     </span>
    </p>
   </div>
   <div class='ocr_carea' id='block_1_102' title="bbox 343 5580 1263 5656">
    <p class='ocr_par' dir='ltr' id='par_1_102' title="bbox 343 5580 1263 5656">
     <span class='ocr_line' id='line_1_102' title="bbox 343 5580 1263 5656; baseline -0.017 0"><span class='ocrx_word' id='word_1_740' title='bbox 343 5603 495 5656; x_wconf 87' lang='lat' dir='ltr'><strong>riniis</strong></span> <span class='ocrx_word' id='word_1_741' title='bbox 526 5597 703 5651; x_wconf 86' lang='lat' dir='ltr'><strong>allatis</strong></span> <span class='ocrx_word' id='word_1_742' title='bbox 728 5580 1045 5652; x_wconf 83' lang='lat' dir='ltr'><strong>notandum.</strong></span> <span class='ocrx_word' id='word_1_743' title='bbox 1126 5605 1130 5608; x_wconf 82' lang='lat'>&#39;</span> <span class='ocrx_word' id='word_1_744' title='bbox 1261 5653 1263 5656; x_wconf 15' lang='lat'><strong><em>,</em></strong></span> 
     </span>
    </p>
   </div>
   <div class='ocr_carea' id='block_1_103' title="bbox 416 5676 1929 5762">
    <p class='ocr_par' dir='ltr' id='par_1_103' title="bbox 416 5676 1929 5762">
     <span class='ocr_line' id='line_1_103' title="bbox 416 5676 1929 5762; baseline -0.007 -17"><span class='ocrx_word' id='word_1_745' title='bbox 416 5691 599 5759; x_wconf 85' lang='lat' dir='ltr'><strong>Neque</strong></span> <span class='ocrx_word' id='word_1_746' title='bbox 639 5687 692 5741; x_wconf 95' lang='lat' dir='ltr'><strong>in</strong></span> <span class='ocrx_word' id='word_1_747' title='bbox 740 5683 983 5762; x_wconf 68' lang='lat' dir='ltr'><strong>Ecclesia</strong></span> <span class='ocrx_word' id='word_1_748' title='bbox 1002 5677 1396 5743; x_wconf 53' lang='lat' dir='ltr'><strong>merosiana</strong></span> <span class='ocrx_word' id='word_1_749' title='bbox 1422 5677 1476 5734; x_wconf 88' lang='lat' dir='ltr'><strong>in</strong></span> <span class='ocrx_word' id='word_1_750' title='bbox 1503 5676 1724 5734; x_wconf 87' lang='lat' dir='ltr'><strong>Canone</strong></span> <span class='ocrx_word' id='word_1_751' title='bbox 1751 5679 1929 5735; x_wconf 60' lang='lat' dir='ltr'><strong>Missa:</strong></span> 
     </span>
    </p>
   </div>
   <div class='ocr_carea' id='block_1_104' title="bbox 346 5770 1926 5848">
    <p class='ocr_par' dir='ltr' id='par_1_104' title="bbox 346 5770 1926 5848">
     <span class='ocr_line' id='line_1_104' title="bbox 346 5770 1926 5848; baseline -0.006 -12"><span class='ocrx_word' id='word_1_752' title='bbox 346 5771 617 5838; x_wconf 39' lang='lat' dir='ltr'><strong>tam&#39;antc</strong></span> <span class='ocrx_word' id='word_1_753' title='bbox 674 5792 834 5848; x_wconf 84' lang='lat' dir='ltr'><strong>quam</strong></span> <span class='ocrx_word' id='word_1_754' title='bbox 883 5780 1003 5844; x_wconf 72' lang='lat' dir='ltr'><strong>post</strong></span> <span class='ocrx_word' id='word_1_755' title='bbox 1050 5770 1515 5829; x_wconf 82' lang='lat' dir='ltr'><strong>consecrationem</strong></span> <span class='ocrx_word' id='word_1_756' title='bbox 1537 5771 1674 5826; x_wconf 89' lang='lat' dir='ltr'><strong>ordo</strong></span> <span class='ocrx_word' id='word_1_757' title='bbox 1721 5773 1926 5827; x_wconf 79' lang='lat' dir='ltr'><strong>servari</strong></span> 
     </span>
    </p>
   </div>
   <div class='ocr_carea' id='block_1_105' title="bbox 2022 4658 3614 4734">
    <p class='ocr_par' dir='ltr' id='par_1_105' title="bbox 2022 4658 3614 4734">
     <span class='ocr_line' id='line_1_105' title="bbox 2022 4658 3614 4734; baseline 0.005 -22"><span class='ocrx_word' id='word_1_758' title='bbox 2022 4658 2252 4730; x_wconf 78' lang='lat' dir='ltr'><strong>emergit</strong></span> <span class='ocrx_word' id='word_1_759' title='bbox 2276 4658 2342 4713; x_wconf 86' lang='lat' dir='ltr'><strong>ad</strong></span> <span class='ocrx_word' id='word_1_760' title='bbox 2376 4659 2563 4727; x_wconf 83' lang='lat' dir='ltr'><strong>Sancti</strong></span> <span class='ocrx_word' id='word_1_761' title='bbox 2580 4661 2807 4732; x_wconf 88' lang='lat' dir='ltr'><strong>alicuius</strong></span> <span class='ocrx_word' id='word_1_762' title='bbox 2836 4664 3273 4718; x_wconf 87' lang='lat' dir='ltr'><strong>constituendam</strong></span> <span class='ocrx_word' id='word_1_763' title='bbox 3303 4664 3614 4734; x_wconf 84' lang='lat' dir='ltr'><strong>Epocbam,</strong></span> 
     </span>
    </p>
   </div>
   <div class='ocr_carea' id='block_1_106' title="bbox 2024 4751 3621 4827">
    <p class='ocr_par' dir='ltr' id='par_1_106' title="bbox 2024 4751 3621 4827">
     <span class='ocr_line' id='line_1_106' title="bbox 2024 4751 3621 4827; baseline 0.007 -23"><span class='ocrx_word' id='word_1_764' title='bbox 2024 4751 2302 4819; x_wconf 88' lang='lat' dir='ltr'><strong>potissime</strong></span> <span class='ocrx_word' id='word_1_765' title='bbox 2329 4759 2456 4808; x_wconf 83' lang='lat' dir='ltr'><strong>vero</strong></span> <span class='ocrx_word' id='word_1_766' title='bbox 2484 4754 2540 4809; x_wconf 93' lang='lat' dir='ltr'><strong>S.</strong></span> <span class='ocrx_word' id='word_1_767' title='bbox 2575 4753 2827 4823; x_wconf 87' lang='lat' dir='ltr'><strong>Zenonis,</strong></span> <span class='ocrx_word' id='word_1_768' title='bbox 2853 4771 2977 4810; x_wconf 89' lang='lat' dir='ltr'><strong>cum</strong></span> <span class='ocrx_word' id='word_1_769' title='bbox 3013 4756 3158 4810; x_wconf 89' lang='lat' dir='ltr'><strong>nullo</strong></span> <span class='ocrx_word' id='word_1_770' title='bbox 3211 4756 3373 4813; x_wconf 89' lang='lat' dir='ltr'><strong>modo</strong></span> <span class='ocrx_word' id='word_1_771' title='bbox 3416 4757 3621 4827; x_wconf 87' lang='lat' dir='ltr'><strong>probe-</strong></span> 
     </span>
    </p>
   </div>
   <div class='ocr_carea' id='block_1_107' title="bbox 2026 4845 3622 4920">
    <p class='ocr_par' dir='ltr' id='par_1_107' title="bbox 2026 4845 3622 4920">
     <span class='ocr_line' id='line_1_107' title="bbox 2026 4845 3622 4920; baseline 0.008 -23"><span class='ocrx_word' id='word_1_772' title='bbox 2026 4845 2114 4898; x_wconf 90' lang='lat' dir='ltr'><strong>tur</strong></span> <span class='ocrx_word' id='word_1_773' title='bbox 2145 4854 2267 4900; x_wconf 92' lang='lat' dir='ltr'><strong>octo</strong></span> <span class='ocrx_word' id='word_1_774' title='bbox 2315 4847 2608 4916; x_wconf 86' lang='lat' dir='ltr'><strong>primorum</strong></span> <span class='ocrx_word' id='word_1_775' title='bbox 2662 4849 3040 4920; x_wconf 88' lang='lat' dir='ltr'><strong>episcoporum</strong></span> <span class='ocrx_word' id='word_1_776' title='bbox 3090 4849 3482 4908; x_wconf 78' lang='lat' dir='ltr'><strong>Veronensium</strong></span> <span class='ocrx_word' id='word_1_777' title='bbox 3529 4867 3622 4908; x_wconf 88' lang='lat' dir='ltr'><strong>se-</strong></span> 
     </span>
    </p>
   </div>
   <div class='ocr_carea' id='block_1_108' title="bbox 2025 4938 3618 5016">
    <p class='ocr_par' dir='ltr' id='par_1_108' title="bbox 2025 4938 3618 5016">
     <span class='ocr_line' id='line_1_108' title="bbox 2025 4938 3618 5016; baseline 0.008 -26"><span class='ocrx_word' id='word_1_778' title='bbox 2025 4938 2160 5007; x_wconf 78' lang='lat' dir='ltr'><strong>riem</strong></span> <span class='ocrx_word' id='word_1_779' title='bbox 2189 4953 2221 4992; x_wconf 92' lang='lat' dir='ltr'><strong>e</strong></span> <span class='ocrx_word' id='word_1_780' title='bbox 2241 4939 2507 5010; x_wconf 87' lang='lat' dir='ltr'><strong>diptychis</strong></span> <span class='ocrx_word' id='word_1_781' title='bbox 2534 4940 2776 5010; x_wconf 86' lang='lat' dir='ltr'><strong>ejusdem</strong></span> <span class='ocrx_word' id='word_1_782' title='bbox 2809 4942 3064 4998; x_wconf 66' lang='lat' dir='ltr'><strong>Ecclesiae</strong></span> <span class='ocrx_word' id='word_1_783' title='bbox 3091 4944 3453 5016; x_wconf 85' lang='lat' dir='ltr'><strong>desumptam,</strong></span> <span class='ocrx_word' id='word_1_784' title='bbox 3512 4962 3618 5002; x_wconf 79' lang='lat' dir='ltr'><strong>ne-</strong></span> 
     </span>
    </p>
   </div>
   <div class='ocr_carea' id='block_1_109' title="bbox 2026 5023 3619 5113">
    <p class='ocr_par' dir='ltr' id='par_1_109' title="bbox 2026 5023 3619 5113">
     <span class='ocr_line' id='line_1_109' title="bbox 2026 5023 3619 5113; baseline 0.008 -31"><span class='ocrx_word' id='word_1_785' title='bbox 2026 5045 2129 5100; x_wconf 89' lang='lat' dir='ltr'><strong>que</strong></span> <span class='ocrx_word' id='word_1_786' title='bbox 2159 5031 2264 5084; x_wconf 90' lang='lat' dir='ltr'><strong>ulla</strong></span> <span class='ocrx_word' id='word_1_787' title='bbox 2301 5032 2609 5101; x_wconf 74' lang='lat' dir='ltr'><strong>huiusmodi</strong></span> <span class='ocrx_word' id='word_1_788' title='bbox 2659 5034 2925 5106; x_wconf 83' lang='lat' dir='ltr'><strong>diptycha‘</strong></span> <span class='ocrx_word' id='word_1_789' title='bbox 2967 5036 3198 5106; x_wconf 89' lang='lat' dir='ltr'><strong>amplius</strong></span> <span class='ocrx_word' id='word_1_790' title='bbox 3245 5023 3619 5113; x_wconf 83' lang='lat' dir='ltr'><strong>reperiantur.</strong></span> 
     </span>
    </p>
   </div>
   <div class='ocr_carea' id='block_1_110' title="bbox 2027 5122 3623 5198">
    <p class='ocr_par' dir='ltr' id='par_1_110' title="bbox 2027 5122 3623 5198">
     <span class='ocr_line' id='line_1_110' title="bbox 2027 5122 3623 5198; baseline 0.009 -23"><span class='ocrx_word' id='word_1_791' title='bbox 2027 5122 2374 5193; x_wconf 79' lang='lat' dir='ltr'><strong>Compertum</strong></span> <span class='ocrx_word' id='word_1_792' title='bbox 2404 5127 2582 5196; x_wconf 87' lang='lat' dir='ltr'><strong>itaque</strong></span> <span class='ocrx_word' id='word_1_793' title='bbox 2602 5141 2724 5182; x_wconf 90' lang='lat' dir='ltr'><strong>cum</strong></span> <span class='ocrx_word' id='word_1_794' title='bbox 2757 5129 2848 5196; x_wconf 90' lang='lat' dir='ltr'><strong>sit,</strong></span> <span class='ocrx_word' id='word_1_795' title='bbox 2876 5143 2973 5198; x_wconf 87' lang='lat' dir='ltr'><strong>per</strong></span> <span class='ocrx_word' id='word_1_796' title='bbox 2998 5145 3235 5186; x_wconf 90' lang='lat' dir='ltr'><strong>errorem</strong></span> <span class='ocrx_word' id='word_1_797' title='bbox 3289 5131 3349 5187; x_wconf 90' lang='lat' dir='ltr'><strong>S.</strong></span> <span class='ocrx_word' id='word_1_798' title='bbox 3411 5131 3623 5188; x_wconf 87' lang='lat' dir='ltr'><strong>Procu-</strong></span> 
     </span>
    </p>
   </div>
   <div class='ocr_carea' id='block_1_111' title="bbox 2028 5210 3617 5292">
    <p class='ocr_par' dir='ltr' id='par_1_111' title="bbox 2028 5210 3617 5292">
     <span class='ocr_line' id='line_1_111' title="bbox 2028 5210 3617 5292; baseline 0.007 -24"><span class='ocrx_word' id='word_1_799' title='bbox 2028 5215 2135 5269; x_wconf 90' lang='lat' dir='ltr'><strong>lum</strong></span> <span class='ocrx_word' id='word_1_800' title='bbox 2167 5225 2361 5285; x_wconf 87' lang='lat' dir='ltr'><strong>quarto</strong></span> <span class='ocrx_word' id='word_1_801' title='bbox 2388 5218 2506 5274; x_wconf 91' lang='lat' dir='ltr'><strong>loco</strong></span> <span class='ocrx_word' id='word_1_802' title='bbox 2525 5219 2679 5274; x_wconf 89' lang='lat' dir='ltr'><strong>.inter</strong></span> <span class='ocrx_word' id='word_1_803' title='bbox 2703 5219 3047 5277; x_wconf 87' lang='lat' dir='ltr'><strong>Veronenses</strong></span> <span class='ocrx_word' id='word_1_804' title='bbox 3079 5221 3373 5292; x_wconf 89' lang='lat' dir='ltr'><strong>Episcopos</strong></span> <span class='ocrx_word' id='word_1_805' title='bbox 3417 5210 3617 5279; x_wconf 78' lang='lat' dir='ltr'><strong>recen-</strong></span> 
     </span>
    </p>
   </div>
   <div class='ocr_carea' id='block_1_112' title="bbox 2027 5301 3621 5386">
    <p class='ocr_par' dir='ltr' id='par_1_112' title="bbox 2027 5301 3621 5386">
     <span class='ocr_line' id='line_1_112' title="bbox 2027 5301 3621 5386; baseline 0.005 -22"><span class='ocrx_word' id='word_1_806' title='bbox 2027 5304 2189 5364; x_wconf 86' lang='lat' dir='ltr'><strong>situm</strong></span> <span class='ocrx_word' id='word_1_807' title='bbox 2223 5309 2408 5376; x_wconf 83' lang='lat' dir='ltr'><strong>fuisse,</strong></span> <span class='ocrx_word' id='word_1_808' title='bbox 2439 5327 2616 5381; x_wconf 89' lang='lat' dir='ltr'><strong>neque</strong></span> <span class='ocrx_word' id='word_1_809' title='bbox 2639 5312 2743 5366; x_wconf 88' lang='lat' dir='ltr'><strong>ulla</strong></span> <span class='ocrx_word' id='word_1_810' title='bbox 2767 5323 3013 5382; x_wconf 88' lang='lat' dir='ltr'><strong>suppetat</strong></span> <span class='ocrx_word' id='word_1_811' title='bbox 3043 5315 3199 5380; x_wconf 88' lang='lat' dir='ltr'><strong>ratio,</strong></span> <span class='ocrx_word' id='word_1_812' title='bbox 3223 5330 3328 5386; x_wconf 90' lang='lat' dir='ltr'><strong>qua</strong></span> <span class='ocrx_word' id='word_1_813' title='bbox 3353 5301 3621 5384; x_wconf 88' lang='lat' dir='ltr'><strong>probetur</strong></span> 
     </span>
    </p>
   </div>
   <div class='ocr_carea' id='block_1_113' title="bbox 2034 5400 3623 5479">
    <p class='ocr_par' dir='ltr' id='par_1_113' title="bbox 2034 5400 3623 5479">
     <span class='ocr_line' id='line_1_113' title="bbox 2034 5400 3623 5479; baseline 0.008 -25"><span class='ocrx_word' id='word_1_814' title='bbox 2034 5400 2360 5473; x_wconf 81' lang='lat' dir='ltr'><strong>Rliythmum</strong></span> <span class='ocrx_word' id='word_1_815' title='bbox 2388 5403 2654 5475; x_wconf 86' lang='lat' dir='ltr'><strong>Anonymi</strong></span> <span class='ocrx_word' id='word_1_816' title='bbox 2686 5404 2950 5474; x_wconf 87' lang='lat' dir='ltr'><strong>Pipiniani</strong></span> <span class='ocrx_word' id='word_1_817' title='bbox 2980 5422 3010 5462; x_wconf 91' lang='lat' dir='ltr'><strong>e</strong></span> <span class='ocrx_word' id='word_1_818' title='bbox 3040 5405 3309 5479; x_wconf 89' lang='lat' dir='ltr'><strong>diptychis</strong></span> <span class='ocrx_word' id='word_1_819' title='bbox 3358 5410 3623 5466; x_wconf 64' lang='lat' dir='ltr'><strong>Ecclesiae</strong></span> 
     </span>
    </p>
   </div>
   <div class='ocr_carea' id='block_1_114' title="bbox 2036 5492 3622 5575">
    <p class='ocr_par' dir='ltr' id='par_1_114' title="bbox 2036 5492 3622 5575">
     <span class='ocr_line' id='line_1_114' title="bbox 2036 5492 3622 5575; baseline 0.009 -29"><span class='ocrx_word' id='word_1_820' title='bbox 2036 5493 2368 5552; x_wconf 86' lang='lat' dir='ltr'><strong>Veronensis</strong></span> <span class='ocrx_word' id='word_1_821' title='bbox 2388 5498 2766 5553; x_wconf 87' lang='lat' dir='ltr'><strong>concinnatum</strong></span> <span class='ocrx_word' id='word_1_822' title='bbox 2797 5492 3008 5556; x_wconf 78' lang='lat' dir='ltr'><strong>fuisse:</strong></span> <span class='ocrx_word' id='word_1_823' title='bbox 3036 5500 3290 5572; x_wconf 90' lang='lat' dir='ltr'><strong>Ordoque</strong></span> <span class='ocrx_word' id='word_1_824' title='bbox 3313 5501 3622 5575; x_wconf 72' lang='lat' dir='ltr'><strong>Episcopo-</strong></span> 
     </span>
    </p>
   </div>
   <div class='ocr_carea' id='block_1_115' title="bbox 2033 5580 3622 5668">
    <p class='ocr_par' dir='ltr' id='par_1_115' title="bbox 2033 5580 3622 5668">
     <span class='ocr_line' id='line_1_115' title="bbox 2033 5580 3622 5668; baseline 0.007 -27"><span class='ocrx_word' id='word_1_825' title='bbox 2033 5602 2151 5665; x_wconf 88' lang='lat' dir='ltr'><strong>rum</strong></span> <span class='ocrx_word' id='word_1_826' title='bbox 2176 5580 2390 5644; x_wconf 78' lang='lat' dir='ltr'><strong>licetex</strong></span> <span class='ocrx_word' id='word_1_827' title='bbox 2441 5589 2631 5645; x_wconf 91' lang='lat' dir='ltr'><strong>iisdem</strong></span> <span class='ocrx_word' id='word_1_828' title='bbox 2660 5591 2931 5664; x_wconf 86' lang='lat' dir='ltr'><strong>diptychis</strong></span> <span class='ocrx_word' id='word_1_829' title='bbox 2981 5592 3342 5668; x_wconf 40' lang='lat' dir='ltr'><strong>desumptus»</strong></span> <span class='ocrx_word' id='word_1_830' title='bbox 3398 5603 3622 5667; x_wconf 86' lang='lat' dir='ltr'><strong>tempus</strong></span> 
     </span>
    </p>
   </div>
   <div class='ocr_carea' id='block_1_116' title="bbox 2031 5679 3621 5753">
    <p class='ocr_par' dir='ltr' id='par_1_116' title="bbox 2031 5679 3621 5753">
     <span class='ocr_line' id='line_1_116' title="bbox 2031 5679 3621 5753; baseline 0.008 -21"><span class='ocrx_word' id='word_1_831' title='bbox 2031 5686 2087 5733; x_wconf 89' lang='lat' dir='ltr'><strong>et</strong></span> <span class='ocrx_word' id='word_1_832' title='bbox 2113 5679 2306 5736; x_wconf 90' lang='lat' dir='ltr'><strong>seriem</strong></span> <span class='ocrx_word' id='word_1_833' title='bbox 2341 5680 2728 5752; x_wconf 88' lang='lat' dir='ltr'><strong>Episcoporum</strong></span> <span class='ocrx_word' id='word_1_834' title='bbox 2760 5685 2981 5740; x_wconf 92' lang='lat' dir='ltr'><strong>minime</strong></span> <span class='ocrx_word' id='word_1_835' title='bbox 3007 5685 3307 5740; x_wconf 88' lang='lat' dir='ltr'><strong>ordinatam</strong></span> <span class='ocrx_word' id='word_1_836' title='bbox 3329 5686 3621 5753; x_wconf 82' lang='lat' dir='ltr'><strong>exhibere,</strong></span> 
     </span>
    </p>
   </div>
   <div class='ocr_carea' id='block_1_117' title="bbox 2031 5773 3624 5844">
    <p class='ocr_par' dir='ltr' id='par_1_117' title="bbox 2031 5773 3624 5844">
     <span class='ocr_line' id='line_1_117' title="bbox 2031 5773 3624 5844; baseline 0.007 -16"><span class='ocrx_word' id='word_1_837' title='bbox 2031 5773 2233 5828; x_wconf 88' lang='lat' dir='ltr'><strong>corruit</strong></span> <span class='ocrx_word' id='word_1_838' title='bbox 2262 5783 2637 5844; x_wconf 84' lang='lat' dir='ltr'><strong>argumentum</strong></span> <span class='ocrx_word' id='word_1_839' title='bbox 2653 5792 2681 5830; x_wconf 92' lang='lat' dir='ltr'><strong>a</strong></span> <span class='ocrx_word' id='word_1_840' title='bbox 2697 5775 2938 5832; x_wconf 87' lang='lat' dir='ltr'><strong>Dominis</strong></span> <span class='ocrx_word' id='word_1_841' title='bbox 2963 5776 3271 5832; x_wconf 81' lang='lat' dir='ltr'><strong>Balleriniis</strong></span> <span class='ocrx_word' id='word_1_842' title='bbox 3295 5777 3624 5840; x_wconf 88' lang='lat' dir='ltr'><strong>deductum.</strong></span> 
     </span>
    </p>
   </div>
  </div>
