3822 6220
322 261 429 315 7‘21

1774 249 2248 310 DISSERTATIO.

3511 245 3615 300 72%

325 380 565 446 Quartus
595 382 765 451 itaque
810 379 1122 433 Veronensis
1173 378 1460 449 Episcopus
1509 376 1594 447 (8.
1638 371 1922 445 Proculus)
1953 381 2001 442 Α
2031 370 2139 424 lum
2166 368 2393 440 proinde
2415 377 2791 439 argumentum
2820 381 2884 420 ex
2910 362 3184 435 Rhythmo
3210 362 3370 416 aliato
3397 362 3502 431 peti
3524 377 3620 432 po.

320 483 513 541 quarto
544 474 763 528 ineunte
820 456 1022 527 surculo
1073 470 1271 524 ﬂoruit.
1313 468 1445 523 Cum
1498 482 1628 523 vero
1663 468 1722 523 S.
1778 465 1923 520 Zeno

319 570 725 646 octavusinter
743 567 1082 623 Veronenses
1111 566 1409 636 Episcopos
1432 572 1766 627 numeretur,
1799 562 1924 618 inde

318 644 685 725 concludunt,
717 668 840 729 post
870 644 1107 714 medium
1146 667 1393 729 quartttm
1436 657 1697 711 smculum
1728 655 1785 712 8.
1819 655 1921 711 Ze-

320 767 527 807 nonem
562 752 822 809 Ecclesirc
848 751 1153 807 Veronensi
1178 751 1478 823 prarfuissc.
1513 748 1582 805 At
1611 750 1755 805 enim
1796 763 1924 804 vero

321 846 459 901 licet
487 846 540 901 in
570 846 794 903 dubium
824 847 1067 901 revocati
1120 862 1227 900 non
1287 846 1476 914 possit,
1528 843 1585 899 S.
1636 842 1920 899 Proculum

318 950 512 1005 quarto
541 942 749 993 ineunte
774 939 967 995 steculo
993 938 1250 1010 ﬂoruisse,
1289 937 1419 991 illud
1442 951 1568 991 vero
1598 934 1786 989 falsum
1815 943 1919 999 est,

218 1020 227 1025 1
318 1046 397 1085 ex
421 1032 487 1086 iis
513 1047 634 1102 qua:
659 1046 821 1101 supra
872 1031 1230 1098 ostendimus,
1263 1028 1318 1085 S.
1351 1029 1637 1085 Proculum
1670 1036 1920 1098 quartum

318 1123 497 1180 fuisse
522 1125 846 1194 Episc0pnm
882 1123 1273 1180 Veronensem.
1305 1124 1450 1178 Vixit
1477 1124 1659 1193 itaque
1685 1122 1739 1177 8.
1774 1120 1922 1175 Pro-

316 1218 482 1274 culus
512 1220 664 1273 initio
693 1219 868 1289 quarti
898 1219 1104 1286 saeculi,
1130 1226 1185 1272 at
1212 1234 1317 1271 non
1355 1226 1479 1272 antc
1516 1217 1574 1271 8.
1618 1214 1917 1281 Zenonem,

316 1311 418 1380 qui
449 1308 676 1366 Gallieni
707 1318 868 1366 (etate
920 1319 1043 1381 post
1095 1309 1331 1364 medimn
1394 1307 1610 1363 tertium
1662 1306 1918 1361 saxulum

318 1404 937 1461 VeronensiCathedra:
960 1414 1190 1475 praeerat
1216 1447 1230 1469 ,
1256 1414 1313 1459 ut
1343 1404 1566 1459 inferius
1619 1404 1783 1458 etiam
1833 1415 1922 1456 os-

313 1495 648 1564 tendemus;
710 1511 888 1567 neque
934 1507 1160 1565 quartus
1219 1495 1522 1567 Episcopus
1589 1494 1920 1550 Veronensis

309 1590 581 1646 dicendus
602 1600 707 1656 est,
734 1588 829 1645 sed
850 1604 977 1667 cum.
998 1587 1226 1661 Ughello
1249 1605 1445 1655 nonus,
1469 1588 1525 1643 8.
1549 1586 1805 1652 Zenonis,
1831 1585 1920 1656 qui

308 1696 543 1742 octavus
571 1683 689 1751 fuit,
723 1698 1030 1739 successor.

2030 472 2132 519 test
2153 462 2219 517 ad
2251 462 2309 517 S.
2343 461 2581 517 Zenonis
2617 459 2888 532 Epocham
2938 468 3135 529 quarto
3169 452 3368 510 smeulo
3415 454 3619 508 consti-

2026 537 2281 612 tuenda-tn
2313 572 2327 620 ;
2354 570 2476 609 cum
2506 556 2563 610 8.
2593 553 2872 616 Proculus,
2910 550 3003 621 qui
3026 557 3219 621 quarto
3239 546 3470 601 ‘ineunte
3518 559 3621 599 sa:-

2026 653 2149 707 culo
2171 650 2540 706 Veronensem
2564 649 2783 719 regebat
2813 645 3110 702 Ecclesiam
3133 658 3342 708 errore,
3372 649 3433 697 ut
3461 655 3624 710 supra

2025 754 2301 800 ostensum
2331 750 2436 805 est,
2469 750 2662 811 quarto
2685 741 2804 794 loco
2849 741 2991 793 inter
3036 737 3322 807 episcopos
3352 734 3625 807 Veronen-

2026 852 2113 891 ses
2136 836 2442 903 descriptus
2464 833 2554 886 sit.
2586 832 2656 885 Et
2681 832 2739 887 8.
2771 831 3028 894 Lucilius,
3055 828 3145 899 qui
3174 838 3361 881 sextus
3409 824 3623 894 episco-

2027 942 2125 996 pus
2150 934 2485 990 numeratur,
2534 922 2790 977 Lucidius
2826 935 2951 975 vere
2995 921 3064 975 sit
3110 916 3468 972 nominandus
3500 957 3514 982 ,
3569 924 3624 968 et

2026 1019 2165 1074 alius
2194 1002 2264 1074 sit
2292 1034 2319 1070 a
2353 1018 2410 1073 8.
2438 1017 2662 1081 Lucilio,
2718 1017 2806 1086 qui
2839 1014 3149 1071 Sardicensi
3193 1012 3425 1067 concilio
3450 1011 3621 1065 inter-

2025 1110 2145 1176 fuit,
2180 1126 2301 1165 cum
2336 1111 2476 1165 inter
2504 1110 2841 1164 Veronenscs
2868 1110 3156 1179 episcomis
3196 1121 3487 1176 numquam
3518 1104 3624 1159 Lu-

2025 1205 2183 1260 cilius
2210 1204 2440 1275 legatur,
2471 1203 2566 1257 sed
2597 1203 2870 1257 Lucidius.
2896 1202 2977 1257 An
3001 1217 3129 1257 vere
3156 1200 3291 1254 falsa
3314 1200 3441 1265 sint,
3499 1213 3623 1268 qua:

2024 1297 2092 1353 de
2114 1296 2345 1353 Gallieni
2398 1296 2509 1351 tilia
2555 1296 2607 1350 in
2652 1296 2753 1349 hoc
2800 1295 2990 1350 eodem
3033 1292 3307 1364 Rhythmo
3348 1292 3620 1361 leguntur,

2024 1389 2187 1446 modo
2219 1389 2612 1460 inSpiciendum
2642 1398 2745 1443 est.

2027 1500 2178 1571 ςιιι.
2222 1502 2301 1556 De
2322 1504 2620 1557 narratione
2640 1500 2882 1557 Coronati
2910 1500 2960 1555 Ν
2968 1502 3117 1554 otarii
3138 1518 3225 1555 seu
3248 1502 3351 1555 vita
3370 1501 3431 1556 S.
3452 1501 3620 1556 Zeno—

2025 1594 2104 1651 nis
2120 1611 2151 1649 a
2177 1593 2431 1649 Coronato
2476 1593 2699 1669 Natario
2721 1594 2976 1661 descripta
2998 1635 3012 1657 ,
3036 1592 3158 1662 quid
3185 1593 3500 1647 sentiendum
3531 1593 3619 1648 sit.

2096 1694 2350 1750 Coronati
2390 1694 2592 1750 Notarii
2620 1695 2688 1750 de
2718 1694 2774 1751 8.
2801 1694 3019 1750 Zenone
3045 1695 3407 1749 narrationem
3432 1694 3623 1748 labulis

393 1779 616 1835 Sextum
671 1778 1040 1833 Veronensem
1095 1775 1406 1853 episc0pum
1461 1773 1562 1829 hoc
1618 1774 1669 1827 in
1722 1771 1902 1827 eodem

2109 1787 2531 1843 :ensentDcmini
2549 1787 2818 1842 Ballerinii
2844 1787 2927 1843 bis
2946 1786 3284 1859 potissimum
3321 1786 3618 1844 rationibus

309 1872 592 1945 Rhythmo
614 1870 879 1926 Lucilium
925 1870 1174 1941 legimus.
1214 1849 1457 1924 lluchD.
1486 1867 1758 1922 Ballerinii
1801 1866 1910 1920 Ln-

302 1967 513 2021 cillum-
542 1980 664 2021 esse
690 1965 1066 2028 contendunt,
1113 1965 1205 2034 qui
1256 1978 1401 2017 anno
1446 1962 1552 2017 547
1601 1959 1912 2029 Sardicensi
1949 1955 1953 1959 ’

302 2059 560 2113 Concilio
586 2058 930 2128 subscripsit.
981 2057 1048 2113 At
1080 2056 1181 2126 ipsi
1209 2071 1272 2112 ea
1300 2055 1632 2126 integritate,
1663 2068 1765 2123 qua
1792 2051 1908 2122 pol-

303 2153 450 2217 lent,
485 2152 536 2205 in
570 2150 669 2205 hac
702 2149 1042 2220 potissimum
1072 2148 1381 2203 Zenoniana
1410 2146 1650 2214 editione
1698 2153 1909 2211 notant,

302 2246 364 2300 in
426 2246 561 2301 actis
614 2242 1106 2315 Conciliiejusdcm
1149 2244 1486 2299 Sardicensis
1543 2243 1907 2311 subscriptum

300 2339 544 2410 reperiri
578 2340 824 2407 Lucium,
872 2339 1028 2394 sicuti
1071 2348 1121 2393 et
1174 2340 1225 2394 in
1272 2338 1542 2407 Synotlica
1595 2338 1660 2394 ad
1706 2336 1907 2393 Julium

301 2436 533 2505 Papam.
568 2433 793 2490 Lucium
819 2434 959 2490 hunc
988 2435 1238 2490 eumdem
1262 2449 1406 2498 csse,
1430 2449 1590 2503 quem
1645 2433 1703 2487 8.
1752 2430 1910 2488 Atha-

300 2530 520 2595 nasius,
552 2539 607 2584 et
634 2530 684 2583 in
717 2529 907 2599 prima,
936 2538 991 2585 et
1020 2532 1071 2583 in
1096 2527 1357 2593 secunda,
1409 2526 1477 2582 ad
1528 2526 1905 2581 Constantium
1942 2572 1955 2581 .

298 2629 569 2701 Apologia
616 2629 880 2686 Lucillum
937 2631 1226 2693 nominat,
1273 2645 1370 2700 pro
1406 2639 1557 2685 certo
1603 2625 1905 2684 habendum

301 2734 449 2796 puto
484 2741 499 2779 :
532 2740 652 2778 nam
684 2726 933 2795 quamvis
960 2726 1078 2795 ipse
1107 2740 1164 2779 sc
1189 2724 1413 2781 Lucium
1464 2724 1707 2779 nominet
1736 2766 1751 2790 ,
1807 2718 1907 2777 Lu—

296 2817 465 2873 cilius
488 2821 618 2890 forte
656 2819 717 2873 ob
750 2837 960 2889 parvam
1002 2829 1255 2875 staturam
1282 2819 1582 2874 diminutive
1632 2819 1785 2890 vulgo
1828 2819 1908 2872 di-

295 2922 419 2966 ctus
436 2912 553 2983 fuit,
570 2922 627 2967 ut
648 2913 808 2968 iidem
825 2913 1035 2968 Domini
1058 2911 1334 2967 Ballerinii
1350 2910 1553 2981 optime
1568 2919 1755 2964 notant
1777 2928 1787 2961 :
1813 2925 1907 2963 eu-

289 3006 393 3073 jus
417 3006 492 3060 rei
516 3007 823 3075 exemplum
840 3008 891 3061 in
909 3006 1210 3077 EpiscOpali
1234 3006 1484 3061 Oratorio
1504 2986 1820 3061 Pistoriensi
1844 3003 1900 3059 S.

296 3098 565 3152 Antonini
616 3097 871 3170 Episcopi
910 3098 1209 3171 Florentini
1238 3100 1465 3170 epistola
1496 3100 1712 3170 propria
1744 3116 1906 3154 manu

2018 1878 2259 1951 (Dissert.
2279 1898 2314 1949 t,
2335 1898 2449 1952 cap.
2476 1882 2528 1948 3,
2564 1880 2591 1953 §
2617 1881 2672 1953 3)
2694 1881 2902 1937 :Primo
2931 1883 3116 1937 mirum
3142 1882 3274 1936 illud
3291 1884 3618 1953 factum,quo

2016 1974 2171 2026 unica
2196 1972 2419 2029 Gallieni
2436 1976 2549 2044 ﬁlia
2568 1974 2773 2030 Zeno‘ne
2807 1975 2876 2028 ad
2897 1973 3270 2046 Imperatorem
3294 1992 3383 2048 per
3412 1978 3617 2031 nuntios

2013 2066 2177 2119 accito
2189 2082 2218 2118 a
2233 2066 2461 2120 dannone
2476 2066 2684 2121 liberata
2695 2068 2936 2135 traditur,
2953 2068 3083 2122 adeo
3102 2068 3300 2138 insigne
3323 2078 3370 2122 et
3394 2068 3618 2122 solemne

2014 2173 2120 2212 esse
2136 2159 2325 2225 debuit,
2354 2169 2405 2212 ut
2426 2162 2722 2216 incredibile
2738 2162 2889 2228 plane
2908 2162 3003 2228 sit,
3016 2163 3153 2232 quod
3176 2178 3263 2231 per
3278 2163 3499 2232 quinque
3517 2164 3617 2217 cir-

2012 2259 2139 2312 citer
2180 2258 2370 2312 saecula
2402 2258 2533 2311 nihil
2564 2256 2628 2312 de
2666 2258 2756 2311 illo
2792 2256 2972 2310 litteris
3003 2257 3258 2327 quispiam
3303 2257 3612 2327 prodiderit.

2018 2354 2341 2423 primusque,
2365 2352 2451 2421 qui
2473 2355 2587 2423 ejus
2615 2353 2792 2423 fecerit
2823 2352 3151 2416 mentionem,
3175 2352 3391 2427 septimo
3422 2352 3498 2404 vel
3522 2367 3606 2404 oc-

2014 2457 2132 2501 tavo
2153 2448 2346 2500 sarculo
2368 2444 2657 2500 Coronatus
2683 2443 2936 2500 Notarius
2962 2446 3134 2516 fuerit.
3166 2442 3299 2499 Dein
3324 2460 3535 2498 numero
3552 2444 3607 2509 5,

2013 2541 2405 2605 monasterium,
2432 2541 2485 2592 in
2528 2554 2628 2609 quo
2661 2538 2722 2593 S.
2763 2535 2906 2592 Zeno
2936 2554 3053 2590 cum
3104 2536 3334 2606 pluribus
3377 2536 3493 2590 aliis
3560 2548 3608 2590 et

2013 2635 2186 2710 eodem
2212 2635 2420 2703 quidem
2458 2632 2681 2688 Zenonis
2704 2633 2907 2685 nomine
2933 2624 3230 2701 appellatis,
3255 2630 3477 2701 degeret,
3508 2628 3610 2683 Ve-

2010 2746 2153 2784 rona:
2181 2730 2443 2802 publicum
2475 2728 2637 2795 fuisse
2665 2726 2925 2779 indicatur
2944 2766 2959 2788 ,
2982 2723 3119 2795 quod
3144 2722 3207 2776 de
3232 2723 3396 2776 tribus
3426 2722 3605 2791 primis

2010 2826 2231 2889 sazculis,
2263 2842 2377 2878 cum
2398 2822 2681 2878 Christiani
2704 2823 3115 2889 persecutionum
3145 2822 3300 2875 causa
3328 2821 3606 2882 latitantes,

2012 2915 2143 2971 nihil
2198 2915 2416 2987 publica:
2471 2916 2832 2985 ludiﬁcationis
2884 2912 3262 2983 praeferebant,
3313 2910 3652 2966 incredibiles

2011 3011 2218 3064 onmino
2240 3020 2332 3065 est.
2358 3008 2587 3064 Prmtera
2612 3008 2950 3080 Imperatoris
2972 3008 3174 3061 nomine
3209 3005 3350 3061 Zeno
3375 3016 3604 3079 rogatus,

2011 3114 2067 3157 ut
2087 3104 2250 3173 ﬁliam
2270 3098 2446 3179 ejus'a
2467 3104 2697 3159 dmmone
2737 3111 2971 3157 vexatam
2996 3111 3220 3166 sanaret,
3251 3116 3366 3153 cum
3394 3116 3455 3153 eo
3482 3115 3607 3168 pro-

298 3191 611 3260 suliscripta
636 3190 968 3263 suppeditat,
994 3207 1114 3262 qua:
1137 3192 1598 3247 intcrsanctorum
1634 3190 1906 3261 Reliquias
1934 3200 1979 3263 α
2014 3185 2179 3270 {éctus
2224 3198 2454 3268 ejecisset
2484 3197 2813 3263 daemonium,
2867 3209 3122 3251 coronam
3156 3192 3415 3265 regalem,
3454 3209 3609 3263 quam

295 3286 562 3342 distincta
580 3289 934 3343 veneratione
954 3286 1286 3353 custoditur;
1322 3288 1372 3341 in
1402 3302 1464 3343 ea
1482 3288 1625 3341 enim
1656 3302 1715 3341 se
1738 3288 1905 3367 Anto-

300 3385 456 3438 nium
482 3381 826 3453 subscripsit,
852 3399 958 3436 non
974 3382 1330 3450 Antoninum,
1363 3390 1419 3435 ut
1442 3381 1600 3450 vulgo
1624 3394 1899 3449 nuncupa-

301 3487 414 3529 Inr.
445 3474 714 3529 Lucillum
752 3475 933 3544 itaque
987 3472 1290 3528 Sardicensi
1351 3473 1584 3527 concilio
1617 3476 1773 3527 'anno
1798 3470 1904 3525 547

298 3568 695 3639 ετιὺςοτίρεὶςεεε
726 3568 920 3633 fateor,
953 3582 1127 3635 neque
1159 3565 1386 3636 Ughello
1437 3565 1707 3619 assentior
1740 3604 1756 3628 ,
1812 3564 1902 3633 qui

298 3661 482 3717 eidem
503 3661 749 3718 Concilio
778 3678 884 3715 non
914 3660 1196 3725 Lucillum,
1226 3660 1319 3715 sed
1345 3659 1604 3714 Lucidum
1631 3658 1906 3727 sabscrip-

300 3754 443 3808 sisse
470 3753 624 3808 dicit.
660 3752 1021 3807 Niliilotamen
1056 3751 1233 3805 minus
1266 3752 1405 3804 hunc
1465 3749 1727 3804 Lucillum
1778 3764 1901 3804 sex-

299 3858 417 3902 tum
448 3863 558 3903 non
610 3848 775 3903 fuisse
816 3847 1141 3917 Episcopum
1187 3847 1553 3901 Veronensem
1609 3859 1706 3913 pro
1755 3852 1906 3899 certo

304 3942 503 3997 habeo.
534 3940 588 3994 In
621 3939 896 4010 Rhythmu
919 3939 1118 3994 etenim
1143 3938 1381 3993 Lucilius
1406 3938 1599 4007 legitur
1630 3954 1726 4008 pro
1753 3937 1908 3991 Luci-

301 4033 417 4098 dio,
447 4048 559 4087 non
588 4031 829 4087 Lucillus
858 4047 955 4101 pro
980 4032 1152 4086 Lucio
1188 4051 1200 4087 :
1236 4048 1357 4086 nam
1406 4030 1548 4101 quod
1595 4045 1692 4100 pro
1738 4029 1907 4084 Lucio

302 4125 552 4181 Lucilius
573 4125 642 4179 sit
670 4133 913 4187 vocatus,
944 4125 1043 4180 hoc
1076 4126 1125 4179 in
1158 4126 1278 4179 aliis
1308 4124 1615 4179 nominibus
1670 4124 1907 4178 diminu-

303 4220 453 4274 tione
482 4218 718 4288 quadam
772 4219 1080 4289 frequenter
1130 4217 1365 4282 accidit;
1422 4193 1518 4288 pio
1563 4217 1725 4272 Lucio
1781 4231 1908 4271 vero

306 4316 393 4369 Vel
423 4314 635 4369 Lucillo
656 4313 918 4368 Lucidum
949 4315 1214 4380 scribere,
1267 4312 1409 4368 nulla
1457 4312 1746 4367 diminutio
1800 4321 1907 4376 cst,

303 4426 427 4478 qnze
460 4410 546 4463 vel
570 4414 833 4461 staturam
870 4407 1103 4462 hominis
1131 4448 1146 4472 ,
1188 4408 1269 4462 vel
1326 4406 1576 4461 allectum
1634 4406 1911 4476 proferen-

308 4502 377 4553 tis
399 4500 689 4568 exprimat,
727 4499 821 4554 sed
862 4500 1005 4554 aliud
1040 4515 1263 4572 prorsus
1312 4516 1530 4554 nomen.
1587 4500 1691 4555 Pro
1750 4501 1907 4555 Luci-

2012 3290 2122 3357 ipsc
2178 3287 2447 3344 Gallienus
2490 3291 2787 3359 imperator,
2842 3289 3022 3359 capite
3068 3302 3167 3342 suo
3215 3287 3494 3357 gestabat,
3543 3284 3607 3339 ab

2011 3384 2187 3435 eodem
2212 3383 2470 3457 accepisse
2496 3382 2738 3445 traditur,
2766 3398 2919 3453 quam
2947 3398 3069 3437 mox
3094 3380 3403 3452 pauperibus
3431 3381 3609 3457 distri-

2014 3475 2121 3529 buit
2145 3492 2163 3529 :
2189 3456 2303 3529 cum
2334 3485 2453 3529 ante
2476 3475 2806 3551 Aurelianum
2820 3474 2875 3527 id
2894 3475 3092 3551 generis
3112 3483 3470 3526 ornamentum
3501 3456 3607 3526 Ro-

2016 3568 2182 3621 manis
2211 3548 2617 3637 Imperatoribus
2644 3583 2746 3621 non
2779 3568 2935 3637 fuerit
2955 3568 3009 3620 in
3028 3548 3145 3620 utiu.
3176 3564 3301 3631 Quis
3331 3565 3448 3620 dein
3475 3566 3607 3619 tueri

2014 3661 2347 3730 probabiliter
2390 3663 2575 3732 poterit
2597 3663 2852 3715 ethnicum
2877 3661 3234 3732 imperatorem
3263 3658 3459 3714 Zenoni
3478 3676 3605 3740 con-

2011 3755 2242 3819 cessisse,
2297 3762 2353 3809 ut
2386 3754 2527 3808 idola
2556 3756 2736 3806 omnia
2762 3752 3092 3818 destrueret,
3120 3762 3176 3806 et
3201 3751 3253 3806 in
3280 3751 3482 3806 Christi
3508 3768 3607 3807 no-

2014 3848 2157 3902 mine
2188 3846 2462 3902 Ecclesias
2489 3846 2799 3910 fabricaret,
2826 3845 2978 3915 idque
3021 3861 3136 3898 cum
3168 3846 3213 3897 is
3250 3842 3500 3898 Veronam
3521 3861 3608 3899 re-

2010 3941 2241 4011 petisset,
2274 3940 2465 4010 faclum
2500 3937 2696 4009 fuisse?
2721 3939 2796 3991 ita
2826 3946 2880 3990 ut
2911 3954 3029 3990 cum
3057 3954 3120 3990 ne
3143 3954 3247 3990 una
3266 3938 3471 4006 quidem
3506 3955 3605 4004 pu-
3642 3928 3647 3929 ν

2011 4031 2143 4084 blica
2170 4030 2295 4084 alibi
2323 4030 2513 4085 Christi
2534 4030 2747 4084 ecclesia
2778 4029 2950 4098 fuerit.
2990 4027 3206 4083 Verona:
3230 4045 3319 4100 per
3346 4014 3604 4083 Zenonem

2014 4126 2343 4195 imperatoris
2371 4129 2484 4198 ejus
2514 4124 2758 4178 mandato
2804 4125 2977 4193 plures
3019 4124 3212 4195 fuerint
3264 4132 3604 4188 constructae,

2014 4220 2089 4274 uti
2121 4220 2358 4289 proditur
2378 4235 2593 4273 numero
2615 4220 2667 4273 7.
2697 4217 2802 4274 Sed
2831 4220 2985 4291 plura
3005 4219 3130 4281 alia,
3153 4234 3269 4285 qua:
3288 4219 3609 4273 considerari

2012 4313 2246 4383 possint,
2283 4312 2619 4379 omittamus;
2647 4311 2755 4367 haec
2805 4312 2939 4366 enim
2982 4312 3052 4365 ad
3103 4312 3416 4367 narrationis
3452 4312 3609 4381 hujus

2013 4406 2314 4477 ﬁgmentum
2341 4405 2803 4459 demonstrandum
2839 4407 2982 4477 apud
3025 4406 3235 4487 idoneos
3255 4394 3473 4480 judices
3487 4409 3612 4463 satis

2013 4516 2267 4570 superque
2288 4500 2410 4555 sint.

306 4574 399 4646 ilio
423 4593 688 4648 Lucilium
715 4593 815 4663 legi
867 4591 917 4646 id
948 4592 1297 4647 amanuensis
1343 4592 1473 4647 vitio
1525 4592 1640 4647 fieri
1694 4594 1906 4662 potuit:
1938 4603 1993 4664 Ῑ)
2090 4591 2365 4662 Tanquam
2417 4593 2679 4649 incertum
2724 4603 2778 4649 et
2849 4593 3071 4650 dubium
3118 4610 3215 4651 nos
3258 4597 3420 4650 etiam
3471 4595 3612 4653 hanc

306 4697 362 4741 et
386 4684 527 4740 forte
552 4686 809 4756 antiquus
834 4686 1113 4739 character
1154 4695 1394 4756 tempore
1436 4686 1668 4741 detritus
1714 4700 1910 4756 corpus

309 4778 580 4844 (inmisit,
624 4778 927 4848 lineamqne
967 4780 1217 4832 ltantum
1264 4779 1508 4843 retinuit,
1559 4794 1667 4847 quo
1712 4780 1908 4832 factum

309 4882 416 4935 cst,
447 4883 503 4925 nt
534 4886 636 4941 pro
668 4871 702 4923 d
731 4872 1123 4937 (scriberetur,
1154 4868 1218 4925 ‘et
1252 4886 1347 4940 pro
1387 4870 1612 4926 Lucidio
1653 4871 1908 4927 Lucilius.

309 4967 457 5021 Inter
492 4964 837 5021 Vcronenses
860 4980 1090 5035 namque
1112 4965 1363 5034 antiquos
1416 4963 1717 5034 Episcopos
1762 4963 1913 5018 Luci-

311 5059 437 5112 dius
467 5058 736 5127 reperitur
761 5068 815 5112 et
844 5056 1119 5123 Lucillus;
1154 5057 1394 5112 Lucilius
1422 5072 1550 5112 vero
1593 5073 1910 5127 numquam.

314 5152 383 5208 Et
410 5152 497 5207 hic
548 5151 805 5208 Lucidius
853 5153 1136 5206 sanctitate
1186 5152 1512 5221 conSpicuus
1547 5151 1775 5206 Veronae
1822 5167 1917 5207 co-

312 5248 462 5312 litur,
492 5247 560 5301 de
583 5263 690 5317 quo
721 5247 790 5300 ita
832 5245 1064 5301 habetur
1100 5247 1150 5300 in
1184 5246 1505 5302 Sanctorum
1540 5245 1919 5315 episcoporum

319 5341 720 5397 Veronensium
746 5339 985 5410 antiquis
1023 5338 1492 5394 monumentiszs.
1530 5338 1733 5393 Lucidii
1767 5338 1923 5405 Epis-

316 5437 437 5507 copi
463 5433 767 5488 Veronensis
782 5450 972 5502 corpus
985 5434 1248 5504 requiescit
1263 5434 1314 5485 in
1330 5431 1561 5486 Ecclesia
1576 5432 1635 5487 S.
1648 5434 1920 5501 Stephani,

316 5536 373 5580 ut
404 5542 467 5580 ea:
496 5526 674 5579 tabula
702 5535 898 5579 vetusta
928 5541 991 5577 ea:
1018 5523 1323 5577 membranis
1358 5523 1410 5575 in
1444 5523 1686 5579 Sacrario
1709 5524 1770 5581 S.
1802 5526 1938 5603 διαί

323 5621 510 5692 phani,
540 5634 606 5673 ea:
636 5616 917 5671 Francisco
941 5615 1132 5680 Carna,
1188 5626 1233 5667 et
1283 5633 1347 5669 ea:
1381 5617 1554 5669 tabula
1611 5616 1918 5671 Sanctorum

318 5714 408 5767 die
431 5712 505 5767 26
536 5710 730 5782 Aprilis
764 5709 828 5761 de
855 5709 1037 5853 (qubus
1058 5723 1239 5776 supra.
1276 5708 1347 5761 De
1367 5707 1556 5762 eodem
1608 5708 1829 5764 Lucidio
1850 5710 1918 5765 ‘26

325 5805 534 5853 Antilis
560 5801 815 5853 meminit
849 5818 876 5849 ρ
927 5799 1368 5853 Martvroloaium
1419 5801 1738 5853 Romanum.
1790 5799 1918 5853 an~

849 5818 876 5849 Ρ

324 5805 534 5874 Aprilis
560 5801 815 5860 meminit

927 5799 1368 5911 Martitrqlogium
1419 5801 1738 5858 Romanum.
1790 5799 1939 5881 Niil~_

2016 4682 2272 4739 Coronati
2300 4687 2662 4742 narrationem
2689 4686 2976 4755 rejecimus
2999 4694 3217 4759 propter
3235 4687 3608 4745 diversitatem

2016 4778 2309 4847 praecipue,
2342 4792 2462 4846 quin
2487 4778 2537 4831 in
2569 4778 2801 4833 diversis
2824 4794 2953 4833 mss.
3000 4780 3284 4849 reperitur.
3316 4780 3475 4836 Aliud
3500 4775 3603 4838 ms.

2016 4872 2218 4925 recenti
2259 4870 2474 4939 quidem
2513 4871 2824 4926 charactere
2851 4874 3249 4943 conscriptum,
3282 4886 3338 4928 at
3365 4876 3433 4930 ab
3463 4877 3576 4931 anti
3598 4907 3610 4918 ο

2016 4960 2320 5030 qttioribtts,
2353 4971 2409 5014 ut
2440 4976 2535 5029 par
2555 4969 2640 5015 est
2660 4962 2903 5028 Credere,
2937 4965 3300 5033 exemplatum
3326 4981 3494 5036 penes
3520 4982 3609 5023 me

2020 5050 2223 5117 habeo,
2268 5066 2297 5104 a
2351 5051 2582 5120 quadam
2636 5051 3045 5108 Sanctimoniali
3105 5056 3386 5111 Abbatissa
3434 5058 3615 5114 Pisto-

2025 5144 2222 5200 riensis
2249 5141 2566 5199 Conventus
2605 5144 2662 5201 8.
2696 5144 2920 5201 Joannis
2951 5146 3207 5217 Baptistae
3238 5148 3382 5205 dono
3420 5166 3617 5223 accep-

2026 5248 2160 5303 tum,
2184 5238 2335 5307 cujus
2358 5241 2570 5309 copiam
2604 5240 2657 5294 in
2690 5240 2795 5295 line
2815 5240 2973 5312 hujus
2995 5243 3313 5314 paragraphi
3346 5245 3617 5314 inspicere

2027 5330 2231 5402 poterit
2276 5330 2491 5386 Lector.
2542 5330 2597 5387 In
2640 5332 2885 5403 pluribus
2916 5334 2984 5389 ab
3009 5331 3076 5390 eo
3104 5351 3209 5392 ms.
3238 5336 3441 5405 diﬂ‘ert,
3474 5340 3619 5408 quod

2027 5422 2263 5478 afferunt
2294 5423 2505 5479 Domini
2543 5424 2823 5482 Ballerinii
2869 5428 3010 5483 inter
3058 5434 3409 5489 menumenta
3458 5431 3526 5486 de
3560 5430 3619 5489 8.

2028 5517 2244 5574 Zenone
2280 5534 2401 5589 pag.
2448 5535 2648 5576 CXLVII.
2682 5521 2827 5576 lnter
2856 5522 2958 5576 alia
3002 5522 3118 5577 haec
3168 5522 3331 5578 habet
3361 5538 3461 5578 ms.
3519 5524 3622 5580 hoc

2026 5614 2393 5677 Pistoriense,
2432 5628 2550 5683 qua:
2594 5614 2647 5669 in
2679 5614 2826 5670 edito
2854 5616 2923 5671 ab
2952 5616 3143 5671 iisdem
3192 5603 3465 5686 praeclaris
3491 5619 3623 5674 viris

2029 5710 2083 5765 in
2114 5709 2299 5763 ultima
2329 5707 2624 5785 Veronensi
2650 5711 2884 5766 editione
2906 5727 3015 5785 non
3039 5712 3288 5785 leguntur
3314 5732 3325 5766 :
3347 5712 3413 5785 In
3442 5713 3622 5785 diebus

2034 5790 2376 5868 Iittpei'atoﬁs
2421 5787 2669 5869 Gallieni,
2718 5788 2936 5877 per
2974 5804 3319 5858 successiones
3358 5800 3621 5859 Cumarum
