3822 6220
251 385 356 438 7'25

1460 377 1544 431 DF.
1587 376 1827 430 SANGTI
1869 377 2155 432 ZENONIS
2194 377 2462 434 EPOCIIA

3437 377 3542 434 75M

258 503 528 570 vigcsimns
542 501 779 569 septimus
793 517 842 551 Ill
865 512 1032 550 eorum
1051 507 1120 547 est
1139 495 1380 567 l.‘.<itologo
1399 497 1720 564 subregulus.
1737 511 1834 563 quo

1983 497 2024 548 is
2053 510 2309 552 cauerent
2342 518 2352 551 :
2389 499 2609 572 Magnus
2641 500 2862 554 lC.rcclsi.
2888 499 2944 552 In
2971 497 3133 550 Festo
3162 497 3366 552 Natalis
3395 499 3541 552 Mur-

252 601 400 661 etiam
427 604 649 662 tempore
675 589 952 658 Dionysius
978 585 1065 639 Vir
1090 585 1556 645 [levet-endissimus
1583 603 1613 638 (ι
1642 585 1704 639 Β.
1738 585 1837 640 Pe-

255 699 331 740 tro
363 662 606 754 Apostolo
636 681 907 751 vigesintus
936 688 1103 734 sextus
1123 695 1351 733 romana:
1377 679 1682 750 prwsidebat
1734 677 1838 731 Ec-

253 781 460 845 clesite,
491 777 543 829 in
577 774 852 828 l’rovincia
888 772 1060 827 Italia:
1097 773 1148 826 in
1171 773 1377 827 Civitate
1416 771 1612 826 Verona
1645 771 1703 826 Β.
1738 771 1838 825 Ze-

255 870 405 924 nonis
443 874 558 920 acta
605 866 919 917 claruerunt.
970 865 1174 918 Desunt
1217 881 1345 920 vero
1397 864 1513 920 lucc
1549 882 1560 917 :
1593 864 1836 931 Quamvis

257 962 404 1030 plura
428 959 530 1011 sint
562 956 772 1010 nomina
793 956 848 1009 in
871 959 1180 1011 monasterio
1203 967 1377 1010 nostro
1401 957 1462 1010 de
1486 958 1690 1011 nomine
1712 959 1832 1023 isto,

256 1066 405 1121 quem
431 1065 516 1102 vos
543 1048 731 1102 dicitis.
763 1047 892 1115 Qua:
929 1048 980 1101 ιιι
1020 1048 1165 1102 edito
1202 1049 1448 1118 leguntur
1473 1065 1618 1104 num.
1645 1049 1700 1103 4.
1730 1049 1840 1103 Nu-

257 1155 405 1195 mero
433 1146 562 1194 Vero
593 1140 625 1194 5
650 1141 700 1193 in
731 1139 878 1194 edito
907 1140 1101 1211 legitur
1131 1158 1143 1194 :
1181 1143 1296 1208 Quo
1329 1142 1391 1196 S.
1423 1140 1525 1194 Dei
1553 1140 1838 1213 Episwpus

256 1234 374 1287 dum
404 1233 497 1286 iter
525 1243 716 1304 ageret,
747 1243 863 1286 ante
889 1233 1133 1303 pervenit,
1167 1250 1316 1302 quam
1338 1231 1410 1299 lii,
1437 1235 1522 1303 qui
1550 1235 1691 1288 missi
1719 1237 1841 1304 fue-

255 1335 368 1378 rant
387 1367 400 1390 ,
434 1324 639 1378 milites.
663 1322 719 1377 lu
744 1338 846 1378 ms.
875 1339 1007 1378 vero
1032 1341 1044 1376 :
1074 1325 1296 1379 Sanctus
1324 1341 1522 1394 quoque
1547 1323 1840 1394 Epist-Opus

257 1433 371 1471 cum
407 1417 555 1470 celeri
597 1417 1004 1488 peregrinatione
1051 1417 1146 1470 iter
1192 1428 1392 1486 ageret,
1433 1426 1548 1469 ante
1592 1418 1838 1487 pervenit.

256 1528 408 1582 quam
447 1512 533 1578 lii,
577 1512 662 1581 qui
702 1511 844 1564 missi
881 1506 1121 1581 fuerant,
1145 1510 1347 1564 milites.
1403 1509 1605 1564 Desinit
1649 1525 1750 1563 ms.
1788 1512 1838 1564 in

259 1604 569 1659 narratione
597 1603 833 1658 Miraculi
853 1645 867 1671 ,
898 1619 1005 1672 quo
1031 1602 1256 1657 Gallieni
1291 1602 1395 1658 filia
1435 1619 1465 1656 a
1505 1604 1750 1659 daunone
1779 1605 1840 1658 li-

261 1697 445 1752 berata
483 1695 581 1751 fuit
608 1739 621 1761 ,
653 1696 751 1750 hac
791 1695 857 1750 de
883 1710 1064 1760 eausa,
1099 1706 1155 1749 ut
1182 1706 1311 1766 puto
1330 1737 1342 1761 ,
1368 1695 1508 1766 quod
1535 1695 1839 1751 Sanctimo-

269 1789 441 1843 niales
466 1789 522 1844 S.
557 1788 828 1842 Fraucisci
870 1787 1088 1857 Regulae
1136 1787 1360 1863 addicta:
1389 1829 1402 1852 ,
1451 1788 1666 1843 Festum
1718 1799 1837 1842 tan-

1943 599 2024 658 tyr
2057 587 2282 643 Excels-i.
2313 589 2387 643 Ita
2425 600 2478 645 et
2507 590 2557 646 in
2592 590 2912 646 lectionibus
2955 588 3208 658 religioni
3261 588 3542 644 habebant

1943 697 2374 737 commemorare
2424 683 2732 754 Martyrium
2775 684 2826 737 in
2876 681 3037 736 Festo
3063 681 3441 736 Ordinationis
3476 681 3537 738 S.

1945 775 2198 839 Zenonis,
2229 792 2396 846 quare
2437 778 2488 832 in
2522 793 2649 848 pace
2685 778 2997 831 defunctum
3031 775 3199 831 fuisse
3247 775 3542 845 legebant:

1945 871 2185 943 Martyrii
2214 881 2391 926 tamen
2422 873 2819 944 aiquipollentia
2843 873 3004 928 verba
3033 872 3232 927 intacta
3263 872 3552 942 relinque—

1945 965 2093 1030 bant,
2127 975 2183 1017 ιιι
2213 966 2263 1019 in
2289 965 2476 1020 eodem
2510 966 2736 1038 hymno,
2775 966 3022 1021 Prwsulis
3055 966 3258 1021 Sancti.
3292 964 3405 1020 Pro
3436 965 3550 1020 Deo

1948 1055 2149 1108 tandem
2185 1057 2427 1124 patiendo
2455 1067 2698 1123 mortem,
2721 1059 2838 1112 vivit
2868 1059 2919 1112 in
2955 1074 3140 1113 sevum.
3179 1055 3235 1112 In
3276 1057 3382 1113 hoc
3413 1072 3549 1112 vero

1949 1163 2050 1200 lllS.
2092 1144 2404 1202 Pistoriensi
2426 1190 2440 1214 ,
2465 1150 2606 1217 quod
2648 1166 2818 1219 nuper
2843 1151 3426 1217 commemoravimus,
3461 1151 3545 1205 lc-

1945 1240 2091 1308 gitur
2127 1257 2140 1293 :
2171 1241 2237 1292 In
2274 1239 2379 1294 Deo
2415 1242 2622 1296 tandem
2665 1243 2905 1314 patiendo
2943 1253 3174 1297 mortem.
3211 1241 3266 1296 Si
3293 1243 3380 1298 cui
3412 1258 3545 1299 vero

1948 1331 2064 1386 htee
2089 1348 2193 1387 nOu
2219 1333 2538 1402 probantur,
2576 1344 2783 1388 eertum
2819 1345 2994 1390 tamen
3031 1345 3148 1398 est,
3182 1336 3299 1392 haec
3325 1337 3544 1402 eadem,

1948 1433 2004 1478 et
2044 1424 2396 1491 Auctoritati,
2429 1435 2482 1479 et
2523 1425 2821 1482 Tratlitioni
2848 1468 2862 1492 ,
2914 1426 3142 1496 aliisque
3188 1428 3543 1498 coniecturis,

1951 1531 2084 1585 quas
2114 1516 2518 1577 reccnsuimns.
2551 1519 2728 1572 inniti.
2770 1519 3311 1590 Excogitatumvero
3342 1521 3551 1578 Gallie-‘

1954 1623 2078 1660 num
2105 1607 2307 1667 saeculo
2327 1624 2520 1678 quario
2551 1610 2615 1665 ab
2639 1610 2972 1679 lmperatore
2998 1611 3244 1668 Gallieno
3265 1613 3546 1669 diversum

1948 1700 2092 1754 nulla
2146 1703 2356 1757 ratione
2400 1702 2608 1768 fulciri;
2649 1713 2704 1758 ut
2742 1722 2808 1759 ex
2863 1686 2926 1760 iis
2970 1721 3090 1776 quae
3132 1706 3200 1760 ab
3233 1707 3391 1762 initio
3441 1708 3551 1764 huc

1948 1808 2117 1861 usque
2152 1793 2444 1861 ponderata
2478 1804 2623 1861 sunt,
2665 1805 2719 1850 et
2756 1811 2820 1851 ex
2853 1797 2940 1866 iis,
2978 1813 3098 1868 quae
3127 1813 3252 1855 mox
3282 1798 3550 1869 subjicie-

268 1881 550 1934 tummodo
581 1879 638 1936 S.
668 1879 906 1934 Zenonis
935 1879 1275 1934 celebrarent
1301 1880 1416 1933 sine
1446 1893 1661 1947 oetava,
1698 1891 1753 1934 ut
1791 1890 1844 1936 ct
1874 1887 1922 1947 Β
1950 1899 2096 1949 mus,
2131 1885 2431 1953 constabit,
2453 1897 2504 1941 et
2531 1887 2704 1954 primo
2736 1907 2747 1941 :

266 1975 522 2043 praesenti
549 1985 790 2042 tempore
820 1971 898 2038 lit,
925 1973 1150 2042 ideoque
1174 1972 1319 2027 solas
1341 1987 1431 2027 eas
1457 1972 1714 2028 lectiones
1746 1989 1840 2041 pro

263 2067 592 2123 celebrando
619 2065 795 2122 ofﬁcio
825 2067 924 2121 sibi
947 2077 1361 2135 compararunt,
1389 2083 1507 2136 quae
1545 2082 1640 2137 pro
1680 2067 1842 2123 Festo

265 2160 350 2212 die
385 2160 502 2213 usui
542 2170 716 2226 erant,
753 2168 978 2215 creteras
997 2200 1013 2228 ,
1042 2174 1161 2228 qua:
1192 2174 1288 2229 pro
1317 2159 1505 2214 diebus
1534 2173 1736 2214 octava:
1765 2162 1842 2217 le-

260 2253 554 2322 gehantur,
608 2251 958 2316 amittentes,
1013 2252 1063 2304 in
1123 2250 1318 2320 quibus
1381 2253 1581 2322 reliqua
1631 2253 1838 2323 digesta

259 2355 446 2407 erant,
479 2358 598 2412 qua!
631 2353 747 2412 post
789 2331 1163 2398 liberatibnetn
1209 2341 1359 2398 Filiae
1402 2341 1629 2399 Gallieni
1658 2345 1708 2398 in
1737 2361 1839 2401 ins.
1896 2338 1899 2339 ν

262 2435 658 2491 describuntur.

334 2525 598 2582 Incertam
649 2527 773 2583 lieet
799 2542 861 2582 ac
889 2527 1106 2582 dubiam
1131 2527 1268 2584 hanc
1290 2531 1535 2585 eamdem
1571 2533 1840 2587 narratio-

265 2633 388 2674 nem
414 2619 738 2676 crediderim
761 2661 773 2684 ,
809 2629 862 2675 et
900 2620 1071 2676 adhuc
1102 2623 1353 2691 credam,
1408 2632 1645 2679 attamen
1690 2641 1843 2696 aper-

269 2716 372 2770 tius
396 2714 462 2769 dc
489 2731 548 2769 ea
574 2716 702 2785 quid
732 2717 992 2783 sentiam,
1023 2732 1081 2771 re
1107 2720 1297 2771 melius
1326 2720 1661 2774 considerata
1696 2731 1845 2790 pate-

195 2887 203 2895 _
237 2815 444 2878 facere
483 2828 590 2868 non
622 2814 874 2868 verebor.
913 2811 1119 2868 Nomen
1166 2813 1296 2867 illud
1349 2813 1556 2870 Notarii
1602 2818 1841 2878 additum

263 2910 534 2963 Coronato
555 2907 766 2962 videtur
788 2907 1016 2962 innuero
1032 2907 1084 2960 S.
1112 2906 1344 2961 Zenonis
1359 2908 1531 2962 Vitam
1558 2926 1586 2963 a
1611 2914 1842 2980 quodam

265 3002 506 3068 Notario,
542 3002 630 3071 qui
663 2989 1369 3072 persecutionumtempore
1395 3005 1524 3057 Acta
1555 3004 1842 3078 Martyrum

264 3097 669 3162 conscribebat,
694 3105 747 3151 et
780 3095 842 3150 D.
871 3095 1073 3150 Zenoni
1097 3106 1546 3167 contrniporaueo
1571 3113 1845 3156 exaratam

262 3195 453 3250 fuisse.
485 3192 638 3261 Qno'd
675 3207 802 3246 vero
827 3192 943 3246 hare
969 3181 1076 3246 vita
1102 3193 1454 3247 inscriliatur:
1483 3195 1662 3247 Sermo
1691 3195 1848 3250 Vene-

2022 1977 2216 2058 lllirum
2254 1977 2387 2031 illud
2424 1979 2645 2050 fectant,
2683 1997 2785 2050 quo
2812 1980 2965 2034 unica
3011 1979 3237 2036 Gallieni
3268 1981 3414 2037 Filia
3441 1983 3521 2038 Ze

1946 2087 2078 2124 none
2120 2071 2187 2124 ad
2225 2069 2598 2139 Imperatorem
2643 2088 2731 2144 per
2763 2074 2968 2128 nuntios
3018 2073 3180 2127 accito
3230 2092 3262 2127 a
3309 2075 3553 2129 dazmone

1945 2162 2160 2215 liberata
2200 2163 2415 2231 miriﬁce
2452 2165 2706 2232 traditur,
2749 2165 2942 2220 litteris
2981 2181 3086 2220 non
3129 2165 3295 2223 fuisse
3347 2184 3374 2222 a
3412 2184 3593 2239 quo-.

1947 2258 2086 2326 piam
2161 2257 2448 2322 traditum,
2521 2258 2689 2313 asseri
2750 2260 2969 2315 minime
3014 2270 3210 2330 potest.
3273 2261 3591 2333 Numquid

1945 2352 1990 2405 si
2059 2351 2116 2406 S.
2183 2351 2416 2406 Zenonis
2485 2362 2601 2407 aeta
2672 2353 2723 2406 in
2777 2353 3101 2409 Diocletiani
3165 2358 3557 2426 persecutione

1945 2445 2198 2516 periere?
2239 2445 2374 2499 Num
2454 2455 2696 2501 actorum
2760 2447 3020 2504 Ecclesia:
3089 2448 3422 2506 Veronensis
3491 2459 3556 2506 et

1945 2537 2416 2594 Monumeutorum
2456 2540 2809 2595 vetustiorum
2852 2541 3081 2596 indicem
3124 2543 3366 2612 proferre
3408 2559 3543 2614 pos-

1946 2649 2132 2688 sumus
2161 2675 2175 2698 ,
2219 2633 2270 2686 in
2304 2649 2409 2702 quo
2441 2633 2574 2688 nihil
2605 2633 2672 2688 de
2703 2649 2764 2688 ea
2793 2648 2861 2695 re,
2883 2633 3194 2689 adnotatum
3221 2635 3503 2691 videamus
3524 2637 3550 2691 ?

1947 2726 2134 2782 Nonne
2184 2726 2433 2783 incendio
2477 2735 2583 2781 tota
2628 2727 2738 2782 fere
2785 2726 2996 2782 Verona
3047 2736 3366 2801 consumpta
3411 2732 3549 2785 est?

1949 2832 2108 2885 Facta
2132 2844 2268 2898 ergo
2299 2842 2418 2898 qum
2450 2825 2515 2880 ad
2552 2841 2650 2879 nos
2691 2839 2860 2894 usque
2897 2824 3099 2893 seripto
3128 2839 3236 2880 non
3269 2826 3544 2894 pervene-

1948 2932 2097 2987 runt,
2123 2921 2318 2976 litteris
2343 2918 2591 2972 mandata
2623 2931 2729 2970 non
2761 2914 2946 2980 fuisse,
2980 2915 3270 2970 dicendum
3296 2931 3401 2971 non
3432 2926 3544 2973 est.

1950 3019 1991 3073 E
2030 3017 2302 3072 veteribus
2335 3024 2516 3067 autem
2550 3009 2797 3080 scriptis,
2839 3025 2957 3080 qua:
2985 3009 3052 3064 de
3082 3010 3139 3064 S.
3181 3010 3402 3066 Zenone
3447 3013 3549 3065 lia-

1951 3111 2140 3164 bemus
2180 3107 2403 3162 confusa
2434 3106 2577 3169 licet,
2611 3103 2888 3158 derivasse
2925 3118 2988 3156 ex
3019 3117 3085 3157 eo
3110 3102 3544 3169 demonstratur,

1954 3200 2095 3273 quod
2131 3201 2182 3253 in
2212 3199 2299 3265 iis,
2328 3215 2444 3268 quar
2477 3196 2574 3251 sub
2617 3195 2869 3249 Coronati
2915 3194 3117 3248 Natarii
3167 3195 3386 3249 nomine
3416 3203 3550 3250 sunt.

261 3291 434 3345 rabilis
473 3287 737 3352 Coronati,
766 3295 898 3352 etc.,
959 3286 1056 3340 hoc
1093 3285 1211 3340 ideo
1252 3284 1447 3341 factum
1499 3287 1660 3343 fuisse
1699 3298 1844 3360 puto,
1877 3283 1920 3345 C
1957 3293 2121 3354 edita,
2154 3291 2348 3362 legitur
2383 3309 2392 3342 :
2430 3288 2719 3342 It‘volrimus
2750 3289 2876 3340 tanti
2914 3285 3026 3340 Viri
3064 3285 3308 3340 Virtutes.
3350 3286 3548 3340 Adno-

260 3381 398 3452 quod
436 3381 487 3434 in
520 3379 778 3434 lcetiones
811 3394 906 3446 pro
937 3377 1127 3432 Divino
1155 3376 1343 3432 Officio
1377 3379 1588 3433 redacta
1626 3381 1742 3446 fuit,
1777 3398 1841 3436 eo

261 3476 402 3546 quod
436 3472 764 3526 Veronensis
797 3471 1050 3524 Eet-lesiae
1084 3469 1352 3524 traditioni
1385 3471 1676 3526 conformis
1703 3482 1837 3527 exat.

259 3569 432 3635 Quare
473 3564 837 3639 nondmultum
871 3579 908 3636 Ia
950 3563 1240 3616 verosimili
1271 3564 1472 3619 distare
1507 3565 1716 3620 videtur
1742 3584 1837 3618 an-

262 3657 484 3730 tiquitus
524 3658 711 3715 lacinia
758 3656 1001 3726 ιιιιιυιίιιιιι
1037 3653 1200 3710 fuisse
1233 3667 1441 3725 reperta
1475 3655 1628 3725 hujus
1659 3658 1778 3711 vitai
1811 3675 1838 3712 a

257 3756 526 3808 Coronato
555 3750 774 3805 Notario
798 3750 1098 3818 descriptae,
1131 3766 1234 3802 non
1260 3765 1385 3802 vero
1414 3760 1598 3814 totam,
1632 3768 1746 3818 quzr
1775 3753 1840 3806 ab

262 3847 375 3916 ipso
416 3843 718 3913 conscripta
769 3842 884 3895 fuit.
941 3841 1276 3910 Quapropter
1310 3841 1372 3895 ad
1403 3842 1646 3896 eamdem
1675 3846 1836 3898 vitam

259 3933 670 3992 continuandam
703 3933 806 3986 alia
839 3931 909 3992 ab,
947 3933 1064 3985 aliis
1096 3931 1296 3986 insecta
1329 3932 1450 3986 sint.
1490 3932 1602 3989 Hoc
1651 3937 1840 3990 suadet

257 4027 539 4082 diversitas
567 4040 664 4079 ms.
689 4066 703 4090 ,
736 4038 860 4078 nam
901 4039 1021 4077 cum
1045 4023 1299 4078 Ecclesia:
1324 4020 1490 4092 {quae
1523 4025 1579 4080 S.
1607 4026 1838 4080 Zenonis

257 4118 450 4172 festum
481 4116 864 4180 celebrabant,
900 4115 1265 4185 imperfectam
1301 4115 1359 4170 S.
1388 4115 1618 4171 Zenonis
1646 4119 1834 4186 vitam,

255 4225 317 4264 ac
345 4224 513 4278 pauca
540 4226 566 4262 a
600 4207 818 4262 Notario
839 4215 1098 4262 coronato
1135 4208 1330 4276 scripta
1362 4207 1612 4288 viderent
1637 4250 1651 4275 ,
1686 4211 1835 4280 quis-

255 4315 361 4375 que
392 4319 510 4374 qua:
541 4303 764 4358 deerant
792 4300 1244 4364 curavitdiversis
1265 4301 1479 4376 quidem
1503 4303 1679 4356 verbis
1709 4319 1835 4372 sup-

257 4399 428 4469 plere,
458 4411 577 4451 cum
610 4412 714 4450 non
741 4409 881 4450 unus
911 4395 962 4448 in
991 4393 1060 4460 id,
1096 4393 1189 4448 sed
1219 4394 1399 4462 plures
1429 4397 1715 4464 separatim
1751 4397 1832 4450 iii--

253 4490 573 4546 cumberent
599 4507 610 4541 :
639 4503 829 4542 omnes
860 4495 1062 4552 tamen,
1087 4501 1203 4554 qua:
1234 4487 1286 4539 in
1313 4487 1554 4551 eartulis,
1589 4502 1682 4542 seu
1704 4489 1834 4544 reli-

253 4583 390 4653 quiis
417 4581 740 4650 scriptorum
768 4578 1023 4632 Coronati
1059 4577 1374 4648 legebantur
1408 4579 1720 4646 retinentes,
1748 4581 1833 4635 vel

1947 3394 2066 3439 tant
2093 3384 2156 3439 ad
2195 3385 2307 3437 batc
2327 3383 2490 3437 verba
2529 3379 2740 3434 Domini
2774 3379 3044 3433 Ballerinii
3076 3397 3087 3431 :
3115 3377 3248 3433 Cave
3267 3397 3332 3434 ne
3353 3396 3415 3433 ex
3443 3383 3548 3434 Imc

1947 3493 2083 3538 voce,
2119 3475 2390 3536 voluimus,
2425 3473 2670 3543 scriptum
2696 3470 2892 3540 aliquid
2932 3479 3046 3524 ante
3087 3468 3398 3524 Coronatqu
3429 3474 3548 3524 cai-

1945 3568 2116 3622 stimcs
2159 3565 2222 3617 de
2249 3564 2470 3617 Zenonis
2505 3563 2656 3632 gestis
2689 3603 2700 3625 ,
2724 3562 2859 3614 unde
2887 3562 2959 3626 is,
3001 3576 3113 3630 qua:
3150 3561 3330 3614 litteris
3366 3565 3543 3614 consi-

1946 3660 2138 3731 gnavit,
2172 3656 2396 3711 ebiberit.
2438 3654 2578 3708 Niltil
2628 3652 2768 3706 aliud
2816 3651 3049 3705 afferunt
3093 3666 3242 3705 suam
3290 3651 3429 3705 banc
3469 3653 3545 3708 ad

1945 3747 2366 3802 confirmandam
2394 3743 2693 3807 cautelam,
2716 3743 2858 3813 quod
2889 3744 2937 3798 id
2962 3744 3234 3796 ostendat.
3263 3741 3400 3809 Quin
3433 3759 3544 3798 ius.

1946 3839 2256 3895 Pistoriensi
2297 3835 2439 3909 (ιιιοό
2478 3835 2813 3906 proferemus
2862 3835 3089 3889 inferius
3141 3846 3324 3904 aperte
3378 3850 3548 3889 cens-

1944 3945 2052 4001 tat,
2082 3949 2145 3988 ex
2184 3931 2580 4001 antiquioribus
2606 3946 2735 3984 mss.
2769 3945 2829 3985 ea
2853 3972 2868 3996 ,
2904 3943 3025 3997 quae
3064 3915 3206 3984 nunc
3250 3927 3573 3994 babenms,‘

1943 4035 2064 4075 esse
2110 4019 2416 4087 desumpta.
2454 4015 2566 4070 Nos
2602 4017 2775 4084 itaque
2797 4057 2809 4080 ,
2857 4015 2972 4069 licet
3002 4016 3086 4081 iis,
3117 4016 3202 4086 qui
3232 4016 3358 4069 talia
3385 4031 3546 4069 cons-

1942 4113 2181 4181 cripsere,
2210 4111 2368 4164 simus
2389 4110 2632 4179 impares,
2650 4119 2694 4162 et
2723 4109 2922 4176 penitus
2951 4108 3020 4159 ad
3030 4107 3397 4179 exprimenda,
3425 4125 3546 4176 qua:

1940 4204 2186 4274 gessimus
2216 4202 2504 4272 inefﬁcaces
2532 4244 2544 4266 ,
2585 4201 2838 4270 quomodo
2865 4201 2937 4253 rei
2966 4201 3232 4254 materiam
3267 4195 3543 4254 verborum

1940 4296 2237 4367 compositio
2261 4313 2361 4349 non
2392 4297 2705 4367 aequiperat,
2729 4311 2789 4349 ea
2821 4307 2986 4349 tamen
3013 4311 3128 4365 qua:
3168 4295 3231 4349 de
3259 4294 3323 4349 Β.
3359 4295 3505 4351 Zeno
3527 4328 3541 4336 -
3623 4291 3632 4296 ’

1940 4391 2019 4443 nis
2079 4389 2378 4455 Virtutibus,
2437 4389 2511 4442 vel
2556 4389 2790 4460 scriptis,
2841 4388 2919 4442 vel
2969 4389 3283 4469 carminibus
3307 4390 3542 4444 ediscere

1939 4483 2212 4546 voluimus,
2262 4465 2596 4535 disseramus.
2648 4481 2780 4548 Quae
2827 4492 3007 4538 autem
3057 4481 3182 4536 huic
3207 4465 3342 4536 mss.
3400 4481 3542 4537 ﬁdes

1941 4573 2183 4629 habenda
2218 4575 2315 4639 sit,
2350 4589 2416 4626 ex
2451 4571 2675 4627 inferius
2727 4572 3050 4628 adnotandis
3095 4564 3390 4629 constabit;
3449 4575 3535 4630 Ex

255 4673 392 4728 forte
429 4671 632 4742 aliquid
673 4669 930 4724 addentes
951 4710 963 4732 ,
998 4668 1138 4737 quod
1168 4684 1270 4722 non
1317 4669 1367 4722 in
1420 4671 1670 4725 omnibus
1701 4686 1831 4725 mss.
1863 4681 1917 4740 Ι)
1942 4666 2173 4722 residuis
2202 4666 2378 4736 itaque
2409 4665 2665 4729 eartulis,
2697 4681 2817 4735 qua:
2853 4665 2921 4719 de
2954 4665 3208 4721 Coronati
3235 4665 3442 4720 Notarii
3468 4665 3531 4721 S.

247 4765 553 4834 inspicitur,
604 4775 659 4816 ut
715 4760 878 4822 illud,
926 4760 1182 4814 Sanctum
1230 4760 1433 4813 scilicet
1487 4760 1760 4817 Zenonem
1802 4778 1832 4816 a

243 4859 428 4913 Matris
472 4867 625 4910 utero
669 4852 1082 4910 sanctiﬁcatum.
1138 4852 1450 4908 Ordinatum
1503 4855 1829 4926 Episc0pnm

243 4949 612 5004 Veronenscm
638 4989 651 5012 ,
703 4956 756 5000 et
809 4945 1026 5000 similia.
1059 4945 1176 5000 Alia
1218 4946 1608 5015 amplificasse,
1635 4964 1829 5018 nempe

244 5041 422 5094 omnia
476 5040 616 5094 idola
664 5037 895 5093 Verona:
944 5036 1237 5091 destructa.
1295 5021 1493 5092 Plures
1539 5037 1828 5092 aedificatas

245 5131 538 5186 Ecelesias.
591 5129 656 5184 Et
691 5129 820 5183 illud
851 5128 991 5198 quod
1034 5127 1264 5181 diversis
1305 5129 1484 5182 verbis
1511 5128 1740 5197 exprimi
1776 5130 1826 5183 iu

245 5239 347 5278 ms.
395 5224 595 5277 notavi.
638 5221 694 5277 In
736 5237 866 5292 pace
912 5220 1222 5275 dtfunctum
1271 5236 1402 5275 esse
1437 5223 1492 5277 S.
1537 5221 1828 5277 Zenonem.

245 5315 389 5369 Idem
427 5316 650 5387 quippe,
690 5325 745 5370 et
796 5315 847 5369 in
893 5314 1108 5386 hymnis
1137 5314 1332 5368 factum
1365 5315 1529 5370 fuisse
1557 5315 1821 5382 videmus,

243 5409 511 5478 prmcipue
542 5409 593 5461 in
625 5407 825 5478 hymno
873 5405 1124 5460 Prwsulis
1159 5405 1341 5459 Sancti
1367 5405 1417 5459 in
1450 5422 1558 5476 quo
1588 5407 1823 5476 legitur:

243 5497 466 5570 Magnus
513 5497 716 5552 Επειεὶ
762 5499 925 5565 fuerat
971 5497 1226 5552 Sacerdos
1250 5538 1265 5564 ,
1294 5504 1352 5551 ut
1387 5498 1439 5552 in
1469 5497 1627 5552 editis
1655 5514 1682 5552 a
1714 5498 1820 5552 Do-

238 5589 400 5644 minis
426 5587 730 5643 Balleriniis
776 5589 916 5642 inter
945 5600 1291 5643 monumenta
1340 5604 1458 5660 pag.
1513 5588 1633 5642 168.
1691 5588 1822 5643 Fer-

236 5682 407 5734 rarius
448 5695 575 5738 vero
617 5696 681 5736 ex
709 5678 828 5734 aliis
855 5694 984 5734 mss.
1023 5680 1146 5750 legit
1177 5699 1189 5735 :
1220 5680 1421 5750 Martyr
1446 5679 1651 5734 Επειεὶ
1693 5681 1815 5750 fuit,

239 5784 285 5826 et
316 5773 589 5828 Sacerdos.
648 5775 750 5828 Pro
783 5774 942 5829 variis
985 5788 1214 5844 namque
1257 5773 1321 5827 Ι).
1357 5772 1592 5828 Zenonis
1621 5774 1816 5828 solem-

242 5866 495 5920 nitatibus
521 5865 682 5920 verba
714 5865 1010 5932 mutabant,
1042 5866 1111 5921 ita
1161 5877 1220 5923 ut
1253 5870 1306 5926 in
1329 5869 1468 5930 festo
1507 5869 1813 5926 Ordinatio-

1938 4761 2140 4815 Zenoni
2179 4759 2621 4830 contemporanei
2655 4759 2758 4812 vita
2801 4768 3215 4824 remanserunt,
3247 4757 3361 4812 haec
3391 4775 3534 4812 cou-

1936 4855 2146 4909 cinnata
2201 4851 2367 4907 fuisse
2415 4868 2442 4905 a
2499 4851 2796 4906 verosimili
2846 4865 2951 4905 non
2988 4850 3242 4920 abludit,
3284 4851 3538 4921 quamvis

1889 4973 1892 4976 ν
1936 4947 2079 5001 enim
2101 4947 2238 5012 aliis,
2261 4955 2311 5000 el
2333 4945 2452 4999 aliis
2478 4945 2659 4999 verbis
2687 4945 2737 4998 in
2763 4946 2990 4999 diversis
3020 4939 3445 5012 tnssflcgautur,
3480 4946 3535 5000 in

1935 5054 1993 5092 re
2024 5049 2199 5092 tamen
2227 5038 2589 5102 conveniunt;
2612 5052 2677 5091 ex
2706 5053 2815 5106 quo
2836 5036 3122 5105 conjicitur
3180 5051 3403 5102 omnes,
3440 5037 3538 5101 qui

1932 5128 1988 5184 S.
2025 5129 2261 5184 Zenonis
2296 5129 2552 5183 miracula
2585 5139 2946 5184 narraverunt
2971 5170 2984 5190 ,
3015 5144 3177 5184 unum
3207 5145 3318 5200 pra:
3353 5129 3531 5182 mani-

1931 5221 2030 5276 bus
2057 5221 2310 5275 habuisse
2338 5221 2597 5289 scriptum
2629 5220 2875 5276 mutilum
2919 5221 3091 5286 licet,
3121 5231 3175 5275 et
3214 5228 3528 5287 corrasum,
3607 5273 3610 5275 Α

1931 5313 2015 5367 cui
2048 5328 2168 5371 sese
2198 5311 2637 5365 conformarint:
2683 5326 2789 5384 non
2848 5311 3011 5378 igitur
3077 5313 3236 5367 unica
3280 5313 3532 5381 populari

1932 5388 2225 5459 tiaditione
2258 5405 2502 5457 nituntur
2529 5419 2589 5457 ea
2615 5445 2627 5467 ,
2651 5418 2772 5473 quze
2801 5404 2865 5458 de
2897 5403 2954 5459 S.
2979 5403 3219 5467 Zenone,
3245 5415 3300 5458 et
3333 5407 3534 5473 prmei-
3617 5427 3628 5436 ·

1931 5514 2032 5568 pne
2060 5514 2177 5568 qua:
2202 5496 2524 5552 de.Gallieni
2567 5496 2698 5550 Filia
2740 5499 2938 5567 scripta
2989 5498 3258 5568 leguntur.
3293 5497 3422 5552 Haec
3459 5499 3531 5554 de

1930 5594 2098 5662 prima
2119 5591 2449 5660 conjectura,
2477 5605 2581 5661 qua
2604 5590 2816 5646 Domini
2847 5591 3121 5666 Ballerinii
3143 5592 3525 5648 narrationem

1925 5685 2209 5753 impetunt.

1993 5741 2155 5852 ilagis
2179 5779 2420 5850 profecto
2444 5791 2597 5851 urget
2616 5781 2863 5838 secunda
2878 5741 3038 5848 ratio,
3071 5796 3172 5852 qua
3203 5780 3370 5837 verba
3417 5784 3528 5841 ista

1921 5874 1972 5929 iu
2001 5872 2252 5929 Coronati
2283 5875 2593 5931 narratione
2620 5882 2892 5932 notantur.
2928 5872 3114 5932 Indica
3145 5874 3290 5935 nobis
3333 5875 3381 5928 si
3439 5892 3474 5934 υ
