3822 6220
189 355 297 408 72ῗὶ

1622 361 1946 418 DiSSEli'l‘A
1955 361 2088 416 T10.

3291 362 3296 368 ’
3392 364 3496 418 726

190 474 313 528 disti
343 474 607 531 Zenonem
633 475 965 549 EpiSt‘Opum,
996 494 1142 547 quem
1178 494 1269 532 nos
1291 496 1356 533 ea:
1384 480 1529 544 iussn
1558 477 1788 550 Impera»
1821 486 1867 541 Λ
1900 478 2173 532 Ballerinii
2204 477 2417 541 (Adnot.
2450 477 2509 530 l0
2535 518 2549 542 ,
2580 477 2630 528 in
2665 475 2901 529 Monum.
2940 490 2991 545 p.
3030 474 3173 545 M8).
3204 474 3404 543 Nempe
3436 477 3488 529 in

188 567 317 629 toris
341 569 710 639 perquirimus.
736 568 816 623 Ita
848 569 1048 624 milites
1078 567 1134 623 S.
1165 568 1391 624 Zenoni.
1426 569 1631 635 Quibus
1664 570 1751 624 ille
1778 588 1789 623 :

190 658 257 712 At
294 659 389 715 ille
416 661 686 729 respondit
714 660 888 715 dicens
937 676 954 714 :
1006 659 1249 725 Quamvis
1278 659 1428 731 plura
1457 661 1558 714 sint
1587 662 1796 714 nomina

188 751 243 804 in
265 753 587 807 nionasterio
616 762 790 807 nostro
826 752 890 807 de
929 751 1132 807 nomine
1160 753 1257 806 isto
1286 767 1433 822 quem
1458 767 1547 806 eos
1576 752 1743 805 dicitis
1774 768 1795 805 :

188 849 359 895 tamen
388 843 530 912 quod
552 843 694 896 missi
717 843 857 909 estis,
908 842 1079 896 dicite.
1139 844 1208 897 At
1247 842 1301 896 in
1331 857 1476 913 saepe
1507 842 1671 897 citato
1695 841 1795 896 hoc

189 931 515 988 Pistoriensi
568 948 669 990 ms.
715 933 831 989 haec
860 935 1021 990 verba
1050 934 1265 990 desunt.
1302 934 1391 989 Sic
1413 935 1555 990 enim
1590 934 1789 989 habet:

188 1022 380 1078 Indica
410 1026 558 1080 nobis
582 1026 626 1080 si
652 1026 821 1081 vidisti
856 1023 1111 1080 Zenonem
1162 1026 1496 1097 EpiscOpum,
1528 1042 1677 1095 quem
1702 1042 1795 1081 nos

188 1129 250 1167 ea:
263 1118 427 1187 jussu
462 1116 616 1186 Regis
648 1119 1006 1189 perquirimus.
1027 1120 1090 1171 At
1116 1119 1205 1172 ille
1232 1118 1494 1189 respondit
1517 1135 1536 1172 :
1564 1118 1644 1172 Ad
1668 1118 1792 1189 quid

187 1206 332 1259 missi
360 1208 488 1261 estis
510 1209 681 1264 dicite.
714 1208 976 1265 Videntur
1022 1211 1202 1279 itaque
1245 1211 1312 1266 ab
1355 1211 1461 1266 alio
1490 1210 1697 1281 adjecta
1729 1226 1792 1267 ea

186 1299 426 1363 ratione,
483 1316 586 1369 qua
636 1303 917 1371 superius,
973 1318 1168 1375 nempe
1200 1312 1257 1358 ut
1284 1319 1348 1359 ex
1379 1303 1793 1371 cartulisCoro-

192 1391 301 1443 nati
333 1389 551 1446 Notarii
572 1397 829 1460 corrosis,
852 1404 908 1450 et
932 1396 1133 1451 mutilis
1156 1398 1227 1450 ita
1254 1398 1489 1452 narratio
1509 1398 1791 1452 continua-

187 1490 360 1549 retur,
396 1494 459 1537 ut
490 1498 588 1551 pro
618 1484 939 1541 lectionibus
978 1488 1030 1541 in
1062 1488 1237 1542 ofﬁcio
1266 1488 1324 1544 S.
1355 1489 1589 1544 Zenonis
1635 1490 1789 1545 sufﬁ-

187 1571 335 1627 ciens
363 1582 556 1640 esset,
586 1590 693 1629 non
724 1576 899 1630 solum
945 1592 1043 1646 pro
1084 1576 1171 1632 die
1208 1576 1380 1643 festo,
1411 1578 1506 1633 sed
1539 1596 1635 1649 pro
1680 1588 1787 1634 tota

185 1674 410 1731 octava;
436 1666 582 1737 quod
610 1667 732 1721 etin
759 1668 878 1723 aliis
905 1669 1227 1724 narrationis
1254 1669 1412 1739 hujus
1435 1670 1567 1726 locis
1590 1670 1790 1726 factum

152 1756 155 1757 ⁷
186 1772 328 1824 esse,
359 1774 427 1813 ex
454 1758 689 1813 diversis
719 1774 851 1814 mss.
883 1761 1153 1830 apparet.‘

1896 569 2153 625 Coronati
2184 570 2495 624 narratione
2524 578 2604 622 ter
2645 567 2860 621 unicam
2886 564 3148 635 appellari
3182 565 3343 619 ﬁliam
3368 566 3493 641 Gal-

1894 661 2044 726 lieni,
2077 676 2201 716 cum
2234 670 2429 729 printer
2474 660 2635 713 ﬁliam
2663 698 2677 722 ,
2725 658 2862 712 duos
2903 658 3066 711 etiam
3099 656 3365 710 masculos
3399 655 3494 710 lia-

1895 753 2090 819 buerit,
2116 764 2170 807 ut
2190 769 2259 808 ex
2285 752 2607 808 Gruteriana
2638 750 3014 820 inscriptione,
3060 751 3129 820 p.‘
3158 749 3267 805 275
3313 762 3496 804 05ten-

1895 846 2028 899 dunt
2050 846 2170 914 ipsi.
2198 844 2332 898 Nam
2351 859 2473 898 cum
2490 843 2770 899 Gallienus
2791 857 2952 902 unam
2973 850 3180 898 tantum
3210 842 3377 897 ﬁliam
3402 842 3499 897 lia-

1895 938 2091 1001 buerit,
2127 937 2268 1005 quod
2306 937 2474 991 verbo
2513 935 2667 989 unica
2696 936 3038 1003 exprimitur,
3082 935 3183 991 hoc
3226 936 3495 991 sermonis

1895 1028 2185 1096 barbarici,
2217 1042 2321 1097 qua
2347 1038 2453 1083 tota
2477 1027 2595 1081 haec
2617 1028 2851 1082 narratio
2875 1026 3160 1095 redundat,
3185 1028 3495 1084 donandum

1895 1132 1998 1178 εει.

1902 1202 1911 1207 ’
1967 1212 2121 1280 Quod
2148 1212 2364 1268 tandem
2408 1228 2513 1267 non
2554 1208 2893 1282 probandum
2926 1210 3138 1265 videtur
3169 1230 3182 1265 :
3216 1210 3494 1266 Ethnicum

1897 1302 2269 1374 Imperatorem
2289 1302 2484 1358 Zenoni
2507 1302 2832 1367 concessisse,
2846 1310 2901 1354 ut
2922 1301 3062 1355 idola
3080 1302 3252 1355 omnia
3265 1303 3495 1356 destrue-

1896 1406 1992 1463 ret,
2013 1398 2125 1451 etin
2142 1396 2333 1451 Christi
2353 1396 2556 1449 nomine
2575 1392 2836 1448 Ecclesias
2858 1391 3134 1463 fabricaret
3150 1409 3162 1443 :
3178 1403 3495 1463 exaggerate
3516 1468 3519 1471 Α

1894 1490 2093 1547 dictum
2118 1488 2306 1555 fuisse,
2335 1487 2606 1542 fatendum
2635 1495 2740 1552 est,
2772 1499 2879 1540 non
2913 1498 2944 1537 a
2971 1484 3273 1550 Coronato,
3304 1483 3396 1538 sed
3428 1485 3495 1539 ab

1896 1581 2064 1649 ipsius
2112 1578 2662 1635 consarcinatoribus.
2716 1576 3022 1647 Caeteroqui
3080 1576 3225 1632 enim
3279 1583 3495 1630 constat

1901 1673 2199 1729 Gallienum
2264 1672 2442 1726 edicto
2482 1672 2701 1740 publico
2741 1669 3030 1725 mandasse
3078 1668 3332 1739 religiosa
3374 1668 3493 1724 loca

1895 1761 2215 1818 Christianis
2258 1763 2624 1830 restituenda;
2668 1776 2837 1833 quare
2869 1777 2902 1815 a
2940 1760 3236 1823 verosimili
3272 1774 3377 1815 non
3408 1761 3493 1814 vi-

253 1851 419 1907 Tanti
442 1868 576 1908 vero
603 1852 809 1908 faciunt
842 1856 1109 1923 prmcipue
1134 1854 1516 1911 Tillemontius
1548 1858 1782 1924 tertiam,
1824 1857 1869 1916 B
1899 1854 2054 1908 detur
2082 1853 2338 1919 alienum,
2369 1861 2425 1908 et
2450 1853 2515 1906 D.
2566 1850 2771 1907 Zenoni
2821 1853 3181 1919 concessisse,
3206 1859 3273 1927 ut
3303 1853 3491 1907 Eccle-

182 1960 342 2015 quam
370 1945 643 2015 objiciunt
671 1945 883 2001 Domini
912 1946 1188 2002 Ballerinii
1211 1948 1601 2016 conjecturam.
1633 1956 1693 2002 ut
1721 1964 1786 2004 ea

182 2036 295 2092 sola
326 2046 498 2094 totam
530 2038 601 2093 de
628 2036 859 2094 Gallieni
891 2038 1269 2108 lmperationis
1308 2038 1414 2093 ﬁlia
1438 2110 1441 2115 _
1462 2054 1493 2093 a
1538 2039 1786 2095 daemone

182 2129 416 2186 liberata
445 2130 811 2185 narrationem
841 2145 1101 2186 corruere
1131 2130 1462 2186 existiment.
1492 2131 1671 2201 Quare
1701 2134 1784 2190 vel

181 2236 301 2276 cum
353 2222 671 2277 mbillonio
719 2223 771 2279 in
817 2223 1038 2293 antiquo
1084 2222 1359 2294 Rhythmo
1394 2222 1641 2291 'Gallum,
1677 2240 1785 2280 non

182 2312 488 2371 Gallienum
522 2314 807 2386 legendum
841 2325 1027 2385 putant
1057 2314 1165 2388 (At
1205 2315 1508 2372 Gallienum
1541 2332 1668 2373 vere
1698 2318 1779 2374 le-

180 2406 411 2475 gendum
440 2422 510 2462 ex
536 2405 791 2462 Lobiensi
836 2424 937 2463 ius.
982 2408 1214 2478 probant
1243 2408 1584 2464 solertissimi
1611 2408 1789 2465 Vero-'

181 2496 375 2552 nenscs
404 2498 668 2569 editores)
695 2499 777 2554 vel
800 2499 963 2553 alium
994 2514 1023 2554 a
1051 2499 1300 2555 Gallieno
1328 2501 1654 2572 imperatore
1692 2502 1779 2556 di-

181 2604 395 2643 versum
424 2588 735 2645 Gallienum
762 2592 1090 2662 conﬁngunt.
1123 2590 1445 2661 Coniectura
1485 2582 1691 2649 eruitur
1712 2608 1779 2649 ex

180 2694 242 2734 eo
279 2679 425 2747 quod
466 2679 745 2736 Gallienus
784 2681 1007 2771 libejgta
1051 2698 1085 2768 a
1129 2682 1377 2738 daemone
1424 2683 1531 2738 ﬁlia
1576 2699 1779 2741 corona

180 2785 359 2839 aurea,
383 2788 539 2843 quam
565 2772 676 2842 ipse
703 2772 971 2827 Gallienus
1002 2773 1293 2843 Imperator
1315 2776 1478 2847 capite
1499 2793 1592 2831 suo
1612 2787 1779 2850 gestu-

180 2866 281 2932 bat,
306 2867 517 2921 donarit
550 2868 606 2923 S.
639 2866 988 2938 Episcopum.
1038 2867 1237 2923 Volunt
1279 2871 1425 2924 enim
1454 2882 1572 2926 ante
1609 2872 1776 2927 Aure-

180 2959 371 3013 lianum
402 2961 455 3015 in
483 2960 682 3031 generis
710 2970 1065 3015 ornamentum
1094 2960 1340 3018 Romanis
1367 2961 1775 3033 lmperatoribus

178 3068 278 3106 non
307 3054 469 3121 fuisse
489 3055 545 3128 in
564 3070 683 3108 usu.
706 3053 875 3122 Quam
905 3069 1033 3110 vero
1062 3055 1217 3125 longe
1237 3070 1268 3109 a
1295 3056 1522 3110 veritate
1547 3055 1773 3122 distent,

180 3157 240 3197 ex
270 3143 537 3215 pluribus.
561 3146 793 3214 antiquis
829 3145 1243 3201 numismatibus
1290 3146 1633 3202 manifestum
1666 3156 1769 3202 est.

1893 1944 2030 2000 siam
2059 1952 2417 2011 construeret,
2467 1944 2537 1999 de
2578 1960 2683 2014 qua
2736 1946 2793 2001 S.
2844 1945 3138 1999 Praesulem
3183 1958 3489 2002 sermonem

1895 2037 2167 2101 habuisse,
2210 2037 2459 2105 superius
2498 2036 2752 2117 vidimus.
2803 2035 2920 2091 Non
2948 2046 3125 2091 autem
3157 2036 3209 2091 in
3239 2037 3492 2092 omnibus

1892 2144 2023 2185 mss.
2059 2129 2174 2185 haec
2224 2127 2589 2197 reperiuntur,
2657 2126 2859 2184 desunt
2922 2128 3064 2184 enim
3121 2129 3175 2183 in
3221 2143 3326 2183 nis.
3382 2129 3491 2185 Ab-

1891 2224 2047 2279 batite
2081 2246 2085 2252 -
2119 2222 2179 2279 S.
2255 2221 2552 2277 Salvatoris
2617 2221 2813 2276 Montis
2866 2219 3091 2287 Antiati,
3149 2218 3293 2290 quod
3323 2219 3490 2276 refert

1888 2314 2167 2387 Ughellus.
2540 2347 2543 2350 ν
2660 2360 2663 2361 ν

1960 2408 2038 2464 De
2068 2412 2166 2463 hac
2195 2408 2353 2478 igitur
2383 2407 2640 2465 Coronati
2681 2398 2888 2462 Notarii
2915 2407 3223 2461 narratione
3251 2406 3327 2460 ita
3354 2420 3482 2460 sen-

1876 2479 2128 2557 [tiendutn
2169 2501 2401 2557 videtur.
2430 2499 2721 2569 Prologum
2773 2498 3014 2557 additum
3058 2512 3179 2553 esse
3221 2512 3250 2551 a
3296 2499 3479 2561 variis,

1886 2593 2030 2663 quod
2061 2592 2179 2660 ipsa
2206 2592 2260 2646 in
2290 2592 2534 2662 pluribus
2560 2590 2663 2645 ms.
2695 2588 2985 2645 diversitas
3029 2588 3239 2644 suadet.
3277 2588 3352 2642 Ex
3396 2602 3490 2642 an-

1888 2684 2051 2754 tiquis
2075 2694 2253 2737 autem
2282 2682 2539 2737 Coronali
2567 2682 2933 2737 monumentis
2954 2682 3072 2737 sola
3094 2682 3200 2736 duo
3226 2680 3487 2735 miracula

1884 2786 1915 2825 a
1944 2773 2202 2842 temporis
2250 2772 2444 2843 injuria
2492 2772 2710 2829 residua
2744 2771 3111 2837 remansisse;
3143 2772 3353 2827 scilicet
3386 2770 3487 2826 mi-

1883 2850 2124 2921 raculum
2149 2865 2386 2921 hominis
2424 2865 2477 2920 in
2524 2865 2794 2933 Athesim,
2830 2866 2957 2921 dum
2988 2865 3226 2935 plaustro
3254 2864 3485 2919 ferretur

1880 2957 2139 3023 demersi,
2187 2971 2249 3011 ac
2297 2971 2329 3009 a
2358 2957 2415 3013 S.
2451 2956 2670 3011 Zenone
2725 2945 2958 3021 liberati,
3010 2967 3064 3011 et
3105 2956 3483 3011 liberationem

1881 3048 2031 3104 Filiae
2058 3048 2403 3120 Imperatoris
2429 3047 2699 3114 Gallieni;
2727 3065 2846 3119 qua:
2875 3059 3053 3104 tanien
3087 3048 3345 3103 miracula
3374 3065 3479 3105 non

1881 3140 2059 3196 verbis
2105 3141 2357 3195 (loronati
2409 3153 2718 3207 narrantur,
2772 3143 2872 3196 nisi
2932 3142 3072 3197 forte
3122 3142 3477 3212 quibusdam,

180 3234 448 3305 Augustus
470 3238 523 3289 in
553 3237 756 3290 nunnni
786 3235 963 3314 efﬁgie
991 3251 1189 3291 corona
1232 3236 1439 3292 radiata
1480 3238 1655 3308 capite
1683 3254 1769 3293 re-
1804 3230 1849 3293 C
1882 3252 2000 3306 quae
2022 3234 2211 3290 eodem
2249 3237 2300 3289 in
2339 3249 2443 3289 ms.
2474 3234 2746 3306 leguntur.
2787 3234 2943 3302 Quod
2969 3236 3217 3290 evenisse
3244 3233 3477 3309 videtur,

180 3325 396 3382 dimittis
421 3327 725 3398 inspicitur.
751 3328 1017 3398 Trajanus
1044 3343 1257 3399 quoque
1285 3328 1496 3384 duobus
1524 3332 1575 3385 in
1608 3345 1771 3402 num-

181 3421 279 3475 mis
306 3429 363 3475 et
391 3420 708 3475 Valerianus
735 3420 967 3477 Gallieni
994 3421 1173 3489 Pater,
1206 3421 1640 3492 Gallienusvero
1672 3423 1773 3480 tri-

180 3512 275 3569 bus
316 3514 367 3568 in
420 3514 841 3569 numismatibus
888 3515 977 3569 tali
1030 3531 1230 3570 corona
1278 3515 1531 3570 videntur
1568 3516 1766 3570 ornati.

182 3603 301 3659 llam
327 3592 656 3660 numismata
683 3605 901 3660 exhibet
942 3606 1247 3661 Harduinus
1300 3614 1423 3675 post
1471 3605 1769 3661 secundum

153 3694 288 3752 'Caii
318 3697 477 3753 Plinii
528 3707 734 3752 tomum
773 3698 985 3769 aliﬁpso
1014 3698 1239 3753 editum.
1294 3698 1359 3752 Et
1384 3698 1439 3752 in
1472 3700 1769 3752 numisma-

181 3790 317 3845 tibus
346 3794 528 3847 aureis
565 3794 931 3850 Romanorum
974 3795 1363 3867 Intperatorum
1394 3798 1461 3852 ab
1480 3774 1681 3855 iacobo
1702 3798 1771 3855 de

178 3884 265 3942 Bie
312 3889 582 3956 collectis,
631 3890 764 3945 Tah.
821 3889 893 3946 40
947 3890 1240 3961 Pupienus,
1303 3892 1435 3948 Tab.
1488 3892 1551 3948 41
1598 3903 1652 3948 et
1697 3894 1767 3948 42

176 3974 423 4049 Philippi,
468 3989 622 4050 pater
649 3988 706 4035 et
737 3982 907 4046 ﬁlius,
942 3982 1072 4036 Tab.
1131 3983 1202 4038 42
1256 3982 1607 4049 ilostilianus,
1664 3985 1767 4040 Ta-

176 4066 289 4123 bula
325 4072 397 4126 45
435 4071 785 4137 Eniiliauus,
833 4072 964 4128 Tab.
1007 4073 1077 4128 44
1113 4074 1425 4130 Valerianus
1480 4084 1535 4131 et
1562 4076 1766 4131 Gallie-

175 4176 269 4217 nus
315 4164 507 4220 eadem
558 4180 759 4221 corona
825 4167 1030 4222 radiata
1101 4168 1343 4240 insigniti
1404 4170 1759 4239 aspiciuntur.

174 4251 351 4311 Roma:
380 4257 604 4326 insuper
653 4259 705 4313 in
748 4258 1055 4316 Barbarinis
1106 4259 1312 4316 aedibus
1361 4261 1487 4316 dum
1542 4262 1761 4332 antiqua

175 4358 408 4404 cementa
455 4349 845 4418 effoderentur,
903 4353 1171 4409 numisma
1213 4365 1484 4424 repertum
1532 4365 1652 4423 est,
1706 4365 1767 4411 ut

177 4438 422 4499 Romanae
502 4443 883 4502 Litteratorum
946 4448 1322 4517 ephemerides
1394 4450 1519 4504 anni
1600 4450 1762 4518 1677,

178 4546 289 4604 pag.
322 4536 443 4602 175,
488 4537 751 4604 referunt,
809 4539 978 4594 tribus
1026 4540 1349 4611 imaginibus
1407 4542 1753 4612 insculptum,

1877 3333 2004 3402 quia
2030 3328 2286 3385 Coronati
2316 3329 2486 3385 verba
2516 3330 2857 3399 interpolatis
2908 3338 2963 3385 et
2988 3329 3260 3399 corruptis
3289 3329 3479 3384 litteris

1876 3439 2099 3479 sensum
2133 3421 2432 3493 perfectum
2464 3438 2574 3477 non
2606 3421 3004 3494 exprimebant,
3054 3423 3118 3477 ad
3164 3420 3480 3477 continuan-

1874 3517 1997 3572 dam
2028 3517 2393 3571 narrationem
2425 3515 2526 3569 alia
2559 3519 2682 3570 Sunt
2726 3504 2928 3581 addita,
2960 3524 3014 3569 et
3043 3503 3326 3585 quaedam,
3358 3527 3479 3583 qua:

1875 3624 1984 3663 non
2009 3608 2288 3678 probanda
2320 3608 2592 3674 videntur,
2631 3607 2746 3663 haec
2786 3621 2851 3662 ea
2892 3618 3038 3675 sunt,
3072 3624 3190 3679 quae
3217 3608 3271 3662 in
3302 3607 3475 3662 omni-

1872 3704 1972 3759 bus
1998 3686 2402 3770 exemplaribus
2434 3716 2541 3755 non
2567 3700 2937 3769 reperiuntur,
2986 3708 3046 3753 ut
3081 3714 3151 3753 ex
3180 3698 3475 3754 collatione

1872 3813 1998 3865 ms._
2026 3779 2255 3867 qtiisque
2298 3796 2571 3864 conjicere
2619 3803 2821 3863 potest.
2870 3793 2984 3847 Hoc
3031 3803 3088 3848 et
3133 3795 3184 3847 in
3223 3793 3482 3863 praesenti

1870 3904 1998 3957 ms.,
2046 3905 2208 3959 quem
2259 3888 2490 3944 ﬁdeliter
2542 3888 2947 3954 exhibemus,si
2979 3902 3101 3941 cum
3133 3887 3279 3942 edito
3304 3903 3335 3942 a
3365 3889 3476 3943 Do-

1870 3985 2033 4039 minis
2062 3981 2366 4037 Balleriniis
2391 3981 2726 4045 conferatur,
2761 3983 2959 4052 p01erit
2984 3981 3283 4036 observari.
3330 3980 3475 4036 Nihil

1870 4088 2045 4133 autem
2077 4078 2292 4146 certius
2319 4076 2372 4130 in
2414 4076 2601 4130 eadem
2646 4076 2957 4129 narratione
2995 4074 3259 4129 contineri
3290 4074 3476 4129 dicen-

1868 4170 1994 4224 dum
2042 4178 2154 4236 est,
2206 4184 2368 4239 quam
2427 4183 2684 4224 coronam
2749 4184 2777 4221 a
2839 4166 3089 4222 Gallieno
3147 4168 3206 4221 D.
3265 4152 3473 4243 Zenoni

1867 4263 2141 4325 donatam,
2191 4272 2249 4316 ut
2283 4277 2354 4317 ex
2403 4261 2565 4315 variis
2615 4261 3031 4315 numismatibus
3066 4262 3475 4331 comprobatur.

1942 4354 1961 4409 1
2002 4354 2105 4409 Ms.
2132 4353 2464 4408 Pistoriense
2498 4345 2810 4408 Monasterii
2854 4351 2911 4408 S.
2944 4338 3166 4407 Joannis
3194 4353 3471 4423 Baptistae.

1940 4450 1997 4504 in
2027 4448 2371 4505 solemnitate
2396 4448 2452 4503 S.
2486 4446 2724 4503 Zenonis
2778 4447 3052 4517 Episcopi,
3104 4456 3159 4503 et
3202 4447 3337 4501 Con.
3390 4446 3472 4501 Ad

1853 4539 2127 4613 'Vesperas
2158 4541 2278 4594 Ant.
2315 4556 2333 4594 :
2364 4540 2627 4594 Dominus
2658 4538 2815 4593 Jesus
2846 4538 3093 4594 Christus
3117 4581 3133 4607 ,
3182 4554 3298 4592 cum
3349 4539 3473 4593 reli-

178 4626 359 4697 nempe
386 4628 683 4696 Valeriani,
716 4629 944 4686 Gallieni
973 4609 1385 4702 Imperatorum,
1410 4645 1464 4690 et
1489 4609 1758 4689 Valeriani
1787 4609 1842 4670 Β
1864 4609 2062 4705 quisvde
2091 4632 2375 4699 Laudibus,
2408 4633 2463 4685 in
2488 4632 2591 4700 ﬁne
2617 4630 2789 4685 Laud.

172 4716 388 4785 iunioris
409 4764 423 4787 ,
456 4723 546 4777 ubi
576 4722 854 4779 Gallienus
890 4726 1091 4781 radiata
1138 4742 1339 4783 corona
1385 4728 1754 4801 distinguitur.

176 4806 383 4868 Cautius
413 4814 578 4885 igitur
604 4815 655 4870 in
688 4816 848 4872 rebus
876 4817 1110 4888 antiquis
1138 4820 1403 4891 agendum
1433 4831 1549 4890 est,
1584 4837 1760 4892 neque

176 4903 308 4958 enim
356 4908 537 4961 omnia
584 4909 799 4977 antiqua
866 4920 1213 4966 monumenta
1272 4925 1550 4984 perspecta
1602 4914 1760 4969 nobis

176 5006 309 5064 sunt,
342 5000 568 5068 plurima
596 5004 891 5072 perierunt.
917 5003 1145 5060 Temere
1180 5006 1468 5076 aliquando
1495 4988 1762 5077 spernuné

177 5094 255 5142 tur
282 5092 497 5163 antiqua
530 5109 821 5164 mss.,qu:n
836 5095 1007 5165 magis
1038 5112 1164 5151 vera
1190 5108 1336 5165 sunt,
1369 5099 1495 5153 utin
1528 5099 1627 5155 hac
1653 5098 1759 5155 Co-

177 5183 338 5237 ranati
377 5187 688 5242 narratione
737 5189 1000 5260 contingit
1030 5210 1041 5243 :
1074 5207 1142 5247 eo
1190 5194 1388 5247 etenim
1422 5194 1620 5263 capite,
1652 5210 1758 5265 quo

179 5272 421 5332 inﬁrmari
453 5279 774 5347 putabatur:
806 5282 977 5351 magis
1002 5270 1317 5340 conﬁrmari
1353 5288 1715 5357 conspicimus
1741 5306 1753 5351 ;

178 5377 286 5419 cum
309 5382 373 5421 ex
402 5371 501 5424 hac
522 5385 552 5423 a
581 5368 829 5425 Gallieno
870 5371 927 5427 S.
962 5372 1168 5429 Zenoni
1196 5391 1397 5431 corona
1425 5378 1569 5433 dono
1610 5380 1753 5445 data,

184 5472 277 5512 non
323 5462 497 5515 omnia
526 5477 647 5532 qua:
675 5463 726 5517 in
753 5479 814 5519 ea
846 5465 1192 5521 continentur
1237 5470 1378 5525 inter
1416 5469 1625 5527 fabulas
1665 5488 1753 5529 re-

182 5553 431 5607 censenda
461 5568 585 5608 esse
611 5554 890 5611 evidenter
918 5568 1171 5627 appareat
1197 5600 1211 5624 ,
1248 5562 1519 5631 praecipue
1546 5579 1664 5634 qute
1692 5566 1758 5621 de

183 5639 392 5699 Gallieni
424 5648 528 5703 ﬁlia
552 5648 883 5704 scribuntur.
1269 5699 1278 5711 .

249 5735 422 5808 Neque
448 5743 660 5797 veritati
705 5743 773 5798 de
808 5741 1043 5799 Gallieni
1074 5741 1199 5799 ﬁlia:
1232 5745 1546 5803 liheratione
1572 5750 1756 5817 ofﬁcit,

195 5827 322 5897 quod
350 5832 607 5890 adnotant
649 5834 807 5891 iidem
834 5851 1012 5892 reruni
1043 5836 1417 5894 historicaruin
1452 5839 1761 5911 peritissimi

2516 4728 2581 4780 D.
2615 4740 2822 4780 omnes.

2228 4821 2360 4876 CAP.
2391 4821 2535 4877 Ecce
2557 4818 2823 4877 Sacerdos
2851 4817 3072 4890 Magnus
3101 4836 3113 4872 :

2523 4931 2823 4987 HYMNUS.

2241 5040 2408 5090 Sancti
2432 5037 2643 5088 Zenonis
2668 5036 2889 5098 praesulis

2177 5103 2417 5166 Hymnum
2442 5100 2619 5166 Christi
2636 5100 2909 5166 deferimus

2177 5162 2269 5225 Qui
2290 5164 2493 5214 evitavit
2508 5162 2739 5213 saeculqu

2176 5224 2421 5278 Mercatus
2443 5225 2620 5275 Christi
2650 5224 2899 5286 praemium

2238 5290 2329 5349 Qui
2358 5290 2407 5337 iu
2425 5286 2753 5336 adolescentia

2177 5352 2271 5401 Dei
2298 5356 2542 5413 praecepta
2569 5350 2749 5413 tenuit,

2176 5411 2475 5475 Stipétnque
2494 5411 2677 5474 largam
2694 5411 2884 5473 jugiter

2174 5476 2407 5536 Erogavit
2432 5475 2747 5536 pauperibus.

2240 5538 2465 5587 Piscandi
2489 5545 2594 5585 arte
2623 5550 2739 5585 usus
2762 5541 2839 5585 est

2178 5601 2366 5660 Dogma
2388 5612 2608 5658 sequens
2631 5598 2970 5662 orthodoxum,

2180 5663 2353 5712 Mersit
2378 5673 2576 5708 manum
2600 5662 2647 5707 in
2675 5661 2900 5721 gurgite,

2177 5724 2389 5780 Piscavit
2422 5721 2596 5771 Christi
2619 5723 2841 5782 gratiam.

2243 5785 2401 5833 lnstar
2426 5783 2563 5831 l’etri
2586 5781 2787 5843 apostoli

2180 5848 2344 5911 Digna
2365 5845 2564 5895 sortitus
2586 5844 2783 5905 merita,
