3822 6220
3527 249 3642 302 τὲκ

1450 279 1536 333 DF.
1575 273 1817 332 SANtI'I'l
1859 267 2150 327 ΖΕΝυΝΙΞ
2191 265 2455 322 EPOCIM

1957 396 2009 451 Α
2037 389 2302 458 impares,
2333 394 2386 439 et
2440 381 2652 454 penitus
2694 380 2758 435 ad
2799 377 3148 450 exprimenda
3197 389 3318 445 quae
3369 371 3642 441 gessimus

1977 519 1982 523 -
2038 481 2366 545 inefficaces,
2398 465 2671 548 quomodo
2720 476 2799 530 rei
2851 472 3129 528 materiam
3158 469 3450 524 verborum
3481 477 3640 517 com-

2041 574 2235 646 positio
2279 589 2386 628 non
2436 571 2751 641 :equiparat,
2800 583 2863 622 ea
2908 574 3087 629 tamen
3115 574 3238 632 qum
3277 558 3347 612 de
3375 553 3646 611 beati'Le—

2039 669 2197 723 nonis
2235 665 2522 722 virtutibus
2552 665 2634 718 vel
2657 660 2896 729 scriptis,
2924 657 3007 710 vel
3033 649 3365 710 carminibus
3391 646 3645 702 ediscere

2039 761 2329 822 valuimus,
2354 757 2708 812 disseramus.
2738 752 2787 818 ii)
2810 793 2822 805 .
2854 748 2936 802 Ab
2962 755 3118 801 utero
3141 743 3331 798 matris
3356 738 3457 796 fuit
3483 754 3652 794 sane-

2043 852 2277 906 tificatus
2307 849 2368 902 B.
2395 848 2543 902 Zeno
2565 885 2580 909 ,
2611 851 2665 898 et
2693 858 2722 895 a
2747 838 3030 896 cunabulis
3069 834 3392 892 benedictus
3431 833 3500 886 ab
3541 833 3678 885 hoc.

2043 943 2349 1014 pertingere
2376 936 2592 1000 meruit,
2627 943 2684 989 ut
2713 944 2895 1003 pastor
2937 930 2989 986 in
3035 928 3247 1000 pupulis
3286 925 3383 998 per
3399 924 3650 984 sacerri-

2043 1050 2185 1090 mam
2208 1033 2372 1087 vitam
2395 1030 2722 1086 efficeretur.

2130 1129 2202 1196 ir.
2243 1126 2300 1180 In
2347 1138 2564 1180 omnem
2617 1132 2816 1178 terram
2890 1120 3056 1176 exivit
3115 1131 3286 1174 sonus
3354 1127 3654 1179 conversa-

2044 1221 2204 1276 tionis
2227 1218 2389 1290 _eius,
2416 1227 2472 1275 et
2495 1209 2766 1275 Sanctitas
2799 1215 3099 1272 luculenter
3136 1211 3379 1270 emicuit.
3426 1209 3500 1266 Ut
3551 1208 3656 1264 Pa-

2043 1323 2182 1380 Stor,
2207 1322 2315 1369 etc.
2359 1314 2364 1320 '
2795 1334 2797 1337 ι
3516 1309 3520 1312 ’

642 408 785 456 Pater
806 401 1198 456 Pistoriensium,

638 467 916 527 Confessor,
930 474 1125 527 gemma
1142 459 1425 527 _pr_a~su_lum.

701 520 1120 586 Crebris'quoque
1137 520 1341 583 jejuniis

642 591 810 641 Carnis
832 587 1016 650 repulit
1042 587 1175 643 vitia,

598 703 603 708 _
642 654 789 714 Saipe
812 646 1036 700 docendo
1060 646 1295 714 populum

642 710 901 764 Destrttxit
923 710 1091 760 mundi
1116 711 1261 758 idola.

707 776 914 838 Magnus
938 775 1163 824 existens
1184 771 1406 821 medicus
1420 805 1435 828 ,

640 838 834 889 Infirma
855 850 1034 887 sanans
1061 847 1281 896 corpora,

647 906 795 965 Saepe
823 899 1008 965 liberos
1031 899 1222 965 animos

647 961 891 1018 Obsessos
912 975 938 1011 a
957 961 1170 1011 diabolo.

709 1027 864 1077 'l‘anta
891 1024 1115 1086 repletus
1133 1024 1293 1084 gratia

648 1092 784 1143 Obiit
807 1090 857 1136 in
880 1087 1059 1138 Christi
1083 1087 1330 1146 requiem,

651 1155 713 1204 Et
736 1152 878 1201 nobis
899 1161 1100 1211 semper
1124 1147 1335 1195 maxima

653 1213 885 1267 Ostendit.
907 1209 1162 1260 mirabilia.

714 1278 966 1338 Rogemus
988 1283 1117 1338 ergo
1131 1267 1296 1338 populi

652 1333 997 1391 Confessorem
1023 1333 1259 1382 Altissimi
1275 1369 1289 1389 ,

653 1403 711 1452 Ut
741 1401 849 1462 ipse
873 1396 1015 1462 nobis
1038 1396 1275 1462 impetret

647 1451 830 1514 Pacem
856 1466 908 1508 et
929 1451 1304 1518 indulgentiam.
1372 1451 1548 1502 Amen.

426 1577 456 1646 ᾖ
484 1615 495 1626 .
529 1572 634 1628 Ora
664 1584 762 1640 pro
790 1567 966 1632 nobis,
995 1564 1156 1618 Beate
1183 1560 1355 1614 Zeno.

2690 1405 2834 1461 Lect.
2877 1404 2999 1458 HI.

2118 1503 2186 1558 ln-
2203 1501 2394 1558 diebus
2409 1491 2768 1572 Imperatoris
2806 1498 3038 1555 Gallieni
3063 1539 3078 1565 ,
3105 1497 3197 1568 qui
3225 1510 3324 1565 per
3351 1491 3662 1550 successio-

2051 1612 2148 1652 nes
2185 1594 2460 1651 Caesarum
2486 1595 2778 1665 vigesimus
2803 1594 3067 1664 septimus
3095 1591 3148 1660 in
3176 1605 3365 1645 eorum
3404 1597 3493 1643 est
3521 1596 3665 1641 cata-

429 1670 468 1738 ti)
491 1709 503 1724 .
536 1665 610 1722 Ut
628 1662 773 1734 digni
804 1659 892 1715 ell'.
925 1672 1102 1728 prom.
1135 1653 1358 1708 Christi.

417 1737 498 1815 Ad
535 1759 678 1829 Mag.
703 1756 823 1810 Aut.
851 1753 987 1806 Dum
1024 1750 1171 1804 Zeno
1208 1745 1560 1802 Pontificatus
1592 1740 1800 1795 honore
1827 1737 1946 1807 pol-

348 1857 486 1912 leret
517 1850 692 1913 valde,
724 1845 932 1901 meritis
957 1856 1061 1897 non
1096 1839 1282 1911 paucis
1307 1835 1685 1900 existentibus,
1714 1830 1946 1887 Gallieni

346 1947 576 2005 Caesaris
622 1942 790 1997 filiam
837 1955 868 1993 a
918 1937 1138 1993 ruinosa
1174 1941 1329 2004 peste
1358 1930 1454 1986 Dei
1482 1930 1682 1984 virtute
1709 1925 1948 1982 sanavit.

358 2039 447 2094 1’s.
473 2037 615 2108 Mag.
1796 2007 1808 2020 '

822 2126 902 2182 Ad
931 2125 1062 2181 Mat.
1095 2118 1476 2194 Invitatprium.

432 2249 815 2306 Confessorum
845 2244 1048 2312 Regem
1079 2237 1390 2293 adoremus.
1435 2230 1534 2299 Qui
1575 2226 1818 2285 caelestis
1863 2239 1953 2280 re-

355 2347 444 2416 gni
473 2343 726 2398 meritum
748 2381 763 2404 ,
796 2345 852 2393 et
873 2335 1101 2407 gloriam
1132 2327 1360 2386 contulit
1380 2334 1572 2384 sancto
1597 2335 1698 2377 suo
1724 2317 1950 2374 Zenoni.

363 2439 453 2495 Ps.
495 2436 692 2502 Venite,
724 2431 883 2488 exuit.

799 2554 805 2560 ο
860 2523 925 2576 In
954 2521 1120 2592 primo
1153 2517 1206 2572 Ν
1211 2525 1312 2572 act.
1337 2517 1457 2568 Ant.

427 2645 508 2700 Ab
533 2653 687 2700 utero
716 2639 907 2696 matris
940 2638 1038 2692 fuit
1063 2632 1400 2690 santificatns
1428 2629 1616 2684 beatus
1650 2625 1820 2689 Zeno,
1850 2631 1904 2676 et
1928 2636 1957 2674 a

356 2737 639 2795 cunabulis
663 2733 1002 2792 benedictus.
1034 2729 1127 2784 Ps.
1157 2725 1350 2780 Beatus
1394 2723 1471 2777 uir
1517 2722 1626 2789 qui.
1659 2718 1780 2771 Aut.
1820 2715 1958 2769 Pro-

356 2833 542 2890 bitatis
595 2839 650 2885 et
684 2828 925 2884 scientia:
970 2823 1190 2895 jugibus
1235 2814 1583 2874 incrementis
1607 2813 1672 2866 ad
1705 2812 1810 2865 hoc
1839 2825 1963 2880 per-

357 2916 570 2995 ting'ere
601 2900 912 2987 meruit,'ut
943 2932 1039 2987 per
1065 2912 1416 2969 sacerrimam
1449 2907 1614 2962 vitam
1666 2914 1851 2974 pastor
1908 2901 1960 2955 in

363 2992 576 3089 populis
605 3014 935 3070 efficeretur.
972 3007 1066 3062 Ps.
1117 3005 1289 3073 Quare
1335 3003 1486 3072 frent.
1517 2999 1640 3052 Ant.
1681 2992 1963 3051 Continuis

359 3109 582 3180 jejuniis
609 3117 664 3162 et
707 3102 1043 3160 orationibus
1073 3097 1284 3154 crebris
1323 3109 1357 3149 a
1382 3093 1612 3148 Domino
1639 3090 1873 3160 petebat,
1908 3093 1964 3140 ut

367 3202 470 3276 sibi
503 3200 704 3254 aditum
754 3192 1160 3267 praedicationis
1209 3191 1263 3244 in
1310 3186 1523 3258 populis
1569 3184 1823 3254 aperiret.
1873 3180 1966 3236 Ps.

369 3294 611 3360 Domine,
636 3292 759 3364 quid
785 3291 938 3344 mult.
1403 3277 1416 3281 ’

461 3388 494 3457 ᾖ
521 3426 534 3439 .
578 3387 660 3440 Ab
688 3391 842 3461 utero
856 3381 1046 3437 matris
1071 3378 1170 3432 fuit
1193 3374 1562 3431 sanetificatus
1587 3371 1785 3426 Beatus
1802 3369 1972 3424 Zeno.

459 3482 532 3550 ιῆ.
567 3481 635 3536 Et
661 3494 692 3533 a
719 3477 1002 3535 cunabulis
1031 3473 1373 3531 benedictus.
1467 3465 1478 3476 ’

589 3595 656 3650 In
689 3594 848 3652 Festo
890 3592 954 3648 S.
992 3589 1220 3674 Zenonis
1255 3585 1501 3659 Episcopi
1532 3593 1580 3638 et
1607 3581 1762 3652 Couf.

1059 3705 1200 3761 Lect.
1241 3703 1269 3757 I
1282 3745 1294 3756 .

450 3804 581 3859 Olim
631 3801 1095 3872 peritissimorum
1141 3793 1552 3866 discipliuabilis
1605 3805 1723 3846 mos
1749 3789 1978 3855 exstitit,

385 3899 623 3952 virorum
647 3895 993 3966 indagatione
1017 3892 1262 3962 diligenti
1295 3897 1608 3944 sanctorum
1637 3887 1770 3940 vitas
1794 3885 1982 3954 exqui-

384 4004 533 4054 rere,
565 3995 857 4056 earumque
884 3987 1082 4041 seriem
1106 3983 1233 4055 styli
1278 3975 1461 4036 officio
1488 3978 1737 4043 sollicite,
1784 3992 1846 4031 ac
1899 3991 1986 4030 ra-

387 4079 714 4133 tionabiliter
745 4077 1018 4131 meruerim
1046 4071 1377 4148 posteritatis
1399 4072 1696 4142 assignare,
1717 4078 1984 4140 quatenus

389 4172 460 4226 ob
479 4186 591 4224 sua:
617 4169 850 4224 studium
870 4170 1151 4234 doctrinae,
1175 4169 1410 4221 virorum
1441 4166 1493 4219 in
1529 4163 1662 4219 orbe
1687 4162 1985 4217 imitatione

395 4263 695 4335 potirentur
721 4305 736 4328 ,
761 4273 814 4316 et
844 4277 1030 4316 eorum
1050 4261 1373 4330 quandoque
1410 4257 1688 4313 consortio
1717 4258 1768 4310 in
1795 4268 1987 4325 peren-

394 4359 476 4413 nis
505 4357 630 4410 vita:
648 4356 818 4426 gloria
842 4354 1165 4409 fruerentur.
1193 4353 1284 4409 Sir.
1309 4353 1512 4409 etenim
1539 4354 1703 4407 instat
1723 4349 1988 4419 sapientis

397 4466 551 4508 mens
581 4449 645 4504 ad
674 4449 1074 4518 investigandas
1109 4458 1416 4504 sanctorum
1449 4447 1613 4512 vitas,
1639 4455 1910 4515 tamquam
1942 4443 1987 4497 si

2054 1691 2176 1761 logo
2197 1683 2541 1759 subrogatus,
2588 1701 2697 1759 quo
2743 1689 2904 1742 etiam
2957 1696 3202 1756 tempore
3245 1681 3541 1754 Dionysius
3580 1679 3666 1733 vir

1930 1770 2023 1847 ξΒ
2052 1780 2534 1839 revereudissimus
2569 1795 2600 1834 a
2643 1780 2804 1835 beato
2853 1778 3017 1834 Petro
3062 1775 3328 1847 Apostolo
3369 1774 3668 1844 vigesimus

2012 1888 2019 1896 κ
2055 1885 2240 1932 sextus
2287 1874 2547 1930 Romanae
2597 1871 2922 1942 praesidebat
2968 1869 3257 1932 Ecclesize,
3287 1867 3344 1920 in
3383 1864 3669 1937 provincia

2056 1967 2245 2032 italiae,
2276 1967 2330 2021 in
2354 1964 2587 2020 Civitate
2609 1963 2826 2018 Verona
2845 1963 2906 2016 Β.
2928 1960 3164 2016 Zenonis
3185 1966 3309 2014 acta
3325 1958 3668 2013 claruerunt.

2055 2059 2218 2128 Cujus
2263 2058 2364 2112 viri
2408 2057 2636 2111 virtutes
2676 2054 2742 2110 ad
2789 2052 3051 2124 liquidum
3097 2065 3230 2120 quas
3268 2050 3324 2104 iu
3367 2062 3670 2104 conversa-

2055 2151 2207 2206 tione
2264 2150 2348 2205 vel
2389 2150 2443 2203 in
2488 2147 2766 2203 miraculis
2796 2146 3008 2217 peregit
3036 2143 3311 2214 explicare
3355 2151 3468 2196 nun
3520 2137 3674 2194 sulti-

2057 2245 2284 2309 cientes,
2326 2242 2535 2312 aliqbas
2566 2249 2750 2296 tamen
2786 2239 2946 2311 juxta
2991 2237 3136 2308 quod
3165 2235 3437 2306 attingere
3479 2243 3682 2304 possu-‘

2059 2350 2198 2402 mus,
2225 2348 2480 2390 enarrare
2508 2331 2744 2388 veridica
2765 2330 2976 2387 ratione
2999 2343 3277 2384 conamur.

2146 2425 2219 2495 ἢ.
2259 2425 2320 2480 ln
2356 2425 2640 2499 secretiori
2664 2420 3092 2495 parteDratori'r
3132 2418 3407 2475 coutinuis
3450 2417 3677 2487 jejuuiis

2061 2531 2118 2576 et
2143 2519 2352 2574 crebris
2379 2517 2712 2592 orationibus
2761 2531 2790 2569 a
2841 2514 3072 2570 Domino
3125 2511 3384 2583 petebat;
3446 2510 3521 2566 Ut
3572 2509 3675 2562 sibi

2061 2594 2602 2683 dignaretui'uaditus
2642 2607 3043 2676 praedicationis
3074 2605 3126 2659 in
3169 2601 3385 2674 populis
3430 2600 3674 2671 aperire.

2075 2708 2108 2775 Ῡ
2138 2748 2150 2760 .
2200 2705 2282 2760 Ad
2331 2701 2730 2758 convertendas
2758 2700 2812 2754 in
2854 2713 3100 2754 amorem
3160 2695 3418 2775 Episcopi
3462 2693 3679 2748 animas

2062 2772 2341 2851 hominum
2373 2794 2462 2849 die
2485 2802 2756 2862 noctuque
2792 2789 3008 2846 deditus
3041 2799 3180 2845 erat.
3210 2772 3312 2853 Ut,
3332 2796 3442 2840 etc.
3494 2804 3502 2811 ·

2137 2891 2202 2945 1η
2225 2889 2450 2945 secundo
2475 2886 2630 2941 Noct.
2653 2885 2770 2938 Ant.
2797 2880 3042 2938 Alfabilis
3068 2881 3140 2936 ita
3167 2887 3287 2934 erat
3312 2879 3365 2932 in
3398 2876 3676 2933 sermoni-

2069 2985 2190 3047 bus,
2215 2993 2271 3038 et
2301 2984 2354 3036 in
2387 2981 2572 3035 habitu
2601 2977 2748 3032 mitis
2768 3018 2784 3043 ,
2809 2984 2867 3029 ut
2891 2975 3032 3030 Deus
3060 2975 3113 3027 in
3145 2972 3240 3026 illo
3269 2967 3681 3025 collaudaretur

2065 3077 2134 3131 ab
2151 3075 2402 3130 omnibus
2423 3070 2762 3128 venientibus
2783 3069 2846 3123 ad
2861 3083 3015 3123 se.—-
3031 3065 3124 3121 Ps.
3152 3063 3281 3131 Cum
3301 3061 3678 3117 inuam—Ant.

1995 3167 2041 3228 C
2077 3171 2212 3225 Dum
2241 3167 2502 3224 exercitio
2535 3163 2848 3234 piscatiouis
2879 3161 3192 3231 fungeretur
3229 3158 3282 3212 in
3322 3155 3515 3219 ﬂuvio,
3546 3153 3686 3208 vidit

2079 3259 2366 3332 quemdam
2416 3256 2689 3312 hominem
2746 3255 2802 3309 in
2843 3249 3084 3323 plaustro
3109 3249 3389 3332 sedentem
3412 3261 3686 3318 perprze-

2079 3366 2205 3425 qeps
2230 3351 2284 3404 in
2307 3363 2520 3403 aumem
2543 3346 2803 3415 demergi.
2839 3343 2932 3397 Ps.
2948 3342 3114 3398 Verba
3146 3357 3279 3394 mea.
3303 3341 3424 3392 Ant.
3457 3337 3557 3393 Vir
3586 3337 3683 3392 Dei

2079 3445 2285 3500 elevata
2313 3456 2526 3496 sursum
2561 3455 2717 3494 manu
2749 3438 2875 3493 fecit
2901 3437 3110 3506 signum
3141 3433 3345 3489 sanctae
3371 3431 3570 3487 Crucis
3601 3431 3688 3485 di-

2080 3550 2241 3590 cens:
2275 3542 2551 3588 revertere
2582 3538 2752 3597 retro,
2780 3529 3117 3593 Satanas,ne
3138 3525 3374 3595 perimas
3401 3523 3686 3578 hominem

2053 3642 2241 3698 quem
2299 3625 2440 3679 Deus
2479 3622 2703 3678 creavit.
2753 3619 2846 3674 Ps.
2905 3618 3128 3672 Domine
3175 3613 3432 3670 Dominus
3486 3625 3685 3669 noster.

2098 3719 2173 3787 Ῡ.
2225 3714 2492 3776 Sacerdos
2540 3714 2633 3768 Dei
2687 3711 2837 3767 Zeno
2896 3711 3120 3766 sedebat
3183 3722 3349 3778 super
3420 3705 3686 3775 lapidem.

2101 3812 2172 3879 ἡ.
2203 3812 2271 3866 Et
2292 3811 2422 3865 artis
2457 3807 2769 3878 apostolicae
2813 3806 3135 3864 documenta
3164 3816 3398 3874 sequens
3430 3799 3686 3871 piscaba-

2089 3915 2172 3960 tur
2203 3905 2255 3958 in
2288 3902 2532 3958 ﬂumine.

2744 3989 3013 4047 LuLIV.

2162 4089 2286 4142 Fuit
2313 4087 2491 4156 itaque
2513 4100 2542 4139 a
2563 4085 2750 4144 matris
2777 4092 2932 4139 utero
2958 4082 3347 4148 sanetiticatus,
3377 4089 3433 4134 et
3459 4095 3492 4134 a
3519 4093 3691 4132 cuna-

2090 4184 2231 4239 bulis
2277 4182 2613 4244 benedictus,
2642 4188 2697 4232 ut
2728 4178 3025 4232 assertione
3055 4175 3234 4230 divina
3289 4174 3343 4227 in
3391 4187 3459 4224 eo
3514 4175 3689 4242 repeti

2090 4275 2399 4336 videretur;
2425 4271 2569 4343 quod
2618 4270 2866 4326 Ieremia:
2893 4269 3091 4322 dictum
3118 4275 3202 4322 est
3235 4285 3248 4318 :
3277 4264 3599 4332 Priusquam
3637 4274 3691 4317 to.

2092 4360 2382 4420 formarem
2415 4366 2468 4418 in
2523 4375 2700 4428 utero,
2737 4361 2860 4416 novi
2904 4370 2978 4426 te,
3010 4369 3064 4415 et
3094 4368 3382 4428 antequam
3411 4357 3596 4410 exires
3621 4355 3691 4410 de.

2094 4469 2284 4514 ventre
2317 4499 2332 4524 ,
2387 4454 2717 4512 sanctificavi
2763 4463 2838 4509 te.
2893 4453 3134 4522 Denique
3184 4449 3471 4520 probitatis
3526 4456 3692 4518 atque

395 4547 588 4617 aliquis
627 4544 818 4599 sitiens
869 4541 1064 4596 ardore
1113 4543 1244 4596 solis
1291 4541 1513 4596 adustus
1556 4538 1714 4593 avide
1759 4537 1986 4592 fontium
2017 4549 2066 4609 υ
2093 4549 2568 4618 scientimjugihus
2597 4545 2948 4601 ίηριηεηιεηιῖε
2977 4542 3043 4597 ad
3075 4542 3177 4597 hoc
3216 4540 3523 4610 pertingere
3568 4554 3691 4592 me-

394 4638 744 4708 concupiscat
771 4635 996 4700 fluenta,
1030 4634 1115 4689 vel
1154 4636 1314 4688 etiam
1363 4635 1407 4687 si
1446 4634 1566 4703 quis
1596 4631 1991 4687 desideratissi-

397 4748 543 4788 mnm
567 4745 632 4785 ex
657 4739 862 4782 remota
889 4725 1104 4796 regione
1132 4725 1316 4779 audire
1345 4724 1543 4778 ambiat
1574 4723 1822 4778 nuntium
1857 4765 1872 4784 ,
1903 4732 1994 4776 aut

404 4834 556 4878 certe
579 4823 621 4878 si
650 4821 873 4892 quilibet
907 4817 1225 4872 deliciarum
1248 4816 1476 4886 dapibus
1496 4815 1756 4870 educatus
1789 4816 1838 4868 in
1854 4830 1992 4884 quo-

401 4920 523 4972 dam
554 4918 848 4985 longinquo
877 4912 1068 4967 itinere
1103 4911 1332 4980 positus,
1383 4910 1615 4985 esuriem
1669 4910 1735 4963 ad
1779 4909 1992 4962 solitam

400 5013 481 5066 sui
511 5011 693 5079 cupiat
717 5007 923 5060 ventris
973 5003 1258 5073 pervenire
1297 5001 1618 5057 satietatem.
1668 5002 1703 5070 tt
1728 5042 1740 5053 .
1773 5000 1868 5054 llic
1917 5009 1998 5053 cst

403 5120 556 5159 sacer
588 5101 812 5156 antistes
866 5098 1036 5163 Zeno,
1064 5111 1221 5166 quem
1253 5097 1462 5165 gemina
1505 5096 1698 5150 virtute
1741 5095 1996 5148 Dominus

405 5194 703 5250 sanctitatis
760 5202 815 5247 et
861 5190 1148 5258 sapientiae
1201 5188 1495 5242 decoravit.
1527 5187 1690 5256 Cujus
1735 5187 1995 5256 prmrlara

401 5286 671 5339 fulserunt
702 5285 752 5337 in
781 5279 982 5336 mundo
1012 5279 1294 5342 miracula,
1326 5287 1380 5331 et
1406 5278 1460 5331 in
1494 5278 1644 5332 caelis
1670 5277 1898 5346 adeptus
1917 5286 1994 5330 est

406 5377 730 5446 Augelorutn
764 5374 1113 5430 commercia.
1161 5370 1192 5440 ii
1224 5413 1235 5426 .
1283 5369 1387 5424 Istc
1415 5379 1498 5423 est
1526 5368 1616 5437 qui
1662 5378 1786 5421 ante
1831 5369 1996 5420 Deum

401 5483 622 5537 magnas
656 5469 879 5522 virtutes
900 5473 1154 5532 Operatus
1175 5471 1280 5524 est,
1309 5468 1366 5514 et
1385 5461 1562 5513 omnis
1587 5467 1724 5511 terra
1748 5459 1991 5512 doctrina

405 5560 520 5626 ejus
549 5561 748 5626 repleta
770 5567 871 5612 est.
901 5555 1090 5626 Cujus,
1113 5564 1218 5609 etc.

1069 5666 1210 5722 Lect.
1244 5666 1330 5719 II.

471 5781 574 5833 Nos
605 5781 782 5850 itaque
815 5782 935 5835 licet
966 5782 1044 5837 eis
1067 5821 1082 5847 ε
1129 5782 1217 5848 qui
1253 5779 1374 5833 talia
1423 5774 1804 5843 conscripsere
1833 5774 1999 5828 simus

2096 4643 2223 4710 ruit,
2258 4653 2315 4696 ut
2336 4657 2430 4710 per
2456 4639 2805 4694 sacerrimam
2835 4637 2998 4689 vitam
3041 4643 3225 4703 pastor
3255 4633 3306 4685 in
3338 4629 3549 4700 populis
3580 4646 3697 4684 me-

2097 4749 2328 4794 reretur.
2357 4735 2558 4804 Nempe
2587 4731 2808 4786 audiant
2840 4727 3021 4798 populi
3050 4714 3260 4787 otuues.
3315 4724 3405 4795 qui
3447 4723 3571 4792 ejus
3597 4738 3696 4778 cu-

2100 4832 2252 4901 piunt
2282 4842 2440 4881 nosse
2471 4822 2728 4879 miracula
2759 4862 2773 4884 ,
2797 4819 2920 4888 quia
2957 4816 3011 4871 in
3039 4830 3254 4871 onmem
3295 4823 3493 4869 terram
3521 4828 3699 4869 sonus

2099 4925 2230 4979 exiit
2285 4916 2722 4974 conversationis
2775 4912 2926 4981 ejus,
2983 4921 3038 4964 et
3084 4908 3339 4962 sanctitas
3389 4906 3698 4962 luculenter

2101 5013 2341 5071 emicuit.
2382 5011 2418 5077 ἢ
2440 5048 2454 5060 .
2482 5005 2728 5062 All'abilis
2757 5004 2830 5058 ita
2856 5012 2971 5056 erat
2996 5002 3048 5055 iu
3072 4999 3434 5064 sermonibus,
3462 5009 3520 5054 et
3534 5014 3696 5055 mau-

2101 5104 2407 5167 suetudine,
2437 5111 2596 5168 atque
2628 5096 2814 5151 habitu
2842 5094 3004 5149 mitis.
3037 5091 3105 5148 Ut
3135 5093 3272 5146 Deus
3292 5092 3344 5144 in
3370 5091 3464 5145 illo
3489 5092 3698 5146 collau-

2100 5200 2322 5253 darctur
2347 5195 2415 5247 ab
2439 5191 2690 5246 omnibus
2718 5189 2784 5242 ad
2813 5203 2872 5242 se
2899 5185 3256 5241 venientibus.
3288 5185 3322 5254 ᾖ
3347 5225 3360 5238 .
3395 5183 3470 5237 lta
3489 5185 3698 5240 existe~

2100 5293 2193 5346 bat
2221 5289 2422 5352 alacer,
2454 5294 2510 5338 ut
2541 5298 2662 5337 mox
2692 5280 2759 5336 ad
2784 5295 2907 5335 eum
2939 5286 3288 5354 properantes
3317 5275 3550 5342 relictis,
3569 5277 3695 5329 ido-

2101 5382 2166 5436 lis
2192 5422 2209 5447 ,
2268 5377 2494 5432 Domino
2536 5375 2822 5430 crederent
2851 5370 2980 5427 Jesu
3027 5369 3261 5425 Christo.
3320 5365 3390 5423 Ut
3431 5368 3600 5423 Dens.

2769 5487 2906 5543 Lect.
2945 5483 3011 5540 V.

2177 5585 2302 5639 Erat
2330 5584 2470 5637 enim
2502 5582 2697 5636 sedens
2718 5596 2770 5633 tn
2792 5562 3115 5633 Monasterio
3145 5577 3198 5628 in
3223 5573 3514 5628 secretiori
3545 5585 3702 5643 parte

2106 5679 2286 5747 oppidi
2321 5675 2648 5730 Veronensis
2677 5671 2946 5727 continuis
2969 5668 3213 5744 jepmiis,
3262 5677 3320 5720 et
3357 5669 3704 5724 orationibus

2107 5769 2312 5826 crebris
2341 5779 2372 5825 a
2412 5769 2638 5823 Domino
2666 5768 2898 5838 petebat,
2927 5773 2986 5818 ut
3015 5762 3112 5818 sibi
3145 5760 3465 5822 dignaretur
3497 5763 3698 5820 aditum
