3822 6220
176 305 287 360 ’7281

1599 331 2024 390 ItlSSEilTA'l‘lf
2035 341 2050 389 l
2061 379 2074 392 .

3341 342 3344 345 ’
3385 368 3489 422 72.0

174 427 599 496 praedicationis
632 435 909 493 mellifcrre
942 438 992 493 in
1024 442 1235 510 populis
1266 444 1497 512 aperire.
1532 445 1698 516 Igitur
1727 448 1793 503 ad
1824 451 1873 511 A
1901 453 2029 510 lilia:
2072 458 2284 517 dzcmon
2333 464 2569 523 clamare
2610 469 2797 527 dicens
2826 492 2837 503 .
2868 473 2988 530 Νση-
3026 481 3273 549 egredi“.
3299 496 3326 535 a
3369 497 3490 539 cor-

174 526 594 549 ΑΛη..η..ι,....‹Ι--
627 530 658 549 2.
711 544 729 549 Α
776 546 879 549 ,-,,
928 548 933 549 ,
992 532 1049 549 nn
1105 536 1117 546 -
1160 536 1190 549 ,o
1321 538 1332 549 ο
1512 540 1523 549 .
1643 541 1654 549 .

173 526 597 583 convertendas
627 530 678 584 in
706 544 946 588 amorem
989 532 1192 590 Christi
1247 538 1456 594 animas
1511 540 1789 597 hominum

174 614 264 671 die
288 630 575 692 noctuque
605 622 820 679 deditus
846 636 981 681 erat.
1017 627 1223 685 Revera
1248 631 1391 701 quod
1421 632 1655 690 Sanctus
1677 635 1794 705 ejus

174 708 421 781 Spiritus
498 732 755 786 purarum
824 720 1159 779 illuminator
1229 727 1527 794 mentium,
1605 729 1795 786 doctor

173 805 483 873 existebat,
509 810 645 866 sicut
685 811 800 883 ipsa
839 816 1037 873 veritas
1078 809 1335 889 loquitur,
1380 820 1569 877 dicens
1617 842 1629 877 :
1674 823 1792 878 Non

173 896 324 950 enim
391 915 496 967 vos
542 905 676 963 estis
727 906 819 976 qui
873 907 1172 980 loquimini,
1214 913 1309 967 sed
1354 913 1590 1003 Spiritus
1618 917 1792 973 Patris

128 1042 135 1050 ,
173 990 373 1057 vestri,
420 993 514 1062 qui
549 994 786 1065 loquitur
812 1000 866 1055 in
903 1000 1074 1057 vobis.
1123 1003 1199 1059 Ita
1226 1020 1358 1062 sane
1399 990 1630 1066 affabilis
1673 1022 1791 1067 erat

175 1078 232 1133 in
263 1094 552 1153 sermone,
586 1089 712 1144 etin
742 1090 926 1147 habitu
970 1095 1146 1163 mitis,
1181 1105 1239 1151 ut
1260 1099 1385 1168 jure
1413 1101 1555 1157 Deus
1586 1104 1638 1158 in
1670 1105 1789 1174 ipso

176 1175 600 1248 collaudarelur
627 1182 694 1237 ab
716 1184 967 1240 omnibus
998 1189 1342 1245 venientibus
1368 1191 1434 1247 ad
1456 1207 1535 1249 se.
1568 1194 1643 1249 lta
1669 1196 1787 1256 ala.-

175 1282 295 1333 cer,
328 1279 388 1325 et
420 1271 477 1325 in
507 1273 824 1342 splendifico
843 1276 1015 1333 nitore
1036 1277 1299 1337 facundiae
1322 1284 1552 1352 vividus,
1583 1296 1642 1342 ut
1663 1304 1786 1344 mox

176 1362 245 1417 ad
278 1379 412 1419 eum
443 1376 822 1436 properantes,
857 1371 1060 1426 relictis
1084 1373 1240 1428 idolis
1270 1384 1324 1430 et
1363 1380 1628 1447 pravitate
1657 1397 1789 1451 gen-

179 1456 421 1521 tilitatis,
452 1459 683 1515 Domino
709 1462 995 1518 crederent
1022 1464 1150 1521 Iesu
1180 1466 1415 1523 Christo.
1438 1471 1510 1540 ἡ.
1558 1472 1691 1526 Dum
1734 1475 1787 1529 in

176 1548 347 1605 fluvio
382 1552 553 1608 Adasi
585 1556 900 1624 piscationis
921 1562 1187 1615 exercitio
1233 1562 1566 1634 fungeretur,
1592 1569 1789 1623 erectis

180 1655 405 1698 sursum
441 1646 637 1710 oculis,
670 1649 805 1703 vidit
827 1651 1101 1708 hominem
1136 1654 1187 1707 in
1218 1654 1454 1724 plausno
1484 1657 1787 1724 sedentem,

178 1736 358 1793 bobus
389 1739 699 1808 subjunctis
727 1743 780 1796 in
801 1758 1013 1798 amnem
1035 1745 1295 1817 demergi.
1344 1748 1376 1816 ᾖ
1404 1788 1416 1800 .
1451 1748 1619 1802 Tanta
1642 1749 1786 1804 enim

1903 560 2032 616 pore
2064 549 2188 616 isto,
2218 553 2321 609 nisi
2353 554 2501 613 Zeno
2526 561 2809 633 episcppus
2836 569 3065 636 venerit,
3094 586 3157 626 ac
3202 588 3298 643 per
3328 575 3494 645 ipsius

1902 639 2187 709 imperimn
2220 651 2737 721 coactumigrabo.
2772 655 2889 711 Mox
2923 660 3100 731 itaque
3148 639 3215 718 ut’
3237 639 3491 740 liucvRegi

1899 730 2148 790 Gallieno
2196 738 2446 809 innotuit,
2506 744 2683 800 missis
2727 730 3125 819 apparitoribus
3153 758 3379 814 sollicita
3414 762 3494 815 in-

1898 827 2139 882 tentione
2167 830 2331 901 C(Bpil.
2376 834 2722 909 investigare,
2763 842 2918 898 sicuti
2946 844 3202 903 Sanctum
3232 854 3493 919 potuisset

1897 919 2142 975 invenire
2188 923 2383 979 virum.
2450 926 2523 997 ιῇ.
2578 931 2866 988 Festinans
2917 936 3095 1008 itaque
3141 940 3349 997 daemon
3405 946 3487 1000 in-

1892 1028 2112 1084 gressus
2139 1029 2224 1072 est
2256 1020 2514 1089 palatium
2564 1024 2796 1085 Caesaris
2843 1028 3092 1086 Gallieni.
3125 1033 3195 1088 Et
3242 1050 3489 1107 compre-

1893 1106 2117 1164 hensam
2151 1111 2266 1181 ejus
2294 1113 2458 1170 filiam
2487 1119 2655 1189 C(Bpil
2689 1130 2794 1176 tam
2820 1124 3117 1183 crudeliter
3144 1106 3379 1186 vexare.
3412 1134 3445 1202 ᾖ
3470 1173 3484 1187 .

1891 1200 2211 1259 Miserabilis
2252 1216 2401 1275 pater
2445 1219 2661 1283 totaque
2707 1215 2898 1273 domus
2943 1220 3091 1291 regia
3147 1200 3491 1283 cruciatu'et

1891 1308 2127 1352 maerore
2148 1296 2516 1381 ‘affligeliatur.
2548 1304 2614 1360 Et
2642 1321 2819 1379 comp.

2510 1418 2652 1501 beet.
2703 1422 2874 1479 VIII.

1966 1527 2048 1583 Ex
2081 1529 2236 1601 jussu
2267 1542 2446 1589 autem
2493 1536 2657 1608 Regis
2683 1540 2891 1597 milites
2914 1541 2980 1596 ad
3009 1544 3183 1600 virum
3213 1546 3307 1601 Dei
3334 1564 3486 1619 gres-

1892 1621 2041 1678 sibus
2072 1636 2317 1696 pergunt.
2347 1628 2442 1685 llle
2468 1646 2597 1686 vero
2628 1635 2856 1690 sedebat
2887 1652 3046 1708 super
3092 1641 3350 1711 lapidem,
3394 1648 3484 1715 qui

1892 1715 1944 1769 in
1977 1720 2226 1786 proximo
2258 1732 2374 1785 erat
2404 1723 2739 1793 Monasterii,
2789 1738 2843 1803 et
2882 1732 3014 1786 artis
3043 1735 3353 1804 apostolica:
3391 1733 3512 1806 d'o—,

168 1828 477 1885 velocitate
506 1828 801 1898 ferebatur,
833 1844 889 1889 ut
942 1838 1151 1892 cunctis
1178 1838 1558 1895 ostenderetur
1584 1841 1787 1912 antiqui
1819 1840 1865 1899 B
1894 1819 2144 1912 iumenta
2176 1817 2481 1912 p"“°'°"§*
2515 1835 2578 1874 ex
2610 1836 2761 1876 more
2810 1826 3115 1892 p'scabm‘"
3160 1829 3212 1883 i"
3242 1829 3482 1887 ﬂ'm'me‘

181 1915 355 1977 hostis
388 1932 512 1977 arte
540 1936 840 1993 peractum.
867 1928 1070 1985 Bobus.

848 2040 992 2096 Lect.
1032 2042 1106 2097 VI
1118 2084 1130 2097 .

250 2124 359 2181 Per
416 2127 562 2184 idem
612 2139 824 2201 tempus
874 2130 1022 2203 juxta
1089 2135 1286 2191 Urbem
1341 2138 1605 2194 Veronam
1654 2140 1781 2195 dum
1866 2172 1876 2188 κ

179 2219 478 2288 egrediens
507 2221 649 2277 idem
676 2225 758 2278 vir
800 2239 831 2279 a
868 2228 1217 2294 monasterio,
1262 2230 1314 2284 in
1358 2230 1520 2285 Adasi
1562 2230 1784 2310 flumine

178 2313 502 2380 piscationis
529 2316 790 2370 exercitio
819 2318 1152 2389 fungeretur,
1186 2311 1383 2377 erectis
1410 2339 1624 2378 sursum
1653 2341 1782 2380 ocu-

180 2401 267 2466 lis,
291 2403 432 2458 vidit
461 2420 527 2460 ex
556 2406 785 2463 adverso
815 2410 1101 2480 quemdam
1158 2414 1428 2470 hominem
1460 2419 1520 2486 in~
1544 2419 1782 2487 plaustro

179 2495 489 2566 sedentem,
521 2499 693 2556 bobus
722 2488 1023 2572 subjuuctis
1070 2522 1167 2576 per
1214 2524 1455 2582 pra‘ceps
1484 2511 1536 2566 in
1566 2528 1780 2569 amnem

179 2592 448 2666 demergi.
505 2598 673 2653 Tanta
726 2604 925 2673 quippe
980 2608 1305 2681 miserabilis
1362 2614 1649 2671 velocitate
1705 2617 1783 2673 fe-

180 2688 426 2755 rebatur,
447 2700 506 2745 ut
530 2694 705 2762 palam
735 2699 945 2753 cunctis
966 2703 1313 2759 eernentibus
1336 2705 1557 2762 daretur
1583 2710 1781 2767 intelli-

182 2778 230 2846 gi
264 2778 367 2834 hoc
396 2782 600 2839 diaboli
646 2795 769 2842 arte
810 2788 974 2846 fuisse
1002 2803 1297 2860 peractum.
1350 2797 1783 2873 Sanctusitaque

184 2870 264 2924 vir
289 2872 419 2927 dum
449 2874 668 2933 intentis
711 2878 1002 2937 luminibus
1031 2884 1133 2939 hoc
1157 2900 1187 2940 a
1217 2886 1377 2959 longe
1421 2870 1777 2963 prospiceret,

181 2966 434 3033 cognovit
487 2969 869 3042 lymphaticum
903 2976 1000 3035 viri
1034 2979 1273 3047 ruinam,
1328 2982 1524 3038 factum
1573 2986 1778 3042 diaboli

179 3070 316 3113 esse.
353 3058 556 3132 Itaque
592 3065 791 3121 interea
822 3067 917 3121 Vir
960 3070 1055 3125 Dei
1095 3072 1303 3128 elevata
1335 3091 1550 3131 sursum
1583 3094 1773 3147 manu,

172 3148 306 3206 fecit
359 3154 575 3226 signum
622 3170 822 3216 sancta:
877 3164 1055 3219 crucis
1110 3166 1381 3237 frequenti
1433 3172 1545 3226 vice
1595 3173 1774 3227 dixit:

181 3243 476 3305 Revertere
505 3261 671 3319 retro,
703 3253 925 3321 Satana,
956 3274 1023 3313 ne
1046 3262 1279 3329 perimas
1310 3262 1582 3321 hominem
1617 3284 1775 3337 quem

180 3337 320 3395 Deus
348 3350 582 3401 creavit.

260 3437 335 3515 )3.
371 3438 527 3506 Quod
572 3443 782 3512 signum
814 3454 873 3497 ut
905 3447 1036 3501 vidit
1079 3448 1554 3520 diaboltts,.velut
1599 3452 1776 3510 fumus

182 3541 210 3580 a
241 3538 402 3585 vento
432 3543 621 3601 raptus
665 3538 903 3603 evanuit,
953 3547 1007 3592 et
1035 3540 1382 3604 clamoribus,
1433 3558 1496 3598 ac
1540 3546 1773 3601 stridore

179 3620 411 3678 nefando
440 3624 511 3679 de
535 3626 640 3681 alta
671 3644 805 3698 rupe
836 3645 957 3684 cum
1008 3632 1207 3702 impetu
1240 3634 1517 3691 decideret
1546 3638 1649 3703 ait,
1696 3639 1727 3707 ᾖ
1753 3680 1767 3693 .

180 3713 243 3768 Et
271 3718 314 3770 si
363 3734 472 3774 non
522 3720 610 3776 hic
652 3738 740 3777 me
779 3726 1042 3792 permittis
1075 3727 1283 3781 animas
1328 3729 1602 3784 hominum
1651 3747 1769 3787 mea

179 3805 493 3864 obsessione
541 3812 758 3878 lucrari,
808 3824 985 3870 tamen
1042 3829 1259 3884 paratus
1307 3835 1423 3873 sum
1474 3822 1524 3875 in
1573 3824 1768 3891 patrias

180 3907 327 3955 notas
369 3903 785 3973 circumquaque
809 3908 939 3961 sitas
965 3908 1031 3961 ad
1061 3920 1204 3963 tuum
1241 3912 1586 3979 pertinaciter
1614 3914 1765 3970 obire

182 3990 638 4059 impedimentum.
671 3997 738 4051 Et
761 3998 831 4065 si,
860 4011 966 4053 etc.

245 4083 308 4137 In
337 4084 459 4140 III.
491 4086 650 4141 Noct.
684 4089 805 4142 Ant.
838 4089 1036 4146 Beatus
1061 4092 1205 4147 Zeno
1236 4093 1395 4161 dixit,
1425 4112 1529 4152 non
1563 4108 1611 4151 te
1638 4114 1760 4165 per-

179 4176 334 4233 mittit
366 4180 623 4236 Dominus
646 4183 845 4253 aliquid
870 4201 1028 4254 agere
1046 4186 1307 4243 adversus
1334 4205 1549 4244 servum
1578 4208 1756 4246 suum.

180 4268 267 4325 Ps.
283 4272 1194 4345 Domine,quis.——Ant.Miserabilis
1220 4284 1393 4352 l’atcr,
1418 4294 1633 4356 tutaque
1666 4289 1761 4341 do~

179 4376 289 4416 mus
323 4368 467 4435 regia
508 4382 739 4424 mcerore
771 4370 1129 4439 afﬂigebatur,
1164 4389 1230 4428 eo
1256 4376 1396 4444 quod
1429 4380 1598 4444 puella
1623 4380 1761 4433 acri—

182 4461 255 4506 ter
296 4457 674 4514 snl'foearetur.
721 4460 815 4516 Ps.
847 4462 1089 4531 Domine,
1119 4467 1172 4519 in
1200 4466 1314 4519 virt.
1347 4469 1467 4521 Ant.
1496 4468 1759 4527 Sacerdos

180 4543 268 4601 Dei
291 4548 436 4605 Zeno
462 4550 690 4607 sedebat
713 4568 875 4623 super
905 4556 1159 4625 lapidem,
1185 4566 1240 4612 et
1265 4560 1396 4612 artis
1447 4562 1756 4629 apostolica:

180 4634 485 4697 documenta
532 4659 784 4714 sequens.
820 4647 1127 4715 piscabatur
1161 4650 1211 4703 in
1247 4651 1486 4707 flumine.
1517 4653 1608 4732 Ps.
1646 4654 1755 4709 Do-

180 4729 314 4784 mini.
377 4734 455 4802 i'.
503 4734 654 4801 Quod
703 4738 913 4807 signum
963 4749 1021 4793 ut
1071 4742 1203 4796 vidit
1250 4742 1485 4811 daemon,
1536 4729 1755 4803 evanuit

180 4820 313 4875 velut
356 4824 651 4896 fumus'ﬁ.
680 4827 842 4884 'Cum
886 4833 1217 4888 clamoribus
1267 4845 1321 4890 et
1368 4838 1603 4893 stridore
1653 4855 1750 4902 nc—

178 4909 345 4970 fando.

799 4994 942 5049 Lect.
992 4995 1123 5051 VII.
1306 5028 1337 5033 —

243 5074 328 5129 His
376 5078 556 5147 itaque
604 5086 867 5151 peractis,
908 5102 1028 5141 eum
1080 5090 1382 5147 detestabili
1448 5095 1648 5150 ululatu
1699 5110 1809 5177 et

179 5163 396 5222 clamore
426 5170 696 5226 discessit.
728 5174 1012 5232 Festinans
1036 5182 1214 5251 itaque
1241 5185 1449 5239 daemon
1479 5188 1749 5258 ingressus
1806 5172 1817 5185 κ

181 5264 253 5308 est
277 5258 379 5313 cito
428 5262 684 5328 palatium
731 5262 962 5322 Cmsaris
993 5269 1245 5340 Gallieni,
1283 5287 1657 5349 arreptamque
1689 5281 1748 5335 li-

181 5344 291 5402 liam
320 5356 456 5420 ejus,
484 5370 593 5419 quo
624 5366 748 5411 tunc
781 5371 1023 5425 tempore
1055 5366 1207 5421 unica
1238 5370 1556 5434 parentibus
1584 5385 1700 5439 erat
1728 5393 1742 5442 ;

1787 4605 1840 4664 D

1895 1903 2186 1962 Venientes
2214 1924 2343 1979 ergo
2374 1910 2594 1980 milites,
2629 1915 2752 1984 quia
2781 1916 2990 1987 ignotus
3019 1920 3100 1975 eis
3127 1932 3265 1989 erat,
3309 1938 3487 1995 crepe-

1889 2008 2015 2051 runt
2061 1999 2294 2055 sollicite
2342 2012 2589 2059 sanctum
2653 2005 2745 2060 Dei
2798 2007 3131 2081 interrogare
3180 2012 3421 2070 dicentes
3468 2034 3483 2071 :

1885 2089 2019 2157 Quis
2048 2106 2108 2145 es
2138 2101 2213 2157 tu,
2239 2092 2402 2150 homo
2433 2095 2570 2150 Dei?
2622 2096 2799 2154 Indica
2845 2101 3000 2157 nobis
3030 2103 3071 2157 si
3103 2103 3279 2159 vidisti
3311 2105 3486 2160 Zeno-

1887 2197 2010 2235 nem
2047 2184 2395 2254 Episcopum,
2426 2203 2585 2257 quem
2634 2206 2732 2245 nos
2762 2206 2830 2247 ex
2875 2193 3025 2262 jussu
3068 2195 3229 2268 Regis
3271 2201 3497 2269 perqui:

1886 2274 2079 2331 rimus.
2112 2276 2181 2331 At
2212 2277 2303 2333 ille
2334 2283 2612 2351 respondit
2642 2302 2655 2337 ;
2689 2284 2768 2338 Ad
2797 2285 2925 2355 quid
2956 2289 3107 2343 missi
3134 2291 3264 2345 estis
3294 2293 3476 2349 dicite.

1888 2366 2002 2435 Ego
2049 2369 2191 2422 enim
2247 2374 2492 2439 quamvis
2544 2375 2785 2429 tantillus
2855 2392 3044 2433 servus
3093 2381 3194 2435 sim
3232 2424 3247 2447 ,
3303 2394 3482 2438 tamen

1884 2458 2086 2517 Christi
2130 2463 2281 2519 Zeno
2323 2471 2505 2521 voc‘or.
2556 2469 2721 2539 Igitur
2765 2471 3108 2529 conferentes
3138 2477 3204 2530 ad
3249 2477 3478 2533 invicem

1885 2554 2107 2623 milites,
2142 2557 2385 2611 dicentes
2415 2561 2557 2614 inter
2587 2576 2645 2615 se
2675 2579 2686 2614 :
2717 2562 2855 2629 Quid
2887 2565 3053 2621 multa
3078 2567 3477 2639 colloquimur?

1884 2649 2185 2706 indicemus
2225 2668 2319 2721 pro
2359 2670 2461 2723 qua
2490 2672 2546 2710 re
2575 2656 2825 2735 destinati
2858 2677 3045 2716 sumus
3074 2663 3141 2717 ad
3193 2664 3351 2720 istum
3402 2667 3478 2721 vi-

1854 2772 1859 2777 -
1884 2760 2025 2798 rum.
2051 2745 2200 2802 Tune
2230 2757 2475 2816 patenter
2501 2750 2815 2807 iutimantes
2835 2755 2998 2809 beato
3020 2755 3300 2812 Sacerdoti
3331 2759 3480 2815 dixe-

1884 2845 2010 2891 runt
2037 2856 2051 2891 :
2083 2837 2257 2908 Rogat
2301 2849 2352 2893 te
2382 2840 2496 2895 Rex
2524 2844 2708 2899 venire
2733 2845 2815 2899 ad-
2843 2861 2923 2913 se,
2970 2837 3092 2917 quia
3124 2849 3237 2903 vult
3287 2850 3476 2905 faciem

1886 2936 2030 2981 tuam
2056 2928 2259 2984 videre.
2295 2930 2431 2995 Quid
2462 2948 2636 2990 meam
2674 2934 2783 2989 Rex
2815 2936 2923 2990 vult
2972 2953 3197 2994 cernere
3245 2938 3477 2995 faciem?

1882 3022 1971 3090 qui
2019 3021 2259 3077 omnium
2302 3023 2730 3081 Christianorum
2767 3029 3063 3085 manifestis
3111 3032 3330 3090 indiciis
3380 3033 3481 3088 ini-
3518 3043 3525 3049 '

1882 3113 2053 3166 mieus
2084 3127 2205 3167 esse
2235 3129 2342 3169 non
2385 3115 2622 3172 desinit?
2651 3120 2717 3173 At
2754 3120 2831 3175 illi
2862 3123 3274 3193 respondentes,
3325 3125 3475 3181 dixe-

1804 3218 1849 3279 ο
1887 3215 2013 3260 runt
2046 3224 2061 3257 :
2092 3206 2353 3263 Obsecrat
2381 3211 2526 3266 enim
2559 3222 2610 3268 te
2640 3210 2799 3279 Rex,
2825 3224 2881 3269 ut
2929 3214 3091 3271 filiam
3139 3219 3329 3288 ipsius,
3357 3210 3477 3290 qua:

1883 3299 2108 3355 immani
2134 3303 2421 3360 atrocitate
2451 3321 2479 3360 a
2510 3305 2759 3362 daemone
2789 3320 3040 3375 vexatur,
3073 3313 3290 3366 sanitati
3322 3314 3473 3368 resti-

1882 3398 2025 3456 tuas,
2053 3392 2173 3460 quia
2204 3395 2360 3449 uniea
2396 3395 2470 3449 illi
2503 3408 2606 3451 est.
2638 3398 2731 3453 llle
2756 3414 2885 3453 vero
2913 3400 3045 3454 dixit
3066 3402 3144 3455 eis
3174 3421 3187 3456 :
3218 3403 3475 3458 Dominus

1876 3484 2037 3541 Jesus
2065 3484 2309 3542 Christus
2336 3490 2686 3560 Omnipotens
2716 3496 2820 3546 est.
2851 3492 2944 3559 lte,
2982 3495 3170 3564 inquit,
3213 3512 3313 3566 ego
3341 3513 3469 3566 pau-

1878 3578 2027 3633 latim
2059 3580 2363 3649 subseqtior
2386 3597 2499 3636 vos.
2529 3582 2755 3653 Oportet
2784 3587 2927 3639 enim
2977 3597 3032 3639 ut
3077 3587 3337 3641 mirabilia
3373 3589 3469 3645 Dei

1875 3669 1994 3725 luce
2024 3672 2221 3726 clarius
2250 3674 2500 3727 omnibus
2529 3675 2958 3730 manifestentur.
3002 3679 3120 3744 Quo
3153 3679 3298 3734 dicto
3330 3682 3467 3745 mili-

1874 3771 1955 3815 tes
1984 3764 2121 3818 viam
2167 3779 2268 3832 qua
2317 3776 2598 3831 venerunt,
2631 3768 2973 3836 repedarunt.
3026 3768 3063 3837 ιῆ
3085 3809 3098 3821 .
3126 3769 3465 3839 lngrcdiente

1870 3851 2071 3908 Christi
2128 3855 2447 3910 eonfessore
2478 3858 2752 3926 palatium,
2789 3870 2843 3913 et
2880 3858 3019 3913 facto
3063 3862 3240 3915 erucis
3286 3864 3461 3931 signo,

1870 3960 1991 3998 mox
2022 3947 2186 4015 coepit
2212 3946 2424 4001 dmmoo
2456 3948 2918 4004 clamaredicens:
2943 3950 3048 4015 Tu,
3076 3951 3242 4016 Zeno,
3273 3954 3463 4021 expel-

1870 4040 1935 4093 lis
1984 4055 2088 4094 me.
2145 4040 2259 4110 Ego
2314 4050 2532 4113 propter
2579 4053 2721 4096 tuam
2773 4044 3119 4134 sanetitatem
3165 4026 3311 4099 stare
3356 4060 3461 4100 non

1870 4148 2108 4199 possum.
2157 4133 2191 4200 ἢν
2218 4174 2229 4184 .
2281 4133 2346 4187 Et
2395 4134 2438 4186 si
2471 4134 2594 4188 hinc
2624 4133 2834 4197 abiero,
2866 4150 2931 4188 eo
2963 4135 3251 4199 Veronam,
3284 4136 3464 4206 ibique

1866 4224 2110 4280 invenies
2142 4240 2248 4278 me.
2281 4225 2393 4295 Ego
2422 4236 2643 4296 prOpter
2714 4264 2735 4296 ,
2772 4268 2785 4276 .
2819 4226 3000 4283 Gloria
3035 4228 3199 4283 Patri.
3238 4230 3367 4300 Ego.
3400 4229 3411 4257 ⁴

2517 4346 2657 4398 Lecl.
2704 4338 2808 4394 IX.

1937 4451 2218 4522 Exurgens
2259 4467 2387 4525 vero
2429 4452 2614 4508 beatus
2643 4454 2908 4509 Sacerdos
2935 4454 3099 4521 Zeno,
3151 4471 3216 4508 ne
3259 4454 3458 4509 diutius

1863 4542 2287 4597 abscOnderetur
2334 4542 2526 4598 civitas
2575 4560 2733 4609 supra
2796 4556 3031 4599 montem
3084 4545 3281 4613 posita,
3331 4545 3458 4603 fecit

1863 4636 2185 4701 orationem,
2219 4637 2562 4705 perrexitque
2613 4637 2676 4689 ad
2710 4638 2985 4704 palatium,
3038 4639 3123 4690 ubi
3174 4639 3450 4693 cruciaba-

1863 4737 1948 4779 tur
2004 4737 2058 4781 et
2100 4720 2520 4796 lamentabilitet;
2547 4727 2881 4798 aflligebatur
2912 4744 3007 4797 pro
3037 4745 3131 4781 sua
3165 4730 3269 4784 tilia
3316 4730 3427 4784 Rex

1859 4819 2090 4875 Sanctus
2117 4837 2331 4892 quoque
2359 4822 2653 4891 Episcolius
2681 4836 2800 4875 cum
2822 4822 2985 4876 celeri
3018 4825 3455 4893 peregrinatione

1858 4913 1960 4967 iter
2009 4925 2215 4983 ageret,
2247 4920 2371 4967 ante
2417 4928 2536 4968 cum
2591 4914 2838 4981 provenit
2884 4930 3042 4983 quam
3088 4916 3137 4969 hi
3182 4918 3271 4983 qui
3303 4917 3449 4971 missi

1855 5005 2070 5058 fuerant
2119 5004 2337 5058 milites.
2372 5000 2726 5073 lngrediente
2778 5006 3041 5075 siquidem
3091 5004 3289 5062 Christi
3321 5022 3448 5061 con-

1863 5098 2070 5151 fessore
2120 5096 2397 5165 palatium,
2447 5105 2499 5149 et
2531 5098 2672 5150 iacto
2718 5097 2908 5152 Crueis
2937 5100 3091 5168 signo
3120 5102 3283 5168 ρωρῐι
3310 5115 3444 5154 con-

1854 5188 2029 5243 festim
2077 5203 2173 5258 per
2210 5201 2272 5241 os
2322 5187 2601 5243 infantulae
2648 5190 2859 5245 daemon
2907 5192 3163 5258 clamare,
3204 5194 3441 5264 dicens:

1854 5283 1995 5337 Ecce
2030 5292 2081 5335 ιιι
2115 5281 2260 5334 Zeno
2302 5282 2496 5336 venisti
2544 5283 2609 5337 ad
2658 5286 3031 5353 expellendum
3084 5303 3191 5352 me,
3241 5298 3292 5342 ct
3342 5302 3441 5357 ego

1855 5382 2073 5445 propter
2132 5383 2276 5427 tuam
2330 5376 2667 5433 sanctitatem
2716 5386 2859 5433 stare
2908 5394 3011 5432 non
3058 5394 3293 5450 possum.
3348 5380 3440 5434 His

182 5445 325 5510 CtDpil
367 5447 663 5503 crudeliter
715 5467 933 5507 vexare.
990 5456 1312 5517 Miserabilis
1368 5479 1496 5534 ergo
1560 5465 1738 5534 Pater,

180 5535 424 5609 simulque
473 5552 583 5597 tota
630 5542 823 5599 domus
878 5548 1052 5617 regia,
1107 5552 1161 5605 in
1221 5554 1491 5611 tristitiam
1549 5574 1734 5627 versa,

182 5631 495 5712 cruciabatur
524 5645 579 5688 et
630 5651 865 5692 mmrare
893 5640 1090 5709 ingenti
1116 5642 1475 5714 afﬂigebatnr,
1504 5665 1570 5721 eo
1593 5652 1735 5720 quod

184 5704 356 5798 acriter
388 5725 561 5793 puella
591 5727 964 5784 suﬂ’ocaretur.
997 5731 1126 5798 Qum
1157 5734 1281 5787 dum
1330 5740 1531 5794 crudeli
1580 5757 1737 5796 vexa-

172 5794 311 5864 ‘lioii‘r
355 5810 738 5886 ‘c‘nrripci‘etitr.
796 5816 958 5887 cmplt
1016 5794 1107 5889 per
1166 5832 1227 5880 οδ
1272 5826 1546 5886 infantulae
1596 5833 1733 5897 regis

1834 5468 2058 5541 quidem
2127 5466 2325 5521 auditis
2392 5479 2580 5524 tenens
2641 5470 2903 5525 Sacerdos
2954 5488 3168 5526 manuni
3225 5473 3438 5542 puclla‘,

1842 5561 2019 5615 dixit:
2068 5560 2125 5614 In
2158 5559 2388 5620 Numine
2424 5562 2633 5616 Domini
2678 5565 2843 5615 nostri
2887 5564 3013 5618 Jesn
3045 5566 3244 5618 Christi
3300 5582 3439 5635 pra:-

1839 5653 1978 5721 cipio
2006 5655 2125 5718 tibi,
2170 5653 2255 5710 exi
2288 5655 2355 5709 ab
2384 5672 2469 5719 ea,
2516 5656 2745 5710 daemon.
2783 5658 2957 5710 Atille
2986 5658 3196 5726 publica
3228 5670 3281 5711 et
3311 5658 3433 5713 bor—

1838 5744 1980 5799 ribili
2024 5762 2157 5801 voce
2200 5745 2373 5818 coepit
2406 5746 2640 5801 clamare
2685 5747 2912 5802 dicens:
2956 5757 3009 5801 et
3065 5748 3127 5802 si
3157 5750 3279 5803 hinc
3318 5765 3345 5803 a
3380 5760 3431 5803 te

1838 5832 1992 5889 Rtet‘n
2039 5839 2317 5909 eXpttlstts.
2366 5851 2437 5894 eo
2478 5832 2767 5900 Veronam,
2815 5836 2994 5907 ibique
3038 5838 3277 5895 itivebios
3321 5852 3428 5900 me.
