3822 6220
360 307 454 359 731

1458 360 1464 367 .
1528 308 1614 364 DE
1644 307 1890 365 SANCTI
1928 308 2214 363 ZENllNlS
2255 302 2523 365 EPOCHA

3533 311 3650 363 752

358 430 410 493 et
456 437 550 479 eos
597 424 646 478 in
692 424 883 494 quibus
930 423 1183 485 habitem,
1235 435 1439 480 stantes
1480 426 1534 479 in
1593 425 1789 495 platea,
1837 431 2013 489 εις-Α
2041 424 2117 478 lut
2145 422 2340 478 fumus.
2390 427 2458 492 ᾖ.
2491 424 2620 478 Cum
2665 422 2990 477 clamoribus
3038 436 3099 475 ac
3156 422 3392 476 stridore
3435 423 3647 477 nefan-

360 527 634 586 pectantes
663 524 731 571 te.
767 514 965 571 Christi
995 526 1238 585 namque
1263 518 1519 585 sacerdOS
1544 534 1671 572 mox
1699 516 1765 572 ab
1786 516 1935 572 omni

358 607 700 662 datmoniacae
730 606 1053 661 incursionis
1094 606 1464 670 ludiﬁcatione
1502 608 1734 665 restituit
1772 606 1936 661 ﬁliam

357 701 539 772 Regis.

722 790 804 844 Ad
834 789 1035 845 Laudes
1062 800 1107 845 et
1135 808 1225 860 per
1247 791 1414 846 horas.
1454 789 1573 844 Ant.

426 882 680 937 Dominus
709 872 866 937 Jes’tis
908 881 1155 937 Christus
1181 881 1553 953 .Omnipotens
1582 887 1687 946 est,
1725 886 1940 948 oportet

354 977 496 1032 enim
546 986 602 1028 ut
649 974 913 1029 mirabilia
954 975 1045 1029 Dei
1088 975 1338 1030 omnibus
1383 973 1807 1052 manifestentur.
1839 970 1933 1026 Ps.

350 1066 603 1121 Dominus
629 1082 732 1137 reg.
770 1082 883 1119 cum
907 1066 1050 1144 reliq.
1081 1066 1144 1119 de
1173 1065 1315 1119 (and.
1346 1065 1467 1119 Ant.
1499 1065 1777 1136 Exurgens
1810 1054 1938 1121 bea-

354 1172 439 1215 tus
475 1160 742 1215 Sacerdos
776 1159 903 1215 fecit
934 1158 1256 1224 orationem,
1304 1154 1641 1228 pert-exitque
1680 1157 1744 1213 ad
1791 1159 1939 1228 pala-

353 1255 502 1318 tium,
531 1253 617 1307 ubi
647 1251 981 1321 alﬂigebatur
1013 1265 1109 1321 pro
1136 1264 1231 1305 sua
1253 1235 1374 1304 'ﬁlia
1415 1247 1549 1306 Rex.
1581 1249 1702 1305 Ant.
1748 1249 1939 1320 Ingre-

350 1348 530 1403 diente
589 1344 787 1400 Christi
836 1343 1163 1400 Confessore
1224 1344 1480 1414 palatium
1509 1385 1523 1408 ,
1574 1340 1717 1399 facto
1763 1342 1941 1398 crucis

318 1470 321 1471 ν
351 1438 503 1509 signo
527 1452 623 1509 per
670 1451 729 1491 os
776 1436 965 1506 puellae
1011 1435 1225 1491 daemon
1270 1430 1545 1502 clamavit,
1572 1434 1763 1490 dicens
1794 1452 1807 1490 :
1838 1433 1939 1499 Tu,

350 1531 522 1598 Zeno,
566 1529 757 1584 venisti
805 1530 871 1582 ad
907 1527 1283 1600 expellendum
1333 1542 1442 1594 me,
1469 1535 1523 1582 ct
1553 1538 1770 1598 propter
1798 1536 1941 1581 tuam

352 1624 691 1677 sanctitatem
736 1633 879 1676 stare
912 1636 1016 1676 non
1051 1635 1288 1691 possum.
1321 1618 1442 1674 Ant.
1468 1619 1684 1675 Tenens
1706 1621 1766 1675 B.
1797 1618 1943 1673 Zeno

353 1731 571 1770 manum
609 1713 825 1784 puclla),
860 1713 991 1768 dixit
1020 1712 1123 1779 :Aln
1147 1713 1375 1767 Nomine
1405 1713 1611 1768 Domini
1642 1711 1766 1767 Jesu
1789 1711 1943 1768 Chri-

2042 516 2129 569 do.
2160 515 2405 570 Evanuit.
2458 515 2491 583 Ῡ
2519 555 2531 568 .
2563 513 2743 567 Gloria
2773 513 2939 566 Patri.
2970 511 3121 579 Quod
3148 513 3380 582 signum.
3420 515 3455 582 ᾗ
3485 551 3501 568 .
3533 515 3646 570 Sa-

2040 606 2232 661 cerdos
2267 605 2358 659 Dei
2401 605 2473 673 ti).
2510 605 2571 657 Et.
2596 603 2727 657 artis
2751 604 2938 682 :Apost.

2111 695 2192 749 Ad
2214 694 2382 760 Non.,
2413 711 2522 767 cap.
2557 694 2727 765 Fuugi
2751 693 3152 760 Sacerdotio,et
3179 694 3384 752 habere
3416 696 3647 753 laudem

2041 789 2092 842 in
2123 790 2335 851 nomine
2360 789 2549 858 ipsius,
2576 797 2630 842 et
2664 786 2857 844 oﬂ‘erre
2884 788 2960 842 illi
3006 790 3285 845 incensum
3315 789 3542 861 dignum
3585 791 3649 846 in

2038 880 2259 945 odorem
2289 880 2591 935 suavitatis.
2756 902 2759 905 ι
3356 888 3360 893 ι
3503 862 3510 867 ’

2125 972 2197 1043 ri).
2234 972 2351 1027 Bré.
2386 973 2651 1030 Sacerdos
2695 973 2787 1029 Dei
2831 972 2979 1030 Zeno
3012 975 3235 1033 sedebat
3280 990 3444 1045 super
3495 975 3647 1045 lapi-

2040 1067 2183 1123 dem.
2237 1068 2271 1137 ᾖ
2299 1110 2322 1138 ,Α
2359 1068 2423 1123 Ει
2454 1067 2585 1123 artis
2635 1067 2960 1138 Apostolicae
3005 1068 3328 1125 documenta
3375 1082 3648 1139 sequens,

2042 1160 2349 1230 piscabatur
2403 1149 2742 1217 iitJiumine.
2792 1160 2988 1217 Sedeb.
3056 1162 3131 1230 ᾖ.
3189 1160 3277 1217 Gl.
3333 1161 3483 1217 Patr.
3542 1161 3655 1217 Sua

2042 1255 2253 1310 cerdos.
2932 1322 2935 1325 ἤ

2130 1354 2165 1402 v
2194 1388 2206 1401 .
2237 1345 2450 1403 Juvtum
2480 1345 2721 1401 deduxit.
2771 1346 2808 1415 ιῆ
2830 1386 2844 1401 .
2877 1346 2940 1400 Et
2966 1344 3202 1401 ostendit
3232 1342 3330 1400 illi.

2117 1437 2183 1492 In
2229 1440 2463 1493 secundis
2501 1437 2653 1508 νεαρ.
2689 1438 2807 1491 Ant.
2861 1438 3116 1493 Dominus
3159 1436 3321 1494 Iesus
3364 1452 3485 1492 cum
3536 1435 3651 1492 rei.

2048 1529 2139 1586 Pr.
2175 1529 2318 1585 Dixit
2353 1528 2626 1595 Dominus;
2662 1530 2713 1583 itt
2760 1529 2864 1608 ﬁne
2903 1546 2983 1601 ps.
3030 1528 3313 1584 Memento.
3345 1528 3472 1599 Cap.
3506 1530 3657 1584 Ecce

2046 1623 2331 1680 Sacerdos.
2384 1624 2620 1693 Hymnus
2652 1623 2831 1679 Sancti
2872 1623 3130 1679 Zenonis.
3175 1624 3208 1693 ᾖ
3235 1663 3248 1677 .
3276 1623 3381 1678 Ora
3411 1638 3514 1693 pro
3545 1637 3657 1677 no-

2010 1772 2013 1774 .
2047 1716 2149 1770 bis.
2199 1716 2269 1785 πῆ.
2315 1715 2385 1771 Ut
2413 1715 2521 1786 dig.
2556 1714 2644 1770 eﬂ'.
2678 1715 2761 1769 Ad
2791 1712 3091 1787 MagyAnt.
3124 1715 3323 1771 Sancte
3359 1714 3659 1769 confessor

352 1808 419 1861 sti
454 1806 705 1876 praecipio
757 1805 874 1872 tibi,
922 1806 1008 1861 exi
1057 1805 1124 1859 ab
1172 1819 1258 1870 ea,
1292 1805 1524 1859 daemon.
1574 1807 1693 1858 Ant.
1746 1800 1943 1858 Christi
1974 1808 2023 1868 B
2049 1806 2215 1874 Zeno,
2248 1816 2428 1876 pastor
2475 1807 2682 1861 Domini
2723 1805 2924 1878 gregis,
2955 1814 3005 1861 te
3043 1806 3424 1878 deprecamur,
3472 1807 3657 1861 inter—

354 1914 587 1968 namque
619 1898 887 1981 Sacerdos
914 1898 981 1953 ab
1025 1898 1169 1951 omni
1219 1897 1568 1952 dmmoniacm
1614 1895 1938 1950 incursionis

2037 1896 2169 1953 cede
2205 1913 2300 1966 pro
2333 1898 2507 1962 nobis,
2543 1908 2596 1952 ut
2648 1912 2951 1953 mereamur
2996 1907 3175 1954 tecum
3203 1913 3326 1953 esse
3355 1898 3410 1952 in
3461 1897 3654 1953 caelis.

356 1993 720 2048 ludilicatiune
768 1973 953 2047 sanam
998 1990 1234 2045 restituit
1264 1990 1445 2078 .liiiam
1491 1974 1677 2059 Regis;
1724 1987 1940 2059 Capitu-
2039 1987 2135 2043 Ps.
2168 1968 2311 2057 Mog.
2345 1999 2479 2046 orat.
2513 1999 2567 2041 ut
2599 2005 2771 2060 supra.

354 2083 478 2136 lunt.

422 2176 562 2230 Ecce
593 2173 855 2231 Sacerdos
907 2158 1128 2246 Magnus
1156 2176 1245 2245 qui
1285 2173 1338 2228 ln
1370 2172 1561 2229 diebus
1593 2172 1704 2227 suis
1743 2148 1943 2242 placuit

356 2268 484 2335 Deo,
519 2275 574 2322 ct
604 2267 855 2323 inventus
879 2276 958 2322 est
983 2266 1183 2337 justus,
1211 2276 1264 2322 et
1294 2266 1345 2321 in
1374 2277 1616 2337 tempore
1646 2264 1940 2321 iracundiae

356 2360 521 2416 factus
554 2371 635 2415 est
659 2360 1053 2416 reconciliatio.

993 2477 1031 2530 ll
1046 2476 1292 2533 YMNUS.

601 2588 836 2637 Praesnlis
851 2589 1016 2638 Sancti
1035 2589 1249 2641 redeunt
1271 2590 1477 2641 colenda

534 2650 681 2717 Ifesta
704 2650 914 2717 Zenonis
937 2651 1195 2717 Dominum
1221 2653 1501 2717 sequentis,

535 2714 626 2773 Qui
647 2714 776 2763 diem
802 2713 942 2762 nobis
964 2714 1214 2764 celebrent
1239 2713 1449 2766 sacravit

722 2774 846 2824 Fine
867 2776 1034 2825 beato.

604 2837 806 2900 Magnus
826 2837 1018 2887 Excelsi
1041 2836 1202 2889 fuerat
1224 2838 1472 2900 sacerdos,

538 2900 814 2949 Praedieans
836 2909 1013 2961 gentes
1034 2901 1160 2949 bene
1186 2908 1322 2950 trans
1346 2906 1575 2961 marinas,

540 2962 658 3011 lnde
684 2961 922 3012 Veronam
946 2962 1082 3011 Deus
1106 2963 1233 3012 hunc
1254 2965 1313 3012 ad
1341 2963 1521 3014 Urbem

721 3023 913 3074 Mittere
934 3034 1088 3073 curat.

604 3086 709 3145 Quo
731 3087 838 3138 Deo
858 3086 1056 3135 multum
1085 3087 1311 3149 populum
1336 3087 1552 3138 lucratus

542 3150 776 3199 Instruxit
801 3151 979 3207 verbis,
1003 3148 1227 3198 solidavit
1251 3152 1388 3210 actis,

540 3210 597 3260 In
617 3212 723 3261 Deo
748 3211 939 3260 tandem
967 3212 1193 3273 patiendo
1216 3222 1426 3263 mortem

721 3273 850 3322 Vivit
865 3275 915 3322 in
936 3286 1108 3323 avum.

606 3335 743 3386 Nunc
768 3338 817 3384 in
837 3345 1074 3384 aeternum
1096 3336 1283 3384 meritis
1304 3342 1525 3389 coruscat

540 3399 705 3450 Clarus
729 3406 780 3447 et
802 3398 976 3446 mundo
996 3399 1278 3447 manifestus
1299 3402 1461 3460 omni,

542 3462 633 3522 Qui
657 3461 764 3511 Deo
786 3461 875 3509 soli
895 3459 1078 3509 studuit
1103 3460 1295 3521 placere

728 3522 938 3586 Corpore
966 3524 1147 3572 vivens.

606 3586 774 3634 Pastor
798 3594 983 3649 teterno
1005 3588 1201 3649 radians
1224 3586 1469 3649 triumpho

540 3649 774 3698 Servulos
798 3648 905 3697 audi
930 3648 1017 3697 tibi
1041 3648 1384 3711 suliplicantes,

540 3713 799 3761 Praemium
820 3711 980 3771 justis,
1008 3713 1307 3773 veniamque
1324 3725 1472 3773 posce

727 3774 936 3823 Crimine
961 3774 1125 3835 lapsis.
1422 3783 1429 3794 '

607 3837 711 3895 Quo
733 3835 825 3885 Dei
849 3849 1018 3897 magna
1043 3836 1356 3886 miseratione

543 3900 776 3965 Ordinem
793 3900 1175 3965 caeli/decimum
1200 3900 1459 3965 replentes

546 3964 707 4029 Ipsitts
729 3962 910 4029 cultum
938 3964 1185 4029 videamus
1204 3964 1334 4029 omni

687 4026 973 4090 ‘Tempore
992 4023 1142 4074 saecli.
1209 4024 1385 4077 Arnen.

451 4136 485 4204 ᾗ
512 4177 525 4188 .
552 4132 656 4189 Ora
687 4148 782 4205 pro
812 4136 985 4203 nobis,
1022 4135 1082 4190 Β.
1113 4135 1275 4191 Zeno.
1299 4136 1335 4204 ri)
1360 4177 1373 4190 .
1405 4136 1474 4191 Ut
1500 4135 1607 4207 dig.
1640 4133 1728 4190 eli.

441 4228 519 4282 Ad
550 4226 872 4283 Benedictus.
899 4231 1018 4284 Ant.
1043 4228 1331 4299 Acceptam
1366 4229 1423 4283 Β.
1453 4228 1601 4283 Zeno
1631 4242 1890 4283 coronam
1924 4240 1952 4279 a

367 4323 515 4395 Rege
545 4324 817 4379 distribuit
844 4325 1171 4394 pauperibus
1200 4324 1385 4378 dicens
1414 4341 1426 4376 :
1457 4321 1512 4378 Si
1538 4323 1796 4377 Dominus
1825 4335 1957 4391 ope-

370 4427 518 4470 ratur
566 4416 802 4479 excelsa,
837 4416 935 4483 ipsi
988 4424 1257 4487 perpetuat
1309 4415 1491 4470 laudes
1536 4414 1857 4480 referantur,
1903 4421 1957 4467 et

370 4508 558 4577 gloria.
592 4505 682 4561 Ps.
713 4500 909 4561 Bened.

2586 2126 2729 2181 Laus
2767 2124 2877 2182 Deo
2915 2123 3082 2179 Patri.

2344 2240 2500 2296 Nota:
2529 2243 2584 2296 in
2612 2241 2829 2310 allatum
2855 2256 2952 2295 ms.
2995 2224 3331 2293 Pistoriense.

2114 2362 2164 2416 1.
2202 2358 2461 2430 ,Νοιειηάε
2512 2356 2687 2427 primo
2733 2364 2817 2410 est
2865 2353 3411 2423 conlormitashnjns
3461 2351 3649 2431 Pisto-

2042 2451 2237 2526 riensi‘s
2286 2467 2386 2506 ms.
2454 2466 2575 2505 cum
2619 2464 2750 2504 mss.
2800 2447 3158 2503 veterioribus
3213 2446 3650 2502 Veronensibus.

2043 2545 2174 2601 Nam
2226 2543 2549 2614 Antiphonte
2608 2541 2673 2596 ad
2725 2539 2993 2610 Vesperas
3041 2547 3096 2595 ct
3169 2539 3385 2594 Laudes
3437 2538 3651 2617 eaedem

2044 2648 2171 2697 sunt
2197 2648 2368 2709 atque,
2389 2636 2517 2705 illae,
2547 2650 2682 2707 quas
2715 2648 2779 2690 ex
2814 2648 2943 2688 mss.
2980 2631 3376 2687 Veronensibus
3402 2630 3656 2687 referunt

2016 2733 2259 2789 .Domini
2291 2731 2569 2787 Ballerinii
2601 2729 2741 2785 inter
2784 2736 3132 2783 monumenta
3182 2727 3363 2796 pagin.
3405 2740 3566 2779 cutv
3598 2733 3657 2780 et

2046 2840 2202 2881 ccxv.
2234 2823 2318 2878 Ita
2352 2824 2397 2877 si
2430 2820 2585 2876 valde
2617 2834 2779 2890 pauca
2805 2816 3069 2889 exeipias,
3098 2828 3150 2872 et
3177 2818 3537 2886 responsoria
3582 2815 3652 2871 ad

2049 2917 2331 2981 lectiones,
2360 2915 2499 2969 sicut
2526 2925 2578 2968 et
2598 2910 2810 2967 Oratio:
2835 2910 3094 2987 Deusqui
3125 2919 3449 2982 pra‘sentcm
3480 2909 3653 2974 diem,

2050 3020 2185 3077 etc.,
2236 3009 2425 3065 eadem
2474 3008 2695 3061 omnino
2725 3014 2811 3060 est
2836 3019 2956 3073 pag.
2992 3018 3155 3068 cun,
3194 3000 3382 3072 hymni
3425 3016 3654 3071 quoque

2052 3099 2301 3157 Prtestttis
2349 3099 2551 3165 Sancti,
2584 3108 2638 3153 et
2676 3096 2859 3152 Sancti
2906 3093 3148 3150 Zenonis
3190 3093 3404 3162 praesuli
3458 3092 3652 3163 pagina

1971 3186 2017 3248 C
2050 3210 2250 3266 chvnt
2295 3202 2347 3247 et
2396 3206 2575 3247 CLXIX.
2625 3188 2757 3256 Quae
2804 3187 2871 3242 de
2922 3202 2979 3242 re
3024 3185 3366 3241 manifestum
3396 3192 3504 3238 est
3550 3183 3657 3237 hoc

2052 3287 2379 3344 Pistoriense
2412 3299 2512 3338 ins.
2540 3281 2743 3338 recenti
2775 3280 2899 3335 licet
2949 3294 3112 3335 manu
3151 3284 3431 3333 exaratum
3477 3292 3507 3330 a
3548 3275 3657 3331 Ve-

2050 3381 2370 3438 ronensibus
2410 3375 2791 3433 vetustissimis
2822 3386 2954 3428 mss.
2987 3372 3316 3441 exscriptum
3347 3364 3539 3423 fuisse.

2120 3472 2175 3528 2.
2222 3468 2549 3541 Longini-em
2586 3466 2958 3544 praefationem
3009 3472 3133 3518 nota
3181 3460 3412 3532 diligens
3456 3459 3654 3525 lector,

2052 3566 2182 3623 etin
2215 3556 2457 3636 pini-ibus
2489 3560 2759 3617 diversam
2793 3561 2860 3613 ab
2897 3572 2981 3625 ea,
3017 3571 3137 3625 qum
3178 3555 3229 3609 in
3272 3553 3512 3608 editione
3548 3551 3655 3606 Ve-

2052 3660 2272 3717 ronensi
2303 3659 2492 3712 ultima
2540 3658 2813 3728 leguntur,
2857 3652 2999 3725 quod
3029 3665 3148 3707 eam
3182 3665 3288 3706 non
3314 3662 3440 3705 esse
3484 3641 3658 3703 Coro-

2055 3756 2164 3811 nati
2194 3753 2402 3809 Notarii
2430 3754 2564 3808 satis
2587 3750 2809 3806 indicat.

2125 3855 2179 3908 ὃ.
2217 3851 2312 3907 llic
2349 3866 2505 3905 error
2552 3830 2904 3903 amanuensis
2948 3849 3164 3920 est,.ut
3208 3841 3370 3912 poto;
3428 3853 3553 3894 nam
3602 3839 3673 3892 in.

2054 3945 2281 4000 summis
2326 3940 2671 4013 pontilicibus
2718 3934 3071 3994 numerandis
3102 3948 3248 3990 vero
3294 3945 3525 3988 numero
3570 3947 3655 3987 rc-

2054 4050 2309 4094 censetur
2344 4015 2628 4106 Dionysius
2654 4048 2683 4087 a
2727 4032 2896 4087 Beato
2937 4029 3095 4084 Petro
3120 4027 3415 4098 vigesimus
3448 4035 3653 4080 sextus.

2056 4132 2332 4188 Gallienus
2363 4144 2493 4184 vero
2521 4129 2813 4197 imperator
2847 4124 2899 4178 in
2933 4121 3075 4177 serie
3119 4112 3490 4175 Remanorum
3538 4115 3656 4171 Ca:-

2058 4242 2235 4280 sartnn
2290 4223 2361 4279 45
2410 4229 2723 4277 numeratur
2784 4233 2814 4271 a
2866 4214 3076 4272 Joanne
3123 4211 3400 4267 Ludovico
3448 4208 3655 4266 Gothoo

2060 4321 2208 4375 tredo
2236 4333 2330 4373 sua
2360 4318 2411 4372 in
2446 4313 2765 4383 Anthologia
2798 4309 3030 4381 cosmica
3050 4351 3064 4375 ,
3092 4299 3189 4363 lib.
3220 4305 3399 4376 primo
3424 4301 3479 4358 in
3509 4302 3656 4358 elen-

2058 4413 2163 4468 clto
2196 4412 2585 4480 imperatorum
2626 4403 2954 4460 Occidentis.

2129 4505 2185 4558 4.
2220 4504 2350 4558 Post
2397 4502 2511 4555 haec
2556 4498 2609 4552 in
2636 4512 2696 4553 re
2743 4495 2953 4566 penitus
2991 4489 3245 4548 convenit
3277 4489 3379 4543 hoc
3417 4486 3654 4560 ms..l’i-

444 4599 589 4656 Orat.
627 4601 771 4657 Deus
800 4604 886 4672 qui
936 4618 1031 4656 nos
1072 4602 1243 4655 sancti
1293 4600 1529 4656 Zenonis
1556 4600 1866 4656 Sacerdotis
1905 4608 1960 4656 et
1986 4581 2036 4642 Ῐ)
2065 4599 2330 4654 storiense
2361 4611 2481 4649 cum
2511 4592 2656 4647 edito
2687 4605 2715 4643 a
2745 4585 3050 4643 Balleriniis
3087 4583 3279 4655 pagina
3306 4593 3514 4672 curm,
3540 4593 3659 4632 vcr-

370 4695 711 4752 Conl‘cssoris
762 4694 838 4751 tui
880 4711 1053 4751 annua
1103 4696 1273 4750 beata:
1304 4694 1661 4749 confessionis
1700 4692 1955 4764 solemni-

372 4798 480 4845 tate
530 4789 793 4853 laetiﬁcas,
830 4798 1043 4860 praesta,
1076 4804 1407 4859 qutesumus,
1456 4798 1513 4841 ut
1554 4785 1744 4841 callida
1793 4784 2001 4855 hostis.

371 4886 677 4940 incursione
729 4894 841 4951 tua,
895 4885 1009 4939 freti
1048 4885 1244 4939 virtute
1286 4883 1516 4947 devicta,
1570 4880 1852 4951 pervenire
1897 4879 1962 4935 ad

370 4979 584 5049 gaudia,
636 4978 754 5049 ipso
803 4978 1222 5045 interveniente,
1253 4992 1556 5031 mereamur
1585 4984 1807 5030 mterna.
1838 4973 1962 5039 Per,

370 5080 474 5125 etc.
510 5071 590 5125 Ad
622 5069 742 5138 ΙΙΙ,
768 5088 880 5142 cap.
914 5070 1053 5126 Ecce
1082 5069 1367 5125 Sacerdos.
1668 5062 1669 5065 “

462 5164 498 5233 πῆ
522 5204 534 5216 .
568 5163 686 5217 Bre.
727 5164 809 5218 Ab
838 5173 991 5217 utero
1016 5163 1198 5216 matris
1226 5160 1323 5215 fuit
1350 5159 1736 5215 sanctiﬁcatus.
1768 5158 1963 5214 Beatus

372 5256 539 5311 Zeno.
589 5258 623 5326 ᾖ
648 5295 661 5309 .
703 5256 769 5310 Et
801 5272 830 5309 a
853 5255 1133 5310 cnnabulis
1162 5254 1501 5311 benedictus.
1550 5254 1585 5323 ᾗ
1611 5294 1622 5306 .
1652 5253 1832 5309 Gloria
1866 5251 1967 5306 Pa-

374 5351 456 5402 tri.
513 5349 590 5405 Ab
621 5361 796 5403 utero.
846 5350 879 5418 ᾖ
908 5389 919 5401 .
951 5346 1104 5414 Quod
1152 5346 1382 5417 signum.
1450 5345 1486 5413 ιῆ
1509 5384 1522 5399 .
1566 5344 1697 5401 Cum
1726 5354 1731 5363 ‘
1761 5347 1962 5398 clamo-

373 5441 539 5496 ribus.

444 5536 522 5588 Ad
546 5536 773 5591 Sextum.
808 5534 932 5605 Cap.
965 5534 1078 5589 Non
1110 5544 1194 5588 est
1224 5533 1473 5587 inventus
1514 5530 1705 5586 similis
1740 5528 1841 5595 illi,
1872 5526 1961 5597 qui

388 5636 734 5682 conservaret
782 5627 949 5696 legem
1010 5625 1241 5691 Excelsi,
1275 5622 1397 5677 ideo
1443 5620 1795 5692 jurejurando
1843 5617 1969 5671 fecit

383 5722 528 5777 illum
567 5724 821 5777 Dominus
851 5737 1093 5778 crescere
1118 5723 1171 5775 in
1199 5719 1407 5793 plebem
1437 5731 1609 5771 suam.

486 5821 522 5888 ti,
546 5858 556 5871 .
580 5820 699 5873 Bre.
722 5820 872 5885 Quod
903 5822 1110 5891 signum
1144 5827 1200 5873 ut
1228 5817 1361 5872 vidit
1387 5814 1621 5881 daemon,
1649 5808 1866 5869 evanuit
1883 5820 1972 5863 ve-

2061 4690 2148 4747 bis
2196 4706 2304 4744 non
2335 4688 2486 4743 item.
2536 4684 2693 4739 Plura
2730 4690 2909 4734 tamen
2955 4675 3144 4731 iisdem
3190 4672 3368 4728 verbis
3409 4671 3659 4741 leguntur

2070 4785 2121 4840 in
2154 4783 2459 4851 utriusque,
2492 4776 2633 4849 quod
2662 4784 2861 4849 nostrm
2892 4769 3216 4840 conjectura:
3247 4765 3411 4820 favet.
3454 4763 3661 4832 Nempe

2068 4876 2303 4933 cartulas
2350 4870 2631 4942 quasdam,
2681 4871 2773 4923 sed
2817 4860 3220 4919 characteribus
3263 4857 3474 4913 detritis
3502 4869 3659 4927 atque

2070 4968 2314 5029 corrosis
2342 4967 2465 5020 vitae
2490 4964 2548 5019 S.
2582 4960 2817 5017 Zenonis
2849 4973 2879 5012 a
2904 4956 3174 5011 Coronam
3204 4945 3436 5007 Notario'
3456 4950 3659 5006 descri-

2073 5071 2178 5132 ptte
2211 5060 2377 5114 luisse
2409 5064 2672 5129 repertas,
2706 5036 2759 5106 et
2787 5067 2816 5106 a
2840 5048 3067 5105 diversis
3092 5046 3211 5101 aliis
3239 5054 3295 5099 et
3328 5042 3446 5098 aliis
3485 5043 3661 5099 verbis

2064 5152 2341 5223 suppletas
2396 5159 2448 5203 et
2494 5147 2855 5207 continuatas,
2887 5139 3204 5213 quibusdam
3245 5137 3407 5192 etiam
3440 5135 3659 5197 additis.

2066 5261 2183 5315 quae
2218 5257 2324 5297 non
2358 5241 2408 5295 in
2450 5237 2699 5317 omnibus
2748 5250 2877 5289 mss.
2924 5232 3290 5303 reperiunt-ur,
3322 5227 3546 5283 retentis
3593 5227 3657 5280 iis

2068 5345 2187 5407 quae
2237 5337 2286 5390 in
2340 5334 2471 5404 ipsis
2512 5330 2776 5399 corruptis
2823 5325 3045 5383 cartulis
3093 5322 3197 5393 legi
3240 5327 3508 5392 poterant,
3540 5333 3659 5388 qua:

2069 5430 2273 5487 eaidem
2309 5428 2358 5481 in
2391 5443 2491 5481 ms.
2524 5425 2791 5494 leguntur.

2143 5524 2195 5579 5.
2235 5522 2355 5576 llaec
2379 5536 2486 5575 non
2513 5519 2578 5572 de
2604 5514 2949 5580 Confessore,
2978 5510 3071 5566 sed
3102 5509 3169 5565 de
3214 5506 3450 5578 Martyre
3478 5505 3660 5562 dicun-

2076 5627 2197 5681 tur;
2232 5628 2399 5682 qnare
2423 5611 2633 5666 videtur
2664 5609 2777 5662 haec
2816 5606 2986 5660 oratio
3024 5602 3089 5658 ad
3121 5601 3315 5682 l‘estuni
3360 5597 3660 5654 Ordinatio-

2079 5709 2161 5765 nio
2185 5703 2614 5768 accommodata,
2640 5716 2758 5756 cum
2795 5698 2847 5753 in
2880 5698 3017 5752 l‘esto
3060 5678 3295 5767 Martyrii
3342 5689 3483 5745 forte
3527 5692 3663 5762 lege-

2090 5810 2236 5860 retur
2290 5817 2306 5856 :
2364 5797 2499 5854 Deus
2543 5796 2627 5870 qui
2672 5810 2763 5850 nos
2808 5791 2966 5848 sancti
3022 5786 3245 5846 Zenonis
3284 5781 3581 5842 Sacerdotis
3621 5792 3663 5839 α
