3822 6220
74 388 177 443 733

1488 376 1770 445 nissun’t‘
1790 385 1956 442 \Tlt).

3267 391 3365 446 731

86 501 335 573 uttrlyris
370 510 455 559 lui
503 528 673 564 (unum
703 513 860 565 ὺρηιιε
886 509 1223 576 conp-“iouis
1251 508 1566 562 solcmuilute
1593 508 1680 561 ιω·
1708 503 1759 561 Λ
1784 500 1981 554 etenim
2014 501 2155 572 ιιιιιιιι
2186 502 2252 556 110
2293 501 2595 558 ΟΙιειριιίθρ
2647 499 2917 555 incredula
2962 501 3171 579 38501⁸11,
3219 505 3368 569 Hujus

78 597 271 662 tiﬁms,
307 608 422 654 etc.
452 600 507 655 in
534 601 669 658 festo
690 615 864 656 autem
890 600 1255 655 Ordinationis
1281 600 1499 667 dempto
1521 598 1684 653 verbo

74 691 344 758 martyris,
396 697 691 763 repositum
726 694 819 747 luit
850 694 965 761 ejus
999 693 1116 747 loco
1167 691 1494 760 confessoris,
1548 692 1677 745 reli-

75 782 172 834 Clis
225 784 353 840 aliis
387 785 552 839 beata:
596 786 965 857 Confessionis,
1013 800 1133 854 quae
1184 794 1387 839 tantum
1436 786 1681 856 martyri,

74 886 180 925 non
227 875 543 931 ccul'essori
590 877 931 932 conveniunt.
985 876 1205 947 Reliqua
1269 894 1335 933 ex
1394 877 1684 934 collatione

76 980 195 1017 cum
228 966 391 1020 edito
427 984 455 1020 a
490 969 736 1024 Dominis
768 969 1068 1023 Balleriniis
1120 969 1306 1025 lectori
1335 972 1566 1026 notanda
1599 985 1685 1027 re-

77 1055 425 1125 linquimus:
458 1075 519 1115 ea
562 1062 703 1115 enim
752 1061 1010 1117 fidelitate
1054 1076 1153 1117 ms.
1206 1062 1307 1119 lioc
1353 1063 1681 1120 Pistoriense

76 1148 456 1229 exhibuimus,
493 1164 547 1205 ut
577 1155 738 1207 ctiaut
780 1153 1136 1210 Amanuensis
1168 1156 1394 1211 intactos
1421 1156 1678 1212 exhibue-

78 1242 248 1298 riiuus
274 1260 525 1300 errores.

693 1358 915 1415 CAPUT
952 1360 1040 1415 ιγ.

81 1482 167 1535 ΕΑ,
212 1483 341 1531 ΩυΕ
376 1484 589 1525 CONTRA
625 1487 671 1527 S.
707 1488 927 1528 ZENONIS
957 1490 1202 1530 EPOCHAI
1233 1490 1431 1531 TERTIO
1462 1490 1677 1532 διευιο

149 1575 849 1619 ΜΑΝΗἸἘΝΕΝΒΛΠἘΛΟΕΚΕ
896 1552 1245 1631 κἸυΕΒΛΝτυιὶ,
1293 1583 1532 1623 ευΒιΑτΑ
1579 1585 1675 1624 ιΙΛΠ

149 1666 279 1706 ESSE
340 1666 705 1721 CONFIDIIIUS;
759 1673 976 1713 EAIIDEII
1029 1675 1161 1715 NUNC
1216 1675 1409 1715 TERTIO
1448 1672 1676 1715 ἐιεουιο

147 1759 577 1801 CONFIRIANDAI
607 1764 778 1803 VARUS
811 1765 1122 1807 RATIONIBUS
1147 1766 1470 1810 SUSClPlIIUS.
1622 1738 1623 1741 Ἰ

1790 592 2166 648 intemeratum
2234 597 2555 666 inspectura:
2622 594 2860 663 Dciparze
2902 593 3135 664 Virginis
3174 595 3370 648 cando-

1790 702 1903 743 rem
1939 689 2220 743 combusta
2254 703 2462 752 manus,
2504 698 2553 741 et
2589 688 2741 741 Pueri
2768 687 2893 741 .lcsu
2923 698 3106 741 sanata
3152 686 3366 752 dicitur,

1789 794 2049 849 nusquam
2081 782 2131 835 in
2183 781 2430 836 Patribus
2460 779 2632 850 quarti
2664 779 2846 833 saeculi
2876 779 3103 849 legitur:
3136 780 3252 848 ejus
3291 788 3369 833 ta-

1787 886 1909 933 men
1958 870 2035 927 rei
2086 874 2332 927 meminit
2373 871 2623 927 Clemens
2668 871 3079 937 Alexandrinus,
3111 887 3229 942 quae
3267 887 3364 925 cx-

1784 963 1944 1017 euitte
1970 964 2207 1018 secundo
2235 965 2433 1017 szcculu
2463 973 2521 1018 ut
2548 964 2855 1035 apocryplta
2900 963 3264 1032 rejiciebatur,
3301 973 3366 1034 ,ιιι

1784 1068 1848 1107 ex
1878 1053 2206 1128 Hieronymo
2237 1054 2396 1110 iidem
2430 1063 2617 1111 notant
2648 1055 2854 1110 Domini
2884 1054 3154 1110 Ballerinii
3186 1054 3271 1127 (L.
3301 1060 3361 1121 ιι,

1783 1144 1875 1202 Tr;
1910 1163 2020 1226 vni,
2052 1136 2229 1203 adnot.
2270 1148 2378 1217 17).

1854 1237 2105 1294 Tractatu
2141 1254 2267 1295 vero
2297 1241 2487 1310 quinto
2515 1239 2636 1295 lihri
2665 1240 2822 1310 primi
2856 1238 3015 1294 verba
3063 1238 3150 1293 illa
3181 1255 3195 1293 ε
3228 1239 3363 1304 Quid

1780 1330 1917 1399 quod
1946 1330 2087 1385 illius
2129 1330 2457 1401 Sacri/icium
2484 1332 2742 1404 publicum
2768 1343 2881 1419 εει,⁸
2909 1341 3057 1385 tuum
3096 1329 3360 1385 secretum.

1702 1425 1707 1428 ’
1778 1418 1935 1476 Illius
1979 1439 2011 1475 a
2055 1424 2231 1493 quovis
2276 1423 2428 1478 libere
2478 1424 2687 1479 tractari
2732 1418 2915 1494 potest,
2961 1432 3104 1477 tuum
3157 1422 3301 1476 etiam
3332 1440 3362 1475 a

1780 1511 2086 1570 Christianis
2132 1509 2260 1588 ipsis
2332 1517 2539 1569 minime
2587 1516 2872 1569 consecrari
2934 1515 3043 1569 sine
3089 1512 3359 1585 sacrilegio

1778 1608 1939 1662 uideri
1980 1624 2083 1662 non
2128 1619 2311 1681 potest,
2358 1610 2693 1679 apertissime
2736 1616 2926 1678 quarto
2966 1588 3359 1677 saeculorcpu-

1778 1716 1945 1773 gnare
1972 1702 2309 1757 ostendimus
2340 1717 2500 1770 supra
2531 1716 2649 1771 cap.
2679 1701 2736 1766 2,
2771 1698 2799 1770 §
2830 1701 2881 1754 6.

1855 1795 2077 1850 Accedit
2103 1803 2157 1850 et
2202 1795 2330 1850 illud
2371 1795 2511 1865 quod
2542 1795 2608 1849 de
2657 1778 2877 1874 peccato
2924 1792 3216 1861 primorum
3268 1808 3357 1863 pa-

81 1858 107 1930 §
137 1858 177 1913 1.
212 1862 275 1916 8.
312 1860 543 1917 Zenonis
568 1864 795 1933 episcOpi
845 1863 1149 1921 Veronensis
1183 1876 1231 1919 et
1282 1865 1523 1937 martyris
1551 1883 1655 1936 epoi

1782 1898 1996 1946 rentum
2041 1890 2092 1944 in
2141 1904 2391 1944 sermone
2436 1888 2504 1944 de
2546 1867 2955 1942 circumcisione
3002 1886 3249 1955 exprimit
3300 1886 3357 1942 S.

148 1953 246 2006 c/ta
269 1970 339 2008 ex
361 1954 449 2019 iis,
473 1970 587 2025 quia
610 1958 748 2010 circa
769 1957 930 2029 ipsius
960 1975 1215 2012 sermones
1250 1968 1365 2012 sunt
1393 1960 1675 2026 observata,

147 2057 315 2117 atque,
350 2050 511 2103 etiam
555 2049 866 2105 observanda
914 2062 1075 2121 sunt,
1127 2055 1274 2109 tertio
1319 2054 1508 2109 saeculo
1573 2064 1679 2107 sta-

152 2144 343 2196 tnenda
376 2143 683 2198 ostenditur.

153 2259 321 2314 Multa
359 2276 461 2330 pro
505 2276 564 2315 re
595 2260 966 2329 disseruimus,
1008 2279 1127 2333 quze
1160 2263 1244 2318 bis
1288 2264 1523 2321 breviter
1549 2280 1675 2336 per-

86 2352 354 2421 stringere
387 2352 574 2409 inutile
604 2368 710 2409 non
740 2354 970 2410 videtur.
1040 2356 1117 2410 Ea
1166 2356 1308 2412 enim
1358 2372 1463 2413 non
1513 2359 1676 2413 modo

88 2443 150 2495 ad
182 2444 450 2499 elevanda
483 2444 695 2515 objecta
725 2447 942 2512 faciunt,
974 2450 1097 2517 quin
1132 2455 1184 2503 et
1209 2447 1274 2502 ad
1302 2430 1674 2504 stabiliendam

93 2538 150 2591 D.
199 2538 445 2594 Zenonis
490 2539 764 2610 Epocbam
812 2543 1041 2595 maxime
1081 2542 1407 2598 conducunt.
1460 2542 1675 2600 Lectori

92 2638 264 2685 tamen
300 2640 362 2685 ut
410 2632 757 2687 detrahamus
790 2634 1084 2698 l‘aSIidium,
1128 2634 1265 2699 loca,
1317 2636 1403 2689 ubi
1437 2634 1550 2690 bzec
1588 2651 1676 2689 sn-

94 2738 183 2792 pra
210 2724 382 2778 fusius
417 2733 642 2779 traotata
688 2734 834 2792 sunt,
870 2726 1136 2783 indicasse
1162 2726 1411 2783 sufﬁciat.
1452 2728 1543 2783 Illa
1578 2744 1673 2799 po-

96 2814 296 2869 tissima
342 2818 656 2887 conjectura
704 2828 808 2883 est,
855 2834 955 2888 qua
1004 2819 1409 2875 evidentissime
1451 2820 1674 2877 demon-

95 2917 294 2966 stratur
321 2910 379 2966 S.
414 2910 690 2967 Zenonem
736 2914 896 2968 tertio
940 2914 1139 2968 saeculo
1171 2912 1440 2980 ﬂoruisse,
1466 2917 1677 2972 “scilicet

97 3001 295 3056 nullum
328 3003 615 3074 vestigium
648 3005 729 3059 vel
765 3004 880 3059 leve
914 3006 964 3060 in
1011 3007 1179 3076 ipsius
1216 3007 1557 3063 sermonibus
1587 2989 1672 3063 re-

97 3093 250 3160 periri
280 3110 461 3163 posse,
496 3110 604 3165 quo
645 3097 899 3152 sacculum
943 3107 1188 3167 quartum
1227 3098 1510 3155 indicetur.
1542 3100 1675 3154 Nus-

94 3197 242 3252 quam
311 3185 503 3240 Arium
556 3186 643 3242 vel
693 3203 788 3257 per
837 3188 1078 3243 umbram
1131 3190 1389 3244 nominat.
1446 3190 1674 3247 Errores

1780 1985 1945 2040 Zeno.
1977 1985 2140 2039 Adam
2168 1985 2349 2038 etenim
2374 2000 2486 2037 cum
2518 1984 2762 2052 inclytum
2792 1998 2998 2053 pomum
3022 1981 3115 2033 hoc
3143 1970 3361 2035 membro

1780 2070 2047 2148 decerpsit,
2079 2076 2152 2131 sic
2181 2078 2233 2130 in
2260 2094 2415 2147 genus
2446 2076 2726 2128 humanum
2759 2077 2876 2146 jus,
2899 2075 3075 2126 mortis
3115 2072 3314 2126 induxit
3342 2088 3361 2125 :

1781 2171 2085 2226 Necessario
2128 2186 2247 2241 ergo
2292 2152 2557 2223 luxurioso
2603 2170 2793 2238 papula
2834 2162 2973 2219 Deus
3017 2164 3112 2217 hoc
3157 2165 3360 2236 signum

1778 2266 1934 2330 dedit,
1971 2275 2024 2317 ut
2061 2264 2233 2318 locum
2282 2260 2559 2314 matricalis
2590 2260 2755 2327 culpa:
2791 2276 2904 2311 cum
2937 2258 3161 2323 denotat,
3208 2258 3357 2310 etiam

1776 2356 2132 2411 aliaerimina
2177 2354 2421 2426 fugienda
2465 2346 2733 2423 cognoscat
2796 2367 2813 2404 :
2861 2350 3064 2404 scilicet
3112 2364 3359 2418 peccasse

1778 2450 1947 2505 Adam
1980 2464 2085 2504 non
2117 2449 2343 2503 vetitum
2373 2445 2584 2502 edendo
2616 2460 2854 2515 pomum,
2896 2442 2990 2499 sed
3033 2458 3138 2495 non
3164 2458 3359 2511 esspc-

1777 2554 1916 2599 ctata
1964 2544 2207 2613 jussione
2256 2542 2348 2595 Dei
2396 2539 2804 2595 concumbcndo
2850 2553 2969 2591 cum
3021 2537 3151 2591 Eva.
3228 2535 3358 2603 Qum

1777 2636 1961 2706 opinio
1991 2636 2117 2689 licet
2144 2650 2259 2688 eam
2291 2633 2433 2702 Zgno
2465 2647 2571 2687 non
2620 2640 2676 2685 ut
2717 2646 2889 2696 suam,
2924 2629 3014 2684 sed
3045 2639 3104 2683 ut
3131 2629 3354 2683 aliorum

1776 2729 2044 2795 retulerit,
2075 2739 2129 2782 ut
2158 2729 2360 2799 optime
2390 2726 2507 2781 aliis
2534 2724 2776 2779 adductis
2804 2725 2864 2779 S.
2899 2723 3141 2777 Doctoris
3191 2722 3355 2776 texti-

1778 2824 1875 2879 bus
1908 2865 1921 2889 ,
1966 2822 2163 2893 quibus
2208 2836 2333 2877 vera
2390 2830 2441 2875 et
2487 2819 2786 2875 communis
2836 2818 3036 2887 peccati
3082 2818 3351 2887 originalis

1776 2916 2038 2971 sententia
2068 2902 2409 2983 exprimitur,
2443 2913 2649 2966 Domini
2683 2911 2952 2967 Ballerinii
3001 2910 3354 2981 comprobant

1774 3007 1937 3080 (Diss.
1975 3024 2033 3073 ιι,
2060 3024 2105 3061 c.
2138 3010 2193 3080 4)
2219 3006 2397 3072 ;,adeo
2427 3016 2608 3060 tamen
2638 3005 2852 3074 antiqua
2881 3015 2983 3067 est,
3020 3016 3075 3058 ut
3120 3004 3234 3073 ejus
3266 3019 3354 3056 ve-

1776 3101 1931 3171 Stigia
1963 3104 2015 3157 in
2048 3116 2153 3156 uno
2181 3102 2239 3156 S.
2269 3102 2544 3155 Clemente
2572 3098 2936 3153 Alexandrino
2981 3114 3045 3152 ex
3092 3098 3212 3152 aliis
3253 3098 3347 3153 SS.

1779 3194 2025 3249 Patribus
2068 3194 2314 3264 legatur:
2356 3202 2549 3263 quarto
2576 3207 2703 3246 vero
2747 3191 2945 3246 saeculo
2991 3192 3057 3243 ita
3087 3191 3348 3257 obsoleta,

94 3284 266 3329 eontra
303 3276 493 3343 fidem,
540 3294 674 3348 quos
718 3280 801 3334 vel
850 3281 1041 3343 innuit,
1090 3281 1172 3335 vel
1219 3281 1489 3349 confutet,
1540 3285 1670 3339 Ario
1698 3274 1741 3337 Ο
1778 3296 1833 3340 ut
1864 3300 1929 3340 ne
1955 3285 2175 3340 verbum
2208 3284 2419 3354 quidem
2474 3287 2524 3337 in
2570 3282 2809 3353 ejusdem
2858 3282 3352 3354 invi-scriptoribus

92 3370 386 3427 anteriores
415 3371 756 3440 probavimus
788 3390 911 3445 cap.
943 3375 992 3441 1,
1022 3374 1048 3446 §
1083 3376 1169 3442 11,
1200 3376 1293 3442 l2,“
1319 3378 1406 3444 15,
1439 3378 1522 3442 14,
1578 3378 1663 3445 15,

98 3462 297 3529 16,1“Ι,
334 3467 658 3521 Arianorum
708 3470 954 3537 proprias
1000 3485 1246 3523 errorum
1291 3485 1506 3525 suorum
1551 3470 1665 3525 for-

91 3555 273 3621 mulas,
309 3574 485 3625 neqne
514 3562 627 3613 sois
659 3559 709 3613 in
741 3562 961 3631 setiptis
1002 3562 1057 3617 S.
1091 3562 1363 3632 Zenonem
1397 3564 1663 3621 iudicasse

92 3652 440 3717 comperimus
471 3652 498 3722 §
530 3652 618 3717 18,
658 3653 745 3717 19,
786 3669 907 3708 cum
948 3653 1043 3709 SS.
1094 3654 1278 3710 Patres
1320 3656 1448 3711 Ario
1482 3671 1660 3726 poste—

93 3738 248 3792 riores
278 3741 345 3795 de
377 3741 443 3795 iis
491 3744 824 3813 frequentem
867 3746 1191 3799 mentionem
1216 3747 1469 3819 iecerint,
1506 3746 1533 3817 §
1571 3747 1655 3812 l9,

89 3828 169 3896 20,
212 3833 301 3888 2i.
336 3834 568 3891 Tantum
613 3852 742 3891 vero
770 3837 943 3900 abest,
988 3837 1127 3908 quod
1175 3838 1232 3893 S.
1282 3838 1427 3893 Zeno
1473 3849 1655 3897 contra

90 3919 261 3977 Arium
305 3928 629 3997 scripserit,
665 3936 720 3981 ut
763 3929 815 3982 iu
865 3922 980 3997 ejus
1028 3930 1367 3985 sermonibus
1394 3930 1655 3987 dictiones

90 4016 327 4083 quasdam
387 4019 995 4091 Petaviusreda-rguerit
1023 4021 1143 4094 (sed
1175 4026 1480 4093 perperam)
1514 4034 1650 4079 tam-

90 4120 231 4175 quam
278 4111 644 4167 Arianismum
694 4113 1016 4169 redolentes.
1067 4114 1123 4171 Si
1174 4132 1405 4187 namque
1452 4117 1511 4173 S.
1566 4118 1653 4174 bic

90 4197 260 4256 doctor
288 4204 625 4275 post,Arium
654 4206 851 4261 saeculo
891 4217 1083 4277 quarto
1119 4208 1442 4278 scripsisset,
1477 4212 1649 4281 suspi-

90 4292 279 4350 cionem
309 4313 523 4355 onmem
573 4299 838 4354 sentiendi
885 4316 1003 4354 cum
1032 4300 1163 4356 Αιἱο
1205 4298 1377 4370 ipsum
1407 4302 1650 4359 sublatu-

90 4399 189 4439 rum
219 4387 403 4453 l'uisse,
423 4390 716 4461 putandum
744 4401 843 4447 est.
878 4390 905 4465 δ
933 4392 1023 4460 22,
1041 4392 1108 4447 de
1132 4388 1435 4455 Haeresibus
1456 4407 1648 4467 quarto

90 4482 267 4537 szrculo
296 4485 523 4553 exortis,
559 4484 758 4538 nullam
792 4486 1115 4541 mentionem
1148 4485 1274 4541 facit
1297 4502 1415 4556 cap.
1445 4487 1501 4555 2,
1535 4487 1562 4558 §
1597 4490 1640 4543 Ι.

88 4569 199 4635 0th
231 4592 352 4641 vero
380 4577 448 4632 de
476 4578 683 4647 publica
732 4579 966 4635 Ecclesia
997 4579 1255 4635 aedificata
1283 4581 1524 4648 disserit,
1553 4583 1637 4643 vel

1771 3378 1838 3434 de
1868 3382 1928 3433 ea
1965 3378 2280 3446 reperiatur.

1843 3468 1915 3522 Ea
1946 3462 2103 3522 etiam
2128 3510 2142 3534 ,
2176 3484 2295 3538 qua:
2338 3467 2405 3523 de
2450 3467 2701 3522 secundis
2734 3466 2935 3535 nuptiis
2980 3478 3033 3521 et
3080 3462 3258 3540 tertii;
3292 3467 3348 3519 S.

1768 3563 1913 3617 Zeno
1944 3560 2151 3640 profert
2184 3572 2339 3616 tract.
2389 3577 2441 3623 ν,
2488 3561 2580 3615 lib.
2616 3577 2653 3627 ι,
2697 3562 2889 3616 mirum
2937 3560 2989 3613 in
3040 3559 3253 3623 modum
3288 3560 3348 3612 iis

1766 3657 2137 3723 consentiunt,
2162 3672 2281 3725 quzc
2303 3656 2361 3710 S.
2382 3654 2639 3719 lrenaeus,
2659 3656 2910 3727 Clemens
2932 3651 3344 3716 Alexandrinus,

1746 3748 2055 3819 Origenes,
2098 3747 2489 3811 Tertullianns,
2534 3747 2731 3815 aliique
2764 3742 3113 3807 vetustissimi
3162 3744 3344 3797 Patres

1762 3840 1815 3894 in
1862 3855 1981 3895 eam
2026 3838 2350 3895 sententiam
2380 3836 2649 3891 dixerunt.
2685 3836 2817 3892 Vide
2844 3828 3149 3905 septimum
3186 3843 3343 3898 caput

1760 3933 2157 3988 dissertationis
2198 3934 2446 3995 secundae
2466 3973 2479 3993 ,
2510 3941 2564 3985 et
2594 3932 2767 3997 ibiea,
2803 3946 2920 4001 qurc
2945 3929 3101 4001 iidem
3132 3927 3339 3981 Domini

1760 4026 2029 4080 Ballerinii
2062 4023 2427 4079 eruditis’sime
2456 4022 2748 4078 disserunt.

1832 4116 2084 4171 'l‘ractatu
2116 4129 2242 4169 vero
2281 4130 2375 4170 seu
2423 4127 2675 4169 sermone
2699 4128 2849 4165 χχιιι
2881 4111 3002 4165 libri
3031 4109 3249 4185 secundi
3284 4128 3335 4163 n.

1756 4211 1789 4265 '5
1809 4250 1823 4276 ,
1857 4200 2283 4279 persecutionem
2316 4202 2571 4260 Ecclesiae
2602 4204 2887 4258 vindemize
2932 4217 3251 4273 comparans
3279 4203 3336 4256 S.

1755 4303 1930 4367 Zeno,
1960 4301 2074 4354 haec
2107 4300 2268 4355 liabet
2297 4281 2320 4351 ε’
2340 4300 2404 4353 At
2430 4299 2513 4351 ubi
2543 4298 2810 4352 vindemia:
2834 4299 3020 4351 venerit
3046 4308 3263 4364 tempus,
3288 4296 3341 4349 id

1753 4405 1825 4450 est
1844 4392 2202 4462 persecutionis
2230 4391 2368 4451 dies.
2406 4391 2591 4458 passim
2636 4405 2745 4443 una:
2790 4388 3124 4459 diripiuntur,
3168 4387 3219 4439 id
3266 4398 3338 4441 est

1751 4486 2126 4541 inconsiderate
2164 4484 2350 4537 sanctis
2381 4482 2614 4536 omnibus
2642 4483 2859 4535 violenta
2889 4482 3106 4552 infertur
3133 4497 3351 4553 manus.-

1753 4581 1833 4633 Διί
1860 4578 2079 4632 torcular
2104 4587 2488 4647 comparantur,
2521 4574 2573 4626 id
2596 4584 2667 4628 est
2697 4576 2764 4627 ad
2789 4574 3028 4645 supplicii
3058 4573 3217 4625 locum
3242 4573 3333 4623 dc-

90 4667 212 4732 quod
257 4685 284 4724 a
334 4670 588 4725 feralibus
652 4671 840 4726 edictis
897 4672 1203 4743 redemptos
1259 4671 1646 4729 Veronensium
1677 4658 1725 4718 Ῑ)
1753 4673 2027 4726 ducuntur.
2079 4669 2153 4722 Ab
2191 4669 2437 4739 Operariis
2479 4668 2667 4720 ibidem
2708 4668 3082 4730 concultnntur,
3132 4664 3224 4717 hoc
3262 4673 3335 4717 est

91 4751 438 4825 largitionibus
470 4758 656 4815 ﬁdeles
701 4772 1107 4827 commemorat,
1142 4775 1203 4817 ea
1249 4773 1301 4817 et
1336 4764 1492 4818 tertio
1542 4778 1646 4818 s:e-

91 4847 193 4899 nilo
238 4854 525 4908 convenire
577 4854 981 4909 demonstratur
1029 4855 1056 4926 §
1102 4856 1157 4921 2,
1200 4865 1254 4910 et
1304 4857 1357 4910 ὅ.
1404 4856 1641 4911 Tertium

91 4951 199 4993 vero
224 4945 470 4999 saeculum
515 4956 702 5016 aperte
754 4947 1018 5017 designari
1050 4962 1079 5000 a
1111 4948 1165 5002 S.
1200 4948 1416 5003 Zenone
1465 4965 1527 5005 ex
1579 4966 1643 5003 eo

92 5041 288 5099 constat,
322 5036 442 5106 quia
473 5038 523 5091 in
569 5040 789 5098 nummis
826 5038 1016 5096 excudi
1061 5040 1224 5095 solere
1277 5059 1294 5092 ι
1330 5040 1455 5097 dicit
1500 5059 1518 5093 ι
1569 5042 1643 5094 si-

90 5136 220 5187 gnum
263 5128 589 5193 idololatriw,
644 5131 917 5199 eademque
948 5131 1108 5197 idola,
1140 5149 1253 5201 qua:
1280 5132 1564 5188 colerentur
1593 5136 1643 5189 in

94 5217 291 5289 τριηριος
317 5221 371 5273 4.
405 5218 893 5277 Anacbronismutn
939 5239 1070 5278 vero
1121 5239 1241 5279 esse
1278 5226 1643 5299 quadringen-

94 5313 237 5362 torum
283 5326 548 5366 annorum
599 5322 721 5366 nota
779 5313 831 5367 in
880 5328 1130 5369 sermone
1180 5316 1246 5372 de
1301 5315 1641 5374 Continentia

95 5400 458 5457 amanuensiunt
536 5417 720 5456 errore
777 5396 1025 5472 illapsum
1073 5408 1448 5476 ostendimus,
1507 5410 1534 5481 ᾗ
1585 5412 1637 5466 6.

97 5485 227 5547 lnane
248 5510 371 5550 vero
395 5505 760 5550 commentum
786 5510 906 5550 esse
930 5498 1089 5550 alium
1121 5498 1394 5555 Zenonem
1418 5501 1476 5556 S.
1511 5505 1638 5561 Atii-

96 5579 227 5665 brosii
255 5588 583 5656 temporibus
613 5587 833 5658 ﬁngere,
863 5596 1077 5643 constat
1104 5606 1166 5644 ex
1195 5591 1281 5656 iis,
1312 5608 1429 5662 qua:
1476 5594 1638 5653 tertio

1720 4780 1949 4819 summa
1976 4779 2091 4815 cum
2130 4761 2434 4814 contuimlia
2478 4776 2507 4812 a
2544 4756 2981 4830 mulionibus
3013 4755 3151 4808 illusi
3174 4758 3335 4825 jugu-

1754 4858 1946 4923 lantur,
2001 4865 2104 4923 etc.
2170 4856 2299 4921 Qua:
2354 4865 2672 4922 prmscntt-m
2717 4852 3176 4919 persecutionem,
3236 4864 3330 4901 seu

1751 4921 2103 5018 frequentem.
2137 4961 2200 5000 ac
2249 4946 2456 4999 obviam
2511 4944 2768 4998 indicant.
2815 4938 3089 4995 Conantur
3115 4940 3328 5009 quidem

1750 5040 1961 5094 Domini
1994 5038 2266 5093 Ballet'inii
2302 5037 2459 5091 verba
2495 5036 2605 5088 ba-c
2634 5033 2699 5087 ad
2734 5033 3166 5102 persecutioan
3195 5034 3329 5085 tion-

1751 5131 1939 5186 smntii
1969 5132 2017 5185 iit
2051 5129 2359 5205 Catltolicos
2386 5126 2693 5185 amandare.
2740 5134 2793 5177 at
2841 5124 2989 5177 nullo
3033 5122 3330 5193 Opimiante

1751 5235 1894 5282 textu
1914 5268 1929 5294 ,
1959 5235 2015 5282 et
2042 5242 2161 5297 qum
2191 5240 2253 5279 ex
2284 5224 2402 5276 aliis
2432 5222 2673 5275 Pati-ibus
2724 5219 2963 5288 ejusdem
2995 5219 3100 5273 (mi
3128 5219 3327 5287 prodii-

1747 5330 1911 5385 cunt,
1960 5327 2143 5387 aperte
2172 5326 2378 5383 tempus
2409 5312 2710 5367 Constantii
2738 5321 3065 5379 connotant,
3097 5311 3236 5388 qyod
3269 5312 3321 5363 in

1742 5411 1795 5467 S.
1829 5411 2063 5465 Zenonis
2094 5408 2270 5463 verbis
2296 5406 2513 5460 minime
2562 5407 2852 5460 observare
2898 5406 3038 5458 lieet.
3077 5404 3324 5472 Apertius

1743 5504 1796 5559 in
1825 5516 2073 5558 sermone
2098 5500 2163 5555 de
2195 5499 2469 5554 Patientia:
2528 5496 2806 5563 laudibus,
2862 5497 3001 5549 illam
3045 5494 3319 5569 eﬂ'crens,

1744 5595 1822 5651 sic
1841 5595 1912 5649 ait
1943 5611 1955 5647 :
1986 5592 2060 5646 Tu
2090 5594 2363 5662 prop/tetas
2394 5590 2671 5660 provenisti
2696 5605 2713 5642 :
2750 5587 2949 5644 Christo
2978 5596 3027 5639 tu
3052 5586 3326 5655 Apostolos

97 5669 179 5728 hoc
202 5680 363 5750 capite
395 5688 521 5734 sunt
546 5679 795 5734 adducta.

150 5768 245 5821 Alia
271 5774 321 5825 in
354 5774 700 5828 sermonibus
728 5772 783 5827 S.
822 5770 1054 5845 Zenonis
1085 5788 1190 5829 non
1237 5772 1426 5829 desunt
1454 5818 1466 5841 ,
1513 5791 1634 5843 quae

98 5861 440 5936 antiquitatem
485 5880 609 5924 ante
652 5878 897 5939 quartum
946 5870 1197 5924 sarculum
1244 5868 1478 5927 iudicant
1521 5890 1531 5925 :
1580 5871 1633 5930 id

1741 5678 2026 5760 glutina'sti.
2060 5683 2137 5737 Tu
2167 5684 2470 5753 quotidiana
2515 5682 2807 5753 Martyrum
2839 5693 2995 5732 mater
3037 5694 3111 5741 es,
3159 5687 3207 5730 et
3236 5695 3323 5731 σοι

1730 5796 1864 5850 rana
1921 5778 2034 5847 (lib.
2069 5794 2080 5829 I
2116 5786 2182 5831 tr.
2216 5793 2265 5831 vr
2288 5817 2303 5844 ,
2337 5794 2390 5836 ιι.
2420 5776 2496 5847 8).
2536 5777 2607 5829 De
2637 5771 2915 5848 Prophetis
2965 5780 3019 5825 et
3072 5768 3301 5837 Aposto-

1741 5874 1807 5929 lis
1859 5887 2024 5942 agens
2070 5882 2311 5944 tempore
2342 5871 2616 5941 printerito
2654 5867 2907 5939 loquitur,
2936 5880 3055 5922 cunt
3104 5878 3231 5917 vero
3258 5863 3325 5920 de
