3822 6220
442 264 550 325 735

1611 265 1699 321 DE
1729 262 1973 321 SANCTI
2009 261 2301 320 ZENONIS
2343 263 2616 320 EPOCIIA
3623 267 3710 318 77.6

442 383 761 456 Martyribus
789 386 1064 456 praesenti.
1103 383 1247 440 idem
1276 386 1329 438 in
1383 398 1635 438 sermone
1661 384 1730 438 15
1759 382 1853 437 lib.
1887 399 1938 446 ι,
1971 398 2024 435 ιι.
2057 391 2104 445 Α
2134 381 2200 434 ab
2228 382 2477 435 onmibus
2500 397 2604 435 non
2633 383 2805 436 solum
2840 382 3002 453 vulgi,
3025 384 3118 440 scil
3145 395 3201 442 ct
3225 383 3368 442 Cleri
3388 383 3713 460 “hominibus,

445 477 528 540 11,
562 475 870 547 Martyrium
916 491 1038 530 cum
1083 476 1505 531 circumcisione
1543 473 1830 530 conferens
1863 493 1875 527 :
1911 474 2031 529 Non

442 568 741 640 sanguinem
770 567 933 622 sterili
971 567 1290 620 solemnitate
1331 567 1666 635 dimittimus,
1698 567 1790 621 sed
1814 567 2030 636 pudoris

441 661 738 732 sanguinem
759 660 1059 726 retinemus,
1083 677 1230 729 quem
1254 659 1519 714 ambitiose
1550 660 1846 730 plerumque
1866 658 2033 726 effun-

443 751 634 820 dimus,
667 768 783 806 cum
826 770 920 823 pro
964 741 1191 807 nantia?
1217 750 1424 806 Domini
1472 751 1733 805 diabolum
1786 753 2030 805 movendo

441 855 698 900 uastamus
725 845 842 918 (Tr.
867 862 971 911 vn,
1002 865 1060 901 n.
1095 846 1146 917 l)
1166 863 1184 912 ;
1207 854 1262 900 et
1288 860 1537 900 sermone
1567 845 1811 915 sequenti
1834 845 1900 900 de
1924 845 2032 899 Hu-

439 940 686 1005 militate,
703 937 1061 992 idololatriam
1084 947 1403 1006 praesentem
1426 936 1676 1005 exprimit
1701 947 1889 991 contra
1908 935 2031 990 Phi-

443 1031 702 1100 losophos
729 1046 894 1102 agens
925 1032 1145 1086 nomine
1168 1031 1503 1087 Graecorum.
1535 1031 1761 1085 Arianos
1783 1043 1912 1083 vero
1942 1029 2028 1082 in-

443 1125 685 1195 telligere
751 1123 1201 1195 Philosophorum
1256 1125 1508 1190 nomine,
1570 1132 1627 1177 ut
1669 1122 2031 1177 Adnotatores

443 1218 783 1274 Veronenses
824 1217 1102 1288 explicant
1146 1217 1358 1288 (A‘dnot.
1400 1216 1435 1270 2
1479 1226 1525 1271 et
1562 1218 1614 1282 5,
1657 1217 1710 1269 in
1739 1212 2022 1285 eumdem),

441 1313 675 1368 alienum
721 1327 752 1366 a
780 1327 943 1368 sensu
986 1311 1050 1366 D.
1084 1311 1318 1366 Zenonis
1346 1309 1576 1375 videtur,
1620 1323 1740 1362 nam
1786 1306 2029 1362 intideles

444 1408 669 1478 praecise
689 1407 882 1475 carpit.
911 1405 1062 1473 Quod
1080 1422 1216 1459 nunc
1235 1403 1430 1474 faciunt
1452 1402 1701 1472 inﬁdeles.
1726 1399 2027 1455 Inﬁdelium

444 1515 576 1557 vero
617 1501 836 1556 nomine
861 1515 972 1555 non
1008 1480 1229 1564 Ariani,
1272 1499 1360 1569 qui
1409 1496 1719 1553 lustralibus
1765 1494 2027 1563 Baptismi

444 1594 599 1664 aquis
630 1593 999 1664 ﬁngebantur.
1030 1591 1124 1646 sed
1161 1590 1360 1645 ethnici
1405 1589 1776 1658 designantur.
1810 1584 1947 1640 Vide
1974 1592 2065 1640 ct‘

442 1696 600 1741 tract.
653 1687 720 1742 15
744 1729 758 1752 ,
792 1703 943 1753 num,
973 1685 1027 1749 2.
1064 1686 1221 1740 Plura
1253 1685 1394 1738 enim
1444 1682 1751 1754 ltujusmodi
1801 1691 1925 1737 sunt
1973 1681 2025 1734 in

2132 478 2220 546 qui
2248 474 2502 531 Coronati
2529 479 2892 532 narrationem
2943 478 2995 531 in
3025 478 3354 550 ahtiphonas
3375 521 3390 543 ,
3426 477 3712 543 lectiones,

2134 568 2478 638 reSponsoria
2501 609 2514 630 ,
2543 585 2754 634 versus,
2789 580 2949 640 atque
2974 572 3204 643 hymnos
3234 565 3647 635 scindentes,‘ea
3671 569 3714 624 in

2127 660 2335 716 Ofﬁciis
2368 660 2571 714 Divinis
2604 673 2910 718 uterentur.
2982 665 3211 720 Necesse
3253 667 3434 734 itaque
3481 673 3562 718 est
3607 663 3713 730 opi-

2134 755 2246 808 nari
2269 795 2284 820 ,
2331 753 2600 808 Veronam
2634 757 2702 808 ita
2735 757 2953 812 Patroni
2985 759 3106 823 sui,
3138 775 3297 827 quem
3334 767 3483 812 tanto
3510 770 3713 825 semper

2130 846 2387 916 obsequio
2428 854 2482 900 et
2532 847 2737 902 honore
2778 850 2945 903 coluit
2987 850 3207 904 oblitam
3234 891 3248 914 ,
3307 858 3364 902 ut
3425 860 3532 903 tam
3563 862 3715 919 parvo

2135 950 2375 1008 tempore
2424 939 2579 992 annis
2611 939 2820 1001 scilicet
2861 940 2989 1006 270,
3045 956 3218 1009 neque
3266 941 3502 996 Zenonis
3554 943 3715 996 aetatis

2132 1020 2270 1086 nulla
2300 1035 2348 1086 in
2377 1049 2435 1087 ea
2467 1035 2725 1087 memoria
2767 1034 3119 1102 reperiretur.
3147 1033 3279 1102 Quis
3311 1034 3555 1104 prudens
3571 1049 3715 1088 suum

2133 1122 2234 1177 hoc
2264 1124 2316 1177 in
2348 1125 2586 1177 animum
2618 1123 2872 1180 inducere
2913 1127 3148 1195 poterit?
3193 1125 3422 1181 Extabat
3450 1141 3578 1196 ergo
3606 1140 3716 1195 sep-

2133 1219 2262 1270 timo
2290 1218 2483 1270 sa'culu
2510 1218 2770 1272 memoria
2798 1220 3056 1288 temporis
3087 1234 3195 1290 quo
3242 1220 3454 1274 vixerat
3475 1218 3532 1275 S.
3559 1218 3711 1273 Zeno.

2132 1308 2318 1379 itaque
2349 1312 2393 1364 si
2424 1323 2614 1380 quarto
2657 1310 2858 1364 sa-colo
2899 1311 2955 1366 S.
2992 1311 3138 1367 Zeno
3168 1311 3422 1377 vixisset,
3457 1327 3563 1366 non
3596 1321 3714 1365 tem-

2133 1418 2263 1473 pore
2294 1403 2555 1466 Gallieni,
2591 1404 2683 1459 sed
2715 1420 2857 1459 anno
2885 1404 2991 1459 580
3021 1405 3262 1469 circiter,
3299 1404 3562 1460 Gratiano
3582 1447 3596 1469 ,
3624 1402 3715 1455 Vn-

2132 1495 2428 1550 lentiniano
2513 1507 2566 1551 ct
2618 1496 2924 1551 Theodosio
2988 1497 3400 1567 imperantibus.
3450 1496 3714 1565 Quomodo

2131 1588 2434 1645 Coronatus
2463 1590 2723 1646 Ecclesiae
2752 1591 3047 1647 Veronensi
3079 1592 3150 1645 ita
3181 1592 3356 1659 potuit
3384 1589 3645 1654 illudere,
3669 1599 3714 1641 ut

2137 1683 2341 1752 patenti
2372 1683 2652 1739 mendacio
2676 1685 2745 1738 ita
2776 1685 3151 1750 assentirctur,
3173 1684 3412 1753 illudque
3441 1681 3711 1738 celebriori

443 1768 788 1837 sermonibus
831 1781 890 1835 D.
924 1780 1155 1836 Zenonis
1186 1777 1520 1835 observanda
1547 1819 1563 1846 ,
1593 1792 1712 1848 quae
1735 1777 1846 1846 jam
1889 1776 2032 1847 piget
2063 1782 2109 1840 Β
2136 1775 2465 1830 solemnitati
2496 1776 2812 1832 decantaret
2846 1778 2957 1846 ipsa
2985 1777 3035 1830 in
3067 1775 3346 1831 Ecclesia?
3374 1777 3456 1829 An
3484 1775 3715 1844 antiquos

443 1875 793 1947 perscrutari.

443 2009 470 2078 ᾗ
498 2009 562 2066 Ii.
591 2010 824 2065 Traditio
849 2022 1085 2066 constans
1120 2021 1272 2080 atque
1311 2011 1610 2066 continuata
1665 2010 1727 2066 S.
1771 2008 2029 2064 Zenonem

676 2117 900 2176 tempore
930 2103 1154 2162 Gallieni
1187 2107 1426 2177 ﬂoruisse
1456 2101 1792 2161 demonstrat.

511 2240 844 2297 Veronensis
875 2241 1136 2298 Ecclesiae
1181 2244 1400 2314 antiqua
1449 2244 1628 2299 omnia
1679 2252 2027 2298 monumenta

441 2335 578 2389 hanc
633 2334 976 2389 traditionem
1039 2346 1330 2402 testantur,
1377 2336 1434 2392 S.
1485 2336 1763 2393 Zenonem
1819 2335 2029 2391 scilicet

440 2428 673 2484 Gallieni
700 2424 1046 2498 imperatoris
1077 2439 1233 2486 aetate
1262 2430 1378 2501 ejus
1408 2431 1669 2486 Ecclesiae
1699 2430 2025 2485 Cathedram

439 2525 695 2579 tenuisse.
723 2523 850 2578 Haec
877 2526 1049 2580 lector
1071 2525 1257 2580 videre
1286 2527 1484 2596 poterit
1529 2526 1580 2578 in
1624 2525 1760 2580 libro
1785 2524 1875 2595 qui
1914 2523 2023 2578 SS.

441 2616 817 2688 Episwporum
843 2616 1220 2680 Veronensium
1249 2619 1460 2692 antiqua
1486 2628 1814 2672 monumenta
1842 2617 2026 2671 inscri-

436 2712 590 2776 bitur,
623 2712 818 2767 editoa
854 2711 1125 2781 Raphaele
1152 2713 1370 2783 Bagatta
1392 2756 1406 2779 ,
1442 2722 1497 2766 ct
1523 2711 1763 2781 Baptista
1785 2709 2020 2775 Peretto,

434 2821 498 2860 ac
527 2805 767 2860 Venetiis
794 2807 1080 2876 impresso,
1113 2821 1256 2862 anno
1287 2806 1438 2873 1576,
1473 2818 1526 2862 et
1556 2809 1607 2862 in
1632 2808 1820 2861 ultima
1847 2807 2024 2861 Domi-

437 2914 630 2953 nornm
658 2898 1074 2954 Balleriniornm
1106 2899 1408 2955 Veroueusi
1438 2900 1675 2955 editione
1709 2915 2021 2955 sermonum

437 2991 496 3046 S.
530 2992 765 3048 Zenonis
792 3003 914 3061 post
954 2994 1178 3048 Dissert.
1226 2994 1460 3048 tertiam.
1494 2994 1784 3049 Testantnr
1811 3003 1865 3048 et
1910 3009 2025 3046 mo-

437 3097 691 3141 numenta
744 3087 999 3142 Ecclesiae
1057 3087 1214 3158 hujus
1261 3087 1629 3142 Pistoriensis.
1701 3087 2022 3141 Kalendaria

2135 1868 2323 1922 Patres
2346 1879 2561 1924 nostros
2587 1870 2657 1923 ita
2683 1868 3022 1939 impudentes
3045 1869 3405 1923 habebimus?
3431 1866 3713 1922 Coromtus

2134 1964 2312 2033 itaque
2343 1965 2399 2020 S.
2432 1963 2665 2019 Zenonis
2693 1973 2906 2018 aetatem
2937 1965 3177 2018 narravit
3216 1964 3517 2018 secundum
3550 1964 3713 2017 Eccle-

2132 2055 2226 2109 si:e
2252 2054 2602 2118 Veronensis,
2629 2070 2732 2108 non
2760 2055 2902 2124 vulgi
2935 2055 3305 2109 traditionem.

2204 2148 2272 2201 At
2301 2146 2480 2215 dices,
2511 2148 2614 2201 alia
2649 2163 2774 2202 esse
2801 2188 2813 2210 ,
2847 2162 2965 2217 quac
2988 2146 3225 2200 fabulam
3257 2147 3475 2215 sapiunt
3517 2146 3568 2199 in
3595 2146 3712 2199 anti-

2133 2241 2253 2310 quis
2283 2238 2488 2294 Olliciis
2523 2239 2780 2294 Ecclesia:
2831 2238 3155 2292 Veronensis
3187 2238 3256 2292 de
3285 2237 3510 2319 Zenone
3537 2237 3708 2291 relata.

2131 2333 2262 2402 Quae
2310 2344 2435 2390 sunt
2466 2333 2619 2389 haec?
2647 2333 2784 2388 Nihil
2818 2341 2966 2388 certe
2993 2333 3137 2387 aliud
3190 2334 3336 2403 quod
3373 2330 3712 2402 improbabile

2128 2428 2392 2493 videatur,
2421 2428 2521 2481 nisi
2551 2427 2677 2481 illud
2706 2445 2718 2479 :
2745 2427 2802 2483 S.
2837 2425 3111 2481 Zenonem
3143 2425 3354 2480 scilicet
3383 2425 3550 2480 luisse
3580 2438 3712 2478 sane-

2131 2520 2420 2586 tiﬁcatum,
2450 2521 2602 2590 quasi
2630 2520 2930 2590 Baptistam
2979 2507 3212 2573 alterum
3253 2519 3305 2573 in
3338 2527 3497 2573 utero
3522 2517 3710 2580 Matris,

2128 2615 2171 2670 si
2205 2615 2277 2668 ita
2307 2614 2654 2685 intelligenda
2683 2623 2809 2667 sunt
2836 2628 2898 2667 ea
2926 2613 3121 2668 verba:
3150 2609 3277 2665 Fuit
3301 2612 3476 2682 itaque
3503 2629 3533 2665 a
3554 2611 3711 2664 matris

2127 2719 2271 2760 utero
2293 2707 2668 2777 sanctiﬁcatus,
2704 2716 2749 2760 et
2779 2723 2809 2759 a
2837 2705 3104 2760 cunabulis
3135 2705 3452 2766 benedictus,
3485 2715 3540 2758 ut
3564 2720 3712 2758 asser-

2127 2800 2263 2853 tione
2292 2799 2484 2877 dirina'
2504 2801 2556 2852 in
2591 2815 2647 2852 eo
2690 2799 2850 2865 repeti
2877 2798 3131 2851 videretur
3159 2795 3296 2866 quod
3324 2796 3566 2851 Ieremia:
3615 2796 3713 2848 dic-

2129 2901 2238 2945 tum
2269 2902 2362 2945 est.
2396 2891 2708 2961 Priusquam
2737 2899 2783 2947 te
2815 2892 3089 2962 formarem
3121 2892 3174 2943 in
3207 2900 3385 2957 utero,
3431 2892 3547 2944 novi
3581 2900 3643 2955 te,
3673 2898 3711 2941 et

2127 2995 2397 3054 antequam
2429 2986 2591 3039 exires
2620 2985 2683 3036 de
2709 2994 2879 3037 ventre
2919 2983 3238 3046 sancti/icqvi
3266 2993 3313 3036 te
3334 2982 3500 3055 (Lect.
3543 2998 3590 3035 tv
3631 2983 3708 3050 Uf-

2126 3081 2233 3148 ﬁcii
2280 3079 2340 3134 S.
2391 3079 2517 3134 Zen.
2556 3079 2678 3132 Vid.
2717 3096 2833 3150 sup.
2879 3095 2976 3132 ms.
3016 3077 3235 3131 Monial.
3283 3077 3346 3133 S.
3379 3079 3537 3132 Joan.
3587 3077 3712 3148 Bap-

435 3195 649 3250 quoque
691 3195 754 3235 ac
801 3180 1178 3252 Martyrologia
1202 3180 1315 3235 lere
1356 3180 1534 3234 omnia
1562 3179 1864 3235 celebriora
1890 3195 2025 3258 praef
2051 3176 2095 3236 C
2131 3174 2263 3227 (ista?
2295 3171 2477 3241 Pist).
2512 3171 2666 3240 Quod
2713 3172 2870 3226 aliter
2899 3172 3093 3242 legitur
3121 3173 3173 3225 in
3229 3172 3332 3224 vita
3383 3188 3411 3224 τι
3455 3169 3711 3226 Coronato

433 3274 614 3343 cipue,
649 3274 786 3329 et‘in
820 3275 904 3342 iis,
935 3275 1071 3350 quod
1098 3292 1205 3344 prae
1230 3276 1442 3330 caeteris
1469 3275 1685 3329 maximi
1719 3274 2021 3330 faciendum
2050 3309 2054 3312 ~

433 3375 550 3433 est,
581 3365 1018 3438 Martyrologium
1050 3367 1378 3423 Romanum.
1427 3367 1481 3422 ln
1519 3368 1706 3423 eadem
1753 3371 2022 3423 sententia

435 3470 687 3514 auctores
707 3457 774 3513 ad
800 3460 1055 3514 saeculum
1088 3460 1358 3515 decimum
1404 3470 1618 3515 sextum
1651 3466 1822 3530 uSquc
1872 3461 2024 3516 fuere

435 3567 644 3606 omnes.
686 3551 817 3619 Quae
849 3553 1033 3622 opinio
1061 3554 1113 3607 in
1151 3567 1338 3609 earum
1367 3553 1502 3608 adeo
1549 3555 1748 3608 insedit
1789 3555 1982 3609 animis
2007 3599 2020 3620 ,

438 3655 492 3696 ut
522 3659 802 3699 sermones
831 3645 1010 3714 potius
1041 3659 1147 3699 non
1177 3660 1301 3701 esse
1335 3644 1392 3701 S.
1425 3645 1656 3701 Zenonis
1684 3658 1983 3701 assererent
2005 3635 2034 3715 ,i

398 3781 403 3791 .
436 3750 500 3789 ea
527 3739 739 3791 ratione
763 3810 771 3820 η
791 3752 898 3808 qua
922 3737 1242 3792 videbantur
1271 3737 1499 3794 Gallieni
1533 3742 1865 3810 temporibus
1897 3758 2026 3796 con-

436 3830 621 3884 venire
649 3846 755 3884 non
788 3845 945 3900 posse
967 3872 983 3898 ,
1007 3840 1064 3884 ut
1092 3831 1148 3887 S.
1179 3831 1409 3887 Zenonis
1437 3831 1714 3902 Epocham
1735 3848 1765 3884 a
1795 3831 2022 3905 Gallieni

438 3923 677 3991 ejusdem
740 3933 899 3978 aetate
946 3940 1196 3981 amovere
1270 3943 1375 3980 non
1428 3937 1771 3997 cogerentur.
1835 3927 1890 3981 id
1957 3928 2025 3982 de

437 4015 589 4070 Sixto
613 4015 839 4072 Senensi
876 4027 1036 4087 atquc
1079 4018 1295 4074 Labbeo
1318 4021 1613 4075 observant
1641 4019 1824 4074 eximii
1855 4019 2036 4092 Balle-_

439 4109 585 4165 rinii.
613 4109 939 4166 Traditionis
986 4122 1162 4168 tamen
1212 4114 1369 4184 hujus
1414 4115 1632 4185 penitus
1675 4115 2023 4186 inspicienda:

438 4209 565 4256 sunt
597 4203 741 4257 vires
783 4213 838 4258 et
869 4203 1234 4277 fundamenta.

512 4293 755 4360 Primus,
788 4297 876 4364 qui
909 4296 1184 4352 traditioni
1211 4297 1332 4353 huic
1361 4298 1703 4356 fundamenta
1734 4301 1943 4371 iecerit,
1971 4311 2027 4354 ut

443 4384 652 4439 Domini
676 4386 943 4442 Balleriuii
966 4391 1271 4458 opinantur,
1311 4389 1612 4449 Coronatus
1624 4371 1874 4450 Notarius
1891 4395 2025 4449 Vitae

439 4467 498 4532 S.
529 4477 765 4534 Zenonis
786 4476 1020 4551 scriptor
1046 4482 1208 4538 fuisse
1231 4485 1487 4540 creditur.
1513 4485 1608 4540 Cui
1628 4488 1915 4554 traditioni,
1938 4506 2024 4542 seu

2126 3267 2344 3322 Notario
2391 3283 2483 3336 per
2529 3267 2789 3321 Dominus
2837 3266 3160 3322 Ballerinios
3198 3265 3340 3320 inter
3375 3275 3710 3319 monumenta

2128 3361 2293 3416 relata
2317 3403 2330 3426 ,
2358 3375 2548 3430 nempe
2578 3377 2590 3411 :
2616 3359 2687 3413 Et
2715 3360 2833 3424 quia
2861 3361 2972 3428 ipse
3000 3357 3250 3412 Dominus
3291 3358 3424 3411 dixit
3451 3359 3577 3411 bona
3605 3373 3713 3425 ape-

2125 3452 2360 3506 rantibus
2384 3469 2401 3505 :
2439 3451 2752 3521 Priusquam
2777 3461 2823 3504 te
2845 3455 3124 3522 formarem
3151 3451 3205 3503 in
3231 3461 3398 3516 utero,
3430 3451 3544 3503 novi
3574 3460 3639 3513 te,
3663 3456 3703 3501 ct

2128 3555 2400 3614 antequam
2427 3547 2592 3599 exires
2620 3547 2683 3598 de
2701 3557 2904 3611 uentre,
2935 3548 3257 3617 sanctiﬁcavi
3287 3555 3355 3600 te.
3401 3546 3500 3600 Ille
3528 3549 3656 3599 enim
3684 3561 3710 3595 a

2128 3641 2397 3693 cunabulis
2421 3640 2738 3705 benedictus,
2771 3651 2818 3693 et
2863 3658 2894 3694 a
2919 3651 3092 3694 ventre
3115 3642 3474 3709 sanctiﬁcatus
3503 3651 3626 3694 erat.
3651 3641 3710 3693 At

2131 3747 2235 3787 non
2269 3742 2646 3801 praeoccupato
2688 3734 2739 3785 in
2771 3744 2983 3789 veteres
3010 3735 3215 3798 animo,
3246 3745 3300 3789 et
3346 3751 3505 3804 quem
3553 3734 3713 3803 primo

2127 3837 2348 3898 aspectu
2382 3830 2496 3882 haec
2525 3829 2682 3882 verba
2712 3843 2930 3884 sensum
2963 3831 3214 3900 ingerunt
3261 3832 3444 3885 statim
3474 3841 3555 3898 est
3584 3831 3709 3884 acci-

2131 3922 2420 3991 piendum,
2469 3924 2562 3976 sed
2618 3923 2741 3992 quid
2801 3924 2899 3993 ipsi
2950 3924 3257 3996 Scriptores
3298 3926 3501 3993 antiqui
3534 3923 3706 3979 iisdem

2130 4015 2308 4069 verbis
2339 4016 2643 4084 exprimere
2671 4015 3002 4070 voluerunt:
3037 4032 3099 4071 ea
3145 4019 3289 4071 enim
3335 4018 3495 4073 verba
3540 4034 3554 4069 :
3598 4015 3710 4070 Fuit

2127 4115 2298 4182 itaque
2323 4131 2354 4166 a
2383 4115 2561 4177 matris
2583 4124 2724 4167 utero
2751 4115 3120 4183 sanctiﬁcatus,
3154 4126 3200 4168 et
3229 4132 3259 4167 a
3282 4115 3549 4168 cunabulis
3571 4115 3707 4167 benc-

2128 4207 2297 4259 dictas
2319 4250 2332 4271 ,
2366 4216 2420 4259 ut
2448 4207 2498 4260 in
2531 4222 2630 4260 ms.
2659 4206 2790 4260 Pist.
2838 4208 2887 4260 in
2926 4207 3029 4260 vita
3061 4206 3372 4276 supradicta
3402 4225 3414 4260 :
3450 4205 3547 4260 Ille
3587 4206 3707 4258 enim

2129 4317 2163 4351 a
2185 4299 2453 4352 cunabulis
2482 4297 2801 4364 benedictus,
2832 4309 2878 4353 et
2913 4317 2943 4351 a
2985 4309 3155 4354 ventre
3183 4301 3534 4368 sancti/iantes
3564 4308 3664 4353 erat
3694 4339 3705 4358 ,

2132 4408 2237 4446 non
2266 4393 2750 4447 sanetiﬁcationem
2795 4396 2845 4447 in
2875 4401 3031 4447 utero
3053 4435 3066 4454 ,
3099 4403 3154 4448 et
3206 4403 3492 4465 antequam
3534 4405 3706 4446 nascc—

2131 4495 2278 4540 retur
2344 4485 2562 4555 proprie
2631 4485 2973 4555 significant,
3032 4485 3125 4539 sed
3190 4495 3310 4554 post
3367 4486 3706 4562 nativitatem.

441 4573 612 4639 potius
659 4569 963 4642 prtejudicio
1019 4591 1149 4629 unus
1190 4575 1474 4633 Coronatus
1535 4578 1786 4634 Notarius
1829 4582 2028 4653 septimi
2055 4575 2109 4634 D
2135 4582 2176 4634 A
2203 4583 2382 4635 matris
2409 4591 2549 4635 utero
2578 4581 2951 4647 sanctiﬁcatus,
2982 4591 3027 4634 et
3055 4597 3087 4632 a
3113 4579 3379 4634 cunabulis
3409 4579 3702 4632 benedictus.

441 4662 521 4715 vel
547 4665 715 4718 octavi
757 4667 930 4719 δαῖσαιὶ
964 4668 1184 4736 scriptor
1211 4671 1602 4738 fundamentum
1643 4674 1810 4743 posuit
1841 4689 1902 4726 ea:
1930 4690 2028 4742 quo

441 4755 533 4808 alii
563 4756 777 4823 subinde
804 4759 1157 4829 antiquitatem
1185 4779 1284 4818 non
1310 4762 1508 4816 Zenoni
1532 4751 1719 4830 solum,
1751 4766 1840 4818 sed
1869 4765 2031 4820 Vero-

442 4847 586 4899 nensi
606 4847 760 4899 etiam
787 4846 1036 4903 Ecclesia:
1057 4850 1394 4922 honoriﬁcam
1415 4854 1760 4926 praedicarunt
1785 4855 2024 4926 (Dissert.

443 4955 524 5007 pr.
557 4956 672 5009 cap.
708 4938 761 5006 2,
794 4939 909 5009 ξε,
940 4957 1052 5013 cap.
1086 4947 1149 5008 5,
1186 4945 1213 5016 §
1258 4948 1334 5015 5).
1384 4939 1651 5016 Pluraque
1696 4956 2024 5017 congerunt,

445 5042 501 5086 ut
545 5032 836 5086 narrationi
885 5033 1040 5104 hujus
1069 5037 1320 5094 Coronati
1353 5037 1673 5104 detrahant,
1718 5039 1786 5092 de
1835 5039 2028 5108 quibus

442 5138 602 5192 supra
630 5125 861 5193 egimus.
887 5125 1040 5180 Modo
1073 5136 1270 5195 tamen,
1302 5137 1359 5182 ut
1388 5129 1752 5197 indulgentius
1776 5145 2022 5199 agamus;

443 5218 488 5269 si
524 5217 581 5272 S.
605 5215 751 5271 Zeno
772 5228 968 5288 quarto
998 5220 1227 5282 saeculo,
1259 5220 1400 5274 anno
1427 5223 1633 5277 scilicet
1663 5223 1767 5279 580
1809 5222 2030 5276 circiter

441 5307 668 5362 tibiisset
696 5308 776 5380 (ut
805 5309 1014 5364 Domini
1042 5311 1314 5366 Balleriuii
1336 5314 1644 5384 opinantur,
1674 5313 1814 5383 quod
1841 5329 2031 5388 conce-

443 5400 679 5457 dendum
713 5419 817 5458 non
873 5421 993 5460 esse
1030 5422 1097 5460 ex
1149 5407 1215 5462 iis
1272 5424 1390 5477 quae
1433 5423 1592 5477 supra
1635 5409 2023 5478 expendimus,

441 5497 696 5569 constat),
719 5497 1021 5555 Coronatus
1045 5517 1172 5556 vero
1191 5504 1356 5572 ipsius
1387 5503 1551 5557 vitam
1581 5505 1810 5572 septimo
1833 5503 2030 5557 saeculo

439 5588 682 5659 scripsit,
715 5591 908 5647 demus
936 5609 1076 5648 anno
1098 5595 1204 5651 650
1228 5637 1242 5660 ,
1278 5611 1468 5664 nempe
1489 5596 1646 5649 annis
1676 5596 1779 5650 270
1801 5605 1940 5664 post.
1967 5595 2024 5650 S.

444 5679 679 5736 Zenonis
708 5693 966 5751 mortem;
1007 5697 1064 5742 ut
1093 5688 1393 5744 Coronatus
1419 5687 1792 5759 prazjudicium
1823 5687 1926 5742 hoc
1952 5688 2034 5760 (ut

449 5774 669 5845 dicitur)
707 5771 932 5833 feliciter
962 5775 1401 5848 adenivulgaret,
1436 5782 1505 5834 ita
1533 5791 1589 5836 ut
1617 5782 2031 5850 aniplecteretur

2134 4675 2389 4744 Proprias
2420 4676 2601 4744 itaque
2631 4689 2822 4728 sensus
2844 4688 2968 4728 esse
2993 4673 3226 4738 videtur,
3258 4672 3316 4728 S.
3347 4673 3610 4728 Zenonem
3637 4671 3706 4723 in-

2133 4765 2331 4820 fantem
2355 4768 2536 4820 statim
2568 4776 2749 4820 natum
2780 4765 3108 4834 baptizatum
3137 4765 3303 4820 fuisse
3324 4810 3337 4828 ,
3368 4765 3508 4835 quod
3534 4763 3705 4834 primis

2133 4857 2241 4911 illis
2293 4858 2547 4912 Ecclesiae
2603 4858 2941 4926 temporibus
2992 4873 3096 4912 non
3147 4858 3222 4912 ita
3271 4861 3471 4929 passim
3522 4857 3701 4910 factum

2140 4951 2307 5006 fuisse
2337 4960 2578 5016 constat;
2613 4952 2827 5021 plurimi
2859 4951 2998 5007 enim
3030 4951 3198 5004 adulti
3224 4952 3292 5006 ab
3315 4950 3618 5006 idololatria
3645 4947 3701 5000 atl

2133 5042 2319 5096 Fidem
2347 5043 2824 5109 convertebantur,
2859 5045 2925 5097 ita
2957 5055 3013 5097 ut
3063 5043 3226 5098 veluti
3256 5043 3498 5114 quaedam
3537 5043 3703 5109 singuo

2135 5134 2258 5188 laris
2284 5137 2637 5205 praerogativa
2687 5137 2738 5189 in
2781 5137 2840 5192 S.
2887 5137 3103 5190 Zenone
3134 5137 3412 5190 videretur
3450 5149 3703 5192 commeu-
3741 5163 3748 5168 -

2135 5226 2310 5280 danda
2336 5268 2351 5291 ,
2385 5237 2440 5280 ut
2474 5229 2587 5296 ipse
2613 5243 2640 5280 a
2675 5227 2995 5283 Christianis
3027 5230 3346 5284 Parentibus
3390 5238 3537 5286 ortus
3573 5226 3702 5295 judi-

2137 5329 2353 5373 caretur
2381 5336 2394 5371 :
2427 5334 2592 5388 quare
2612 5328 2676 5373 et
2702 5319 2754 5373 in
2781 5336 2879 5375 ms.
2905 5320 3024 5375 haec
3063 5338 3180 5392 qu:e
3210 5332 3511 5392 sequuntur
3532 5319 3701 5377 verba.
3749 5374 3754 5387 ,

2135 5399 2326 5466 verum
2356 5412 2496 5467 hunc
2526 5428 2742 5467 sensum
2774 5413 3091 5470 conﬁrmant
3124 5433 3136 5470 :
3167 5415 3404 5487 Denique
3429 5414 3700 5485 probitatis,

2134 5507 2543 5581 atquescientice
2587 5507 2793 5579 iugibus
2834 5508 3155 5563 incrementis
3183 5509 3251 5562 ad
3299 5511 3395 5564 hoc
3435 5509 3702 5582 pcrtingere

2134 5600 2352 5665 meruit,
2378 5608 2432 5652 ut
2461 5614 2550 5668 per
2574 5600 2900 5653 sacerrimam
2930 5601 3081 5653 vitam
3111 5590 3286 5670 pastor
3311 5603 3364 5654 in
3394 5600 3586 5671 papulis
3611 5611 3702 5650 me-

2132 5704 2346 5746 reretur.
2376 5691 2505 5746 Item
2538 5692 2590 5745 in
2617 5692 2747 5746 vita.
2774 5691 2842 5746 Et
2866 5693 2934 5745 ad
2961 5691 3059 5746 hoc
3097 5694 3385 5763 pertingere
3414 5691 3624 5753 meruit,
3655 5696 3700 5737 ut

2137 5795 2228 5852 per
2257 5786 2408 5839 vitam
2434 5795 2666 5837 sanctam
2700 5796 2875 5852 pastor
2903 5785 2955 5837 in
2988 5784 3182 5853 populo
3210 5799 3317 5840 esse
3345 5789 3630 5838 mereretur.
3659 5786 3700 5830 rt
