3822 6220
127 306 231 360 737

1510 299 1970 391 DlSSEllTAV‘lO.
1993 332 1995 334 -

3195 305 3412 383 ~iss

131 425 243 476 ideo
270 425 392 492 quia
424 426 476 476 in
505 441 622 483 cum
735 432 924 478 terram
951 423 1106 477 exivit
1133 437 1288 476 sonus
1315 423 1451 494 ejus,
1479 430 1525 473 et
1560 417 1726 474 Sanc-
1758 423 1803 479 Λ
1835 418 1910 472 De
1940 419 2041 474 hoc
2072 420 2356 488 miraculo,
2390 431 2445 476 et
2488 421 2722 479 lectione
2761 423 2995 480 secunda
3028 425 3252 481 secundi
3281 426 3420 482 Noc-

133 518 250 569 titas
275 517 508 569 emicuit.
550 441 752 572 Ouiglus
782 516 1134 572 signiﬁcatur.
1163 527 1228 568 ea
1251 512 1319 566 de
1345 516 1505 566 causa
1533 509 1599 563 ad
1629 506 1731 572 Ca-
1835 512 1976 566 turni
2001 553 2014 572 ,
2047 529 2167 572 qua:
2197 515 2248 568 in
2281 515 2472 571 Ofﬁcio
2499 517 2556 570 S.
2589 516 2827 572 Zenonis
2855 518 2906 572 io
2940 534 3179 572 praesens
3201 520 3419 572 lenitur.

133 518 250 569 titas
275 517 508 569 emicuit.
550 506 752 584 Quibus
782 516 1134 586 signiﬁcatur,
1163 527 1228 568 ea
1251 512 1319 566 de
1345 516 1505 566 causa
1533 509 1599 563 ad
1629 506 1731 572 Ca-

135 607 379 663 thedram
435 606 805 664 Veronensein
855 607 1122 662 sublatum
1177 604 1343 659 fuisse
1411 601 1727 664 Zenonem,
1775 606 1779 609 '

134 701 269 771 quod
321 716 349 754 a
405 701 716 757 Christianis
773 700 1091 772 parentibus
1141 696 1484 754 sanctissime
1533 693 1731 764 jugiter

135 794 296 847 vitam
332 792 642 848 traduxerit
669 794 837 847 sacris
865 791 1072 849 studiis,
1104 797 1416 859 occupatus.
1459 784 1611 855 Quod
1639 801 1732 840 att-

138 894 239 938 :cm
269 883 531 940 Ieremia:
581 895 783 940 textum
814 883 1089 954 Baptismo
1128 882 1361 936 Zenonis
1393 878 1609 934 infantis
1641 871 1745 932 ac?

137 978 604 1034 comrnodaverint
623 1021 637 1045 ,
664 980 746 1033 vel
774 980 1074 1033 Coronatus
1093 1018 1107 1041 ,
1141 976 1225 1031 vel
1253 975 1379 1040 alii,
1428 973 1528 1028 hoc
1573 986 1729 1026 enco-

137 1072 378 1126 niiastice
406 1071 604 1128 factum
635 1073 801 1127 fuisse
826 1071 1109 1127 dicendum
1133 1087 1146 1134 ;
1181 1084 1299 1129 nam
1330 1068 1577 1143 cautione
1600 1081 1732 1137 quaf

138 1169 256 1221 dam
282 1166 541 1221 Jeremizn
570 1175 772 1222 textum
805 1167 855 1219 in
903 1180 1005 1219 ms.
1059 1163 1373 1218 Pistoriensi
1407 1161 1626 1216 allatum
1657 1159 1732 1212 vi-

139 1260 346 1320 demus.
399 1259 470 1314 Ut
519 1239 814 1326 assertione
849 1256 1022 1310 divina
1063 1258 1116 1309 in
1163 1272 1223 1309 eo
1267 1254 1428 1323 repeti
1476 1253 1735 1304 videretur

139 1352 269 1423 quod
294 1349 546 1406 Ieremia:
573 1331 762 1402 dictum
792 1358 897 1414 est,
922 1358 1029 1402 etc.
1065 1345 1207 1400 Nihil
1253 1344 1527 1414 itaque~in
1571 1341 1734 1395 Vero-

143 1445 320 1498 nensis
350 1443 608 1498 Ecclesia:
634 1427 836 1496 Ofﬁciis
865 1439 933 1494 de
980 1438 1038 1493 S.
1101 1438 1320 1492 Zenone
1363 1437 1734 1510 incongruum

140 1551 191 1594 et
219 1539 524 1604 fabulosum
555 1537 843 1606 reperitur,
878 1533 1017 1604 quod
1069 1531 1342 1586 traditioni
1370 1529 1503 1602 huic
1521 1528 1738 1582 ofﬁcere

144 1634 330 1704 possit.
358 1627 499 1684 Vide
523 1643 641 1699 qua:
662 1627 737 1682 de.
757 1626 986 1681 Gallieni
1021 1624 1127 1678 ﬁlia
1160 1638 1255 1693 per
1281 1622 1341 1677 8.
1374 1620 1646 1674 Zenonem
1679 1618 1738 1671 li-

145 1728 325 1782 berata
354 1738 386 1776 a
417 1723 667 1776 daemone
692 1735 853 1791 supra
880 1718 1135 1779 diximus.

1835 512 1976 566 turni
2001 553 2014 576 ,
2047 529 2167 584 qua:
2197 515 2248 568 in
2281 515 2472 571 Ofﬁcio
2499 517 2556 570 S.
2589 516 2827 572 Zenonis
2855 518 2906 572 in
2940 534 3179 587 praesens
3201 520 3419 592 legitur,

1836 603 2069 660 habetur
2099 608 2334 683 mentio.
2357 607 2467 662 Sed
2491 625 2606 661 cum
2637 619 2905 677 propterea
2929 609 3208 665 Gentilium
3237 611 3425 668 Sacer-

1835 696 1978 750 dotes
2028 697 2271 752 adversm
2325 715 2439 753 eum
2492 688 2810 771 (ZenonEm)
2867 697 3278 770 conclamarent,
3333 701 3425 756 Vir

1831 787 2042 866 sanctus
2065 789 2354 844 doctrinam
2393 792 2539 845 suam
2567 792 2820 846 miraculo
2846 792 3190 862 comprobavit
3220 809 3240 847 :
3287 793 3427 848 Nam

1835 883 2055 937 hominis
2087 883 2326 952 cadauer,
2357 887 2493 954 quod
2520 895 2644 939 tunc
2669 889 2803 957 forte
2821 887 2874 939 in
2894 887 3057 956 ﬂuvio
3078 886 3425 953 volutabatur,

1837 977 1993 1048 longe
2021 980 2245 1046 vocavit,
2277 966 2343 1032 et.
2369 980 2418 1034 ei
2447 973 2602 1038 vitam
2649 995 2764 1032 cum
2815 979 3046 1032 omnium
3073 979 3431 1032 admiratione

1833 1071 2076 1124 restituit.
2111 1070 2225 1136 Quo
2249 1072 2500 1125 miracqu
2522 1071 2759 1126 universa
2785 1088 2913 1144 pene
2931 1060 3128 1126 Civitas.
3144 1055 3430 1126 simulacris

1835 1163 2046 1241 deorum
2095 1165 2332 1236 rejectis,
2379 1164 2569 1220 Christi
2608 1164 2810 1241 Fidem.
2837 1165 3078 1232 suscepit.
3113 1163 3294 1218 Plura
3344 1164 3434 1219 hic

1836 1269 1995 1324 quam
2013 1255 2066 1309 in
2088 1256 2373 1330 Anonymo
2396 1257 2675 1328 Pipiniano
2693 1259 3102 1329 leguntur,‘quae
3115 1273 3236 1313 cum
3261 1273 3435 1328 neque

1834 1343 2139 1414 Coronatns
2169 1350 2355 1403 narret
2397 1348 2467 1406 ex
2496 1349 2617 1405 aliis
2663 1349 3050 1405 vetustioribus
3073 1364 3204 1405 mss.
3252 1359 3431 1404 ortum

1841 1436 2093 1492 habuisse
2113 1439 2424 1498 dicendum.
2456 1440 2572 1495 Non
2599 1456 2630 1495 a
2653 1425 2988 1511 solo-itaque
3010 1442 3286 1497 Coronato
3325 1440 3437 1497 No-

1840 1530 1978 1581 tario
2004 1544 2072 1594 ea
2106 1545 2226 1598 qua:
2254 1531 2322 1586 de
2359 1531 2422 1588 S.
2465 1517 2686 1587 Zenone
2715 1525 2966 1604 leguntur
2999 1543 3123 1588 sunt
3149 1532 3392 1590 derivata
3416 1575 3431 1601 ,

1841 1620 1935 1674 sed
1963 1630 2062 1693 aut:
2087 1622 2154 1676 ab
2201 1622 2462 1680 Ecclesiae
2511 1623 2837 1682 Veronensis
2892 1615 3217 1693 traditione,
3249 1626 3338 1682 vel
3368 1627 3438 1681 ab

1841 1712 2247 1781 antiquioribus
2270 1716 2657 1780 monumentis.
2711 1717 2890 1783 Quare
2933 1725 2990 1772 et
3035 1717 3282 1772 libentia
3312 1717 3437 1771 ﬁlia:

217 1824 284 1875 At
305 1818 454 1873 enim
495 1830 631 1871 vero
659 1813 789 1869 illud
813 1827 1096 1876 asserere,
1130 1810 1198 1866 ab
1227 1825 1328 1864 una
1356 1804 1743 1863 Coronati-No—
1776 1818 1819 1878 Β
1839 1802 2079 1860 Gallieni
2115 1806 2463 1876 imperatoris
2484 1823 2515 1862 a
2548 1808 2803 1865 Dmmoue
2836 1811 2976 1864 inter
3004 1809 3210 1865 fabulas
3236 1809 3441 1866 adscri-

148 1915 263 1969 tarii
295 1913 610 1967 narratione
639 1922 888 1964 manasse
910 1951 923 1973 ,
952 1907 1011 1963 8.
1049 1906 1323 1960 Zenonem
1354 1902 1610 1958 Ecclesia;
1643 1899 1744 1966 Ve-

148 1987 366 2076 ronensi
415 2003 694 2074 praefuisse
734 2011 976 2070 tempore
1016 1998 1250 2056 Gallieni
1299 1995 1661 2066 imperatoris,
1714 2009 1743 2047 a

150 2115 254 2170 quo
283 2108 352 2154 ἐι
397 2097 642 2153 Ecclesia
670 2093 1004 2150 Veronensis
1022 2133 1040 2158 ,
1071 2078 1255 2160 totque
1273 2129 1279 2136 .
1298 2088 1388 2143 alii
1417 2088 1555 2142 hanc
1577 2085 1743 2141 tradi-

152 2194 351 2246 tionem
377 2189 723 2258 acceperint,
757 2200 863 2240 non
894 2185 1024 2240 satis
1053 2191 1245 2257 tutum.
1276 2179 1414 2247 Quid
1442 2179 1485 2233 si
1507 2177 1746 2233 Corona-

155 2295 236 2337 tns
266 2281 527 2338 Notarius
554 2280 620 2334 ab
648 2277 853 2335 Ofﬁciis
886 2274 1216 2332 Veronensis
1247 2271 1507 2330 Ecclesia:
1535 2270 1591 2323 ﬁt
1622 2284 1745 2324 mu-

158 2387 369 2442 tuatus,
419 2390 540 2445 qua:
588 2387 682 2428 sua
716 2372 768 2425 in
811 2369 1036 2424 historia
1067 2365 1324 2436 collegit?
1353 2363 1480 2437 (hoc
1526 2363 1578 2416 in
1619 2379 1741 2417 sen-

158 2467 320 2523 tentia
351 2467 710 2520 Dominorum
755 2461 1164 2516 Balleriniorum
1216 2457 1417 2512 dictum
1463 2456 1621 2521 volo,
1658 2455 1749 2524 qui

157 2561 488 2615 Coronatum
546 2555 823 2611 Notarium
871 2552 1070 2614 smculo
1107 2550 1375 2620 septimo,
1425 2548 1512 2603 vel
1559 2556 1753 2624 octavo

158 2651 446 2721 scripsisse
478 2644 815 2720 opinantur).
850 2644 959 2698 llac
996 2643 1196 2699 etenim
1244 2638 1537 2704 constituta
1585 2638 1754 2693 Coro-

162 2749 268 2802 nati
297 2743 509 2800 Notarii
542 2740 762 2812 Epocha
785 2780 801 2805 ,
831 2753 952 2793 cum
997 2745 1124 2790 ante
1153 2734 1456 2805 septimum
1497 2741 1552 2787 et
1603 2742 1782 2786 octa-'

163 2854 284 2892 vum
323 2836 598 2904 sarculum,
613 2831 801 2888 Ofﬁcia
825 2829 892 2914 d/e
913 2828 973 2884 8.
1000 2827 1217 2882 Zenone
1240 2827 1294 2879 in
1323 2821 1562 2879 Ecclesia
1582 2822 1752 2891 Vero:

165 2933 316 2988 nensi
349 2930 625 2986 celebrata
657 2925 824 2982 fuisse
865 2923 919 2978 in
966 2921 1186 2977 dubium
1226 2918 1360 2973 verti
1413 2932 1518 2971 non
1553 2917 1754 2984 possit;

167 3011 709 3090 Geronatum'potius
753 3015 1053 3072 ahOfllciis
1085 3011 1343 3068 Ecclesia:
1387 3010 1777 3076 Veronensis,«

155 3133 324 3188 quam
372 3115 746 3170 Veronensem
785 3095 1082 3164 Ecclesium
1111 3121 1140 3158 a
1171 3103 1446 3159 Coronato
1484 3101 1758 3171 accepisse

1849 1896 2022 1952 bcnda
2071 1915 2178 1952 non
2209 1911 2346 1964 est,.
2358 1916 2538 1972 neque
2576 1902 2634 1957 S.
2667 1901 2903 1966 Zenonis
2945 1898 3163 1972 Epocha
3208 1903 3441 1959 Gallieni

1849 1998 2090 2061 tempore
2120 1993 2284 2048 veluti
2311 1993 2443 2048 falsa
2466 1993 2769 2063 spernenda
2794 2036 2808 2060 ,
2831 2010 2953 2049 cum
2977 1994 3110 2049 nihil
3139 1995 3191 2049 in
3222 1994 3305 2050 his
3331 1995 3441 2050 his-

1849 2083 2043 2138 toricis‘
2064 2081 2221 2140 factis
2247 2083 2572 2155 reprehendi
2603 2085 2808 2155 possit,
2850 2085 2990 2156 quod
3022 2085 3439 2155 improbanduin

1846 2172 2113 2228 videatur.
2207 2208 2214 2212 -

1903 2252 2216 2323 .lllud'vero
2248 2266 2466 2321 maximi
2489 2267 2542 2322 in
2567 2267 2666 2323 hac
2688 2285 2754 2335 re
2785 2268 3038 2339 ponderis
3063 2283 3205 2330 esse,
3238 2271 3434 2328 dicen-

1849 2352 1976 2412 dum
2023 2370 2124 2414 est.
2177 2360 2233 2414 Si
2283 2360 2605 2417 traditonem
2657 2362 2911 2418 Ecclesia:
2964 2360 3292 2421 Veronensis
3342 2381 3441 2436 pro

1853 2451 2188 2532 vindicandis
2219 2451 2277 2508 8.
2309 2453 2543 2510 Zenonis
2571 2456 2915 2512 sermonibus
2943 2471 3065 2513 cum
3093 2458 3335 2529 ejusdem
3353 2475 3444 2516 ec-

1851 2545 2032 2600 clesia:
2061 2545 2390 2617 Veronensis
2417 2548 2561 2603 circa
2588 2557 2802 2604 aetatem
2838 2539 2962 2620 Ejus
2990 2551 3059 2605 de
3098 2551 3156 2606 S.
3185 2553 3268 2607 sui
3300 2553 3444 2609 Prae-

1846 2637 1990 2713 ‘sulis
2016 2637 2306 2694 traditione
2330 2639 2694 2701 Conferamus.
2718 2640 2849 2698 lure
2877 2642 3100 2713 quidem
3140 2658 3204 2700 ac
3251 2646 3443 2701 merito

1799 2787 1802 2792 ,
1857 2729 2070 2784 Domini
2099 2730 2375 2799 Ballerinii
2404 2722 2590 2788 in'hac
2613 2735 2905 2790 traditione
2929 2736 3443 2810 insistunt(Dissert.

1857 2839 1906 2888 ι,
1935 2822 1962 2895 ς
1992 2822 2069 2894 ι),
2103 2832 2162 2878 ut
2210 2824 2269 2888 8.
2318 2813 2591 2881 Zenoném
2653 2842 2964 2884 sermonum
3017 2839 3294 2885 auctorem
3349 2831 3484 2888 de-"

1859 2924 2194 2982 monstrent,
2225 2931 2338 2997 ms.,
2359 2905 2627 2974 Remense
2666 2921 2868 2977 saeculo
2895 2937 3037 2976 nono
3062 2923 3334 2994 antiquius
3353 2925 3449 2979 ad-

1859 3008 2094 3076 ducunt,
2136 3008 2377 3064 [latherii
2421 3012 2677 3080 episcopi'
2708 3011 3035 3068 Veronensis
3080 3015 3448 3070 testimonium

1859 3101 2058 3156 sacculo
2087 3099 2298 3157 decimo
2327 3093 2649 3168 scribentis,
2681 3104 2770 3172 qui
2800 3104 2974 3158 tribus
2996 3105 3058 3159 in.
3079 3106 3213 3161 locis
3231 3106 3450 3163 Sermo-

169 3207 457 3263 dicendum
485 3215 591 3261 est.
614 3203 748 3258 Nam
785 3197 1105 3267 antiquioris
1143 3194 1244 3250 aevi
1275 3194 1625 3265 praesumptio
1655 3191 1758 3245 hoc
1783 3208 1828 3269 ρ
1864 3208 1959 3248 nes
1986 3192 2045 3248 8.
2079 3193 2312 3248 Zenonis
2341 3194 2556 3258 laudat,
2586 3196 2853 3267 Anonymi
2886 3197 3164 3266 cujusdam
3203 3195 3448 3266 Monachi

171 3299 376 3354 suadet.
429 3297 582 3352 Licet
610 3286 753 3350 enim
811 3301 1004 3363 quarto
1057 3298 1112 3344 et
1155 3289 1341 3359 quinto
1383 3286 1578 3365 smcnlo
1624 3283 1761 3339 forte

174 3409 276 3446 non
304 3390 500 3448 eodem
529 3386 691 3442 modo
719 3384 909 3439 Ofﬁcia
939 3380 1318 3436 Eeclesiastica
1359 3377 1560 3431 fuerint
1581 3374 1763 3444 diSpo-

172 3459 392 3549 sit:i,'ut
420 3488 542 3550 post
581 3478 852 3540 decim‘um
897 3474 1156 3529 azeculum
1203 3471 1462 3548 disiiosita
1514 3469 1764 3539 leguntur

175 3575 406 3645 antiquis
437 3575 491 3639 in
529 3586 658 3626 mss.
691 3570 886 3624 Forma
934 3577 1111 3621 tamen
1157 3564 1472 3621 Ofﬁciorum
1523 3571 1721 3617 mutata
1747 3604 1763 3629 ,

175 3666 417 3720 historia:
445 3671 755 3719 sanctorum
778 3701 794 3727 ,
822 3674 942 3729 qua:
964 3674 994 3712 a
1023 3657 1212 3727 primis
1243 3656 1461 3719 saeculis
1494 3655 1544 3708 in
1579 3653 1764 3731 Eccle-

177 3763 251 3815 sia
285 3759 590 3831 legebatur,
624 3755 830 3810 nullum
885 3749 1254 3825 praejudicium
1297 3749 1492 3803 afferre
1533 3745 1764 3815 evidens

178 3862 278 3908 est.
708 3851 711 3854 ’

245 3947 475 4001 Constat
501 3941 730 4012 ulterius
755 3938 856 3992 alia
885 3937 938 3991 in
971 3934 1212 3990 Ecclesia
1244 3930 1542 3988 Veronensi
1573 3935 1768 3984 monu-

179 4049 358 4097 menta
387 4035 684 4105 antiquitus
710 4032 878 4086 fuisse
905 4041 1106 4101 przeter
1135 4027 1396 4082 Coronati
1420 4023 1623 4098 Notarii
1644 4039 1767 4078 nar-

181 4134 466 4187 rationem.
501 4126 776 4197 lpsienim
824 4122 1007 4178 eximii
1061 4120 1335 4176 Ballerinii
1373 4119 1666 4174 observant
1715 4117 1766 4169 in

180 4225 434 4282 Coronati
469 4220 779 4276 narratione
809 4201 1016 4272 deesse
1045 4214 1364 4271 miraculum
1394 4227 1422 4266 a
1454 4212 1518 4266 D.
1551 4210 1769 4266 Zenone

186 4326 449 4386 patratum
470 4330 484 4367 :
503 4311 702 4381 Nempe
719 4321 978 4384 mortuum
997 4309 1153 4378 ﬂuvio
1165 4295 1453 4376 abreptum,
1472 4302 1772 4358 vitm-reddi-

186 4419 406 4464 tum.....
459 4404 620 4478 Cujus
662 4402 900 4457 miraculi
927 4418 960 4454 a
1000 4400 1257 4456 Coronato
1282 4398 1402 4453 licet
1442 4394 1773 4469 prtelermissi

185 4501 528 4557 testimonium
576 4499 772 4570 profert
803 4484 1099 4564 Anonymus
1128 4490 1470 4562 Pipinianus,
1494 4498 1549 4541 ut
1577 4503 1668 4542 nos
1711 4501 1773 4540 ea:

1860 3284 2109 3340 Ctenohii
2141 3286 2467 3366 Veronensis
2497 3330 2511 3357 ,
2558 3289 2648 3359 qui
2695 3304 2975 3346 sermones
3020 3291 3078 3346 8.
3111 3291 3343 3348 Zenonis
3393 3308 3452 3348 se

1861 3383 2056 3464 legisse
2111 3393 2372 3462 testatur,
2415 3386 2554 3441 idem
2597 3383 2914 3457 comprobat
2953 3387 3448 3466 Joannes‘quitlam

1865 3475 2151 3545 Presbyter
2191 3465 2586 3533 mansionarius
2629 3476 2876 3534 ecclesias
2909 3479 3255 3536 Veronensis.
3297 3482 3450 3538 Alios

1864 3564 2025 3621 etiam
2066 3569 2234 3623 citant
2274 3570 2462 3626 sreculi
2522 3587 2613 3624 xiv
2661 3580 2716 3626 et
2759 3580 2828 3625 ‘x‘v
2886 3581 3169 3640 auctores,
3229 3574 3464 3629 Petrum

1863 3649 1994 3714 Caio
2017 3658 2238 3716 Ordinis
2279 3660 2738 3727 Prwdicator'um,
2787 3662 3134 3718 Guillelmum
3187 3663 3448 3720 Poetren-
3513 3666 3521 3671 ’

1863 3765 1985 3820 gum
2005 3783 2021 3816 ,-
2051 3751 2268 3809 Petrum
2296 3750 2365 3806 de
2392 3749 2703 3819 Natalihus,
2735 3751 2980 3807 Flavium
3008 3753 3291 3820 Blandum,
3313 3771 3450 3825 quos

1863 3844 2047 3899 videas
2075 3843 2460 3919 Dissertatione
2492 3844 2659 3914 prima
2691 3860 2811 3916 cap.
2836 3840 2891 3912 3,
2919 3845 2947 3917 δ
2991 3848 3041 3900 l.
3068 3847 3280 3902 Additis
3312 3863 3446 3903 mss.

1863 3936 2146 4002 omnibus,
2207 3939 2259 3992 in
2335 3952 2585 4008 quorum.
2634 3954 2741 3993 non
2805 3948 3012 3998 tantum
3088 3941 3296 4008 Titulo,
3354 3943 3449 3998 sed

1867 4029 2070 4100 pluries
2095 4029 2179 4084 vel
2205 4030 2256 4082 in
2287 4029 2574 4099 principio,
2603 4031 2688 4086 vel
2719 4030 2769 4084 in
2801 4032 2908 4087 ﬁne
2927 4047 3239 4087 sermonum
3271 4034 3327 4090 S.
3354 4034 3454 4089 Ze-

1869 4122 2022 4177 nonis
2046 4135 2243 4176 nomen
2272 4121 2599 4178 inscribitur.
2624 4120 2769 4177 ldem
2788 4164 2804 4189 ,
2835 4131 2890 4178 et
2912 4122 2965 4176 in
2999 4123 3100 4179 hoc
3128 4124 3452 4201 Pistoriensi

1868 4212 2163 4286 Capitulari
2195 4227 2319 4279 ms.,
2348 4221 2404 4269 et
2434 4226 2532 4268 nos
2563 4213 2992 4270 observavimus.

1890 4353 1895 4362 .
1942 4306 2124 4377 Neque
2166 4305 2457 4378 pauciora,
2507 4320 2683 4375 neque
2723 4305 2957 4362 'minoris
3010 4309 3343 4364 auctoritatis
3386 4310 3454 4364 ad

1875 4398 2220 4454 traditionem
2276 4399 2454 4454 aetatis
2483 4395 2540 4451 S.
2572 4398 2810 4456 Zenonis
2835 4399 3067 4456 Gallieni
3114 4401 3457 4472 imperatoris

1875 4509 1990 4546 :nvo
2037 4502 2333 4562 suppetunt
2360 4501 2698 4563 argumenta.
2750 4492 2819 4547 Et
2851 4494 3027 4563 primo
3052 4510 3154 4551 ms.
3189 4494 3455 4552 Remense

186 4596 383 4650 duobus
409 4609 534 4647 mss.
563 4573 1262 4657 restituimus.‘Anonymus
1311 4581 1627 4653 Pipinianus
1667 4579 1768 4633 (Ξο-
1796 4587 1852 4647 D
1875 4587 1927 4640 in
1951 4601 2056 4656 quo
2074 4585 2329 4640 Coronati
2353 4584 2559 4641 Notarii
2587 4585 2692 4640 vita
2719 4584 2789 4642 de
2809 4586 2866 4643 S.
2891 4587 3106 4644 Zenone
3127 4589 3325 4643 inserta
3347 4598 3453 4654 est,

187 4697 378 4742 rooato
440 4683 662 4738 Notario
707 4677 992 4751 posterior,
1036 4693 1196 4749 quem
1252 4674 1538 4744 scripsisse
1600 4682 1773 4727 octavo

189 4779 370 4834 swculo
400 4775 638 4838 exeunte,
664 4773 741 4828 vel
761 4773 938 4826 saltem
959 4772 1165 4824 ineunte
1185 4768 1372 4823 δαῖσαιο
1395 4782 1548 4830 ηοηο,
1573 4764 1776 4833 optime

191 4887 251 4927 ex
284 4872 401 4940 ipso
426 4875 682 4923 contextu
715 4865 944 4936 probant
969 4863 1180 4918 Domini
1212 4860 1482 4915 Ballerinii
1504 4900 1518 4922 ,
1552 4857 1653 4911 hoc
1679 4857 1778 4910 mi-

192 4962 430 5017 raculum
457 4975 488 5013 a
511 4957 782 5013 Coronato
814 4956 1241 5026 praetermissum
1272 4967 1371 5007 suo
1418 4951 1472 5005 in
1501 4949 1777 5021 Rliythmo

193 5044 638 5112 commemoravit
665 5052 750 5106 his
785 5050 967 5106 verbis
997 5069 1010 5102 ς
1044 5049 1313 5103 Mortuum
1340 5063 1366 5100 e
1392 5045 1549 5114 ﬂuvio
1575 5059 1782 5111 exemp-

195 5165 296 5208 tum
340 5152 624 5208 suscitavit.
667 5150 782 5205 Non
825 5164 854 5204 a
881 5148 1151 5204 Coronato
1194 5137 1372 5214 itaque
1419 5141 1657 5208 accepit,
1685 5137 1780 5192 sed

197 5247 430 5301 aliunde.
496 5244 817 5303 Undenam?
872 5245 954 5299 An
1022 5257 1090 5296 ex
1167 5239 1376 5308 vulgari
1462 5229 1785 5288 traditione?

199 5329 386 5395 Nonne
424 5345 480 5394 et
529 5337 702 5407 potuit
744 5335 809 5390 ab
838 5335 960 5388 aliis
991 5327 1356 5387 monumentis
1403 5323 1782 5381 vetustioribus

202 5432 439 5488 habere?
471 5431 602 5486 Sine
627 5429 733 5482 ulla
767 5429 945 5496 itaque
974 5427 1182 5479 ratione
1205 5421 1413 5491 Opinari
1437 5435 1467 5473 e
1495 5418 1638 5486 vulgi
1665 5415 1785 5468 Tri-

203 5527 301 5580 viis
331 5505 588 5578 liabuisse
611 5563 625 5586 ,
655 5513 1020 5590 praeiudicium
1045 5526 1156 5579 est,
1195 5530 1385 5571 eorum
1407 5511 1504 5581 qui
1528 5509 1780 5578 antiquo~

183 5597 317 5674 1mm
349 5619 547 5687 scripta
581 5615 756 5668 minus
789 5612 1046 5682 probant,
1074 5625 1196 5665 cum
1244 5606 1399 5661 valde
1443 5605 1667 5658 arduum
1712 5602 1784 5655 sit

208 5710 257 5766 in
285 5710 402 5766 eam
433 5707 757 5764 sententiam
783 5705 899 5768 ire;
933 5702 1269 5757 Veronenses
1306 5697 1558 5754 videlicet
1585 5694 1804 5788 nullam‘

209 5818 423 5873 prorsus
449 5799 516 5858 de
542 5797 766 5856 Zenone
787 5795 1029 5853 notitiam
1060 5793 1420 5864 antiquiorem
1453 5787 1740 5846 retinuisse
1769 5803 1781 5839 :

1879 4694 1997 4748 qua:
2025 4679 2077 4732 in
2105 4693 2171 4733 ea
2199 4689 2348 4748 parte
2387 4679 2729 4748 potissimum
2747 4718 2764 4744 ,
2791 4694 2895 4750 qua
2939 4680 3008 4734 de
3036 4678 3266 4740 Gallieni
3289 4679 3458 4750 impe-

1880 4772 2072 4825 ratoris
2102 4770 2207 4825 ﬁlia
2239 4785 2266 4824 a
2296 4770 2554 4826 dzemonis
2585 4768 2900 4828 obsessione
2941 4771 3168 4828 liberata
3211 4773 3348 4844 agit,
3390 4773 3458 4827 ab

1883 4866 2096 4933 injectis
2126 4864 2378 4920 falsitatis
2425 4849 2640 4921 indiciis
2671 4865 2937 4921 vindicata
2982 4881 3079 4936 pro
3106 4867 3336 4937 genuina
3363 4866 3459 4921 ha-

1885 4956 2056 5012 benda
2086 4965 2200 5022 est,
2226 4972 2387 5027 quam
2420 4957 2680 5026 septimo,
2731 4957 2816 5012 vel
2863 4966 3053 5012 octavo
3094 4958 3291 5013 sreculo
3333 4973 3462 5022 exa-

1884 5063 2033 5104 rasse
2083 5058 2273 5118 putant
2320 5049 2532 5104 Domini
2580 5049 2889 5116 Ballerinii;
2935 5052 3148 5122 ignotus
3197 5050 3457 5120 Scriptor,

1885 5156 2040 5212 quem
2074 5141 2123 5194 in
2157 5156 2257 5194 ms.
2283 5133 2510 5212 Capituli
2543 5141 2868 5198 Veronensis
2896 5143 3077 5198 smculi
3125 5146 3246 5199 noni
3279 5159 3463 5213 τερετ-

1887 5243 1996 5289 tum
2038 5249 2067 5287 a
2098 5232 2495 5288 Bartholommo
2537 5232 2899 5305 Campagnola
2943 5236 3183 5304 ejusdem
3232 5238 3491 5308 CapitulL

1888 5325 2220 5381 Cancellario
2239 5326 2514 5395 accepisse
2539 5326 2728 5382 dicunt
2774 5328 2939 5383 iidem
2974 5329 3277 5396 Ballerinii,
3309 5330 3463 5400 cujus

1888 5420 2144 5487 scriptum
2174 5417 2430 5473 exhibent
2462 5421 2601 5473 inter
2631 5407 2979 5476 monumenta
3013 5437 3134 5494 pag.
3180 5424 3278 5479 151
3309 5423 3464 5490 ςΜοα

1892 5510 2120 5574 nachus,
2171 5525 2330 5579 quem
2383 5510 2542 5565 iidem
2572 5520 2820 5567 auctores
2850 5513 3222 5570 Zenonianum
3275 5526 3468 5572 vocant

1888 5604 1938 5657 in
1970 5602 2084 5656 Vita
2111 5600 2168 5656 8.
2196 5599 2430 5655 Zenonis
2461 5600 2566 5665 hic,
2600 5600 2743 5655 circa
2769 5601 2931 5656 ﬁnem
2957 5606 3143 5659 saeculi
3173 5622 3242 5674 tv,
3273 5605 3469 5662 vixisse

1890 5696 2103 5758 dicitur,
2136 5693 2418 5760 ipsumque
2448 5692 2726 5756 antiquiori
2759 5693 2935 5762 aliquo
2965 5705 3294 5750 monumento
3321 5713 3466 5751 usum

1890 5786 2212 5854 conjiciunt;
2243 5801 2412 5868 quare
2438 5784 2759 5854 reprehendi
2794 5785 2931 5840 forte
2977 5802 3080 5842 non
3133 5786 3331 5858 Interit
3376 5791 3466 5859 qui
