3822 6220
422 216 527 271 759

1120 211 1206 265 DE
1245 209 1560 266 OPINIONE
1600 202 1959 263 BALLERIN.
2002 200 2197 257 CIRC)
2243 200 2396 254 ZEN.
2442 198 2856 256 .ilAllTYlilliM

3612 199 3749 252 7m

421 318 935 401 dicerct'prmjudicii
966 323 1081 380 ioci)
1124 326 1431 381 habentium
1462 329 1583 380 esse
1614 336 1799 379 eorum
1832 338 2001 378 asset”
2034 321 2081 380 A
2110 310 2323 401 quze‘in
2362 320 2565 377 Divinis
2620 321 2821 377 Ofﬁciis
2874 318 3262 375 recitabantur.
3317 316 3747 388 Martyrologia

420 417 1151 490 tinnem,quiqdicnnthunc
1194 416 1561 471 Zenonianum
1608 415 1921 470 Monachum
1967 428 1997 467 a

417 508 673 566 Coronati
704 509 907 564 Nutarii
937 507 1277 572 narratione,
1318 520 1475 577 quam
1524 507 1662 562 forte
1710 522 1995 577 numquam

414 603 581 668 vidit,
610 603 941 671 sumpsisse,
976 616 1097 671 quae
1122 599 1190 654 de
1210 601 1264 655 S.
1296 600 1515 654 Zenone
1539 600 1750 670 scriptis
1782 598 2001 654 manda-

414 696 508 747 vit.
537 683 853 763 Anonytnns
882 691 1009 745 item
1043 690 1355 760 Pipiniauus
1381 706 1523 746 nono
1545 692 1772 747 cadente
1798 691 2000 745 saeculo

419 786 691 848 scribens,
727 784 879 852 cujus
913 782 1175 850 fiytltmus
1208 781 1449 837 Ratlterii
1482 782 1812 839 Veronensis
1858 784 2002 852 epis-

413 877 533 946 copi
558 891 718 931 manu
741 876 1080 943 conscriptus
1095 874 1245 929 Lobii
1270 883 1439 941 extat,
1463 890 1623 943 quem
1652 876 1719 930 de
1747 873 2002 931 Gallieno

412 970 739 1039 imperatore
769 968 1171 1035 intelligendum
1203 969 1252 1021 in
1282 983 1348 1023 eo
1377 984 1609 1023 versu...
1635 970 1681 1025 A
1712 971 1856 1024 malo
1892 969 2004 1039 spi-

411 1060 515 1114 ritu
545 1060 755 1115 sanavit
781 1058 1011 1114 Gallieni
1043 1057 1282 1111 ﬁliam...

481 1154 649 1223 Supra
680 1152 982 1222 notavimus
1014 1167 1147 1208 mss.
1189 1154 1368 1207 omnia
1406 1153 1465 1210 S.
1508 1154 1776 1208 Zenonem
1828 1153 2002 1221 impe-

409 1252 563 1299 rante
598 1242 844 1300 Gallieno
870 1244 1071 1299 vixisse
1103 1244 1359 1312 probant,
1388 1252 1444 1299 ιιι
1468 1229 1606 1315 apud
1638 1233 1853 1301 eosdem
1882 1244 2004 1298 Bai-

409 1335 634 1412 lcrinios
667 1336 721 1396 in
748 1336 952 1392 Ofﬁciis
984 1352 1079 1406 pro
1112 1337 1170 1391 S.
1200 1336 1415 1391 Zenone
1446 1338 1627 1412 videre
1660 1325 1835 1407 potest
1865 1339 2019 1392 inter‘

412 1438 761 1483 monumenta
812 1444 933 1499 pag.
970 1443 1126 1484 cutv
1175 1438 1229 1483 et
1281 1429 1662 1498 sequentibus,
1713 1444 1833 1499 qua:
1880 1437 2004 1483 sunt

410 1514 705 1578 eonforntia
758 1539 859 1576 ms.
893 1522 1015 1577 huic
1059 1524 1373 1577 Pistoriensi
1400 1539 1558 1592 supra
1593 1524 1762 1578 relato
1804 1524 1855 1577 in
1898 1524 2004 1578 fine

415 1614 443 1685 §
474 1614 636 1678 tertii,
660 1628 778 1683 cap.
807 1614 858 1667 5.
896 1612 1022 1667 Haec
1055 1630 1183 1666 mss.
1215 1613 1471 1669 Ecclesia:
1494 1612 1823 1668 Veronensis
1872 1612 2004 1666 alia-

2100 399 2312 484 q'uoque
2341 414 2482 471 idem
2509 414 2831 470 conﬁrmant
2856 457 2870 481 ,
2898 423 3002 468 tam
3039 412 3371 468 Veronensis
3394 454 3408 474 .
3439 425 3613 480 quam
3658 408 3745 460 ab

2101 507 2302 560 exteris
2316 506 2398 583 vel
2412 508 2633 577 scripta,
2649 507 2731 561 vel
2747 505 3051 583 editaNide
3065 521 3182 575 qure
3196 504 3434 559 referunt
3454 503 3751 558 Perettus

2101 607 2157 653 et
2182 582 2397 668 Bagatta
2427 597 2479 652 in
2503 599 2737 669 antiquis
2754 598 3113 653 monumentis
3138 596 3194 653 S.
3212 597 3596 667 episcoporum
3630 609 3751 646 vc-

2104 691 2506 762 ronensiitm,p.
2527 693 2594 747 12
2619 703 2668 747 et
2691 691 3057 762 sequentibus.
3076 689 3388 759 Videqnma
3419 703 3505 742 me
3534 686 3749 742 relata

2104 793 2226 839 sunt
2244 783 2339 838 lib.
2371 800 2430 849 tt,
2449 784 2516 840 de
2534 785 2789 857 Martyrio
2813 784 2868 838 S.
2895 783 3151 847 Zenonis,
3172 797 3292 851 cap.
3318 784 3368 847 ι,
3384 781 3441 848 2,
3462 784 3519 845 Δ,
3541 781 3600 844 7,
3634 780 3662 833 1
3684 780 3713 832 1
3733 819 3749 829 .

2176 878 2438 935 Auctores
2476 895 2604 935 vero
2641 878 2729 933 hic
2773 878 3051 947 colligere,
3097 878 3187 946 qui
3237 873 3522 930 traditioni
3581 870 3751 927 huic

2104 964 2485 1042 suffragantur,
2549 987 2656 1026 non
2707 978 2957 1040 oportet,
3008 958 3128 1023 cum
3178 982 3401 1030 omnes,
3435 966 3526 1035 qui
3580 974 3751 1019 ante

2107 1065 2373 1133 Dupinum
2413 1070 2467 1119 et
2506 1062 2908 1118 Tiliemontium
2952 1062 3257 1128 scripsere,
3301 1057 3532 1113 Gallieni
3611 1056 3751 1109 im-

2108 1156 2374 1225 peratoris
2403 1166 2646 1224 tempore
2670 1153 2942 1224 Epocltam
2989 1152 3047 1208 S.
3079 1150 3314 1205 Zenonis
3340 1149 3742 1204 constituant.

2103 1248 2235 1315 Quis
2275 1249 2472 1318 itaque,
2506 1247 2549 1301 si
2578 1247 2713 1301 bene
2743 1246 2953 1315 sapiat,
3003 1244 3195 1314 Dupini
3252 1232 3307 1297 et
3362 1238 3741 1296 Tillcntontii

2106 1340 2428 1396 sententiam
2494 1338 2724 1409 probare
2774 1337 3004 1402 audeat,
3075 1334 3520 1405 potentissimum
3577 1347 3742 1386 Cum

2107 1414 2449 1488 traditionem
2510 1441 2587 1486 tot
2630 1432 2842 1487 saeculis
2893 1431 3171 1501 probatam
3227 1428 3376 1483 falsis
3440 1425 3743 1496 vanisque

2106 1526 2505 1595 auspiciorubns
2528 1523 2672 1579 inani
2705 1524 2887 1577 labore
2919 1522 3174 1577 vellicare
3204 1522 3315 1575 sint
3336 1520 3492 1582 ausi,
3538 1528 3595 1572 nt
3629 1533 3745 1573 su-

2108 1617 2287 1686 pcrius
2311 1616 2670 1670 ostendimus.
2712 1614 2769 1669 Si
2819 1628 2948 1684 ergo
2991 1612 3211 1667 traditio
3239 1611 3309 1667 de
3359 1608 3746 1665 sermonibus

413 1720 641 1774 rumque
665 1703 1020 1760 ecelcsiarntn
1044 1747 1057 1767 ,
1086 1721 1204 1772 qtne
1228 1704 1416 1757 eadem
1447 1703 1633 1759 Officia
1664 1718 1693 1756 a
1728 1702 2002 1757 Veroncn-
2030 1706 2081 1763 B
2108 1707 2163 1762 S.
2188 1707 2421 1762 Zenonis
2454 1706 2615 1761 tantis
2644 1720 2748 1760 non
2791 1705 2975 1773 adjuta
3006 1704 3278 1774 suﬂ'ra‘giis
3312 1717 3411 1773 pro
3437 1700 3744 1756 constanti

414 1798 564 1851 sibns
592 1809 938 1866 acceperunt,
980 1807 1053 1849 tot
1086 1805 1209 1850 sunt
1241 1796 1627 1867 irrefragabilia
1657 1805 1994 1865 argumenta,

409 1891 604 1960 quibus
625 1890 864 1958 ejusdem
895 1889 1152 1943 Ecclcsne
1186 1888 1511 1944 Veronensis
1553 1889 1774 1966 traditio
1807 1890 1999 1957 proba-

412 1993 534 2048 tur;
569 1996 741 2051 neque
784 1996 812 2035 a
862 1980 1006 2051 vulgi
1054 1981 1361 2037 rumoribus
1391 1989 1506 2037 orta
1550 1981 1780 2036 dicenda
1828 1993 1993 2047 sunt,

2106 1808 2160 1855 et
2185 1815 2307 1855 vera
2338 1798 2649 1867 accipienda
2675 1806 2760 1852 est
2780 1802 2865 1860 (ut
2889 1811 3008 1852 eam
3034 1796 3275 1873 libenter
3300 1792 3565 1863 accipio),
3608 1807 3741 1862 qua

2106 1892 2173 1945 de
2195 1905 2357 1945 causa
2382 1889 2598 1944 traditio
2625 1892 2692 1943 de
2724 1890 2782 1942 S.
2814 1887 3048 1942 Zenonis
3079 1895 3238 1942 aetate
3260 1885 3519 1942 Gallieno
3549 1886 3741 1954 impe-

2110 1991 2330 2052 perante
2353 1982 2424 2035 sit
2450 1979 2783 2051 respuenda,
2814 1994 2920 2033 non
2950 1976 3127 2033 video.

424 2096 3703 2138 ’W

1566 2194 2093 2258 DISSERTATIO
2135 2194 2520 2258 SECUNDA.

474 2339 829 2401 BATIONUM,
879 2340 1037 2393 QUAS
1082 2340 1148 2383 Ι).
1181 2338 1646 2389 Ι).,ΒΑι.ιΕιιιΝιι
1695 2336 1816 2380 PRO
1859 2337 1994 2381 ΕΤ(

2166 2340 2225 2381 ΚΔ
2269 2337 2493 2383 SANCTI
2538 2338 2805 2383 ZENONIS
2850 2337 3241 2386 MARTYBIUH
3290 2336 3682 2391 AFFEBUNT,

1677 2436 1942 2492 EIAMEN
1987 2439 2068 2482 ΒΤ

474 2549 602 2603 Sine
648 2548 851 2617 judicio
898 2560 961 2601 ac
1006 2554 1213 2601 temere
1243 2544 1497 2609 facturus
1532 2536 1664 2600 sane
1712 2542 1921 2609 vi‘dear,
1955 2544 1998 2597 si

403 2643 470 2697 de
504 2644 560 2698 ὃ.
605 2641 840 2697 Zenonis
884 2642 1145 2708 martyrio
1181 2640 1405 2695 audeam
1443 2640 1702 2710 judicium
1734 2640 1890 2693 ferre.
1919 2638 2000 2692 Ab

404 2735 505 2790 hoc
538 2734 757 2790 ferendo
780 2734 982 2807 judicio
1010 2735 1217 2787 libratis
1242 2735 1365 2788 hinc
1388 2733 1511 2787 inde
1539 2732 1835 2786 rationibus
1875 2748 1999 2787 eru-

406 2826 657 2881 ditissimi
687 2826 955 2880 Ballerinii
987 2834 1264 2893 tantopere
1292 2827 1341 2878 in
1367 2825 1423 2879 S.
1446 2824 1853 2879 Zenonisrebus
1882 2839 1999 2878 ver-

402 2921 502 2972 sati
536 2918 927 2973 abstinuerunt.
960 2916 1095 2983 Quid
1128 2932 1227 2987 ego
1256 2917 1459 2972 viribus
1483 2960 1496 2982 ,
1533 2916 1748 2986 ingenio
1772 2956 1787 2981 ,
1817 2915 1993 2970 erudi-

410 3010 557 3065 tione
589 3010 1017 3064 instructissimis
1046 3010 1177 3063 viris
1209 3011 1523 3078 oruatisque
1551 3010 1813 3065 bonarum
1848 3007 1993 3061 litte-

403 3120 582 3158 rarum
606 3098 833 3167 artibus,
861 3102 995 3157 adeo
1025 3106 1192 3171 impar
1214 3103 1487 3157 afﬁrmare
1515 3100 1837 3156 attentabo?
1859 3100 1990 3155 Cum

402 3208 531 3252 vero
562 3196 693 3251 illud
727 3196 871 3250 venit
915 3198 964 3249 ιιι
1004 3206 1238 3251 mentem
1268 3237 1282 3260 ,
1329 3212 1433 3249 non
1465 3210 1643 3249 causa:
1674 3193 1995 3247 difficultate

402 3291 723 3345 absterritus
769 3288 993 3343 eximios
1042 3290 1184 3343 viros
1232 3289 1507 3342 alterutra:
1551 3286 1791 3355 Opinioni
1837 3300 1993 3338 suum

402 3383 711 3436 cohibuisse
739 3395 1014 3435 assensum
1034 3372 1143 3441 [ac
1174 3380 1323 3435 facile
1349 3378 1667 3450 quaestionis
1698 3376 1855 3447 hujus
1874 3378 1992 3431 exi-

403 3485 512 3528 tum
566 3473 858 3527 lcctoribns
908 3472 1237 3541 permisisse.
1280 3469 1554 3525 Lectorum
1589 3470 1814 3542 judicio,
1857 3469 1995 3540 quod

401 3585 500 3620 non
529 3568 745 3636 difﬁcile
775 3567 901 3636 ferri
930 3566 1143 3634 poterit,
1187 3566 1358 3618 omnia
1386 3564 1710 3618 remittimus.
1750 3562 1880 3617 Sine
1911 3574 1991 3615 te-

402 3662 664 3717 meritatis
705 3671 860 3724 nota,
911 3660 1011 3715 hoc
1041 3659 1167 3713 mibi
1202 3675 1361 3728 posse
1388 3673 1603 3713 sumere
1642 3672 1745 3711 non
1782 3654 1988 3710 difﬁde.

404 3754 610 3809 Norant
633 3754 829 3823 quippe
855 3752 1066 3821 ingenui
1090 3752 1164 3816 hi,
1192 3753 1572 3820 sapientesque
1597 3750 1691 3802 viri
1716 3747 1992 3803 Ciceronis

402 3846 663 3899 monitum
696 3886 711 3910 ,
756 3846 948 3898 obesse
982 3842 1173 3897 scilicet
1216 3844 1512 3908 plerumque
1552 3841 1635 3905 iis,
1674 3841 1761 3909 qui
1800 3841 1993 3892 discere

401 3938 576 3991 volunt
602 3937 881 3989 auctoritas
902 3952 1101 3999 eorum,
1132 3938 1216 4005 qui
1248 3950 1300 3987 se
1328 3933 1507 3987 docere
1532 3932 1833 4002 profitentur
1856 3947 1874 3984 :
1904 3931 1992 3985 de-

399 4029 573 4082 sinunt
604 4029 739 4080 enim
757 4014 904 4080 suum
923 4027 1181 4099 judicium
1208 4025 1447 4078 adhibere
1470 4043 1480 4076 :
1506 4025 1559 4077 id
1584 4022 1770 4076 habent
1793 4034 1987 4089 ratum,

404 4120 543 4188 quod
574 4119 636 4172 ab
666 4135 723 4171 eo
751 4135 897 4187 quem
923 4118 1155 4187 probant,
1180 4118 1473 4187 judicatum
1504 4116 1672 4170 vident
1708 4114 1825 4184 (De
1858 4115 1985 4169 Nat.

403 4210 609 4282 deor.).
649 4210 852 4265 Norunt
990 4209 1261 4264 Ambrosii
1291 4208 1544 4263 eﬁatum:
1585 4210 1757 4278 Aperit
1781 4208 1877 4263 sibi
1906 4207 1990 4259 di-

399 4306 833 4376 ligentiajanuam
849 4303 1065 4355 veritatis
1082 4301 1170 4366 (In
1186 4300 1310 4353 Luc.
1330 4303 1382 4355 in
1400 4304 1655 4371 prooem).
1678 4302 1750 4355 Ac
1768 4299 1991 4370 proinde

401 4402 579 4454 studio
606 4401 875 4469 praecipuo
902 4401 1076 4451 omnia
1104 4398 1225 4450 hinc
1250 4397 1371 4451 inde
1395 4398 1705 4466 seligentes,
1738 4413 1856 4466 qum
1876 4403 1988 4449 tum

401 4494 471 4548 ab
501 4495 565 4549 iis
588 4493 981 4563 producuntur,
1006 4491 1095 4561 qui
1124 4490 1180 4545 S.
1207 4490 1480 4544 Zenonem
1505 4495 1794 4560 martyrem
1823 4488 1989 4543 fuisse

398 4590 626 4657 probant
652 4630 667 4655 ,
700 4595 810 4639 tum
839 4601 901 4641 ea
932 4628 945 4651 ,
978 4601 1096 4655 quae
1123 4592 1311 4639 contra
1343 4585 1411 4637 ab
1442 4584 1506 4637 iis
1536 4582 1829 4636 afferuntur
1851 4625 1863 4647 ,
1899 4582 1989 4651 qui

396 4692 689 4753 martyrem
724 4681 886 4735 fuisse
919 4687 1153 4748 negant:
1200 4693 1417 4733 cumam
1455 4677 1755 4739 instruunt,
1787 4688 1842 4729 ut
1871 4676 1988 4744 ejus

395 4776 589 4830 veritas
613 4774 768 4829 facile
792 4772 1119 4842 deprehendi
1139 4773 1207 4824 ab
1230 4784 1549 4840 unoquoque
1572 4769 1759 4837 possit.
1786 4768 1989 4824 instru-

396 4874 475 4921 cta
510 4866 690 4934 itaque
720 4879 904 4928 causa,
939 4864 1206 4917 sententia
1240 4861 1457 4916 ferenda
1487 4872 1590 4926 est,
1622 4877 1725 4915 non
1757 4874 1860 4916 tam
1890 4878 1986 4915 an-

393 4959 661 5015 ctoritatis
726 4974 883 5029 quam
936 4957 1162 5011 rationis
1210 4963 1481 5011 momenta
1534 4955 1829 5025 pensando.
1875 4956 1987 5013 Hoc

393 5051 693 5118 epitulante
727 5052 833 5106 Deo
865 5065 963 5120 pro
985 5050 1197 5103 viribus
1229 5058 1485 5131 praestare
1509 5048 1763 5117 suscipio.

392 5142 419 5214 §
456 5144 507 5198 t.
556 5143 698 5197 Nunt
727 5143 788 5199 S.
818 5142 1115 5197 Ambrosius
1142 5143 1195 5195 in
1217 5150 1394 5195 testem
1420 5140 1590 5194 vocari
1617 5140 1780 5213 possit
1807 5150 1987 5196 contra

847 5234 907 5289 S.
943 5232 1164 5287 Zenonis
1201 5234 1523 5303 martyrium.
1618 5236 1621 5239 “

460 5328 559 5394 Qui
588 5330 956 5385 confessorem
984 5327 1041 5383 S.
1072 5326 1369 5391 Zenonem,
1397 5342 1503 5380 non
1531 5338 1820 5397 martyrem
1853 5326 1983 5382 fuis-

388 5439 449 5478 se
472 5408 776 5487 aftirmant,
819 5423 874 5477 S.
912 5422 1176 5476 Ambrosii
1211 5422 1584 5476 auctoritatem
1610 5429 1938 5489 exaggerant
1964 5463 1977 5485 ,

391 5517 530 5570 hunc
563 5510 718 5587 quem
742 5530 1029 5586 snpparom
1063 5514 1269 5569 Zenoni
1296 5514 1549 5570 asserunt
1580 5515 1631 5567 in
1662 5514 1887 5582 epistola
1913 5514 1979 5569 ad

388 5612 668 5682 Syagrium
701 5613 784 5684 (ut
813 5611 1000 5667 volunt
1029 5610 1263 5665 Zenonis
1306 5608 1703 5681 successorem)
1730 5610 1977 5665 eumdem

389 5704 655 5759 ιιειιυιιιιιιι
688 5720 791 5758 non
835 5700 1123 5771 martyrem
1152 5701 1331 5758 dicere
1356 5746 1371 5768 ,
1417 5699 1513 5759 sed
1543 5713 1742 5757 sanet-.e
1772 5718 1976 5758 memo-

2020 3158 2066 3222 C

2109 2422 2437 2483 sumemus.

2106 2546 2201 2599 riie
2218 2545 2529 2614 episcopum
2558 2546 2977 2614 proclamantes.
3004 2544 3251 2600 inferunt
3268 2543 3483 2614 primo:
3517 2540 3729 2612 Itaque

2105 2636 2233 2691 nihil
2261 2638 2323 2690 de
2351 2639 2594 2709 martyrio
2619 2642 2730 2711 ejus
2752 2636 3077 2693 Ambrosium
3099 2637 3399 2708 cognovisse
3428 2639 3611 2703 palam
3639 2634 3731 2687 ri-

2105 2732 2276 2799 detur,
2307 2742 2353 2786 et
2380 2733 2424 2787 si
2446 2732 2743 2786 Ambrosius
2766 2731 2897 2787 nihil
2922 2732 2984 2785 de
3004 2730 3096 2785 illo
3120 2730 3343 2789 rescivit,
3368 2732 3486 2800 jam
3523 2726 3723 2782 Zeno-

2104 2841 2217 2878 nem
2240 2842 2339 2879 non
2372 2826 2641 2896 martyrio,
2675 2818 2766 2879 sed
2795 2824 3019 2879 naturali
3048 2832 3210 2877 morte
3230 2822 3281 2876 in
3300 2837 3438 2893 pace
3463 2820 3732 2890 [strictum

2102 2913 2567 2983 probabilissimum
2589 2927 2682 2983 est,
2702 2916 2799 2971 nisi
2824 2932 2923 2984 quo
2944 2915 3085 2986 paris
3109 2914 3275 2969 atatis
3293 2924 3446 2984 atque
3464 2913 3733 2966 auctori-

2101 3010 2220 3061 tatis
2250 3010 2828 3071 documentoAmbrosii
2869 3009 3212 3065 testimonium
3240 3008 3464 3062 elidatur
3503 3004 3732 3077 (Apud

2098 3099 2292 3157 Butler.
2329 3102 2548 3159 Dissert.
2582 3118 2661 3167 nt,
2692 3120 2737 3156 c.
2768 3102 2825 3169 2,
2860 3101 2988 3173 52).
3019 3100 3350 3157 Gravissime
3381 3114 3514 3154 vero
3570 3092 3730 3153 cou-

2099 3204 2180 3249 tra
2213 3197 2535 3267 praicipuam
2567 3212 2709 3251 verte
2735 3195 2957 3252 critices
2988 3195 3162 3265 legem
3192 3206 3424 3264 peccare
3468 3205 3573 3245 eos
3611 3193 3727 3260 qui

2100 3290 2172 3344 ita
2196 3288 2423 3347 ﬁdenter
2440 3299 2712 3351 asserunt,
2734 3287 2890 3344 facile
2913 3286 3331 3343 demonstratur.
3358 3284 3727 3353 Prmceptum

2098 3382 2315 3438 eritices
2342 3397 2424 3438 εει
2462 3382 2763 3438 cavendum
2797 3422 2811 3445 ,
2846 3381 3079 3434 maxime
3106 3396 3173 3434 ne
3199 3388 3479 3433 auctorum
3514 3376 3728 3431 verbis

2099 3490 2290 3530 sensus
2324 3475 2445 3529 illos
2471 3474 2791 3545 alﬂngamus
2812 3514 2827 3538 ,
2860 3488 2996 3541 quos
3025 3472 3138 3542 ipsa
3168 3470 3329 3526 verba
3364 3484 3470 3523 non
3509 3470 3729 3537 expri-

2100 3581 2251 3623 munt
2275 3612 2287 3635 ,
2320 3584 2493 3639 neque
2523 3571 2710 3624 cadent
2739 3569 2900 3624 verba
2930 3566 3278 3638 Opinionibus
3308 3563 3509 3620 nostris
3544 3574 3726 3635 aple—

2098 3679 2238 3719 mus.
2274 3662 2513 3718 Meminit
2544 3662 2825 3733 cujusdam
2860 3660 3095 3717 Zenonis
3122 3660 3174 3713 in
3205 3658 3431 3729 epistola
3458 3654 3526 3711 ad
3558 3657 3722 3729 Sya-

2096 3756 2267 3824 grium
2299 3756 2354 3811 S.
2391 3756 2714 3811 Ambrosius
2754 3755 2837 3810 itis
2878 3754 3095 3811 verbis:
3150 3752 3221 3807 Tu
3249 3762 3419 3805 autem
3450 3750 3566 3803 sine
3616 3751 3723 3815 at-

2098 3846 2255 3900 terius
2285 3848 2464 3918 fratris
2503 3847 2721 3902 consilio
2762 3847 2858 3901 hoc
2884 3846 3145 3919 judicium
3172 3844 3263 3898 tibi
3290 3843 3431 3897 solus
3445 3842 3724 3914 judican-

2097 3943 2218 3992 dum
2243 3941 2461 4011 putaris,
2491 3942 2542 3993 in
2563 3957 2664 4011 quo
2696 3949 2865 3994 tamen
2887 3948 3007 3995 ante
3018 3938 3303 4010 judicium,
3327 3934 3722 4005 prejudicium

2099 4036 2300 4104 feceris,
2346 4046 2401 4090 ut
2440 4036 2666 4107 puellam
2708 4033 2931 4089 Zenonis
2972 4033 3182 4088 Sancta:
3210 4030 3467 4085 memoria:
3484 4029 3722 4096 judicia

2097 4127 2388 4196 probatam,
2430 4130 2644 4199 ejusque
2670 4126 3041 4196 sanctiﬁcatum
3071 4122 3444 4195 benedictione,
3481 4130 3602 4189 post
3631 4132 3719 4173 tot

2097 4236 2280 4286 annos,
2305 4220 2413 4273 sine
2439 4231 2647 4273 auctore
2674 4217 3068 4279 criminationis,
3094 4216 3204 4269 siue
3225 4221 3553 4273 accusatore,
3590 4213 3721 4265 sine

2098 4313 2386 4382 professors
2427 4310 2703 4364 delationis
2740 4310 2796 4363 in
2825 4308 3110 4381 periculum
3142 4318 3313 4361 reatus
3334 4302 3718 4358 deducendims

2094 4403 2403 4458 arbitrarere
2437 4403 2523 4475 (S.
2557 4402 2707 4458 Amb.
2738 4403 2828 4458 lib.
2861 4418 2932 4469 vr,
2962 4418 3079 4472 cap.
3107 4400 3225 4468 46).
3259 4398 3532 4455 Judicium
3593 4397 3714 4452 Le-

2098 4500 2264 4553 ctoris
2284 4497 2515 4567 appello,
2551 4514 2615 4551 an
2642 4512 2706 4550 ex
2746 4497 2827 4550 liis
2863 4505 3071 4549 tantum
3101 4494 3281 4549 verbis
3304 4493 3474 4565 possit
3502 4490 3713 4548 inferri

2099 4589 2371 4647 Zenonem
2405 4591 2547 4644 hunc
2578 4588 2944 4643 Veronenscm
2992 4588 3157 4642 fuisse
3201 4584 3517 4657 episcopum
3553 4583 3711 4655 Sya-

2094 4684 2192 4752 grii
2232 4682 2574 4736 decessorem
2600 4723 2614 4744 ,
2646 4682 2717 4735 ita
2749 4691 2805 4735 ut
2838 4678 2900 4736 ex
2931 4696 2997 4735 eo
3020 4722 3035 4747 ,
3074 4679 3217 4750 quod
3250 4679 3390 4733 hunc
3412 4676 3709 4733 Zenonem

2096 4786 2384 4844 martyrem
2413 4788 2518 4827 non
2555 4773 2751 4828 dixerit
2780 4773 3096 4827 Ambrosius
3118 4813 3134 4837 ,
3178 4772 3291 4833 sed,
3319 4770 3535 4828 Sancta:
3578 4786 3710 4827 me-

2049 4868 2069 4877 "
2095 4867 2278 4921 moria:
2296 4909 2310 4934 ,
2339 4866 2611 4937 conjicere
2643 4866 2939 4937 prudenter
2967 4866 3088 4937 quis
3117 4867 3290 4933 possit
3316 4866 3375 4921 S.
3402 4864 3703 4921 Zenonem

2093 4958 2463 5014 Vcronensem
2486 4960 2797 5029 episcOpunt
2822 5002 2834 5026 ,
2870 4970 3162 5030 martyrem
3197 4974 3304 5014 non
3328 4956 3541 5013 fuisse?
3574 4956 3702 5013 Ne-

2097 5066 2202 5122 que
2250 5051 2448 5105 etenim
2490 5051 2555 5105 de
2597 5050 2814 5106 Zenone
2858 5052 2909 5105 in
2954 5051 3116 5113 citata
3161 5052 3386 5123 epistola
3431 5050 3538 5105 ulla
3584 5050 3700 5105 alia

2092 5146 2297 5201 mentio
2329 5144 2404 5198 ﬁt.
2434 5142 2504 5198 At
2530 5143 2597 5199 de
2624 5145 2726 5200 hoc
2757 5145 2983 5216 egimus,
3010 5154 3063 5200 ct
3092 5145 3144 5199 in
3173 5145 3314 5200 libro
3342 5126 3521 5216 primo
3567 5160 3699 5200 ser-

2092 5254 2312 5295 monum
2341 5238 2396 5293 S.
2424 5238 2658 5294 Zenonis
2675 5253 2793 5311 cap.
2827 5239 2912 5308 ll,
2933 5250 2989 5295 et
3019 5240 3071 5293 in
3097 5238 3277 5295 addita
3300 5238 3701 5296 dissertatione

2088 5348 2207 5404 cap.
2244 5334 2299 5401 3,
2332 5331 2359 5404 ᾗ
2387 5333 2437 5387 l.

2090 5427 2119 5499 §
2162 5427 2227 5482 ll.
2272 5426 2630 5481 Discutiuntur
2679 5447 2736 5483 ea
2774 5445 2888 5499 qua:
2926 5430 2995 5483 ad
3027 5429 3323 5485 elevandum
3359 5428 3421 5483 S.
3452 5426 3699 5500 Gregorii

2158 5522 2339 5595 Magni
2387 5524 2743 5579 auctoritatem
2794 5525 3278 5595 opponuntur:qui
3329 5522 3393 5577 S.
3428 5523 3697 5577 Zenonem

2162 5625 2438 5685 martyrem
2477 5614 2724 5687 appellat.
2956 5684 2959 5691 1

2166 5704 2286 5761 Prw
2330 5705 2423 5761 hoc
2460 5715 2634 5762 autent
2677 5706 2927 5763 Ambrosii
2961 5696 3248 5762 testimonio
3291 5708 3504 5776 sequior
3550 5706 3698 5761 nimis

3770 11 3822 89 ἠ
