3822 6220
213 260 318 317 7M

1637 265 2095 349 DISSERTATiO.

3411 285 3514 344 7ιὲ

212 391 294 436 est
328 381 389 438 Ξ.
423 382 661 458 Gregorii
683 387 866 460 Magni
885 404 1000 458 qua
1019 403 1112 462 pro
1136 388 1389 461 Martyrio
1411 391 1673 462 antiquior
1695 408 1818 464 sup-
1846 393 1891 451 Λ
1919 391 2164 446 Januarii
2191 369 2458 467 episcopus
2515 405 2562 449 et
2591 399 2855 464 confessor
2907 399 3205 455 nominatur
3224 441 3238 466 ,
3268 407 3415 475 atque
3445 407 3516 456 uti

219 476 347 542 petit
377 482 680 534 auctoritas.
724 480 778 534 Is
799 483 934 536 enim
962 483 1047 548 qui
1076 482 1274 536 duobus
1296 491 1411 552 post
1443 482 1648 538 saxulis
1673 484 1817 546 via'it,

219 584 344 621 cum
362 568 565 626 Athesis
588 573 891 628 miraculum
913 576 1136 630 recitatis
1158 573 1444 647 Martyrent
1467 575 1613 629 illum
1645 575 1820 646 appel-

221 657 370 728 lavit,
414 662 527 732 ﬁeri
568 669 732 734 potuit
777 677 829 721 ut
885 669 1128 723 memoria
1163 669 1341 740 lapsus
1379 685 1495 723 eum
1542 667 1825 740 Martyrem

220 754 420 809 dictum
465 760 942 844 credideritnquem
969 763 1220 830 Joannes,
1264 781 1295 818 a
1339 781 1436 834 quo
1469 765 1532 820 de
1574 763 1822 818 miraculo

221 845 394 914 fuerat
426 850 723 920 instructus,
748 854 1032 923 simplicem
1079 856 1378 929 episwpum
1400 865 1447 910 et
1475 856 1821 926 confessorem

223 946 668 1014 pronuntiaverat,
707 949 806 1002 nisi
837 948 969 1017 forte
993 950 1101 1023 ipse
1125 951 1378 1016 Joannes,
1413 961 1460 1006 et
1486 953 1538 1005 in
1562 950 1710 1005 titulo
1742 949 1822 1004 la-

222 1050 352 1103 psus
385 1036 700 1107 probabilius
737 1042 1000 1097 credatur.
1046 1044 1124 1100 lta
1163 1053 1349 1101 contra
1392 1043 1449 1100 5.
1499 1045 1819 1113 Gregorium

223 1125 480 1197 Magnum
525 1131 579 1185 5.
623 1131 892 1191 Zenonem
931 1136 1217 1209 Martyrem
1259 1139 1624 1209 appellantem
1657 1153 1823 1209 argu-

222 1230 539 1276 mentantur
568 1223 660 1290 lii,
702 1226 793 1296 qui
833 1229 1004 1296 ipsum
1037 1229 1096 1298 S.
1133 1231 1500 1287 Veronensem
1533 1232 1824 1303 praesulem

221 1324 511 1368 autumant
530 1313 906 1375 Confessorem
927 1321 1102 1392 (Apud
1124 1320 1317 1378 Baiter.
1343 1321 1567 1380 Dissert.
1591 1340 1668 1393 ιιι,
1693 1339 1743 1380 c.
1765 1322 1821 1391 '2,

221 1407 251 1480 ς
303 1409 387 1479 2).
421 1409 776 1480 InSpiciamus
804 1413 966 1470 modo
995 1431 1061 1470 au
1091 1417 1243 1489 juxta
1276 1433 1419 1475 verae
1446 1418 1661 1475 critices
1698 1434 1826 1474 nor-

224 1518 371 1558 mam
406 1504 726 1574 procedant.

297 1598 433 1653 Cum
484 1599 551 1653 de
596 1598 692 1655 55.
736 1599 993 1658 Ecclesiae
1025 1602 1272 1660 Patribus
1301 1606 1508 1676 agitur,
1560 1607 1823 1663 Doctores

223 1691 423 1758 critici,
451 1699 506 1747 et
531 1691 767 1760 Dupinus
793 1692 931 1763 ipse,
963 1709 1028 1750 ac
1056 1681 1434 1753 Tillemontius
1464 1699 1532 1752 ita
1570 1699 1825 1770 praescri-

1927 489 2186 555 confessor
2202 486 2404 554 quidem
2427 490 2477 540 in
2500 488 2610 556 ipsa
2640 492 2749 562 ejus
2773 485 3004 546 Ecclesia
3027 491 3361 546 Brundusina
3383 509 3517 548 nunc

1926 592 2126 645 quoque
2155 580 2391 650 temporis
2415 581 2619 634 colitur.
2652 581 2816 656 Urget
2845 585 3063 654 quidem
3094 587 3252 640 nimis
3287 589 3399 642 lucc
3433 603 3518 642 ra-

1931 665 2004 722 tio
2032 685 2042 719 :
2074 667 2132 722 S.
2166 667 2463 740 Gregorius
2493 673 2547 725 in
2578 676 2917 746 appellandos
2947 676 3008 731 S.
3041 676 3340 732 Juvenalem
3375 677 3519 733 Nar-

1926 759 2151 815 niensem
2180 762 2489 839 episcOpunt,
2515 777 2560 822 et
2591 766 2651 823 S.
2681 766 2928 822 Leucium
2953 760 3244 842 episcOpnm
3272 769 3516 825 Brundu-

1925 852 2095 906 sinum
2122 863 2370 925 martyres
2405 857 2630 912 errarit:
2669 861 2866 914 erravit
2899 863 3077 930 itaque
3109 863 3161 918 in
3194 863 3517 935 appellando

1928 955 2170 1019 martyre
2200 947 2258 1005 5.
2292 949 2540 1006 Zenone:
2577 955 2774 1008 erravit
2809 970 2937 1026 ergo
2972 956 3024 1012 in
3049 958 3317 1014 omnibus.
3345 959 3518 1028 Parti-

1929 1039 2144 1096 culares
2174 1055 2391 1099 errores
2417 1041 2469 1097 in
2497 1044 2615 1100 aliis
2641 1047 2698 1102 5.
2731 1046 3046 1120 Gregorium
3077 1066 3290 1106 errasse
3310 1093 3325 1117 ,
3356 1053 3516 1108 mini-

1917 1125 2017 1186 ine
2043 1133 2297 1203 probant.
2344 1136 2414 1190 At
2459 1152 2565 1192 non
2605 1139 2805 1194 erravit
2844 1141 2898 1194 in
2930 1143 3249 1213 appellando
3280 1155 3517 1217 martyre

1928 1223 1988 1280 5.
2022 1224 2283 1282 Iuvenale
2313 1226 2568 1300 episc0po
2601 1228 2931 1301 Narniense,
2959 1242 3016 1287 ut
3050 1234 3101 1288 in
3131 1234 3517 1292 dissertatione
3546 1228 3550 1231 Α

1931 1325 2053 1388 post
2081 1317 2216 1372 duos
2247 1318 2510 1384 librosde
2537 1318 2922 1386 Sermouibus.
2960 1334 3012 1378 et
3040 1325 3294 1398 Martyrio
3324 1327 3381 1384 S.
3405 1327 3518 1392 ,Ζε-

1930 1411 2089 1465 nonis
2138 1411 2513 1479 oStendimus,
2583 1428 2758 1484 neque
2816 1427 3028 1470 errasse
3086 1419 3419 1491 convincitur
3460 1419 3514 1476 in

1929 1505 1986 1564 5.
2023 1507 2223 1563 Leucio
2245 1509 2498 1578 episcopo
2525 1508 2887 1566 Brundusino.
2914 1509 3172 1566 Fateatur
3193 1514 3391 1578 etenim
3416 1514 3516 1584 ipsi

1930 1602 2144 1658 Domini
2181 1601 2456 1658 Ballerinii
2493 1602 2612 1659 aliis
2653 1604 2705 1658 iu
2745 1588 3072 1662 editiotiibtis
3111 1605 3378 1675 Leontium
3416 1625 3517 1662 non

1931 1691 2513 1764 Leuciunt'appellari.
2573 1693 2758 1749 Verum
2808 1696 3012 1766 quidem
3046 1707 3118 1752 est
3160 1697 3428 1764 Leontium
3466 1700 3520 1765 in

221 1783 381 1850 bunt,
408 1799 601 1852 nempe
623 1782 874 1839 Veterum
905 1786 1253 1856 probatorum
1275 1789 1607 1859 Scriptorum
1632 1800 1818 1846 aut-lo-
1855 1793 1902 1852 B
1929 1781 2235 1850 editionibus
2269 1796 2383 1860 post
2424 1787 2715 1843 Romanam
2756 1787 2904 1844 illum
2943 1790 3195 1862 appellari
3242 1807 3341 1848 non
3381 1790 3518 1846 Leu-

221 1880 440 1934 ritatetn
464 1894 495 1933 a
517 1877 812 1935 Catholicis
829 1895 1037 1935 summa
1058 1884 1401 1939 veneratione
1424 1887 1820 1956 excipiendam,

223 1986 404 2041 neque
442 1971 512 2026 ab
547 1987 611 2028 ea
645 1971 743 2027 nisi
783 1974 1177 2051 urgentissimis
1219 1977 1518 2035 rationibus
1562 1979 1824 2035 receden-

222 2063 378 2119 dum.

303 2158 586 2230 Urgensne
624 2159 760 2214 ratio
789 2167 873 2214 est
902 2159 1164 2216 incertum
1196 2159 1253 2216 5.
1293 2159 1560 2220 Ambrosii
1593 2172 1817 2233 textum,

223 2265 490 2320 expresso
518 2251 576 2307 5.
610 2249 852 2321 Gregorii
879 2253 1044 2322 textui
1074 2254 1389 2322 opponere?
1425 2255 1694 2313 Zenonem
1722 2275 1821 2312 no-

225 2342 398 2397 minat
424 2343 746 2414 Ambrosius
767 2385 784 2412 ,
812 2351 867 2399 at
898 2359 1075 2414 neque
1103 2345 1426 2416 Episcopum
1455 2347 1615 2414 dicit,
1651 2365 1826 2420 neque

226 2433 624 2499 Veronensem,
660 2452 835 2507 neque
864 2436 1076 2510 Syagrii
1113 2437 1478 2494 decessorem.
1505 2441 1560 2495 Si
1585 2447 1711 2496 vero
1733 2443 1828 2499 de-

226 2537 316 2584 tur
346 2526 487 2601 (non
512 2528 670 2583 datur
705 2528 920 2602 tamen)
952 2531 1010 2587 S.
1043 2532 1387 2587 Ambrosium
1421 2533 1693 2592 Zenonem
1727 2537 1828 2592 Ve-

226 2638 518 2701 ronensem
553 2627 858 2684 nominasse
893 2626 1228 2700 (incidenter
1261 2628 1548 2702 nominet),
1582 2648 1701 2702 quae
1728 2649 1827 2688 ne-

225 2717 456 2771 cessitas
478 2717 628 2773 illum
655 2729 944 2792 martyrem
963 2722 1239 2791 appellare
1262 2722 1285 2776 ?
1306 2722 1490 2794 Neque
1513 2725 1825 2795 episcOpum

225 2807 499 2865 Zenonem
549 2809 681 2867 dicit
737 2813 1076 2868 Ambrosius.
1131 2815 1240 2870 Cu'r
1280 2815 1460 2884 itaque
1508 2816 1823 2886 episcopum

226 2899 397 2957 fuisse
452 2912 509 2958 et
580 2903 947 2962 Veronen'sem
993 2907 1371 2963 contendunt?
1424 2910 1479 2966 Si
1531 2918 1824 2982 martyrem

226 2992 502 3049 Zenonem
536 2997 746 3064 nolunt,
773 3002 900 3068 quia
929 3011 1221 3070 martyrem
1255 3001 1574 3062 Ambrosius
1605 3019 1711 3058 non
1742 3004 1826 3058 di-

222 3085 294 3140 cit
319 3103 334 3152 ;
361 3088 540 3158 neque
566 3089 877 3158 episcopum
912 3091 1092 3180 itaque
1122 3093 1311 3157 fuisse,
1343 3110 1516 3164 neque
1542 3093 1824 3148 Veronen-

1927 1881 2082 1934 cium.
2111 1882 2176 1934 At
2200 1898 2312 1935 cum
2336 1889 2448 1955 ejus
2485 1898 2668 1954 corpus
2693 1881 2978 1940 Brundusii
3000 1885 3316 1953 requiescens
3335 1885 3522 1940 ibidem

1927 1976 2183 2040 tradatur,
2228 1974 2559 2030 Brundusina
2594 1985 2761 2031 autem
2807 1963 2956 2032 Urbs
2983 1977 3184 2032 nullum
3221 1961 3520 2052 cujusquam

1928 2068 1991 2124 S.
2018 2065 2219 2123 Leontii
2244 2084 2427 2140 corpus
2449 2069 2591 2139 apud
2627 2085 2678 2124 se
2699 2070 3017 2141 requiescens
3041 2072 3280 2142 umquam
3302 2088 3522 2163 agnove-

1926 2160 2013 2225 rit,
2047 2169 2101 2213 ut
2134 2158 2264 2214 illud
2305 2162 2366 2215 S.
2401 2159 2575 2214 Leucii
2616 2161 2840 2234 episcopi
2867 2161 2990 2215 olim
3017 2161 3214 2227 habuit,
3247 2158 3520 2232 antequam

1927 2251 2268 2308 Beneventum
2289 2257 2678 2325 transferretur,
2700 2255 2879 2308 melior
2902 2255 3100 2308 videtur
3125 2254 3271 2328 lectip
3287 2256 3520 2333 priorum

1928 2343 2163 2418 Gregorii
2190 2338 2492 2413 editionum,
2516 2362 2637 2418 qua:
2661 2363 2773 2400 cum
2805 2347 3032 2421 quinque,
3062 2364 3184 2402 mss.
3217 2349 3270 2401 in
3296 2347 3519 2402 Benedi-

1930 2441 2066 2493 ctina
2086 2421 2320 2512 allegatis
2346 2438 2595 2495 Leucium
2613 2441 2918 2513 praeferunt.
2948 2441 3229 2502 Leontium
3261 2456 3518 2496 veronon

1929 2531 2184 2586 Lcucium
2227 2531 2285 2587 5.
2324 2522 2640 2603 GregOrium
2679 2533 2972 2609 scripsisse
2999 2548 3064 2589 ex
3110 2533 3227 2606 ipso
3262 2543 3516 2597 contextu

1930 2623 2172 2692 epistola:
2201 2623 2330 2678 satis
2351 2624 2636 2680 evidenter
2649 2626 2896 2695 emergit.
2927 2623 3059 2685 Nam
3088 2625 3130 2678 si
3154 2624 3222 2679 de
3247 2625 3303 2679 S.
3330 2623 3511 2680 Leucii

1930 2715 2166 2785 episcopi
2192 2716 2428 2787 reliquiis
2455 2718 2652 2785 e’gisset
2677 2757 2689 2781 ,
2723 2717 3036 2786 episcopum
3069 2716 3216 2771 illum
3243 2716 3515 2772 nominas-

1932 2820 2017 2876 set
2056 2811 2381 2881 Gregorius,
2423 2817 2478 2866 et
2503 2793 2818 2881 episcolmm
2862 2812 3260 2882 Brundisinum.
3305 2813 3504 2867 Solum-

1931 2897 2092 2957 modo
2126 2902 2182 2959 5.
2208 2903 2457 2973 martyris
2480 2909 2675 2972 Corpus
2699 2904 2749 2956 in
2765 2903 3100 2959 Brundusina
3125 2896 3351 2959 ecclesia
3370 2905 3518 2974 quie-

1930 3009 2081 3048 scere
2137 2993 2330 3048 asserit
2371 2977 2435 3053 TS.
2491 2995 2745 3062 pontifex.
2799 2994 2932 3062 Quia
2971 2996 3202 3068 ejusdem
3245 2995 3518 3074 beatissimi

1931 3085 2169 3155 martyris
2201 3101 2386 3156 corpus
2423 3086 2475 3138 in
2508 3083 2790 3157 Brundusii
2819 3085 3048 3152 ecclesia,
3097 3089 3182 3140 cui
3218 3087 3517 3142 uisitationis
3558 3123 3562 3127 -

141 3239 156 3252 .
222 3192 338 3232 sem
370 3179 561 3234 eadem
595 3181 804 3237 ratione
844 3170 1002 3238 faléri
1032 3195 1317 3255 οοευηιιιιι,
1354 3185 1473 3240 νεα,
1503 3201 1554 3240 ε,
1586 3186 1652 3252 5,
1690 3186 1717 3258 ς
1752 3186 1775 3240 1
1802 3225 1818 3255 ,
1850 3184 1894 3248 C
1926 3175 2183 3247 impendit
2200 3179 2451 3247 ofﬁciunt,
2483 3195 2589 3233 esse
2615 3179 2948 3249 dignoscitur.
2989 3170 3121 3235 Nam
3159 3183 3408 3250 superius
3440 3181 3519 3262 inf

222 3285 412 3340 supra.

296 3362 764 3435 Urgentissimane
808 3370 922 3424 haec
963 3371 1142 3426 ratio?
1187 3370 1243 3424 Is
1293 3371 1428 3426 enim
1481 3344 1821 3443 (Giegorius)

221 3457 312 3526 qui
338 3458 538 3513 duobus
565 3471 676 3529 post
705 3463 909 3518 steculis
942 3464 1071 3522 vixit
1089 3507 1102 3529 ,
1137 3481 1254 3518 cum
1279 3463 1479 3519 Athesis
1515 3463 1822 3525 miraculum

221 3550 448 3603 recitans
477 3558 750 3622 martyrem
776 3553 929 3607 illum
956 3555 1253 3627 appellavit,
1281 3557 1394 3624 ﬁeri
1417 3558 1604 3626 potuit.
1634 3565 1688 3608 ut
1714 3571 1820 3608 me-

221 3640 386 3692 moria
425 3640 604 3711 lapsus
645 3659 760 3696 eum
800 3655 1075 3715 martyrem
1107 3648 1299 3700 dictum
1340 3645 1819 3715 crediderit,'quent

217 3727 474 3797 Joannes,
501 3749 533 3786 a
563 3749 662 3803 quo
692 3735 756 3788 de
778 3737 1024 3791 miraculo
1053 3742 1218 3808 fuerat
1240 3741 1516 3792 instructus
1536 3739 1818 3810 simplicem

216 3822 518 3890 episcopum
550 3835 598 3879 et
639 3831 978 3896 confessorem
1018 3816 1500 3900 pronuntiaverat:
1531 3830 1628 3884 nisi
1681 3835 1816 3899 forte

219 3912 333 3976 ipse
346 3911 587 3970 Joannes
626 3918 705 3969 eo'
726 3918 779 3970 in
821 3919 969 3972 titulo
998 3919 1170 3989 lapsus
1200 3921 1514 3991 probabilius
1544 3921 1810 3976 credatur;

216 4007 278 4062 Si
303 4007 526 4063 aliunde
553 4009 706 4064 certo
735 4020 1011 4066 constaret
1042 4013 1100 4068 5.
1141 4013 1413 4068 Zenonem
1444 4014 1811 4084 confessorem

216 4093 327 4151 non
355 4108 654 4169 martyrem
693 4099 877 4164 fuisSe,
912 4110 1039 4156 tunc
1066 4103 1325 4158 memoria
1356 4104 1563 4175 lapsum
1594 4103 1652 4158 5.
1683 4104 1816 4160 Gre-

213 4189 429 4259 gorium
464 4191 628 4247 fuisse
654 4235 667 4257 ,
695 4195 906 4262 opinari
939 4195 1156 4250 obvium
1183 4208 1334 4252 certe
1362 4197 1684 4253 crediderim
1711 4216 1723 4250 :
1759 4207 1814 4252 at

214 4298 342 4340 cum
362 4300 433 4340 ex
461 4285 629 4341 allato
655 4287 714 4342 S.
743 4288 1016 4344 Ambrosii
1044 4290 1248 4345 incerto
1273 4299 1419 4346 textu
1443 4306 1548 4344 non
1576 4300 1810 4360 constet,

215 4376 496 4431 memoriae
528 4377 736 4446 lapsum
781 4379 1095 4436 adinvenire
1150 4391 1353 4435 tantum
1386 4383 1536 4436 abest
1565 4423 1580 4450 ,
1633 4392 1691 4436 ut
1724 4397 1812 4436 ur-

211 4469 532 4539 gentissima
562 4471 698 4524 ratio
728 4473 836 4538 sit,
871 4474 997 4541 quin
1026 4474 1311 4528 calumniae
1348 4473 1467 4528 loco
1504 4473 1808 4546 habendum

212 4577 377 4617 nemo
395 4561 522 4632 jure
547 4562 893 4619 inliciabitur.

292 4653 738 4724 Urgentissimam
769 4659 1032 4712 mtionem
1073 4658 1207 4714 forte
1234 4659 1456 4714 credent
1485 4659 1540 4715 S.
1575 4660 1811 4716 Zenonis

129 4810 141 4818 ε
211 4753 480 4824 martyrio
509 4753 855 4810 adversantes
880 4795 896 4820 ,
935 4756 1075 4826 quod
1121 4757 1173 4809 in
1205 4754 1550 4827 S..Gregorio
1581 4759 1810 4828 defectus

211 4845 270 4898 id
290 4846 492 4914 generis
511 4847 621 4900 sine
641 4849 868 4918 exetnplo
892 4864 992 4900 non
1019 4848 1144 4902 sint.
1174 4846 1313 4901 Nam
1338 4847 1552 4912 Molano
1573 4849 1812 4902 animad-

209 4950 441 4995 certente
487 4943 540 5018 in
592 4944 818 4996 secunda
870 4941 1099 4998 Usuardi
1144 4944 1384 5010 editione,
1440 4944 1502 5000 S.
1547 4943 1812 4998 Juvenalis

212 5034 532 5090 Narniensis
557 5038 826 5109 epismpus
856 5039 1004 5103 cuius
1031 5043 1162 5112 festa
1192 5041 1300 5093 dies
1345 5056 1375 5094 ν
1401 5058 1560 5094 nonas
1600 5039 1730 5094 Maii
1759 5041 1812 5104 in

211 5124 453 5181 Romano
484 5126 859 5200 Marty'rologio
891 5132 1145 5202 signatur,
1179 5130 1373 5202 martyr
1405 5133 1592 5187 dicitur
1620 5133 1710 5187 lib.
1735 5149 1810 5200 tv,

211 5233 263 5271 ο.
285 5217 376 5280 12,
396 5234 428 5270 a
452 5218 514 5273 S.
548 5218 820 5291 Gregorio,
841 5238 956 5276 cum
983 5239 1149 5276 merus
1171 5224 1432 5289 confessor
1456 5223 1631 5292 fuerit.
1657 5223 1814 5276 Aliud

209 5326 310 5364 nos
323 5313 612 5382 exemplum
629 5313 892 5377 aﬂ’erimus
907 5332 973 5370 ex
988 5317 1200 5387 epistola
1222 5317 1343 5369 olim
1358 5317 1448 5381 75,
1471 5315 1558 5370 lib.
1581 5333 1628 5369 Ix
1639 5357 1653 5382 ,
1675 5333 1809 5371 nunc

209 5400 286 5456 62
310 5387 450 5467 ,ἰξιι
475 5418 526 5456 Vt
551 5441 568 5466 ,
603 5403 686 5456 ubi
711 5405 850 5459 idem
869 5404 1122 5474 Pontifex
1154 5406 1497 5460 beatissimum
1524 5406 1806 5477 Martgrem

208 5504 362 5550 vocat
386 5494 448 5550 S.
480 5495 725 5550 Leucium
744 5499 1044 5570 episcopum
1063 5496 1473 5566 Brundusinunt,
1501 5500 1587 5571 qui
1615 5501 1668 5552 in
1684 5499 1805 5566 plau-

208 5585 337 5638 dato
371 5584 766 5660 Martyrologio,
806 5603 900 5642 nec
925 5596 1027 5642 non
1056 5585 1365 5642 Calendario
1395 5606 1490 5643 ms.
1521 5588 1806 5643 Bibliothe-

208 5665 288 5730 ὶνω
312 5675 702 5742 Casanatensis,
734 5678 922 5750 scripto
943 5678 1150 5732 ineunte
1173 5679 1359 5733 sacculo
1381 5696 1466 5744 Ix,
1496 5679 1564 5732 ad
1591 5679 1802 5733 Monas-

210 5767 402 5823 terium
423 5766 682 5838 quoddam
704 5764 1113 5822 Beneventanum
1141 5767 1262 5822 olim
1287 5769 1589 5839 pertinente,
1621 5783 1677 5824 tu
1709 5768 1798 5826 ld.

1929 3273 2072 3326 dicat
2103 3273 2392 3328 ecclesiam
2425 3275 2734 3335 monasterii
2757 3316 2771 3341 ,
2802 3275 2884 3328 cui
2919 3284 3148 3344 praeerat
3177 3266 3516 3346 Opportuna:

1926 3365 2113 3428 abbas,
2149 3351 2446 3432 qui-sacras
2477 3350 2736 3436 reliquias
2765 3366 3073 3434 eitpctebat,
3107 3366 3322 3422 nomine
3355 3368 3516 3440 ipsius

1925 3457 2099 3510 sancti
2120 3455 2428 3523 decoratatu
2454 3456 2636 3512 fuisse.
2675 3457 2986 3511 Sanctuaria
3009 3458 3236 3530 ejusdem
3257 3459 3514 3529 martyris,

1923 3564 2037 3618 qua:
2076 3550 2141 3601 tle
2169 3543 2388 3626 ecclesia
2408 3549 2601 3602 nomini
2639 3535 2800 3617 ipsius
2824 3551 3010 3612 dicata,
3048 3559 3101 3602 ut
3139 3550 3342 3614 astruit,
3374 3553 3516 3620 furto

1922 3644 2094 3697 ablata
2119 3654 2254 3697 sunt.
2299 3645 2474 3711 Quare
2502 3643 2546 3696 si
2580 3643 2645 3696 de
2677 3653 2861 3696 sancto
2885 3642 3109 3708 Leucio,
3147 3643 3237 3712 qui
3271 3643 3514 3697 Brundu-

1921 3723 2054 3786 sium
2083 3733 2337 3788 Ecclesia:
2363 3733 2651 3804 episcopus
2700 3733 2817 3798 fuit,
2862 3733 3070 3786 loeutus
3095 3731 3304 3797 luisset,
3331 3736 3512 3803 utique

1920 3832 1974 3880 ct
2004 3823 2105 3878 hoc
2132 3823 2438 3877 indicasset.
2475 3824 2556 3877 Au
2589 3838 2676 3888 ne,
2712 3833 2767 3877 et
2796 3825 2846 3876 in
2888 3824 2986 3880 hoc
3015 3827 3270 3880 memoria
3299 3826 3506 3896 lapsum

1919 3915 1975 3971 S.
2001 3911 2316 3986 Gregorium
2337 3915 2601 3981 dicemus,
2626 3919 2679 3970 in
2701 3931 2823 3970 eum
2847 3916 3142 3971 calumnias
3161 3905 3508 3975 cumulando?

1922 4007 2074 4076 Quod
2101 4025 2215 4062 vero
2245 4006 2582 4062 Brundusina
2608 4007 2842 4062 ecclesia.
2881 4049 2893 4062 .
2932 4049 2945 4062 .
2976 4010 3174 4063 nullum
3207 4014 3505 4084 cujusquam

1920 4099 1981 4155 S.
2015 4099 2216 4159 Leontii
2244 4115 2431 4168 corpus
2460 4099 2601 4166 apud
2627 4115 2680 4153 se
2705 4085 3024 4168 requiescens
3051 4118 3324 4172 numquam
3350 4119 3510 4174 agno-

1916 4191 2251 4263 verit,,gratis
2275 4189 2557 4258 asseriturl
2610 4176 2823 4257 Nullam
2861 4192 2927 4246 de
2972 4208 3038 4247 eo
3074 4210 3216 4248 ltltllc
3253 4181 3508 4264 temporis

1913 4296 2128 4341 exstare
2150 4284 2462 4350 memoriam
2481 4273 2736 4338 in-eadem
2755 4283 2993 4339 Ecclesia
3016 4287 3183 4340 asseri
3209 4297 3408 4357 potest.
3443 4290 3509 4340 At

1915 4388 2070 4434 sexto
2099 4375 2298 4432 saeculo
2329 4375 2615 4430 Brundusii
2647 4390 2751 4430 non
2776 4375 3105 4446 requievisse
3137 4394 3334 4446 corpus
3362 4379 3507 4450 ejus-

1915 4471 2034 4526 dem
2058 4471 2115 4525 5.
2143 4468 2374 4535 Leontii,
2407 4469 2528 4538 quis
2555 4480 2745 4524 contra
2771 4469 2828 4524 5.
2859 4468 3101 4540 Gregorii
3129 4472 3500 4537 anetoritatcnt

1836 4569 1886 4627 Ι)
1917 4565 2110 4630 mutire
2149 4561 2383 4617 audeat?
2427 4561 2571 4630 Quot
2613 4561 2934 4621 Sanctorum
2969 4551 3195 4634 corpora
3235 4566 3416 4619 multis
3447 4565 3501 4620 in

1913 4658 2158 4713 ecclesiis
2179 4658 2498 4720 extiterunt,
2520 4671 2752 4728 quorum
2775 4673 2879 4711 non
2903 4667 2985 4712 est
3016 4660 3290 4722 memoria,
3325 4658 3501 4726 bellis,

1913 4749 2178 4804 incendiis
2201 4791 2215 4814 ,
2249 4749 2635 4804 vastationibus
2665 4736 2944 4821 absumpta
2969 4749 2992 4802 7
3022 4749 3150 4805 Nam
3185 4749 3237 4802 iu
3272 4748 3505 4806 editione

1913 4856 2136 4910 romana
2159 4842 2487 4907 multitudine
2512 4843 2980 4911 antiquissimorum
3002 4843 3364 4916 exemplarium
3381 4829 3505 4898 usos

1920 4951 1980 4991 se
2010 4937 2172 4990 luisse
2198 4943 2481 4998 testantur,
2509 4938 2598 5007 qui
2621 4951 2738 4991 eam
2770 4946 3019 4990 curarunt
3046 4935 3356 4991 editionem.
3385 4935 3500 4991 Non

1920 5040 2110 5101 urgent
2135 5029 2317 5099 itaque
2346 5028 2591 5084 adductae
2617 5028 2886 5092 rationes;
2918 5043 3082 5097 quare
3108 5043 3138 5081 a
3170 5027 3226 5081 S.
3256 5028 3500 5099 Gregorii

1881 5186 1884 5188 η
1918 5121 2216 5177 assertione
2245 5119 2314 5176 de
2357 5119 2414 5176 S.
2453 5118 2692 5178 Zenonis
2719 5117 2974 5188 Martyrio
3007 5117 3363 5194 recedendum
3395 5135 3500 5175 non

1919 5225 2021 5271 est.

1989 5304 2161 5359 Minus
2192 5314 2346 5375 urget
2382 5302 2610 5358 assertio
2635 5300 2887 5356 Coronati
2919 5300 3146 5369 Notarti,
3187 5303 3278 5373 qui
3311 5305 3366 5360 S.
3402 5303 3502 5358 Zc-'

1913 5398 2070 5452 nonis
2099 5399 2262 5450 vitam
2298 5394 2614 5465 conscripsit
2661 5410 2674 5445 :
2721 5392 2900 5446 multis
2940 5397 3138 5450 etenim
3184 5396 3503 5464 improbabi-
3564 5406 3570 5411 ‘

1910 5488 2065 5546 libus-
2098 5488 2347 5544 refertam
2386 5501 2507 5566 esse
2553 5483 2786 5539 fatentur
2841 5486 3059 5554 ipsimet
3088 5528 3100 5551 ,
3156 5488 3259 5557 qui
3312 5500 3499 5542 contra

1910 5584 2218 5654 Martyrium
2256 5583 2309 5637 5.
2344 5580 2577 5636 ZenOnis
2601 5580 2906 5649 opinantur.
2939 5579 3302 5650 Improbabile
3334 5581 3502 5650 scrip-

1908 5686 2018 5732 tum
2058 5659 2178 5731 cum
2217 5673 2273 5730 S.
2319 5671 2563 5744 Gregorii
2607 5673 2923 5741 auctoritate
2953 5672 3202 5727 conferre
3256 5673 3373 5743 quis
3405 5688 3500 5725 au-

1903 5766 2064 5824 deat?
2093 5767 2148 5822 Si
2175 5765 2295 5836 quis
2320 5779 2448 5830 vero
2481 5764 2737 5829 auderet,
2773 5763 2932 5818 istum
2966 5764 3161 5835 injuria
3203 5780 3301 5833 pro
3330 5779 3489 5819 vene.
