3822 6220
359 226 464 282 ’145

1117 223 1204 280 DE
1241 203 1560 278 OﬁlNIONE
1604 218 1962 277 BALLEltIN.
2005 220 2208 278 (unca
2244 222 2394 278 ZEN.
2437 220 2845 280 MARTYRIUM

3546 227 3673 281 741»

360 341 567 396 ratione
610 340 668 395 8.
713 337 1023 394 Pontiﬁcem
1061 336 1398 402 altecturum,
1437 350 1594 389 nemo
1631 350 1736 388 non
1778 334 1944 388 videt.
1975 337 2026 395 Α
2053 338 2212 392 Missa
2237 340 2287 391 in
2315 339 2558 394 oratione
2581 346 2825 414 secreta;
2857 342 2913 390 et
2947 333 3012 388 ad
3043 332 3184 388 Deus
3216 336 3304 402 qui
3325 330 3420 390 tali
3463 337 3672 392 Eccle-

364 433 439 488 De
477 434 575 487 hac
609 447 734 486 vero
763 432 865 483 vita
899 445 926 482 a
967 429 1235 484 Coronato
1266 428 1540 498 descripta
1567 427 1746 481 videas
1784 442 1944 498 supra

334 585 336 587 ,
364 520 742 580 dissertatione
775 522 964 591 prima,
996 537 1116 590 cap.
1146 522 1197 585 5,
1234 521 1261 591 §
1293 521 1347 575 5.

435 614 644 669 Addunt
689 622 943 682 praeterea
978 629 990 665 :
1021 610 1086 664 In
1119 613 1419 682 perantiquo
1451 611 1686 666 Remensi
1707 611 1946 666 codice...

363 708 444 760 ubi
471 708 740 776 exponitur
765 705 1072 757 miraculum
1096 704 1320 770 Athesis,
1347 705 1536 759 inserta
1564 713 1812 776 apparent
1840 705 1952 772 ipsa

361 801 423 854 S.
451 798 679 868 Gregorii
703 796 917 851 verba...
951 806 994 850 et
1016 797 1068 849 in
1088 795 1168 850 his
1200 813 1292 866 pro
1324 812 1381 850 eo
1408 797 1548 866 quod
1568 797 1708 868 apud
1734 796 1793 852 S.
1825 795 1954 849 Gre-

357 891 553 964 gorium
598 888 837 941 scribitur
877 907 895 939 t
934 887 999 941 ad
1044 886 1437 942 ostendendum
1484 889 1955 963 meritummarty-

360 961 458 1047 ris,
483 999 503 1034 ι
537 980 724 1034 ibidem
744 981 968 1050 positum
996 980 1112 1049 fuit,
1142 998 1162 1031 ι
1191 979 1256 1033 ad
1281 969 1673 1034 oStendendum
1704 961 1953 1032 meritum

358 1073 717 1130 Confessoris.
751 1092 770 1126 ι
805 1072 954 1128 Unde
968 1058 1193 1142 suspicio
1220 1085 1291 1128 est
1311 1117 1327 1142 ,
1349 1074 1706 1129 'Veronensem
1727 1075 1956 1143 quicum-

356 1183 453 1238 que
480 1166 666 1234 fuerit,
695 1165 783 1234 qui
811 1182 923 1219 eam
950 1165 1266 1219 additiouent
1302 1167 1355 1219 in
1394 1183 1488 1220 ms.
1516 1167 1606 1219 illo
1638 1167 1760 1218 olim
1794 1163 1954 1217 Vero-

358 1258 520 1334 neusi,
553 1274 686 1311 nunc
725 1267 895 1311 autem
936 1255 1179 1312 Remensi
1213 1260 1477 1327 apposuit,
1500 1275 1564 1312 ea:
1591 1257 1821 1334 Gregorii
1848 1272 1959 1310 ver-

359 1355 434 1408 bis
463 1351 745 1423 Martyrem
783 1353 837 1406 in
875 1350 1236 1422 Confessorem
1266 1354 1580 1415 correxisse,
1614 1352 1961 1423 Sanctumque

303 1480 306 1483 τ
358 1449 647 1519 pontiﬁcem
677 1449 730 1501 in
758 1464 816 1502 eo
844 1449 1048 1515 lapsum
1074 1459 1300 1517 putasse,
1323 1448 1460 1517 quod
1488 1445 1549 1502 S.
1585 1446 1724 1499 Zeno
1749 1444 1961 1498 Verona:

359 1540 631 1609 Confessor
657 1542 947 1604 haberetur,
979 1557 1078 1594 non
1108 1549 1326 1609 martyr;
1358 1556 1457 1608 qua
1496 1538 1667 1590 cadent
1703 1538 1767 1589 de
1803 1551 1962 1588 causa

340 1631 651 1689 .Honachus
701 1631 1027 1687 Zenonianus
1071 1630 1368 1703 Gregorium
1407 1630 1704 1701 appellans,
1748 1611 1958 1698 ejusque

361 1725 517 1781 verba
559 1727 800 1790 recitatis,
836 1724 1077 1795 martyris
1120 1724 1323 1777 nomine
1362 1723 1732 1790 pratermisso,
1777 1717 1959 1772 Sancti
1987 1720 2035 1778 B
2063 1733 2361 1787 ofﬁciorum
2393 1729 2518 1784 rimi

363 1821 630 1891 supposuit
647 1820 891 1885 scribens,
912 1836 930 1870 ι
954 1816 1020 1870 ad
1037 1814 1427 1870 ostendendum
1443 1813 1689 1867 meritum
1708 1810 1911 1874 Sancti,
1935 1829 1954 1859 ι

363 1913 443 1966 vel
469 1923 521 1964 ut
552 1913 604 1965 in
640 1928 733 1964 ms.
756 1909 1091 1964 'Lectionario
1121 1907 1368 1960 Brixiano
1409 1905 1612 1975 legitur,
1643 1906 1790 1975 cujus
1821 1889 1961 1954 riteri-

365 2006 550 2059 tionent
599 2002 839 2070 Maﬂ'eius
880 2011 1047 2053 noster
1088 1999 1140 2051 in
1189 1998 1492 2068 praefatione
1530 1995 1598 2048 ad
1647 1993 1960 2048 Monachum

363 2095 716 2153 Zenonianum
754 2111 873 2165 pag.
912 2088 1016 2160 317
1071 2089 1216 2144 Hist.
1252 2090 1470 2167 diplom.
1523 2106 1541 2138 ‹
1581 2087 1646 2141 ad
1671 2085 1962 2142 ostenden-

366 2192 491 2246 dum
523 2188 770 2243 meritum
796 2183 1190 2240 Conlessoris.»
1224 2182 1344 2235 Nisi
1364 2181 1495 2249 forte
1515 2180 1609 2233 hoc
1633 2196 1729 2232 ms.
1762 2177 1963 2231 Lectio-

369 2284 571 2338 narium
593 2281 897 2334 Brixianam
914 2278 1078 2349 ipsam
1099 2273 1342 2330 Coronati
1362 2273 1517 2327 vitam
1538 2289 1599 2326 es:
1621 2271 1775 2325 simili
1798 2285 1966 2324 exem-

370 2379 456 2450 plo
492 2377 730 2432 Remensi
756 2382 1012 2442 sumptam
1041 2374 1294 2425 contineat
1317 2410 1330 2432 ,
1362 2369 1434 2422 uti
1463 2382 1586 2420 sane
1619 2364 1763 2417 illam
1793 2363 1963 2446 conti-

291 2480 294 2484 ί
371 2442 459 2525 net
497 2467 875 2523 Lectionarium
895 2466 1040 2518 aliud
1075 2480 1170 2516 ms.
1201 2460 1448 2515 Ecclesiae
1472 2456 1802 2519 Tridentinar,
1829 2442 1965 2521 quod

371 2561 926 2621 eamdemadditionem
943 2568 988 2612 et
1006 2557 1283 2626 formulam
1303 2551 1540 2624 Gregorii
1560 2549 1720 2604 verbis
1737 2551 1963 2617 praefert.

444 2658 501 2712 In
535 2672 634 2710 ms.
667 2652 920 2718 Coronati
961 2649 1032 2704 ab
1073 2647 1303 2719 Ughello
1340 2644 1512 2700 relato
1549 2643 1693 2698 circa
1732 2640 1967 2693 miracu—

377 2752 484 2806 lum
517 2746 728 2802 Athesis
764 2741 1134 2800 excrescentis
1172 2732 1388 2793 inserta
1414 2736 1472 2788 8.
1517 2732 1761 2803 Gregorii
1805 2729 1968 2784 verba

377 2841 598 2897 minime
624 2839 874 2907 leguntur
903 2849 966 2888 ac
999 2833 1053 2888 in
1090 2830 1364 2896 Remensi,
1394 2838 1445 2883 et
1475 2828 1527 2881 in
1557 2841 1660 2880 ms.
1688 2823 1972 2879 Lectionu-

380 2936 462 2990 rio
489 2933 765 2995 Brixiano,
806 2944 870 2985 ac
894 2926 1231 2983 Tridentino.
1268 2924 1398 2991 Quae
1430 2922 1661 2976 varietas
1692 2918 1974 2988 conjectu-

383 3043 494 3081 ram
536 3033 772 3080 nostram
815 3022 1098 3076 conlirmat
1122 3061 1135 3084 ,
1169 3016 1422 3072 Coronati
1465 3013 1669 3068 Notarii
1705 3012 1868 3066 vitam
1903 3009 1972 3064 de

2051 430 2141 482 sia;
2185 431 2349 500 fecisti
2393 429 2724 499 ‘Pontiﬁcem.
2754 428 2955 494 Quibus
2993 425 3270 480 Ordinatio
3313 426 3371 481 S.
3407 427 3676 486 Zenonis

2053 530 2241 592 aperte
2267 534 2736 578 commemoratur.
2766 521 2820 576 In
2846 521 3012 587 prima
3045 520 3223 589 itaque
3245 521 3502 574 oratione
3537 523 3677 591 ipse

2052 612 2111 670 S.
2131 616 2432 686 Gregorius
2453 658 2466 679 ,
2494 617 2581 686 qui
2616 616 2699 671 bis
2727 616 2784 670 8.
2827 614 3100 670 Zenonem
3133 613 3422 683 Martyrem
3451 616 3676 685 appel-

2057 712 2195 765 larat
2228 710 2636 766 consuetudinis
2675 708 2925 762 Ecclesia:
2976 707 3300 764 Veronensis
3349 692 3477 765 non.
3508 711 3682 782 igna-

2055 818 2181 868 rus,
2213 801 2590 858 Confessorem
2634 800 2780 855 dicit.
2831 795 3179 854 Venerabilem
3215 800 3351 854 diem
3386 803 3680 874 compleri-

2057 897 2172 950 dant
2198 915 2215 949 :
2270 895 2414 948 Beati
2443 877 2762 964 Confessoris
2791 893 2863 945 tui
2902 892 3124 946 Zenonis
3149 885 3415 951 devotione
3449 897 3678 952 Sancta

2060 989 2209 1042 hodie
2235 987 2560 1040 celebrantes.
2595 986 2724 1050 Quae
2745 986 3248 1054 orationcseaadem
3277 999 3402 1044 sunt
3428 1006 3500 1045 ac
3529 992 3674 1058 illae,

2056 1095 2175 1149 quas
2205 1078 2256 1132 in
2290 1077 2442 1131 tertia
2471 1077 2629 1130 missa
2659 1092 2753 1146 pro
2784 1076 3024 1132 Ecclesia
3061 1079 3378 1149 Veronensi,
3413 1099 3514 1138 seu
3541 1086 3677 1139 Mo-

2059 1171 2291 1224 nasterio
2315 1167 2374 1224 8.
2403 1168 2666 1234 Zenonis,
2694 1179 2747 1221 et
2778 1168 2830 1221 in
2863 1168 2951 1222 die
2988 1169 3352 1226 Ordinationis
3389 1174 3447 1229 8.
3476 1174 3681 1228 Zeno-

2061 1263 2142 1318 nis
2179 1262 2582 1328 recitabantur,
2613 1271 2669 1314 ut
2700 1259 2956 1315 adnatant
2991 1261 3198 1317 Domini
3234 1264 3538 1320 Ballerinii.
3576 1267 3677 1321 Si-

2060 1365 2148 1409 cut
2170 1355 2220 1408 in
2253 1355 2412 1435 missa
2441 1355 2620 1423 itaque
2646 1365 2697 1407 et
2721 1352 2772 1406 in
2800 1353 2989 1408 Ofﬁcio
3021 1355 3222 1423 pariter
3247 1356 3396 1411 Zeno
3425 1358 3680 1414 Confes-

2061 1469 2152 1510 sor
2195 1453 2425 1522 legitur,
2471 1453 2521 1505 in
2559 1450 2983 1521 Martyrologiis,
3026 1459 3083 1505 et
3119 1444 3481 1508 Lectionarlis
3505 1496 3520 1518 ,
3559 1469 3680 1508 non

2062 1545 2205 1614 quod
2235 1545 2524 1615 Martyrcm
2554 1557 2656 1596 non
2682 1549 2947 1611 putarent,
2981 1543 3140 1597 sicuti
3166 1559 3340 1614 neque
3359 1544 3681 1610 confesso-

2065 1653 2210 1702 rem,
2249 1637 2342 1691 sed
2371 1636 2666 1706 Martyrem
2701 1635 2970 1703 reputavit
3010 1635 3068 1690 S.
3099 1635 3415 1708 Gregorius.
3470 1637 3587 1692 Sed
3617 1647 3684 1692 ut

2541 1773 2567 1814 ν
2592 1739 2645 1784 et
2683 1730 2990 1794 orationes,
3030 1739 3083 1784 et
3121 1729 3411 1811 Lectiones
3441 1746 3699 1797 accom

2066 1823 2380 1886 modarent,
2412 1823 2561 1892 plura
2610 1821 2677 1875 de
2729 1821 2811 1875 his
2840 1821 3002 1876 citato
3051 1821 3143 1874 lib.
3173 1821 3208 1874 2
3237 1823 3422 1877 videre
3475 1833 3674 1891 potes.

2063 1917 2199 1971 Illud
2234 1931 2360 1970 vero
2390 1932 2494 1968 non
2524 1913 2899 1980 omittendum,
2929 1896 3122 1984 némpe
3151 1914 3204 1968 in
3232 1917 3438 1983 scripto
3467 1915 3676 1969 Morta-

2065 2012 2150 2065 chi
2198 2011 2490 2075 Zenoniani
2522 2009 2910 2078 correctionem
2946 2009 3046 2064 hoc
3077 2009 3236 2086 modo
3267 2009 3465 2063 {actam
3513 2027 3528 2063 :
3575 2023 3682 2077 pro

2003 2170 2008 2174 _
2065 2104 2246 2158 verbis
2267 2103 2408 2157 enim
2431 2103 2485 2157 8.
2513 2101 2756 2171 Gregorii
2777 2102 2844 2155 ad
2873 2101 3238 2156 ostendendum
3264 2102 3507 2157 meritum
3530 2119 3682 2157 mar-

2067 2199 2213 2268 tyris,
2243 2197 2501 2265 scriptum
2535 2205 2616 2250 est
2647 2213 2659 2249 :
2691 2194 2771 2248 Ad
2799 2195 3166 2249 ostendendum
3189 2195 3433 2249 meritum
3456 2194 3676 2258 Sancti,

2068 2305 2129 2344 ea
2161 2288 2227 2343 de
2253 2302 2414 2343 causa
2444 2286 2769 2342 credendum
2798 2296 2912 2352 est,
2938 2285 3078 2356 quod
3110 2287 3175 2351 is,
3202 2287 3293 2357 qui
3322 2293 3396 2341 ita
3420 2287 3680 2341 correxit

2068 2385 2198 2438 satis
2229 2398 2350 2438 esse
2391 2383 2631 2452 putavit,
2664 2397 2731 2436 ne
2758 2382 2879 2435 ritui
2913 2379 3249 2453 Confessoris
3275 2379 3458 2450 aliquo
3495 2379 3678 2436 verbo

2069 2476 2466 2543 detraheretur,
2509 2476 2740 2532 reticere
2769 2476 3136 2529 tantummodo
3177 2475 3433 2546 martyris
3464 2489 3675 2529 nomen

2073 2571 2188 2624 sine
2209 2569 2484 2624 additione
2514 2569 2658 2624 verbi
2690 2567 3045 2638 Conlessoris,
3079 2568 3280 2637 alioqui
3310 2567 3493 2622 sciens
3542 2583 3676 2638 vere

2074 2662 2362 2732 Martyrem
2414 2661 2576 2715 luisse
2627 2660 2928 2732 Zenonem,
2985 2659 3218 2729 ideoque
3272 2658 3674 2714 Confessorem

2073 2753 2244 2809 noluit
2274 2754 2564 2823 appellare.
2600 2753 2712 2818 Qua
2739 2752 2807 2807 de
2839 2767 2898 2806 re
2938 2751 3026 2805 illa
3057 2751 3192 2806 forte
3225 2751 3412 2815 verba,
3449 2766 3577 2818 qua:
3619 2743 3674 2803 in

2074 2847 2335 2917 opusculo
2363 2833 2615 2901 Coronati
2650 2845 2897 2915 leguntur
2928 2862 2940 2897 ε
2975 2841 3101 2898 Non
3125 2843 3287 2896 multo
3318 2851 3434 2911 post
3466 2843 3520 2894 in
3547 2857 3677 2911 pace

2075 2947 2307 3006 receptus
2336 2946 2443 3002 est,
2496 2935 2702 2991 sublata
2740 2935 3013 2989 mentione
3038 2933 3276 3003 Martyt’ii
3313 2934 3371 2987 8.
3405 2931 3672 2998 ZenOnis,

2075 3032 2193 3100 ejus
2217 3030 2504 3085 intentionis
2524 3030 2643 3084 loco
2671 3028 2840 3098 posita
2865 3034 3009 3081 sunt.
3035 3026 3165 3080 Nam
3195 3027 3247 3080 in
3276 3025 3398 3080 aliis
3423 3041 3558 3079 mss.
3592 3024 3679 3078 di-

382 3119 440 3178 8.
470 3117 688 3171 Zenone
711 3129 817 3168 non
854 3112 1114 3182 integram
1141 3109 1205 3164 ad
1239 3116 1482 3176 posteros
1511 3104 1848 3178 pervenisse,
1872 3101 1966 3156 sed

2101 3140 2232 3179 'crsa
2276 3124 2714 3192 conspiciuntur,
2753 3130 2814 3175 ut
2843 3122 2894 3174 in
2924 3120 3114 3175 eodem
3155 3119 3248 3172 lib.
3282 3134 3318 3172 ll
3375 3133 3499 3188 cap.
3543 3117 3580 3170 5
3605 3116 3674 3171 de
3711 3171 3718 3180 _

383 3207 619 3265 corrosis
641 3205 935 3278 ",velustate
977 3200 1195 3256 cartulis
1225 3198 1472 3278 quaedam
1521 3211 1685 3267 pauca
1747 3201 1969 3249 reman-

385 3301 523 3357 sisse
552 3316 581 3354 a
621 3276 864 3370 pluribus
897 3281 1100 3365 postea
1125 3276 1290 3365 aliis,”
1320 3301 1376 3369 et
1421 3289 1539 3342 aliis
1584 3286 1759 3341 verbis
1800 3284 1974 3341 conti-

388 3397 594 3461 nuata,
624 3401 681 3447 ut
711 3390 796 3447 hic
828 3397 1004 3461 patet,
1051 3386 1140 3440 ubi
1174 3386 1227 3439 in
1254 3384 1542 3447 Remensi,
1585 3381 1868 3447 Brixiano,
1916 3394 1979 3434 ac

386 3486 701 3543 'l‘rideutino
741 3498 842 3537 ms.
889 3480 1051 3536 verba
1103 3477 1347 3548 Gregorii
1390 3475 1732 3537 inseruntur,
1776 3487 1893 3541 qua:
1924 3470 1978 3524 in

386 3581 507 3637 aliis
532 3594 663 3635 mss.
693 3578 897 3633 inserta
943 3590 1050 3628 non
1094 3581 1238 3627 sunt.
1275 3569 1637 3625 Correctionis
1668 3582 1795 3622 vero
1819 3580 1980 3621 causa

389 3676 634 3748 superius
662 3673 912 3738 adducta,
949 3683 1211 3738 nempe...
1240 3664 1481 3737 Suspicio
1535 3673 1607 3719 est
1645 3661 1982 3716 Veronensem

390 3770 695 3840 quicumque
723 3766 906 3836 fuerit,
937 3762 1026 3834 qui
1067 3776 1178 3814 eam
1215 3757 1604 3827 additiouem...
1647 3754 1889 3823 apposuit
1922 3766 1984 3805 ea:

394 3861 628 3932 Gregorii
670 3858 832 3913 verbis
872 3855 1156 3924 Martyrem
1191 3852 1244 3904 in
1289 3847 1641 3920 Confessorem
1681 3847 1979 3908 correxisse,

398 3958 458 4013 S.
500 3953 806 4023 Pontiﬁcem
829 3951 884 4004 in
916 3965 977 4004 eo
1010 3948 1159 4016 lapsu
1187 3954 1410 4016 putasse,
1443 3941 1580 4012 quod
1612 3940 1672 3996 S.
1706 3939 1845 3994 Zeno
1881 3937 1982 3991 Ve—

397 4064 534 4103 rona:
558 4046 828 4116 Confessor
859 4042 1144 4106 haberetur,
1194 4054 1296 4092 non
1336 4045 1548 4106 martyr.
1590 4033 1981 4099 Correclionis,

397 4141 635 4212 inquam,
667 4136 828 4207 hujus
854 4148 1013 4190 causa
1043 4131 1189 4186 nttllo
1212 4130 1400 4199 adiuta
1430 4127 1722 4200 probabilis
1749 4126 1982 4181 circum-

395 4211 840 4296 stantireindicio,
876 4221 1207 4281 emendicata
1236 4219 1468 4275 videtur.
1502 4219 1616 4273 Alia
1649 4216 1980 4286 probabilior
2016 4211 2022 4217 ’

403 4321 660 4392 suppetit,
703 4332 861 4388 quam
905 4314 1119 4385 ipsimct
1148 4309 1492 4380 suppeditant
1521 4308 1731 4362 Domini
1762 4307 1986 4362 Balleri-

401 4417 476 4472 nii
507 4416 559 4470 in
601 4409 987 4468 admonitione.
1011 4405 1077 4460 ad
1121 4412 1466 4458 monumenta
1509 4417 1661 4457 num.
1706 4400 1763 4468 ‘2,
1795 4414 1988 4467 nempe

2081 3215 2333 3288 Martyrio
2353 3215 2414 3272 S.
2445 3214 2682 3269 Zenonis
2706 3214 3101 3285 adnotavimus.
3131 3212 3372 3267 Varielas
3403 3213 3521 3266 haec
3543 3221 3598 3265 et
3619 3211 3677 3265 in

2082 3309 2430 3399 Lectionario
2455 3325 2559 3363 ms.
2602 3309 2821 3379 antiquo
2851 3309 2902 3362 in
2931 3307 3236 3377 Episcopali
3266 3306 3524 3362 Archivio
3557 3305 3675 3360 Pis-

2085 3399 2303 3455 toriensi
2322 3400 2389 3454 ab
2407 3397 2772 3455 eruditissimo
2795 3401 2853 3454 P.
2871 3397 3130 3453 Zacharia
3158 3397 3214 3453 S.
3243 3397 3293 3453 J.
3325 3406 3544 3468 reperto
3564 3398 3676 3450 evi-

2033 3564 2036 3569 _
2084 3495 2399 3551 dentissima
2428 3495 2624 3565 legitur
2664 3494 2748 3549 his
2775 3494 2950 3549 verbis
2975 3507 3228 3561 expressa
3256 3511 3269 3546 :
3293 3492 3401 3558 Qui
3427 3491 3555 3545 dum
3580 3492 3676 3545 hoc

2075 3591 2232 3661 juxta
2263 3587 2360 3641 Dei
2389 3588 2702 3658 adjutorium
2739 3597 2939 3659 ageret,
2972 3585 3068 3640 Dei
3092 3586 3421 3650 uoluntatem,
3468 3584 3677 3654 quando

2087 3680 2278 3750 placuit
2302 3681 2514 3743 volente,
2540 3696 2639 3732 non
2661 3661 2771 3751 post
2795 3682 2945 3751 longo
2970 3687 3194 3747 tempore
3218 3686 3448 3746 receptus
3472 3677 3526 3729 in
3552 3692 3679 3744 pace

2085 3783 2178 3827 est.
2216 3772 2497 3827 Lectiones
2523 3787 2653 3826 vero
2701 3787 2796 3840 pro
2822 3778 3010 3826 octava
3046 3768 3136 3823 die
3159 3768 3464 3823 decembris
3494 3766 3678 3837 dispo-

2088 3866 2205 3926 sita:
2232 3864 2688 3934 conspicuuntur,
2731 3879 2834 3932 qua
2864 3860 3229 3917 Ordinationis
3268 3859 3488 3914 Festum
3531 3859 3676 3912 cclc-

2089 3958 2294 4013 bratur.
2325 3957 2615 4012 Testantur
2633 3970 2849 4026 quoque
2873 3953 3145 4020 Perettus,
3169 3962 3223 4008 et
3245 3951 3488 4021 Bagatta,
3514 3958 3676 4019 atque

2093 4050 2393 4105 Dondorius
2429 4061 2635 4114 noster,
2666 4048 2864 4102 oculati
2899 4053 3063 4102 testes
3084 4088 3100 4112 ,
3127 4045 3179 4098 in
3205 4042 3552 4121 Lectionibus
3580 4055 3679 4112 pro

2090 4143 2227 4198 festo
2281 4141 2523 4212 martyrii
2561 4140 2895 4197 S.’Zenonis
2943 4137 3244 4203 ordinatis,
3291 4150 3412 4206 qua:
3460 4148 3524 4188 ex
3567 4132 3677 4188 Co-

2091 4235 2266 4289 ronati
2324 4233 2524 4302 scripto
2586 4232 2866 4302 desumpta
2915 4229 3085 4286 fuisse
3128 4235 3377 4292 constat,
3432 4225 3677 4297 martyrii

2094 4327 2422 4382 mentionem
2491 4324 2644 4390 ﬁeri,
2704 4333 2757 4379 et
2817 4324 3080 4388 Verona},
3137 4324 3190 4392 et
3243 4320 3481 4375 Pistorii.
3545 4317 3678 4374 Vide

2093 4434 2212 4489 qua:
2267 4410 2541 4472 attulimus
2585 4417 2676 4470 lib.
2733 4432 2771 4470 ll
2815 4431 2933 4486 cap.
2998 4417 3022 4470 l
3071 4415 3140 4468 de
3188 4412 3441 4483 Martyrio
3485 4410 3539 4466 8.
3582 4410 3678 4464 Ze-
3715 4479 3720 4482 _

400 4510 653 4569 Coronati
684 4505 998 4580 opusculum
1024 4545 1037 4568 ,
1070 4516 1178 4572 quo
1209 4501 1369 4554 vitam
1400 4497 1456 4552 8.
1491 4498 1724 4553 Zenonis
1751 4498 1979 4553 exaravit

2101 4516 2273 4570 nonis.
2320 4512 2695 4568 Correetiones
2732 4511 2890 4580 igitur
2913 4552 2928 4576 ,
2979 4507 3049 4565 de
3085 4508 3282 4579 quibus
3329 4505 3537 4576 agitur,
3571 4519 3675 4559 non

401 4627 453 4665 in
485 4606 826 4664 Lectionario
847 4603 1010 4658 fuisse
1037 4599 1285 4663 relatum,
1315 4598 1454 4667 quod
1477 4639 1491 4661 ,
1521 4606 1575 4650 et
1605 4596 1671 4658 de
1700 4595 1990 4651 Zenouiani

402 4703 644 4760 Monachi
672 4700 874 4770 scripto
915 4704 1200 4752 testantur.
1232 4692 1300 4746 In
1327 4693 1486 4746 sacris
1529 4692 1701 4760 ofﬁciis
1726 4690 1989 4762 (Monachi

402 4793 695 4852 Zenoniani
726 4786 1005 4857 scriptum)
1041 4802 1133 4856 pro
1161 4784 1401 4839 Coronati
1441 4783 1544 4837 vita
1572 4783 1737 4835 locum
1770 4784 1873 4852 fere
1907 4798 1992 4836 oc-

405 4887 626 4959 cupavit.
662 4884 790 4939 Haec
814 4880 990 4936 cilicia
1029 4893 1128 4950 pro
1155 4877 1314 4932 Festo
1340 4874 1702 4930 Ordinationis
1728 4873 1784 4930 S.
1817 4873 1991 4929 Zeno.

403 4979 487 5032 nis
510 4974 746 5047 episcopi
779 4969 1026 5028 ordinata
1065 4967 1215 5022 fuere
1255 4967 1322 5020 de
1355 4964 1680 5020 Confessore
1709 4964 1987 5021 Pontiﬁce.

405 5074 538 5130 Nam
563 5073 630 5127 de
657 5067 911 5140 Martyrio
941 5064 998 5120 S.
1029 5060 1261 5118 Zenonis
1290 5061 1578 5140 antiquitus
1621 5074 1744 5114 raro
1776 5058 1994 5113 Festum

405 5166 799 5229 celebrabatur,
840 5171 900 5217 ut
935 5166 1152 5215 constat
1188 5171 1256 5211 ex
1275 5169 1482 5210 canone
1501 5153 1724 5208 Concilii
1751 5153 1996 5208 Toletani

407 5262 532 5317 anni
560 5259 683 5327 656,
709 5269 764 5314 et
791 5273 858 5313 ex
886 5269 988 5309 ms.
1016 5251 1247 5323 Capituli
1271 5247 1642 5311 Fistoricnsis,
1669 5243 1786 5317 qua'e
1814 5247 1906 5302 lib.
1933 5263 1991 5312 ιι,

410 5353 475 5409 de
502 5351 758 5423 martyrio
787 5348 845 5405 S.
871 5347 1103 5403 Zenonis
1125 5359 1244 5414 cap.
1283 5341 1370 5408 10,
1399 5341 1664 5410 exscripta
1690 5339 1873 5423 videre
1904 5356 1998 5409 po-

413 5431 510 5503 tes.
547 5420 797 5501 Die—vero
837 5451 1027 5496 octava
1053 5433 1355 5494 decembris
1382 5434 1542 5487 Missa
1571 5446 1667 5502 pro
1693 5431 1751 5487 8.
1782 5420 1998 5487 Zenone

413 5542 603 5614 legitur
631 5533 1136 5602 inSacramentario
1163 5528 1407 5600 Gregorii
1439 5526 1611 5597 Magni
1637 5533 1906 5595 tamquam
1932 5525 1998 5581 de

413 5633 737 5703 Confessore
779 5628 1059 5686 Pontilice.
1095 5624 1196 5690 Qui
1225 5622 1369 5677 beato
1413 5619 1754 5698 Pontiﬁcatui
1773 5617 2000 5672 Zenonis

418 5737 655 5784 tt‘tcrnam
696 5726 744 5778 in
786 5722 922 5778 ca’lis
959 5733 1197 5783 coronant
1230 5715 1531 5788 prtcparasti
1559 5730 1575 5768 :
1610 5713 1680 5768 ita
1712 5712 1762 5768 in
1804 5711 1991 5770 eadem

2095 4623 2159 4662 ex
2202 4621 2265 4661 ea
2309 4605 2560 4674 Opinione
2595 4613 2728 4658 orta:
2775 4613 2934 4667 sunt,
2989 4600 3134 4672 quod
3167 4599 3227 4655 8.
3273 4598 3586 4669 Gregorium
3627 4598 3676 4651 in

2097 4696 2379 4752 tribuendo
2409 4695 2563 4750 titulo
2592 4695 2847 4766 Martyris
2866 4693 2923 4748 8.
2949 4692 3153 4748 Zenoni
3184 4691 3302 4761 quis
3327 4702 3536 4744 errasse
3563 4703 3679 4743 crc-

2096 4788 2326 4854 diderit;
2361 4787 2453 4843 sed
2484 4803 2549 4842 ex
2578 4803 2642 4841 eo
2664 4828 2679 4853 ,
2713 4785 2854 4856 quod
2899 4785 3014 4840 hare
3041 4783 3241 4853 scripta
3273 4783 3324 4837 in
3366 4780 3678 4836 lectionibus

2096 4882 2301 4951 digesta
2326 4896 2420 4951 pro
2446 4880 2626 4934 ofﬁcio
2649 4878 3017 4934 Ordinationis
3040 4879 3098 4932 8.
3123 4875 3360 4930 Zenonis
3377 4874 3674 4928 usuierant.

2099 4976 2212 5042 Qua
2235 4975 2300 5029 de
2328 4987 2487 5028 causa
2510 4981 2563 5028 et
2592 4972 2641 5027 in
2667 4971 2865 5042 hymno
2895 4968 3144 5023 Prtesulis
3167 4967 3345 5023 Sancti
3377 4967 3427 5020 in
3449 4966 3678 5020 secunda

2062 5072 2066 5076 ‘
2099 5064 2315 5135 strepha
2342 5064 2553 5118 diverse
2593 5063 2788 5132 legitur
2819 5060 3022 5131 primus
3067 5074 3290 5114 versus:
3323 5056 3540 5128 Magnus
3566 5059 3697 5112 Ex-’

2101 5158 2221 5212 celsi
2267 5157 2432 5227 fuerat
2461 5155 2722 5219 sacerdos,
2756 5154 2883 5209 alibi
2915 5171 2926 5205 :
2965 5153 3167 5223 illartyr
3210 5149 3417 5205 Excelsi
3461 5149 3577 5220 fuit,
3631 5160 3676 5204 et

2104 5250 2380 5305 Sacerdos.
2421 5249 2621 5318 Nempe
2657 5263 2755 5318 pro
2783 5247 3012 5302 diversis
3039 5244 3439 5301 Festivitatibus
3465 5243 3678 5314 Magnus

2104 5342 2155 5396 itt
2185 5340 2344 5396 Festo
2372 5340 2770 5406 Ordinationis,
2813 5339 3015 5409 Martyr
3047 5340 3099 5392 in
3134 5336 3296 5392 Festo
3332 5336 3540 5402 natalis,
3586 5352 3677 5392 seu

2109 5433 2367 5506 Martyrii,
2393 5449 2513 5488 cum
2540 5433 2756 5488 aliunde
2777 5442 3008 5499 constet,
3038 5432 3088 5486 in
3117 5430 3272 5486 tertia
3296 5427 3516 5500 stropha
3543 5445 3680 5485 mar-

2111 5537 2280 5599 tyrem
2313 5525 2498 5582 fuisse.
2533 5523 2642 5580 Pro
2673 5524 2784 5579 Deo
2812 5523 3014 5578 tondent
3041 5521 3280 5594 patiendo
3307 5529 3537 5583 mortem,
3569 5522 3679 5575 vicit

2108 5620 2162 5674 in
2183 5635 2364 5674 avum.
2398 5619 2492 5674 liis
2513 5628 2710 5674 etentm
2734 5618 2784 5671 in
2815 5618 2996 5672 verbis
3024 5631 3126 5670 non
3153 5615 3225 5669 ita
3248 5610 3419 5668 facilis
3438 5621 3548 5666 erat
3572 5630 3679 5669 tnu-

2111 5713 2270 5780 tatio;
2304 5713 2427 5769 licet
2453 5712 2504 5767 in
2547 5726 2704 5780 supra
2738 5710 2903 5765 allato
2937 5725 3036 5765 ms.
3067 5705 3420 5774 Pistoriensi,
3449 5717 3499 5761 ct
3524 5708 3572 5762 in
3603 5710 3677 5766 his
