3822 6220
158 346 259 401 ’145

1552 401 1559 406 ,
1583 303 2058 381 DISSERTATIO.

3335 310 3444 365 746

160 460 333 516 verbis
381 455 606 518 mutatio
633 453 919 521 conspicua
963 452 1050 506 sit.
1113 449 1179 503 In
1229 447 1337 501 Deo
1388 442 1594 498 tandem
1648 456 1743 509 pa-
1772 437 1823 496 Α
1851 430 2121 484 diderunt.
2178 427 2273 483 llis
2300 427 2541 495 profecto
2581 425 2637 481 S.
2666 422 2914 496 prmsulis
2945 420 3193 477 notitiam
3221 461 3236 486 ,
3278 436 3441 490 quam

160 552 328 607 tieudo
360 558 592 608 mortem,
626 545 742 598 vivit
789 546 844 598 in
887 558 1069 608 sevum,
1118 529 1232 595 loco
1262 538 1420 593 Verbi
1454 552 1547 606 pro
1574 531 1747 600 posito

160 646 244 700 in:
266 642 467 698 tantam
485 634 810 695 adhibebant
831 642 1130 690 cautionem
1151 650 1218 687 uc
1239 631 1478 701 martyris
1496 627 1745 690 verbum,

163 738 243 793 vel
265 734 510 807 Martyrii
535 714 890 794 mentionem,
920 728 973 782 in
1001 724 1216 807 ⁸οηῑκείο
1240 720 1613 783 ordinationis
1643 716 1748 786 epi-

161 831 305 899 scopi
351 828 741 883 immiscerent.
1001 803 1006 808 ’

164 962 191 1034 §
240 961 335 1018 lll.
374 960 456 1017 De
500 958 617 1015 aliis
660 965 773 1028 post
811 955 878 1012 8.
917 932 1231 1024 Gregorium
1289 948 1620 1021 scriptoribus
1660 944 1753 1014 'qui

472 1054 532 1112 8.
565 1050 826 1108 Zenonem
858 1049 1141 1118 Martyrem
1168 1046 1442 1116 aﬂimtant.

228 1192 386 1258 Quod
417 1193 469 1246 in
500 1191 665 1247 rebus
706 1186 915 1244 bellicis
941 1182 1162 1240 evenire
1206 1180 1385 1242 solet,
1414 1186 1475 1231 ut
1514 1175 1752 1230 extincto

163 1283 305 1338 Duce
338 1294 481 1338 totus
508 1284 847 1352 diSpcrgatur
875 1277 1152 1333 exercitus
1178 1316 1193 1340 ,
1221 1282 1276 1327 et
1304 1273 1356 1326 in
1388 1270 1750 1338 direptionem

162 1379 501 1433 inimicorum
530 1375 719 1439 cadat,
762 1373 902 1427 idem
933 1370 987 1424 in
1020 1369 1121 1422 hac
1150 1364 1437 1420 Litteraria
1465 1362 1750 1416 concerta—

163 1476 307 1529 tione
354 1473 424 1527 de
465 1470 527 1525 S.
555 1469 786 1523 Zenonis
815 1464 1075 1534 martyrio
1101 1441 1350 1515 evenisse
1393 1455 1751 1515 arbitrantur,

162 1568 249 1639 qui
276 1575 472 1620 contra
496 1562 756 1615 sentiunt.
808 1556 995 1612 Sancti
1024 1550 1272 1622 Gregorii
1303 1548 1478 1618 Magni
1517 1543 1756 1599 auctori-

166 1638 271 1715 tate
309 1666 580 1729 prostrata
603 1696 618 1719 ,
652 1653 980 1720 reliquorum
1030 1648 1358 1715 scriptorum
1406 1640 1665 1711 Martyrio
1692 1638 1749 1694 S.

165 1752 405 1807 Zenonis
457 1743 848 1802 adhmrentium
899 1740 1110 1794 turbam
1162 1753 1269 1791 uno
1325 1737 1435 1789 ictu
1484 1731 1753 1786 confixam

1851 520 2155 585 Usuardus,
2188 530 2243 573 et
2267 519 2382 572 Ado
2412 536 2516 572 non
2543 519 2867 581 habuerunt,
2895 526 3233 585 perspectam
3253 513 3441 579 fuiSsc,

1852 623 2059 671 certum
2093 621 2195 667 est.
2247 612 2301 667 Si
2332 626 2460 681 ergo
2489 626 2680 665 nomen
2709 609 2768 665 S.
2797 608 3027 664 Zenonis
3051 650 3065 671 ,
3108 620 3163 662 ut
3192 606 3445 676 Martyris

1851 708 1905 763 in
1940 709 2005 762 iis
2034 704 2427 777 Martyrologiis
2449 686 2712 756 addidere
2738 742 2751 767 ,
2805 702 2880 755 ita
2904 716 3053 756 certo
3083 688 3275 755 horum
3320 713 3449 754 auc-

1852 810 2030 854 torum
2061 795 2397 867 temporibus
2442 792 2499 847 S.
2527 791 2804 847 Zenonem
2849 807 2948 861 pro
2989 801 3226 864 martyre
3276 790 3447 845 fuisse

1853 891 2117 957 habitum,
2148 888 2372 945 minime
2402 885 2647 942 revocari
2677 883 2840 939 debet
2866 884 2918 938 in
2943 884 3201 939 dubium-

1925 1016 2129 1070 Horum
2179 993 2796 1067 auctornm‘assertioni
2841 1014 3015 1076 neque
3050 1007 3197 1061 allati
3229 1007 3447 1062 codices

1855 1098 2211 1176 refragantur.
2267 1102 2745 1179 Non_Valicanum
2774 1113 2921 1153 anno
2949 1097 3122 1179 l806,
3150 1098 3241 1151 ubi
3269 1100 3321 1152 in
3354 1113 3447 1154 ca-

1853 1201 2099 1280 lendario
2132 1214 2317 1253 mense
2345 1197 2502 1267 aprili
2544 1208 2809 1265 expresse
2853 1192 2915 1249 S.
2948 1175 3171 1246 Ζεηοήἱς
3209 1192 3449 1262 Martyris
3486 1182 3489 1185 Α

1858 1274 2168 1345 mentio-tit.
2198 1289 2351 1357 Quod
2373 1304 2502 1343 vero
2526 1273 2723 1341 mense
2741 1284 3019 1340 decembri
3039 1284 3100 1337 in
3133 1283 3303 1353 prima
3328 1300 3422 1337 ora

1859 1384 2003 1437 tione
2029 1396 2129 1452 pro
2161 1382 2315 1435 Missa
2343 1379 2638 1436 Confessor
2680 1376 2894 1432 dicatur
2922 1417 2935 1440 ,
2984 1375 3088 1429 hoc
3129 1391 3190 1429 ea
3239 1375 3451 1430 ratione

1857 1472 2057 1527 factum
2087 1483 2170 1529 est
2190 1514 2206 1539 ,
2238 1473 2362 1543 quia
2412 1482 2539 1527 tunc
2568 1471 2762 1525 festum
2793 1457 3173 1524 Ordinationis‘
3202 1468 3452 1522 celebra-

1804 1589 1810 1594 ι
1858 1565 2039 1626 batur,
2075 1581 2180 1620 non
2203 1565 2462 1632 Martyrii,
2488 1565 2631 1634 quod
2650 1568 2977 1619 occurrente
3004 1561 3449 1630 Quadragesima,

1861 1656 1946 1712 vel
1974 1657 2237 1711 Paschate
2265 1656 2636 1711 omittebatur.
2686 1654 2868 1723 Neque
2916 1652 3091 1708 ofﬁcit
3141 1668 3243 1708 ms.
3277 1651 3452 1708 Vero-

1862 1763 2031 1804 nense
2056 1748 2364 1803 Monasterii
2414 1748 2474 1804 S.
2508 1740 2777 1818 Spiritus,
2830 1747 2972 1816 quod
3013 1724 3219 1813 pariter
3272 1762 3458 1803 mense

165 1843 512 1914 apertissime
547 1839 804 1893 clamant.
830 1834 891 1890 Si
919 1848 1077 1906 porro
1108 1845 1172 1884 ea:
1200 1825 1279 1882 his
1306 1825 1569 1899 probabile
1592 1826 1658 1878 sit
1692 1822 1755 1879 S.
1791 1826 1836 1884 Β
1865 1841 2022 1912 apri”
2060 1841 2137 1895 es.
2171 1839 2450 1895 Zenonem
2502 1838 2792 1909 Μδνιγτθιη
2852 1846 3116 1893 memora;
3141 1877 3156 1904 ,
3214 1838 3460 1909 quamvis

163 1935 490 2009 Gregorium,
521 1930 643 1984 dum
670 1929 924 1983 Zenonem
947 1923 1227 1994 appellavit
1270 1919 1573 1989 Martyrem,
1608 1918 1762 1971 unius

163 2030 388 2085 nominis
414 2042 587 2083 errore
618 2023 864 2094 defecisse
887 2062 903 2086 ,
937 2018 1067 2071 nihil
1092 2025 1307 2089 prosunt
1337 2012 1495 2086 Pauli
1517 2011 1759 2076 Diaconi,

162 2100 388 2177 Joannis
415 2119 536 2173 item
562 2113 806 2177 Diaconi,
836 2109 1037 2164 Rabaui
1063 2108 1257 2161 Mauri.
1276 2104 1519 2159 ‘Notkerii
1538 2104 1760 2157 testimo-

165 2216 252 2269 nia
276 2256 292 2280 ,
341 2214 533 2284 quippe
555 2224 682 2280 quos
709 2221 772 2260 ex
799 2203 860 2260 8.
890 2202 1128 2273 Gregorii
1156 2199 1389 2271 Dialogis
1412 2198 1562 2250 sicuti
1601 2198 1761 2250 mira-

164 2306 343 2361 culum
373 2301 576 2380 Athesis
600 2340 616 2365 ,
649 2297 785 2367 quod
826 2302 1109 2351 memorant
1133 2333 1149 2358 ,
1177 2292 1251 2344 ita
1275 2301 1326 2344 et
1368 2288 1608 2359 Mart‘yrii
1638 2289 1764 2340 titu-

164 2399 269 2451 lum
298 2439 313 2463 ,
354 2410 503 2467 quem
540 2391 739 2447 Zenoni
777 2388 987 2459 ofﬁgunt
1014 2385 1269 2439 derivasse
1306 2384 1641 2452 manifestum
1665 2389 1757 2459 est:

165 2447 268 2451 ητη
299 2447 313 2463 ν
358 2447 461 2467 την
810 2447 835 2458 ..
866 2447 887 2459 ,
1449 2447 1459 2452 _
1735 2447 1757 2459 κ

164 2487 365 2542 Eadem
404 2487 602 2540 ratione
630 2482 819 2537 cadunt
847 2480 999 2533 etiam
1035 2478 1203 2531 ceteri
1236 2474 1543 2543 posteriores
1586 2469 1758 2525 Wan-

164 2581 445 2641 delbertus,
473 2577 764 2639 Usuardus,
787 2582 878 2627 aut
900 2572 1070 2641 potius
1086 2568 1314 2625 Usuardi
1334 2566 1760 2627 additamentum,

163 2685 211 2729 et
232 2672 433 2727 Adonis
462 2671 709 2724 Auctores
734 2678 783 2722 et
810 2666 901 2720 alii
925 2707 941 2732 ,
983 2664 1072 2733 qui
1090 2661 1271 2727 afferri
1295 2660 1458 2715 solent
1485 2698 1498 2721 ,
1529 2673 1657 2728 quos
1685 2656 1765 2710 vel

164 2784 227 2822 ea:
248 2767 313 2823 8.
349 2762 616 2835 Gregorio,
648 2763 725 2815 uel
748 2776 815 2815 ea:
839 2745 958 2812 aliis
980 2740 1224 2827 Gregorii
1237 2753 1447 2809 asseclis
1470 2749 1762 2821 profecisse,

164 2864 289 2917 satis
314 2859 557 2914 credibile
582 2865 657 2911 est
690 2856 708 2926 (
736 2853 889 2921 Apud
914 2850 1053 2906 Ball.
1084 2850 1138 2903 d.
1168 2847 1311 2903 Diss.
1358 2847 1394 2901 5
1419 2887 1434 2913 ,
1458 2862 1574 2914 cap.
1610 2842 1638 2914 §
1665 2843 1700 2896 ‘2
1720 2842 1761 2914 ).

166 2955 236 3009 At
265 2961 376 3007 stat
402 2950 578 3007 adhuc
608 2950 817 3018 integra
840 2944 897 3001 S.
924 2941 1173 3012 Gregorii
1201 2940 1268 2995 de
1295 2936 1551 3008 Martyrio
1574 2935 1632 2990 8.
1658 2933 1763 2989 Ze—

162 3047 329 3103 nonis
366 3041 597 3098 assertio
620 3080 638 3106 ,
690 3048 745 3096 et
774 3037 1107 3108 reliquorum
1136 3047 1269 3104 ergo
1308 3030 1635 3099 scriptorum
1663 3027 1765 3082 sub

168 3147 321 3194 tanto
348 3136 485 3192 duce
516 3134 737 3192 minimc
760 3138 911 3186 nutat
941 3129 1254 3184 auctoritas.
1288 3124 1406 3194 Qua
1437 3138 1570 3177 vero
1597 3108 1767 3176 ratio-

167 3246 237 3285 ne
267 3239 424 3285 tanto
441 3227 634 3282 ardore
652 3224 1007 3296 proclamant,
1031 3220 1326 3289 scriptores
1346 3200 1536 3271 omnes
1548 3212 1607 3269 S.
1626 3210 1763 3270 Gre-
1790 3217 1836 3279 C

164 3326 323 3395 gorio
354 3321 707 3392 posteriores,
738 3317 816 3381 vel
839 3332 904 3372 ea:
928 3312 1199 3385 Gregorio,
1222 3311 1302 3366 vel
1327 3326 1391 3365 ea:
1420 3308 1539 3362 aliis
1571 3305 1766 3376 Grego-

166 3418 232 3471 rii
259 3412 824 3486 assertisprofecisse?
852 3409 990 3491 Num
1015 3406 1211 3462 Paulos
1232 3404 1520 3468 Diaco‘nus,
1550 3412 1607 3463 ut
1636 3398 1764 3453 alibi

166 3509 587 3567 observavimus
613 3501 883 3573 ,Verona:
923 3502 1060 3557 adeo
1091 3502 1322 3564 vicinus,
1354 3496 1561 3551 nullum
1594 3494 1762 3548 alium

167 3614 283 3675 prae
306 3600 483 3659 oeulis
506 3599 695 3655 habuit
719 3613 823 3652 sua
842 3597 895 3651 in
928 3593 1153 3650 historia
1179 3589 1763 3671 concint,tauda,-quatn

112 3732 114 3734 τ
254 3692 508 3765 Gregorii
539 3689 829 3759 Dialogos?
876 3687 1056 3757 Ipsum
1090 3669 1321 3753 namque
1342 3682 1570 3736 Paulum
1609 3680 1764 3760 jussu

167 3786 351 3843 Caroli
395 3783 570 3855 Magni
604 3781 889 3837 Lectiones
915 3778 1238 3834 Sanctorum
1289 3789 1387 3843 pro
1440 3772 1602 3827 l0tius
1632 3755 1777 3823 anni

169 3876 582 3935 Festivitatibus
626 3873 909 3927 ordinasse
953 3867 1267 3938 Sigebcrtus
1316 3871 1578 3926 testatur;
1626 3860 1765 3916 alios

169 3971 356 4041 itaque
376 3976 575 4039 praeter
603 3962 920 4034 Gregorium
951 3959 1101 4020 vidit.
1137 3969 1190 4012 ct
1218 3953 1548 4011 Veronensis
1582 3952 1767 4007 Ecl-le
1828 3980 1833 3983 ι

168 4063 265 4120 she
293 4062 544 4118 instituta
575 4056 654 4113 illi
700 4063 978 4126 comperta
1013 4053 1182 4108 fuere.
1233 4051 1572 4119 Quapropter
1615 4049 1659 4101 si
1701 4045 1761 4101 S.

168 4157 469 4234 Gregorius
507 4156 562 4227 in
600 4148 923 4223 appellando
953 4148 1187 4219 Martyre
1214 4144 1273 4202 S.
1300 4144 1520 4227 Zenone
1559 4142 1767 4210 decepar

170 4231 255 4307 tus
305 4259 455 4308 esset
497 4225 682 4305 contra
715 4244 1040 4301 Veronensis
1069 4239 1330 4296 Ecclesiae
1374 4225 1718 4301 traditionem
1749 4275 1764 4301 ,

168 4346 319 4401 illius
348 4336 613 4399 errorem
640 4338 974 4396 correxisset
1002 4337 1184 4407 potius
1210 4374 1225 4399 ,
1275 4332 1359 4387 vel
1397 4330 1769 4402 .prmteriisset

168 4437 394 4495 silentio
424 4436 614 4491 saltem
642 4475 656 4500 ,
689 4446 796 4487 non
826 4431 976 4485 illum
1002 4442 1116 4483 sua:
1143 4424 1461 4481 assertionis
1488 4422 1770 4476 laudasset

168 4514 477 4587 auctorem.
516 4527 572 4583 Si
603 4540 732 4596 ergo
760 4522 1018 4584 laudavit,
1046 4533 1169 4574 vera
1199 4516 1367 4578 fuisse
1394 4529 1512 4583 qua:
1555 4512 1614 4570 S.
1637 4510 1771 4567 Gre-

94 4680 99 4683 .
168 4627 360 4698 gorius
388 4621 653 4686 asseruit,
701 4625 756 4674 et
784 4632 881 4671 suo
925 4609 1171 4679 tempore
1200 4622 1397 4666 octavo
1442 4608 1771 4662 decurrente
1798 4601 1849 4661 D

168 4718 377 4774 sreculo
417 4702 702 4782 comperit.
758 4709 895 4766 Nam
940 4706 1359 4763 Wandelbertus
1385 4742 1399 4767 ,
1452 4699 1729 4757 Usuardus
1754 4738 1769 4765 ,

170 4811 295 4866 Ado
322 4852 342 4876 ,
370 4808 597 4863 multum
626 4804 752 4861 licet
781 4819 811 4860 a
842 4803 1051 4859 Verona
1096 4800 1363 4855 distantes
1389 4838 1404 4861 .
1433 4796 1516 4851 vel
1542 4794 1775 4850 Usuardi

173 4906 687 4965 additamentorum,
704 4901 759 4954 et
783 4884 978 4952 Adonis
1007 4907 1241 4950 auctores
1259 4894 1349 4971 uni
1372 4890 1636 4961 Gregorio
1659 4898 1774 4943 stu-

77 4982 87 4991 .
171 4999 417 5054 duerunt
441 4996 464 5048 ?
488 4996 560 5049 At
587 5009 691 5064 qua
721 4990 930 5047 ratione
956 4987 1007 5044 id
1039 4988 1253 5043 suaderi
1280 4985 1502 5065 potest!
1528 4982 1776 5051 Quium-

171 5106 264 5147 mo
292 5105 423 5149 cum
461 5087 603 5143 edita
654 5085 834 5140 omnia
863 5082 1219 5139 celebriorum
1249 5087 1531 5133 auctorum
1579 5074 1779 5145 Marty—

172 5185 388 5256 rologia
423 5183 476 5235 in
521 5177 900 5249 compellando
941 5176 1181 5246 Martyre
1208 5173 1268 5228 8.
1297 5170 1515 5226 Zenone
1553 5150 1780 5224 concor-

171 5279 485 5347 deutgquis
514 5274 567 5327 in
588 5270 826 5326 animum
854 5270 957 5324 sibi
987 5268 1244 5322 inducere
1260 5272 1455 5334 pctest,
1488 5270 1547 5315 ut
1566 5259 1777 5326 credat,

176 5385 359 5438 neque
404 5383 473 5422 es
526 5365 591 5419 iis
650 5379 812 5418 unum
868 5360 1114 5430 Gregorii
1168 5372 1410 5413 errorem
1475 5355 1781 5425 deprehen-

176 5464 352 5529 disse,
383 5460 708 5513 adversante
733 5456 1078 5524 potissimum
1101 5451 1121 5522 (
1145 5447 1205 5506 ut
1232 5459 1448 5521 putatur
1474 5448 1492 5520 )
1526 5449 1781 5503 Ecclesia:

177 5554 520 5614 Veronensis
566 5548 954 5625 consuetudine
980 5544 1292 5626 celebrandi
1328 5541 1545 5597 Festum
1577 5541 1639 5596 S.
1680 5539 1782 5595 Ze-

180 5653 345 5710 nonis
371 5649 480 5708 ritu
502 5644 867 5704 Confessoris,
894 5656 1001 5697 non
1029 5655 1160 5695 vero
1189 5637 1479 5708 Martyris?
1504 5634 1615 5689 lloc
1647 5650 1783 5703 pra:-

180 5747 345 5816 cipue
370 5745 441 5799 de
470 5743 538 5797 iis
564 5737 851 5795 dicendum
884 5745 967 5791 est
992 5776 1007 5800 ,
1035 5734 1127 5804 qui
1164 5731 1397 5789 Usuardi
1419 5770 1435 5797 ,
1483 5737 1538 5784 et
1580 5726 1784 5782 Adonis

178 5814 586 5911 Martyrologiis
613 5831 671 5888 8.
700 5828 937 5885 Zenonis
967 5840 1166 5883 nomen
1208 5823 1379 5881 veluti
1408 5820 1663 5892 martyris
1688 5818 1786 5874 ad-
1814 5814 1817 5815 ⁷

634 5926 907 5987 Ρηιοι..
956 5920 1073 5984 Xl.

1866 1933 1955 1988 die
1979 1931 2377 1988 Translatiouis
2405 1972 2418 1997 ,
2453 1930 2508 1985 et
2534 1916 2905 2007 Ordinatiouis
2935 1929 3318 1985 Conlessorem
3363 1946 3461 1986 no«

1864 2026 2035 2106 minet
2062 2042 2124 2089 ea
2162 2026 2373 2081 ratione
2398 2068 2413 2092 ,
2447 2040 2552 2096 qua
2592 2039 2779 2094 supra.
2829 2023 2943 2079 Hoc
2990 2025 3041 2077 in
3073 2000 3461 2090 Ecclesiastico

1822 2186 1826 2190 ,
1865 2121 2046 2177 ol'licio
2072 2121 2294 2175 minime
2322 2122 2592 2176 insuetum
2623 2119 2794 2175 videri
2827 2118 3012 2183 debet,
3042 2134 3164 2173 cum
3189 2127 3244 2174 et
3270 2119 3324 2173 in
3357 2118 3463 2173 Na-

1864 2207 2070 2299 tivitate
2098 2214 2155 2269 S.
2188 2214 2415 2270 Joannis
2444 2211 2737 2282 Baptistae,
2770 2219 2825 2267 et
2854 2212 2909 2266 in
2939 2211 3216 2266 cathedra
3251 2212 3309 2266 S.
3347 2212 3463 2271 ,l‘e—
3536 2257 3541 2261 .
3637 2216 3642 2223 '

1840 2336 1844 2339 -
1869 2306 1933 2359 tri
1962 2347 1976 2372 ,
2006 2315 2061 2362 et
2092 2306 2357 2372 Romana,
2392 2313 2447 2359 et
2474 2303 2840 2371 Antiochena,
2884 2312 2938 2357 et
2968 2303 3021 2357 in
3054 2304 3192 2357 festo
3219 2301 3277 2357 8.
3300 2302 3463 2357 Joan-

1868 2397 1951 2451 nis
1975 2396 2333 2467 Evangelistte
2361 2396 2556 2465 eodem
2600 2396 2762 2451 modo
2806 2395 2927 2449 sine
2952 2395 3467 2453 commemoratione

1868 2494 2114 2566 martyrii
2138 2494 2330 2563 ‘agatur
2354 2509 2544 2550 eorum
2576 2491 2770 2547 festum
2804 2533 2818 2557 ,
2856 2491 2984 2547 licet
3014 2492 3065 2545 in
3095 2476 3463 2546 decollatioue

1867 2585 2161 2641 Sulmonis
2189 2587 2471 2660 ‘Baptistm,
2501 2596 2556 2641 et
2587 2586 2639 2640 in
2668 2585 2820 2639 festis
2848 2582 2906 2639 S.
2937 2583 3121 2649 Petri,
3150 2582 3274 2639 ctS.
3294 2583 3463 2638 Joan-

1867 2678 1957 2733 nis
1990 2688 2112 2734 ante
2141 2688 2347 2747 portam
2389 2678 2610 2733 latinam
2641 2721 2655 2743 ,
2690 2676 2933 2747 martyrii
2959 2676 3233 2731 recolatur
3258 2691 3464 2731 memo—

1867 2769 1969 2825 ria.
1999 2770 2231 2825 Maxime
2252 2784 2384 2823 vero
2413 2768 2543 2822 illud
2579 2752 2874 2822 notandum
2905 2776 2987 2820 est
3014 2808 3028 2835 ,
3060 2766 3202 2836 quod
3249 2767 3463 2821 Domini

1869 2861 2140 2915 Ballerinii
2173 2870 2436 2925 testantur
2464 2860 2517 2914 iu
2550 2859 2921 2929 admonitione
2962 2858 3027 2913 ad
3089 2858 3464 2917 Monumenta:

1868 2953 2079 3009 scilicet
2128 2953 2343 3008 Missam
2391 2968 2488 3023 pro
2534 2953 2670 3007 festo
2712 2951 3083 3007 Ordinationis
3133 2950 3191 3007 8.
3233 2952 3468 3008 Zenonis

1869 3047 2185 3117 dispositam
2216 3046 2319 3117 legi
2371 3047 2531 3100 etiam
2562 3046 2614 3100 in
2642 3045 2764 3098 aliis
2792 3043 2945 3099 festis
2968 3085 2984 3115 ε
3015 3054 3069 3097 ct
3099 3043 3341 3115 Martyrii
3370 3084 3383 3108 ,
3414 3052 3471 3098 et

1871 3138 2285 3194 Translatiouis.
2320 3136 2448 3192 Htec
2476 3154 2677 3209 quoque
2701 3136 2864 3191 Missa
2892 3139 3103 3203 ponitur
3124 3139 3208 3192 die
3249 3153 3339 3192 vm
3383 3138 3473 3190 de-

1869 3233 2083 3288 cembris
2104 3232 2198 3287 sub
2224 3232 2318 3285 ltoc
2344 3231 2535 3290 titulo:
2568 3229 2838 3283 Dedicatio
2868 3228 2934 3284 8.
2966 3228 3190 3284 Zenonis
3217 3270 3231 3295 ,
3286 3246 3376 3285 nec
3418 3230 3475 3283 in

1868 3342 1926 3380 eo
1958 3324 2160 3379 Missali
2181 3325 2297 3377 alia:
2328 3323 2503 3377 Missae
2530 3322 2654 3376 alibi
2677 3322 2881 3394 uspiam
2924 3319 2989 3374 de
3013 3321 3073 3377 S.
3099 3321 3304 3375 Zenone
3330 3338 3476 3389 repe-

1868 3418 2099 3471 riuntur.
2124 3415 2417 3485 Propterea
2434 3415 2574 3483 quod
2595 3430 2714 3467 cum
2737 3416 2846 3469 [nec
2872 3415 2979 3468 dies
3009 3430 3057 3468 vt
3105 3412 3135 3466 Ι
3141 3414 3238 3469 dus
3277 3414 3477 3468 decem—

1869 3508 1973 3562 bris
1999 3509 2167 3580 prima
2187 3508 2253 3563 sit
2280 3524 2343 3562 ea:
2368 3506 2476 3561 illis
2497 3506 2681 3570 tribus,
2704 3521 2829 3577 qua:
2855 3505 2918 3561 S.
2940 3504 3141 3560 Zenoni
3165 3516 3476 3561 consecrata:

1868 3611 1989 3655 sunt
2024 3599 2282 3683 (Missole
2312 3600 2446 3654 enim
2486 3598 2673 3666 incipit
2708 3599 2771 3652 ab
2812 3597 3048 3652 Adventu
3076 3602 3115 3666 ),
3138 3598 3251 3653 haec
3298 3598 3476 3653 eadem

1871 3671 2040 3750 Missa
2060 3696 2177 3749 aliis
2205 3678 2406 3765 quoque
2431 3692 2611 3748 diebus
2639 3693 2912 3763 legebatur.
2932 3692 3113 3759 Quare
3145 3693 3338 3747 mirum
3364 3710 3471 3748 non
3530 3671 3535 3677 ’

1869 3799 1975 3856 est,
2005 3790 2048 3844 si
2078 3790 2131 3843 in
2159 3787 2520 3854 orationibus,
2548 3802 2667 3856 qua:
2696 3787 2749 3840 in
2770 3770 2845 3838 ea
2862 3786 3252 3852 describuntur
3274 3802 3472 3842 nomen

1867 3883 2118 3951 Martyris
2151 3894 2257 3935 non
2282 3880 2583 3948 reperiatur
2606 3918 2620 3941 ,
2673 3893 2794 3933 cum
2843 3891 2941 3947 pro
2968 3876 3133 3933 Festo
3165 3876 3477 3933 Ordinatio-

1868 3976 1953 4031 nis
2004 3974 2161 4029 fuerit
2202 3973 2560 4044 concinnata;
2607 3980 2661 4026 et
2709 3972 2761 4025 in
2796 3971 2916 4025 aliis
2945 3970 3122 4026 chtis
3155 3971 3331 4026 facilis
3358 3984 3479 4039 erat

1869 4068 2096 4133 mutatio
2128 4066 2284 4120 unius
2321 4063 2559 4120 nominis
2583 4105 2600 4132 ,
2634 4079 2831 4132 nempe
2863 4062 3188 4135 Confessoris
3228 4064 3285 4118 in
3331 4036 3506 4119 Μαι-ξ

1872 4161 2037 4232 tyris,
2085 4160 2406 4231 absque'eo
2446 4156 2591 4229 quod
2620 4157 2836 4213 rubrica
2877 4156 3132 4214 distincta
3181 4157 3234 4213 id
3284 4167 3478 4216 notare

1871 4272 2010 4327 opus
2040 4266 2210 4311 esset.

1877 4392 1905 4465 §
1939 4390 2026 4447 IV.
2077 4389 2153 4444 De
2190 4389 2487 4445 Traditione
2517 4399 2564 4445 et
2592 4405 2690 4444 ms.
2734 4387 2959 4455 antiquis
3023 4386 3270 4443 Ecclesite
3319 4365 3480 4450 Vero.

1874 4487 2044 4541 nensis
2069 4494 2119 4540 et
2163 4483 2529 4549 Pistoriensis,
2574 4486 2706 4554 festa
2735 4481 2797 4538 8.
2830 4481 3055 4537 Zenonis
3096 4484 3479 4541 celebrantium.

1946 4598 2211 4654 Fatentur
2266 4595 2478 4651 Domini
2516 4595 2804 4682 pallerinii
2870 4597 2924 4651 in
2972 4577 3309 4667 argumentis
3356 4614 3477 4668 quas

1882 4701 2071 4747 contra
2102 4688 2160 4744 S.
2190 4686 2425 4763 Zenonis
2447 4685 2761 4756 Martyrium
2790 4685 3053 4750 referunt,
3081 4685 3325 4741 Paschali
3344 4700 3480 4743 tem-

1844 4813 1849 4821 -
1883 4799 2034 4854 pore,
2068 4797 2259 4849 nempe
2280 4779 2437 4849 aprili
2484 4794 2691 4840 mense.
2724 4794 2828 4849 quo
2872 4779 3109 4850 Martyrii
3151 4780 3204 4835 8.
3243 4778 3480 4837 Zenonis

1883 4877 2142 4933 memoria
2172 4874 2479 4930 celebratur
2500 4914 2515 4938 ,
2557 4870 2884 4939 antiphonas
2915 4881 2969 4926 et
3002 4871 3353 4941 EVangelium
3402 4875 3481 4926 in-

1881 4969 2055 5026 dicari
2100 4969 2168 5042 de
2212 4968 2480 5022 Communi
2524 4965 2838 5035 Martyrum.
2896 4961 3096 5033 Neguri
3122 4956 3330 5032 quidem
3376 4982 3481 5019 non

1882 5072 2067 5135 potest,
2090 5060 2398 5129 antiphonas
2425 5056 2599 5110 Missa:
2630 5055 2690 5110 S.
2713 5054 2933 5109 Zenonis
2960 5069 3054 5122 pro
3086 5052 3330 5108 Pascltali
3356 5046 3483 5109 tent-

1880 5173 2004 5230 pore
2032 5158 2086 5209 in
2115 5155 2306 5222 Carpso
2336 5146 2580 5222 (Martyr.
2605 5158 2773 5214 auttq.
2808 5162 2901 5201 seu
2938 5147 3134 5201 rituale
3170 5147 3299 5201 Ver.
3332 5150 3482 5208 Eccl.
3516 5130 3524 5137 ’

1881 5252 1959 5306 sic
1982 5250 2136 5317 dict.)
2160 5247 2434 5303 iudicatas,
2477 5256 2567 5295 nec
2595 5256 2695 5293 non
2720 5238 3061 5309 Evangetium
3092 5229 3327 5312 ejusdem
3360 5255 3483 5298 tem-

1880 5345 2023 5416 poris
2046 5340 2240 5395 duobus
2256 5340 2310 5391 in
2329 5336 2444 5390 aliis
2465 5333 2725 5388 codicibus
2740 5331 3052 5408 descriptum
3073 5335 3328 5403 ejusmodi
3354 5352 3485 5406 esse,

1887 5441 2002 5507 quae
2031 5451 2116 5499 per
2140 5432 2196 5486 id
2220 5443 2417 5500 tempus
2446 5426 2510 5479 de
2534 5425 2852 5495 Martyribus
2880 5424 2981 5479 dici
2996 5427 3182 5482 seleut.
3217 5428 3362 5484 Idem
3395 5431 3491 5487 ob-

1889 5543 2110 5589 servare
2140 5534 2225 5581 est
2255 5528 2306 5578 in
2339 5539 2459 5576 ms.-
2491 5518 2783 5574 Codicibus
2826 5519 3088 5576 Ecclesiae
3127 5523 3286 5595 hnpts
3313 5524 3495 5581 Pisto.

1890 5625 2109 5686 riensis,
2162 5635 2282 5690 quzc
2324 5617 2444 5688 'jam
2485 5614 2837 5670 exhibuimus
2893 5614 2989 5671 lib.
3044 5616 3112 5671 de
3147 5615 3489 5689 Martyrios.

1891 5716 2146 5781 Zenonis,
2171 5710 2369 5783 cap.2,
2397 5709 2492 5766 sed
2525 5720 2581 5765 et
2610 5710 2663 5763 in
2688 5696 2970 5779 Vesperis,
3004 5720 3058 5764 et
3088 5712 3138 5764 in
3174 5690 3447 5767 Laudibus
3478 5756 3492 5781 ,

1892 5827 2015 5887 quae
2041 5808 2353 5867 indicantur
2380 5804 2451 5861 de
2481 5803 2769 5860 Communi
2799 5801 3093 5871 Martyrum
3126 5812 3373 5875 tempore
3394 5805 3470 5864 l’a

2904 5894 2985 5956 2’s
