3822 6220
433 247 536 302 ΊΠ

1198 243 1288 330 ne
1328 224 1650 300 OPINIONE
1690 240 2057 298 causam.
2103 240 2497 311 ClRCAfZEN.
2542 242 2957 305 MARTYRIUM

3632 248 3714 305 748
3794 248 3795 311 Υ

429 362 624 418 scbali.
676 358 827 431 Quod
860 356 1104 414 Panvinii
1147 372 1389 433 errorem
1436 358 1711 421 declarat,
1747 357 2047 411 asserentis
2078 359 2130 419 Α
2155 355 2221 410 tis
2250 354 2431 411 Fidem
2462 356 2694 427 professi
2725 358 2970 425 fuerant,
3002 356 3263 428 sanguine
3309 357 3441 413 licet
3483 372 3545 413 ac
3568 372 3718 416 morte

433 464 558 510 ante
589 455 976 525 Lippomanum
1014 449 1392 505 Vcronensem‘
1426 450 1723 504 Ecclesium
1765 449 1820 503 S.
1854 447 2035 503 Zeno-

436 564 561 604 nem
602 543 942 607 Confessoris
990 544 1139 598 cultu
1169 543 1564 597 ecclesiasticis
1612 542 1665 618 in
1708 541 1905 596 officiis
1944 558 2040 596 co-

438 642 623 696 luisse.
672 640 894 694 Constat
942 637 1144 693 etenim
1192 652 1258 692 es
1305 638 1557 706 superius
1586 636 1865 704 adductis,
1916 645 2043 693 ante

436 734 825 803 Lippomanum
858 729 1268 794 Veronensem,
1319 739 1375 784 et
1415 730 1809 784 Pistoriensmt
1856 730 2044 785 Eccle-

400 876 403 879 .
436 826 571 880 siam
604 825 722 878 .ritu
771 823 1022 894 Martyris
1051 821 1247 877 festum
1285 822 1342 877 S.
1374 821 1612 888 Zenonis
1660 821 1817 892 aprili
1857 837 2045 878 mense

435 918 761 974 celebraSse.
810 918 879 970 At
907 916 974 971 de
1007 915 1108 971 hoc
1133 915 1255 970 vide
1283 931 1406 986 quae
1449 914 1687 969 diximus
1714 914 1863 970 dicto
1905 916 2046 991 libro

436 1016 699 1076 secundo,
728 1025 850 1079 cap.
884 1008 937 1064 6.

506 1102 876 1165 Traditionem
934 1102 1076 1158 hanc
1122 1102 1345 1158 eludere
1378 1112 1654 1158 conantur
1715 1102 1805 1174 qui
1855 1110 2044 1157 contra

434 1198 677 1257 sentiunt
700 1238 713 1262 ,
745 1187 1036 1265 opinantes
1064 1198 1363 1267 antiquitus
1394 1198 1640 1252 Pascliali
1670 1208 1918 1265 tempore
1949 1213 2046 1252 eas

439 1291 800 1362 Antiplionas,
833 1300 888 1356 et
914 1291 1203 1362 Evangelia
1238 1291 1560 1364 Martyribus
1597 1300 1649 1347 et
1703 1291 2048 1346 Confessori-

399 1450 401 1453 τ
438 1388 539 1442 bus
565 1387 732 1442 fuisse
778 1386 1089 1442 communia
1130 1405 1143 1441 :
1189 1386 1331 1457 quod
1378 1388 1611 1457 probare
1657 1386 1903 1440 nitttntur
1950 1386 2050 1439 bac

437 1470 747 1551 conjectura
777 1499 789 1534 :
844 1479 999 1535 Enim
1024 1496 1141 1534 vero
1168 1480 1221 1533 in
1262 1481 1494 1549 antiquis
1540 1479 1822 1533 Missurum
1852 1478 1995 1532 libris
2021 1494 2052 1530 a

445 1572 741 1651 Venerabili
790 1572 1059 1628 Cardinali
1108 1573 1388 1626 Thomasio
1447 1573 1594 1627 editis
1649 1572 1757 1625 hwc
1809 1571 2051 1625 rubrica:

444 1660 533 1729 tln
559 1666 832 1725 communi
868 1670 1022 1724 unius
1055 1669 1330 1739 Martyris,
1367 1667 1449 1722 rel
1482 1664 1855 1721 ConfessoriSs
1889 1681 2053 1732 appo-

2114 480 2117 481 ν
2143 448 2443 519 martyrium
2458 466 2557 501 non
2572 461 3026 506 consumntassent.
3038 452 3111 506 De
3125 450 3206 505 his
3224 448 3384 517 igitur
3398 450 3719 520 intelligenda

2144 540 2354 593 rubrica
2403 549 2503 594 est.
2557 539 2937 598 Potissimum‘
2966 559 3096 618 vero
3134 558 3256 599 cum
3293 544 3422 597 olim
3458 542 3722 602 Confesso—

2145 634 2219 687 ris
2264 642 2316 687 et
2370 633 2616 703 Martyris
2646 652 2842 691 nomen
2877 651 3244 709 synonymum
3271 636 3440 693 fuisse
3464 638 3721 707 videatur,

2149 738 2205 783 ut
2240 730 2288 782 in
2315 728 2514 785 Missali
2538 727 2769 785 Gothico
2800 732 2867 786 ab
2903 733 3092 787 eodem
3120 732 3571 788 Eminentissimu
3600 733 3725 789 Tho-

2148 824 2319 877 masio
2347 822 2516 889 edito,
2543 822 2632 877 ubi
2660 823 2711 877 iu
2740 825 2970 881 collecta
2997 826 3091 883 SS.
3146 826 3392 883 Ferreoli
3433 836 3488 885 et
3518 827 3725 884 Ferruc—

2147 917 2318 972 cionis
2350 907 2856 985 sic’legitnr:Deus,
2892 922 3041 993 cujus
3071 906 3247 975 amore
3279 921 3499 986 piissimi
3530 920 3725 993 Confes-

2147 1026 2287 1064 sores
2331 1018 2373 1061 et
2409 1007 2666 1079 Martyres
2693 1011 2765 1063 tui
2802 1009 3069 1077 Ferreoli,
3100 1024 3147 1066 et
3170 1012 3543 1068 Ferruccionis
3565 1030 3729 1069 cruore

2148 1104 2425 1166 adserunt,
2474 1111 2521 1156 et
2570 1113 2732 1178 morte
2779 1106 3134 1175 conﬁrmant;
3189 1108 3278 1178 qui
3326 1107 3454 1161 dum
3504 1108 3592 1162 tibi
3641 1117 3730 1160 tam

2150 1194 2361 1249 libenter
2413 1176 2671 1266 sumpt-um
2718 1212 2748 1248 a
2798 1205 2844 1251 te
2887 1198 3003 1251 vita:
3054 1176 3240 1254 munus
3271 1200 3590 1271 impendunt,
3634 1210 3728 1256 etc.

2154 1286 2219 1341 Et
2259 1288 2310 1340 in
2345 1286 2784 1364 Sacramentario
2810 1286 2868 1343 S.
2897 1288 3140 1359 Gregorii
3186 1290 3243 1345 S.
3276 1292 3514 1347 Donatus
3552 1292 3731 1364 Martyr

2152 1379 2437 1448 episcopus
2471 1379 2722 1433 Aretinus
2742 1422 2757 1445 ,
2801 1382 2959 1435 titulo
2988 1380 3331 1438 Confessoris
3357 1384 3727 1456 distinguitur:

2154 1470 2215 1526 S.
2253 1468 2584 1546 Confessoris
2645 1482 2691 1526 et
2745 1471 2995 1544 Episcopi
3027 1475 3102 1529 tui
3145 1476 3360 1532 Donati.
3416 1477 3562 1533 Idem
3604 1487 3735 1533 nutat

2152 1564 2412 1619 Sollcrius
2444 1564 2495 1618 in
2527 1564 2913 1622 observatione
2948 1566 3014 1622 ad
3064 1576 3267 1624 textum
3311 1569 3545 1625 Usuardi
3588 1570 3734 1640 septi-

2155 1673 2242 1711 mo
2271 1657 2393 1711 ldus
2426 1658 2674 1729 Augusti,
2710 1676 2905 1729 nempe
2927 1663 3175 1717 eumdem
3208 1664 3264 1719 S.
3294 1664 3587 1731 Donatum,
3625 1679 3732 1719 cum

436 1764 542 1829 sita
572 1763 758 1835 legitur
786 1772 892 1815 tum
935 1762 988 1814 in
1018 1761 1392 1830 Antiphonario
1447 1776 1539 1829 pro
1578 1760 1752 1829 ofﬁcio
1811 1757 2051 1833 temporis
2082 1758 2127 1817 B
2159 1756 2209 1828 in
2239 1755 2635 1826 Martyrologiis
2667 1757 2982 1811 notissimus
3012 1758 3081 1812 sit
3112 1758 3311 1829 Martyr
3337 1802 3350 1823 ,
3400 1761 3453 1814 in
3484 1761 3735 1818 nonnullis

446 1856 883 1927 Paschalis.pag.
911 1854 1040 1917 981,
1066 1861 1170 1906 tum
1204 1854 1254 1905 in
1280 1852 1627 1916 Lectionario,
1645 1869 1762 1924 pag.
1796 1849 1867 1904 80
1885 1890 1899 1914 ,
1944 1858 2053 1901 tum

438 1947 493 2003 in
520 1939 809 2019 Capitulari
828 1945 1245 2017 Evangeliorum,
1279 1960 1401 2015 pag.
1427 1943 1557 2007 ΞΠ,
1582 1952 1628 1996 et
1659 1944 1714 1995 id
1736 1944 1907 2012 ipsum
1927 1958 2048 2006 quo-

442 2058 539 2113 que
565 2050 774 2095 notatur
798 2041 851 2097 in
877 2038 1300 2107 Responsoriale,
1346 2046 1392 2090 et
1424 2036 1798 2106 Antiphonario
1828 2051 1922 2102 pro
1956 2034 2051 2106 0f-

443 2128 564 2204 ficio
591 2132 834 2199 temporis
868 2130 1156 2196 Paschalis,
1191 2146 1311 2201 pag.
1339 2128 1445 2183 3M
1468 2170 1481 2193 ,
1504 2139 1555 2182 et
1585 2146 1676 2199 pro
1707 2128 1883 2199 ofﬁcio
1909 2143 2052 2180 com-

442 2228 606 2294 muni,
634 2205 909 2294 pagum”,
938 2224 1067 2279 adeo
1092 2234 1141 2275 ut
1163 2222 1300 2294 quod
1318 2239 1379 2278 ex
1401 2222 1454 2273 id
1480 2223 1680 2295 generis
1704 2222 2013 2291 Antiphonis
2034 2263 2048 2287 ,

443 2329 491 2373 et
518 2318 815 2388 Evangeliis
856 2318 1048 2371 eruitur
1075 2327 1438 2387 argumentum
1474 2314 1539 2367 ad
1581 2313 1915 2368 statuendum
1942 2313 2052 2367 cul-

442 2423 552 2467 tum
602 2410 851 2481 Martyris
899 2410 1067 2482 potius
1134 2425 1288 2479 quam
1324 2406 1646 2476 Confessoris
1702 2407 1905 2461 traduci
1949 2424 2051 2460 non

443 2509 625 2581 possit.
650 2505 799 2562 Illud
827 2515 997 2559 autem
1026 2504 1163 2573 quod
1203 2521 1265 2557 ea:
1292 2502 1470 2556 Missis
1501 2516 1693 2557 certum
1725 2494 1906 2556 elicere
1935 2517 2055 2569 pos-

401 2604 405 2608 ’
441 2585 621 2659 sumus
646 2594 816 2655 cultufs
841 2597 1209 2660 testimonium,
1235 2604 1354 2649 sunt
1378 2595 1660 2657 orationes,
1692 2594 1770 2646 vel
1798 2592 2053 2666 graduale

441 2694 827 2764 responsat-ium
853 2732 867 2755 ,
900 2690 947 2746 si
974 2688 1179 2757 quidem
1208 2688 1477 2757 proprium
1506 2684 1684 2741 Sancti
1705 2701 1886 2739 nomen
1918 2701 2054 2754 pra:-

443 2788 598 2857 [erat.
656 2784 756 2840 Ubi
792 2785 931 2854 enim
952 2781 1201 2852 Martyris
1229 2822 1243 2845 ,
1285 2780 1361 2833 vel
1392 2779 1716 2846 Confessorts
1746 2779 1926 2832 titulus
1954 2795 2049 2832 no-

442 2866 571 2932 mini
602 2877 810 2950 praprio
837 2874 1067 2937 additus,
1097 2883 1271 2943 utrum
1294 2862 1595 2942 Confessor,
1627 2886 1697 2922 an
1728 2869 1934 2940 Mart-gr
1957 2870 2051 2923 ha-

446 2974 581 3041 bitus
609 2971 785 3047 fuerit,
817 2977 920 3023 tute
940 2966 1222 3041 judicabit.
1259 2964 1450 3018 Omnes
1475 2980 1591 3017 vero
1616 2963 1873 3016 orationes
1921 2966 2052 3031 quas

443 3065 496 3118 in
526 3079 615 3119 sea:
635 3079 761 3117 mss.
803 3059 1111 3114 Veronensis
1144 3056 1391 3111 Ecclesia:
1414 3054 1588 3119 libris,
1636 3064 1684 3107 et
1712 3055 1765 3108 in
1816 3054 2052 3107 omnibus

2158 1848 2587 1920 Hieronytnianis
2616 1850 2942 1919 apograpliis
2956 1849 3351 1906 Confessorem
3384 1853 3735 1907 tantummodo

2157 1943 2472 2011 nuncupari.
2520 1942 2672 2010 Quod
2715 1954 2764 1996 et
2805 1942 2858 1997 in
2892 1943 2948 1998 S.
2997 1943 3253 1999 Marcello
3283 1944 3426 2014 Papa
3456 1955 3540 1999 est
3569 1945 3733 1999 obser-

2156 2035 2383 2088 vandum
2426 2051 2529 2088 xvu
2576 2032 2684 2088 kal.
2718 2034 2849 2092 Feb.
2894 2034 2948 2089 lu
3000 2035 3200 2090 Missali
3232 2037 3433 2106 quippe
3465 2053 3491 2088 a
3522 2037 3732 2092 Thoma-

2157 2128 2239 2180 sio
2272 2127 2457 2179 Roma!
2489 2118 2983 2188 edito.'Confessor
3028 2138 3083 2183 et
3120 2128 3370 2185 Pontifex
3414 2129 3607 2185 dicitur
3637 2149 3649 2183 :
3680 2130 3732 2185 S.

2159 2218 2398 2274 Mam-lli
2449 2221 2767 2291 Confessoris
2822 2232 2973 2293 atque
3014 2210 3306 2292 Pontiﬁcis.
3363 2224 3433 2278 Et
3477 2224 3529 2280 in
3558 2223 3736 2279 Sacra-

2156 2316 2423 2370 mentario
2452 2315 2694 2384 ejusdem
2730 2316 2973 2386 Gregorii
3002 2358 3016 2380 ,
3046 2316 3282 2389 Martyr:
3330 2316 3482 2371 Beati
3524 2317 3739 2372 Marcelli

2159 2406 2407 2480 Martyris
2462 2410 2536 2462 tui
2582 2415 2733 2480 atque
2764 2410 3054 2476 Pontiﬁcis.
3104 2411 3273 2467 Sienti
3310 2414 3475 2467 etiam
3521 2413 3737 2470 S.Fe|is

2158 2501 2397 2555 Nolanus
2428 2502 2718 2574 Presbyter:
2743 2510 2799 2557 et
2839 2503 3041 2575 Martyr
3068 2546 3081 2569 ,
3123 2504 3279 2558 titulo
3305 2503 3641 2561 Confessoris
3668 2506 3736 2560 in-

2154 2593 2409 2646 scribitur
2430 2609 2515 2647 χιιι
2550 2593 2673 2647 Kal.
2709 2593 2832 2647 Feb.
2869 2593 3092 2649 :Natale
3119 2595 3179 2651 S.
3203 2596 3394 2651 Felicis
3418 2596 3734 2669 Confessoris.

2128 2688 2308 2759 ,Νυιιει
2350 2688 2527 2766 itaque
2558 2689 2834 2743 distinctio
2866 2690 2917 2742 in
2947 2689 3104 2743 allata
3148 2706 3175 2743 a
3205 2689 3501 2746 Thomasio
3545 2686 3737 2747 rubrica

2156 2770 2405 2834 facienda
2430 2787 2534 2843 e~t,
2568 2795 2689 2834 cum
2716 2796 2908 2835 nomen
2942 2780 3190 2861 Martyris
3238 2790 3294 2836 et
3323 2781 3659 2850 Confessoris
3692 2783 3737 2837 in

2155 2873 2342 2926 eadem
2373 2872 2763 2951 signifiCatione
2787 2874 3082 2944 antiquitus
3109 2876 3473 2946 acciperetur,
3504 2887 3557 2932 et
3590 2876 3739 2945 ipsius

2124 2982 2127 2985 ν
2155 2965 2243 3036 qui
2280 2977 2452 3018 morte
2480 2962 2925 3021 Consummarunt
2953 2968 3294 3038 martyrium,
3321 2983 3521 3023 nomen
3552 2970 3738 3024 tribua-

2158 3070 2243 3111 tur
2288 3057 2637 3113 conle~soris.
2683 3058 2796 3127 Qua
2837 3059 2905 3115 de
2952 3074 3010 3114 re
3040 3059 3328 3114 manifeste
3368 3069 3543 3130 patet,
3594 3076 3735 3130 quam

445 3153 651 3226 quidem
691 3153 752 3209 S.
785 3151 1009 3207 Zenonis
1045 3148 1221 3203 Missis
1258 3146 1477 3218 inferius
1505 3144 1850 3199 describendis
1885 3144 2051 3214 legere
2078 3141 2123 3202 C
2159 3150 2274 3205 leve
2305 3152 2373 3205 sit
2405 3166 2471 3206 ex
2504 3150 2607 3205 illis
2644 3152 2875 3206 rubrica:
2916 3152 3125 3207 verbis:
3172 3151 3233 3205 In
3258 3169 3528 3207 commune
3560 3152 3740 3224 Marty—
3794 3154 3795 3207 ἶ

448 3250 589 3313 licet,
613 3264 773 3302 unum
800 3243 1127 3315 Confessaris
1151 3240 1447 3311 Ponti/iris,
1482 3254 1584 3293 non
1613 3247 1782 3293 autem
1814 3238 2055 3308 martyris

442 3342 650 3405 titulum
685 3346 975 3394 constanter
1007 3337 1281 3407 ingerunt,
1311 3344 1359 3387 et
1391 3322 1776 3398 responsorium
1808 3331 2059 3401 graduale

450 3436 732 3508 subjectum
764 3425 1016 3502 Epistolas
1036 3431 1153 3500 ipso
1181 3430 1233 3481 in
1255 3424 1452 3496 Carps‘o
1475 3425 1801 3498 designatum
1828 3440 1931 3477 non
1952 3423 2057 3477 alio

452 3529 602 3582 titulo
658 3526 891 3580 eumdem
933 3522 1183 3577 Sanctum
1228 3520 1457 3597 appellat
1496 3516 1732 3573 :Sancte
1780 3515 2057 3589 Conft‘ssor

453 3622 618 3686 Zeno,
641 3627 745 3673 etc.
775 3616 900 3684 Quis
919 3631 1039 3685 ergo
1068 3630 1129 3668 ea:
1156 3610 1489 3679 Autipltonis,
1523 3618 1571 3663 et
1600 3607 1911 3677 Evangelia,
1943 3623 2057 3677 qua:

451 3691 548 3786 pro
576 3711 810 3781 Martyre
828 3731 848 3773 ·,
875 3708 953 3763 vel
984 3709 1275 3776 confessore
1311 3703 1434 3757 olim
1459 3703 1754 3755 communia
1779 3702 1940 3772 fuisse
1962 3700 2055 3753 de-

454 3798 846 3876 prehenduntur
868 3809 1047 3863 contra
1063 3812 1356 3869 expressum
1377 3794 1667 3846 oratioaum
1686 3791 2052 3857 testimonium,

450 3873 545 3967 pro
572 3893 822 3965 martyrio
853 3889 1124 3945 statuendo
1154 3902 1372 3959 arguere
1399 3885 1516 3938 velit
1540 3883 1565 3937 ?
1590 3882 1759 3943 lmmo
1778 3873 1921 3935 'hinc
1957 3897 2055 3954 po-

453 3989 555 4055 tius
585 3985 892 4050 conﬁrmare
923 3982 1078 4044 licet,
1117 3996 1200 4032 eas
1230 3977 1586 4048 Antiphonas,
1629 3984 1675 4029 et
1714 3973 2057 4043 Evangelium

454 4078 727 4135 Paschalis
760 4075 936 4129 Missw
977 4072 1035 4128 S.
1072 4058 1327 4133 Zenoeis,
1362 4084 1475 4137 qua:
1502 4067 1792 4137 Martyrum
1834 4067 2059 4138 praprite

458 4187 596 4226 nunc
642 4168 892 4222 habentur
920 4207 933 4229 ,
982 4161 1371 4233 Confessoribus
1423 4161 1576 4212 etiam
1615 4159 1905 4212 communia
1933 4160 2059 4212 alim

460 4265 619 4336 fuisse
645 4302 659 4325 ,
690 4277 805 4314 cum
837 4256 1125 4328 praesertim
1158 4254 1292 4307 idem
1322 4251 1554 4320 Carpsus
1583 4292 1597 4317 ,
1647 4261 1693 4303 et
1731 4252 1822 4304 alii
1848 4251 2059 4304 rituales

454 4356 575 4409 libri
622 4352 853 4423 ofﬁcium
895 4350 1049 4403 etiam
1101 4345 1354 4399 Paschale
1405 4343 1465 4399 S.
1520 4343 1745 4397 Zenonis
1795 4355 1953 4396 totum
1996 4343 2061 4399 de

457 4445 764 4516 Confessore
795 4441 1048 4509 Ponti/ice
1094 4435 1417 4491 recitandum
1443 4434 1711 4488 exhibeant
1738 4474 1753 4499 ,
1787 4433 1926 4503 quod
1956 4451 2059 4488 non

2160 3248 2251 3309 ris,
2286 3247 2361 3298 vel
2401 3245 2722 3315 Coufessoris
2753 3246 3055 3316 imaginari,
3088 3244 3216 3299 olim
3248 3244 3417 3300 fuisse
3443 3260 3739 3301 communes

2161 3330 2501 3409 Antiphontis
2532 3349 2583 3393 et
2616 3338 2926 3419 Evangelia,
2962 3347 3067 3392 tam
3114 3353 3213 3403 pro
3242 3337 3567 3413 Martyribns
3595 3354 3736 3409 quam

2144 3448 2263 3502 ,pro
2292 3431 2713 3486 Confessnribus
2735 3429 2753 3503 (
2776 3432 2966 3487 eodem
2988 3447 3170 3497 sensu,
3197 3420 3302 3498 quo
3328 3448 3475 3487 nunc
3506 3432 3738 3500 intelligi-

2164 3532 2248 3576 tur
2275 3524 2613 3578 Confessoris
2649 3521 2877 3596 nomen)
2907 3539 3027 3594 qua:
3066 3522 3226 3577 modo
3258 3538 3357 3593 pro
3402 3524 3535 3579 solis
3563 3525 3739 3594 Marty-

2162 3619 2309 3673 ribus
2333 3628 2571 3685 tempore
2606 3617 2850 3671 Pascliali
2878 3628 2999 3671 sunt
3023 3616 3074 3670 in
3106 3632 3223 3671 usu.
3250 3617 3318 3672 At
3347 3632 3478 3670 vero
3503 3627 3561 3671 ut
3580 3606 3739 3672 indul-

2159 3711 2373 3779 gentilis
2410 3725 2651 3778 agamus,
2681 3709 2725 3762 si
2765 3724 2865 3779 qua
2900 3708 3175 3763 distinctio
3224 3708 3363 3762 inter
3391 3723 3587 3771 nOmen
3616 3707 3739 3760 Con-
3794 3704 3795 3721 ‘

2163 3801 2386 3857 fossuris
2439 3794 2488 3856 ct
2524 3801 2774 3872 Martyris
2818 3802 2868 3855 in
2911 3800 3099 3856 eadem
3150 3801 3369 3856 rubrica
3429 3799 3737 3855 admittenda

2162 3904 2266 3961 est,
2301 3897 2414 3951 [nec
2446 3897 2599 3951 unica
2640 3896 2849 3950 admitti
2870 3896 3057 3952 _debet
3084 3912 3097 3948 :
3122 3912 3318 3967 nempe
3349 3896 3493 3950 idem
3524 3896 3736 3949 officium

2165 4005 2261 4058 pro
2308 3980 2627 4059 Martyribus
2671 3987 2991 4055 dispositum
3020 4002 3307 4042 commune
3350 3987 3517 4041 fuisse
3553 3985 3615 4039 iis
3662 3980 3737 4053 qui

2166 4078 2355 4135 stricto
2383 4081 2599 4133 nemine
2627 4076 2984 4133 Conicssore's
3013 4084 3408 4149 nuncupantur,
3458 4092 3645 4147 nempe
3676 4073 3735 4128 illi
3794 4120 3795 4129 .

2164 4173 2252 4239 qui
2304 4171 2461 4225 ﬁdem
2502 4172 2714 4241 publice
2746 4171 3007 4239 professi,
3056 4179 3214 4240 atque
3265 4173 3428 4226 etiam
3479 4169 3735 4226 tormentis

2165 4265 2479 4326 excruciati,
2513 4275 2735 4319 cruenta
2769 4272 2941 4319 morte
2973 4280 3080 4319 non
3106 4274 3231 4319 sunt
3265 4264 3470 4320 affecti.
3514 4265 3575 4319 Hi
3618 4272 3665 4317 et
3691 4262 3734 4315 in
3794 4330 3795 4337 γ

2166 4358 2417 4424 prmsenti
2460 4356 2648 4410 eodem
2687 4355 2977 4422 Martyrum
3013 4355 3192 4411 ofﬁcio
3229 4356 3506 4420 coluntur,
3548 4368 3593 4410 et
3638 4350 3733 4406 veri

2166 4448 2425 4519 Martyres
2458 4458 2603 4513 sunt,
2636 4460 2688 4501 ut
2715 4449 2771 4503 S.
2800 4448 3115 4512 Marcellus,
3149 4447 3205 4503 S.
3237 4447 3513 4509 Joannes,
3554 4446 3609 4501 S.
3647 4443 3735 4499 Sil.

457 4540 694 4611 fecissent
723 4539 973 4607 proferto,
1002 4534 1046 4587 si
1079 4531 1347 4584 Paschalis
1378 4528 1569 4591 Missa,
1598 4544 1711 4598 qua:
1740 4545 1854 4582 cum
1882 4529 2057 4598 ofﬁcio
2085 4533 2138 4593 D
2168 4541 2365 4602 verius,
2385 4539 2754 4609 SS.Martinus
2782 4550 2837 4595 et
2865 4539 3183 4607 l’oatianus,
3225 4554 3417 4603 omnes
3448 4538 3730 4599 Pontifices,

457 4632 771 4690 concordare
796 4630 1029 4691 tltbcbat,
1069 4626 1316 4696 Martyris
1350 4626 1559 4695 prapria
1597 4623 1825 4677 indicata
1856 4624 2054 4695 fuisset.

462 4729 669 4783 Novum
720 4740 939 4794 prorsus
1000 4733 1053 4776 et
1121 4719 1418 4773 inauditum
1469 4720 1519 4770 in
1566 4718 1807 4772 Ecclesia
1837 4760 1849 4782 ,
1894 4720 2057 4772 ritum

462 4823 855 4892 (commentum
884 4816 1059 4883 petius
1088 4810 1354 4881 dixerim)
1388 4811 1579 4865 eodem
1611 4812 1789 4865 olficio
1817 4853 1829 4874 ,
1864 4821 1916 4865 et
1959 4827 2057 4881 pro

462 4913 783 4982 Martyribus
809 4952 821 4973 ,
864 4920 915 4962 et
951 4924 1050 4977 pro
1079 4904 1498 4961 Confessoribus
1528 4903 1600 4955 uti
1654 4905 1705 4955 in
1728 4903 2057 4959 celebrando

463 5008 701 5079 Martyrii
732 5005 874 5059 festo
899 5043 913 5068 ,
939 5002 1021 5054 rel
1054 4999 1141 5054 die
1169 4998 1347 5052 obitus
1377 4996 1749 5050 Confessoris:
1796 4996 2057 5065 Antiquo-

462 5119 580 5156 rum
629 5114 861 5168 namque
887 5095 1175 5149 Missalium
1239 5108 1359 5161 qua:
1392 5089 1716 5142 ’l‘bomasius
1774 5088 1937 5142 edidit
1970 5103 2057 5141 ru-

464 5195 629 5257 brica,
660 5207 855 5261 nempe
882 5209 894 5243 :
950 5187 1011 5241 In
1037 5201 1304 5241 cunnnune
1330 5200 1481 5236 uinus
1512 5182 1757 5252 Martyris
1780 5222 1793 5246 ,
1821 5181 1899 5234 vel
1925 5179 2060 5234 Con-

465 5287 669 5357 fessoris
693 5327 707 5351 ,
756 5299 861 5337 non
903 5298 968 5336 eo
999 5296 1160 5335 sunsu
1191 5274 1501 5359 accipienda
1532 5284 1614 5329 est
1643 5315 1656 5339 ,
1709 5290 1814 5341 quo
1859 5274 2059 5327 nostris

471 5378 803 5448 temporibus
830 5374 1149 5442 (Iun/rosaria
1180 5386 1379 5425 nomen
1409 5369 1691 5437 accipitur.
1726 5367 1881 5421 Modo
1909 5367 2055 5420 enim

464 5471 515 5523 lii
548 5470 795 5524 dicuntur
822 5466 1178 5521 CetifeSsOI-os
1198 5504 1211 5529 ,
1252 5464 1341 5531 qui
1368 5461 1454 5532 pie
1497 5469 1550 5513 et
1576 5458 1832 5527 religiose
1862 5458 2053 5512 viren-

465 5571 565 5624 tes,
598 5560 855 5627 singulari
886 5573 998 5611 sant
1020 5558 1172 5609 tilate
1199 5552 1407 5623 praediti
1441 5550 1852 5606 obdormierunt
1883 5550 1933 5604 in
1960 5550 2058 5604 Do-

462 5664 625 5712 mino.
664 5655 912 5723 Antiquis
954 5667 1082 5705 vero
1117 5647 1451 5717 temporibus
1495 5646 1527 5698 ii
1560 5644 1879 5698 dicebantur
1910 5645 2055 5700 Con-

451 5758 713 5818 rcswrce,
750 5748 837 5817 qui
869 5745 1081 5817 publice
1109 5756 1290 5795 coram
1327 5739 1581 5802 Prseside,
1615 5737 1697 5791 vel
1730 5738 1781 5803 in
1814 5746 2053 5795 tormen-

2163 4632 2256 4700 qtti
2290 4635 2429 4685 ineo
2478 4642 2681 4685 tantum
2724 4650 2751 4683 ιι
2781 4632 3003 4698 reliquis
3030 4631 3352 4702 Martyribus
3392 4630 3734 4700 distinguntur

2163 4726 2216 4780 in
2241 4733 2432 4779 octavo
2460 4724 2830 4794 Responsorio
2868 4725 2932 4778 ad
2962 4723 3296 4778 Matutinum.
3321 4723 3455 4778 Nam
3499 4740 3592 4792 pro
3618 4722 3733 4778 Mar-

2165 4816 2369 4886 tyribus
2426 4818 2513 4885 qui
2560 4827 2788 4871 mortem
2819 4816 2868 4868 iu
2902 4818 3187 4870 tormentis
3228 4815 3529 4885 oppetiere,
3570 4816 3730 4886 dispo-
3794 4804 3795 4871 ἓ

2164 4910 2309 4961 nitur
2352 4909 2795 4973 respOnSorium:
2840 4908 2940 4962 Hic
2994 4918 3065 4961 est
3112 4923 3223 4961 vere
3260 4906 3488 4979 Martyr,
3538 4909 3622 4979 qui
3655 4920 3730 4976 pro

2160 4997 2352 5075 Christi
2385 5000 2585 5051 nomine
2620 5000 2918 5068 stmguinent
2948 5015 3095 5052 suum
3121 4999 3276 5068 fudit,
3309 5008 3414 5053 etc.
3452 5000 3555 5053 Pro
3599 5010 3732 5064 supc-

2166 5092 2279 5143 rius
2315 5090 2615 5169 ‘rrcensitis
2668 5091 3127 5160 lli-sponsoriutn:
3174 5090 3395 5159 Domine
3422 5134 3435 5157 ,
3469 5086 3729 5163 praevenisti

2164 5192 2299 5235 eum.
2334 5182 2467 5237 Vide
2514 5182 2843 5238 Brevi-arium
2890 5199 3166 5238 romanum
3202 5185 3253 5238 in
3283 5198 3573 5240 commune
3601 5180 3731 5239 unius

2168 5274 2435 5344 Martyris.

2219 5366 2380 5426 ,Nilnl
2444 5381 2573 5422 vero
2636 5368 2847 5423 confert
2912 5369 3217 5437 observatio
3275 5368 3363 5423 illa
3392 5392 3413 5434 ~,
3494 5383 3614 5439 qua:
3677 5360 3730 5417 ad

2168 5460 2455 5530 Martyrem
2486 5475 2511 5513 a
2542 5459 2864 5515 ConfeSSure
2886 5460 3305 5516 discernendum
3337 5459 3639 5515 adducitur.
3666 5456 3727 5510 ll-

2166 5553 2255 5606 lud
2286 5554 2609 5623 autemquod
2639 5570 2698 5607 ex
2723 5553 2895 5607 Missis
2918 5562 3125 5607 certum
3142 5553 3323 5607 elicere
3348 5568 3618 5621 possumus
3637 5547 3729 5602 cul-

2164 5655 2245 5699 tus
2281 5645 2675 5711 Testimonium,
2708 5657 2827 5700 sunt
2857 5647 3113 5699 orationes
3140 5646 3218 5697 vel
3251 5645 3510 5715 gradualc
3540 5658 3727 5713 respuu-

2164 5740 2391 5807 sorium,
2431 5740 2475 5792 si
2502 5739 2704 5807 quidem
2737 5738 2917 5793 Sancti
2964 5752 3141 5791 nomen
3184 5743 3431 5809 μηνίεται
3468 5755 3485 5796 :
3517 5740 3581 5795 ibi
3618 5736 3729 5794 enim
