3822 6220
132 212 234 267 749

1524 212 1995 271 DISSERTATIO.

3306 210 3413 269 750

135 324 408 397 Martyris,
442 326 521 383 vel
548 324 867 397 Confessoris
898 323 1078 378 titulus
1109 323 1304 377 nomini
1334 319 1543 393 proprio
1570 325 1692 379 addi
1751 335 1797 393 Α
1829 328 1947 397 ipso
1977 323 2168 381 Ofﬁcio
2201 336 2296 392 pro
2326 319 2486 377 Festo
2516 321 2885 380 Ordinationis
2919 322 3131 397 digesto
3166 331 3413 396 quasdam

133 428 214 472 tus
241 461 255 484 ,
287 431 458 474 utrum
493 420 788 489 Confessor,
828 406 905 469 an
933 414 1138 486 Martyr
1170 414 1372 469 habitus
1402 417 1591 486 fuerit,
1621 424 1724 470 tute

127 514 402 583 jndicabit.
455 513 695 567 Plurium
753 494 1367 576 na‘tnquetSanctorum
1418 514 1723 579 martyrum

134 607 354 660 nomina
395 606 449 660 in
496 601 831 659 orationibus
871 599 1046 654 Missae
1085 608 1579 653 commemorantur
1607 599 1726 653 sine

138 701 298 755 titulo
332 698 583 771 'martyrii
612 740 626 763 ,
660 705 717 748 ut
752 693 939 748 videre
978 703 1060 748 est
1089 692 1141 748 in
1186 692 1625 749 Sacramentario
1665 693 1723 750 S.

134 792 405 862 Gregorii,
446 790 620 844 Pridie
649 788 775 843 ldus
814 785 959 843 Junii
994 785 1048 839 in
1085 785 1243 841 Festo
1272 786 1593 841 Sanctomm
1628 785 1729 840 Ba-

126 884 331 948 silidis,
361 882 554 943 Cirini.
587 880 814 937 Naboris
837 890 891 935 et
914 878 1147 952 Nazarii;
1178 895 1235 952 pi
1266 864 1386 941 Kal.
1415 878 1731 935 Decembris

136 976 192 1029 in
222 966 385 1029 Festo
410 975 728 1042 Sanctorum
758 950 1040 1027 Feliciset
1072 950 1297 1028 Adaucti
1324 958 1427 1038 ;‘tu
1451 971 1572 1026 ldus
1595 972 1737 1041 Sepo‘

137 1068 370 1123 tembris
411 1069 462 1120 in
513 1066 674 1121 Fesm
700 1066 1021 1121 Sanctorum
1048 1065 1271 1132 Prothi,
1305 1075 1361 1122 et
1403 1065 1728 1145 Hiaoyntbi;

137 1158 468 1231 pridieldus
487 1156 737 1214 Octobris
770 1157 822 1212 in
848 1157 1010 1212 Festo
1041 1156 1098 1212 S.
1129 1154 1333 1211 Callisti
1366 1140 1529 1227 Papa}.
1555 1173 1569 1221 ;
1600 1169 1656 1211 et
1679 1144 1730 1209 in

138 1240 451 1308 stissa‘ubus
490 1267 517 1305 a
562 1238 855 1330 Thomasio
883 1249 1043 1305 editis
1082 1264 1116 1304 ν
1144 1234 1263 1305 1m.
1314 1231 1652 1318 Septembris
1680 1247 1733 1301 in

138 1346 307 1402 Festo
335 1344 395 1399 S.
429 1343 641 1397 Hermis
669 1346 789 1409 (seu
810 1340 1102 1414 Hermetis)
1131 1348 1186 1395 et
1212 1340 1378 1396 Nonis
1397 1340 1651 1396 Octobris
1682 1341 1734 1395 in

138 1439 308 1495 Festo
346 1437 448 1494 SS.
479 1423 713 1492 Miircelli
745 1444 799 1491 et
844 1435 1062 1502 Apulei,
1097 1444 1202 1489 etc.
1232 1433 1289 1488 In
1318 1433 1571 1489 Graduaii
1603 1447 1736 1488 vero

141 1538 269 1603 post
294 1530 588 1601 Epistolam
616 1528 704 1584 vix
757 1526 1004 1583 invenies
1034 1569 1049 1592 ,
1093 1528 1363 1598 prmcipue
1404 1528 1457 1581 in
1503 1508 1739 1597 antiquis

139 1626 428 1681 Blissarum
461 1624 614 1679 libris
644 1620 726 1694 (ut
748 1621 800 1677 in
831 1621 988 1677 Missa
1017 1620 1073 1678 S.
1109 1621 1343 1676 Zenonis
1366 1619 1586 1691 legitur)
1613 1636 1736 1691 pro-

1826 435 1984 485 esse,
2029 433 2149 488 qua:
2192 416 2407 471 nonnisi
2437 416 2770 495 deMartyrc
2820 429 3044 488 possunt
3075 420 3322 490 intelligi.
3360 422 3417 477 In

1830 513 1999 582 prima
2045 512 2204 567 Missa
2237 512 2380 565 inter
2412 522 2752 567 monumenta
2781 514 3083 571 a.Dominis
3112 516 3419 573 Balleriuiis

1830 606 1998 669 relata
2042 606 2203 677 (pag.
2250 605 2598 673 CLv1tt)du:e
2633 609 2905 665 orationes
2945 619 3072 668 ante
3115 611 3419 677 Epistolam

1828 706 2123 766 ponuntur,
2154 707 2208 751 et
2235 697 2285 751 in
2317 698 2549 753 secunda
2569 700 2892 772 siciegitur:
2922 702 3083 769 Deus,
3118 706 3205 774 qui
3237 721 3329 759 nos
3353 703 3417 759 S.

1831 787 2057 844 Zenonis
2115 788 2413 843 Sacerdotis
2480 799 2526 843 et
2567 790 2887 861 Confessoris
2931 796 3007 850 tui
3050 814 3222 852 annua
3263 797 3427 851 beata:

1833 880 2183 951 Confessionis
2210 882 2528 936 solemnitate
2553 884 2819 949 lwtiﬁcas,
2847 897 3054 958 prtesta,
3086 870 3381 961 quassamus
3404 928 3420 955 ,
3516 951 3519 953 _

1834 980 1939 1026 etc.
1986 973 2117 1039 Quae
2170 972 2325 1028 Missa
2377 988 2474 1041 pro
2514 973 2601 1029 die
2641 962 3027 1033 Ordinatiouis'
3055 980 3374 1034 concinnata
3407 1021 3422 1046 ,

1836 1065 1955 1119 aliis
2001 1065 2161 1119 etiam
2215 1064 2389 1120 Festis
2437 1065 2494 1120 S.
2543 1062 2783 1123 Zenonis
2830 1070 3172 1125 recitabatur.
3228 1070 3428 1126 Eadem

1839 1156 2004 1212 Missa
2043 1158 2160 1211 aliis
2196 1165 2396 1227 quoque
2439 1158 2615 1212 diebus
2661 1159 2937 1231 legebatur.
2972 1162 3027 1216 lit
3060 1164 3430 1219 admonitione

1837 1250 1903 1305 ad
1938 1261 2285 1305 monumenta
2310 1266 2459 1305 num.
2494 1251 2549 1316 5,
2583 1263 2634 1307 et
2665 1252 2721 1306 in
2749 1252 3096 1309 adnotatione
3118 1254 3154 1309 9..
3183 1257 3247 1311 ad
3277 1271 3429 1311 eam-

1838 1343 1961 1398 dem
1996 1342 2230 1399 Missam.
2268 1341 2501 1397 Ecclesia‘
2548 1342 2847 1398 Veronensis
2873 1343 2968 1398 hac
2997 1347 3226 1401 oratione
3252 1348 3433 1421 singu-

1840 1437 1904 1491 lis
1927 1436 1987 1491 S.
2013 1434 2235 1490 Zenonis
2266 1435 2314 1489 F
2316 1437 2437 1506 estis
2462 1441 2515 1491 in
2548 1437 2739 1507 ofﬁciis
2765 1446 3091 1510 usa'apparet
3115 1456 3300 1497 cannis.
3333 1440 3433 1495 Ca-

1842 1528 2083 1598 pitulari,
2130 1536 2177 1581 et
2203 1528 2311 1584 alio
2343 1527 2631 1582 Monalium
2663 1528 2722 1584 S.
2758 1529 2942 1585 Maria!
2968 1532 3031 1585 de
3057 1528 3251 1602 Campo
3286 1533 3433 1587 Mar-

1843 1620 1933 1673 tio.
1965 1619 2165 1675 Eadem
2195 1624 2371 1677 oratio
2398 1630 2452 1675 et
2480 1604 2670 1676 in'ms.
2702 1622 3021 1678 Pistoriensi
3049 1640 3208 1694 supra
3241 1627 3439 1683 tradito

140 1718 321 1787 prium
367 1731 563 1770 nomen
622 1711 806 1769 Sancti
869 1714 1024 1781 cujus
1061 1712 1278 1767 Festum
1312 1712 1637 1767 celebratur.
1674 1710 1736 1765 In
1765 1722 1814 1782 Β
1841 1712 2057 1785 legitur.
2107 1713 2164 1769 in
2216 1713 2316 1769 hac
2358 1714 2539 1785 itaque
2578 1717 2823 1771 oratione
2871 1720 3032 1773 verba
3076 1720 3211 1775 illa:
3254 1721 3440 1776 Annua

143 1808 313 1865 Festo
337 1822 467 1864 vero
496 1808 549 1865 S.
578 1806 788 1861 Martini
818 1804 1066 1874 Episcopi
1091 1805 1376 1859 undecima
1400 1804 1487 1858 die
1514 1803 1746 1858 Novem.

145 1902 263 1957 bris
302 1902 425 1971 ejus
474 1916 669 1955 nomen
704 1899 821 1953 sine
862 1897 1047 1955 addito
1078 1896 1420 1953 Confessoris
1463 1881 1747 1971 inspicitur

145 1996 202 2051 in
232 1996 513 2053 Graduali.
548 1994 662 2049 Non
696 1994 873 2063 itaque
902 2008 969 2047 ex
1000 1990 1362 2059 orationibus,
1386 1991 1471 2046 vel
1503 1988 1747 2062 graduali

150 2089 545 2159 ReSponsorio,
595 2088 689 2141 sed
741 2084 959 2139 aliunde
1009 2083 1245 2139 discerni
1294 2094 1517 2154 potest,
1568 2092 1749 2138 utrum

150 2180 423 2252 Martyres
485 2194 551 2233 an
606 2176 963 2233 Conlessores
1015 2176 1196 2233 Sancti
1268 2177 1375 2231 sint
1419 2174 1747 2246 appellandi.

155 2274 392 2331 Aliunde
422 2289 551 2327 vero
586 2272 659 2327 de
682 2271 740 2326 Si
773 2264 1015 2326 Zenonis-
1046 2271 1305 2342 Martyrio
1333 2278 1585 2327 constare
1612 2270 1749 2326 inle-

103 2402 112 2413 -
158 2369 276 2425 rius
303 2366 674 2422 ostendemus.
748 2352 753 2355 ’
935 2426 942 2436 _

236 2461 293 2514 In
334 2459 436 2514 hac
463 2473 590 2513 vero
620 2473 676 2514 re
701 2457 768 2512 dc
819 2472 926 2529 qua
951 2456 1182 2528 agimus,
1216 2456 1318 2511 alia
1353 2456 1488 2531 ratio
1511 2464 1614 2511 est.
1647 2454 1754 2510 Nc-

160 2552 277 2625 gari
319 2551 559 2622 proiecto
588 2566 692 2605 non
746 2560 926 2623 potest
974 2552 1026 2605 in
1057 2550 1414 2616 orationibus,
1444 2550 1573 2605 etin
1617 2548 1754 2605 Gra-

162 2628 309 2701 duali
344 2655 465 2714 post
490 2642 782 2711 EpiStolam
813 2642 869 2699 S.
897 2642 1167 2698 Zenonem
1194 2643 1575 2698 (lonlessorem
1604 2641 1753 2696 ,dici.

163 2738 274 2793 Sed
301 2736 403 2792 hoc
432 2737 486 2791 iu
516 2736 678 2792 Festo
704 2736 1094 2804 Ordinatiunis,
1120 2739 1173 2790 in
1204 2752 1310 2806 quo
1339 2736 1496 2790 Missa
1526 2734 1593 2788 de
1618 2730 1758 2788 Con-

162 2832 376 2887 fessore
425 2830 686 2886 Pontilice
740 2830 1016 2897 recitatur,
1070 2830 1137 2885 de
1182 2846 1289 2901 quo
1332 2827 1491 2884 etiam
1541 2840 1760 2895 agemus

163 2935 380 2995 postea.
415 2924 601 2994 itaque
630 2938 750 2978 cum
783 2924 967 2994 plures
998 2923 1145 2978 Festi
1173 2923 1288 2977 dies
1329 2938 1425 2992 pro
1452 2919 1506 2976 S.
1543 2918 1762 2975 Zenone

160 3018 536 3081 celebrentur,
564 3033 627 3073 ex
658 3033 763 3071 uno
792 3016 954 3072 Festo
986 3016 1354 3071 Ordinationis
1383 3024 1760 3086 argumentum

1846 1804 2006 1859 beatae
2029 1804 2379 1873 Confessionis
2403 1808 2741 1874 solemnitate,
2771 1810 2839 1864 de
2860 1810 3090 1881 simplici
3116 1810 3441 1873 Conlessoro

1848 1894 2073 1967 intelligi
2103 1915 2208 1953 non
2240 1911 2488 1969 possunt,
2517 1915 2639 1955 nam
2664 1902 3073 1965 Confessionrm
3103 1909 3434 1978 exprimunt,

1849 2005 1966 2059 qua:
2001 1989 2147 2045 Fidei
2186 1991 2454 2062 publicam
2485 1992 2895 2053 ConfessiOuem
2921 1997 3222 2067 signiﬁcant
3256 2018 3267 2053 :
3318 1996 3447 2072 qua-

1851 2092 2076 2150 promer
2102 2098 2223 2138 cum
2247 2083 2436 2163 eadem
2464 2086 2709 2141 aratione
2734 2088 2959 2159 singulis
2988 2090 3162 2146 Festis
3186 2093 3241 2147 S.
3269 2092 3445 2150 Zeno-

1853 2174 1939 2228 nis
1960 2190 2055 2229 usa
2075 2174 2285 2230 dicatur
2308 2176 2546 2233 Ecclesia
2572 2176 2924 2248 Veronensis,
2952 2184 3126 2253 aliqua
3151 2187 3448 2243 mutatione

1854 2267 2092 2322 adhibita
2123 2283 2186 2323 ea
2227 2269 2299 2323 uti
2334 2270 2615 2325 debuerat.
2659 2270 2823 2327 Festo
2868 2278 3068 2330 etenim
3107 2258 3446 2334 Translatio-

1856 2360 1940 2439 nis
1980 2370 2035 2416 et
2075 2359 2444 2418 Ordinationis
2498 2366 2670 2433 aptari
2701 2382 2806 2439 non
2837 2378 3085 2437 poterant
3116 2372 3203 2425 illa
3235 2374 3397 2430 verba
3430 2390 3444 2429 :
3516 2410 3519 2413 -

1844 2453 2043 2507 Annua
2082 2454 2245 2530 beata:
2286 2452 2633 2527 Confessionis
2684 2461 3040 2529 solemnitate;
3070 2463 3139 2518 ita
3173 2465 3451 2534 probabile

1857 2555 1940 2600 est
1995 2546 2122 2600 illud
2175 2547 2399 2601 verbum
2444 2548 2803 2622 Confessionis
2848 2554 3043 2607 mutari
3108 2548 3324 2609 solitum
3395 2556 3448 2610 in

1859 2638 2083 2693 verbum
2115 2638 2495 2707 Ordinattonis,
2543 2652 2596 2696 et
2649 2642 3064 2713 Translationis,
3124 2654 3184 2701 ut
3235 2647 3453 2705 Festum

1832 2728 2146 2807 exigebat,
2166 2732 2311 2801 quod
2341 2744 2391 2785 et
2423 2736 2473 2786 in
2507 2735 2846 2803 praesentilit
2883 2736 2935 2791 in
2979 2742 3453 2797 commemoratio-

1864 2824 2051 2889 nibtts,
2090 2840 2185 2879 seu
2227 2824 2495 2896 suffragiis
2541 2827 2861 2884 Sanctorum
2889 2873 2903 2898 ,
2947 2840 3067 2901 post
3110 2832 3357 2901 Laudes,
3403 2844 3458 2891 et

1865 2914 2163 2987 Vesperas;
2196 2927 2433 2991 mutatur
2464 2919 2606 2974 enim
2639 2916 2691 2976 in
2719 2925 2966 2979 oratione
2992 2924 3047 2980 S.
3075 2923 3309 2983 Zenonis
3338 2944 3459 2985 ver-

1866 3008 2033 3064 bum:
2068 3009 2135 3067 Ut
2177 3016 2327 3085 cujus
2374 3014 2695 3069 solemnitate
2725 3017 2981 3087 ltelamur,
3027 3020 3095 3075 ita
3149 3041 3163 3076 :
3209 3021 3277 3078 Ut
3313 3028 3462 3100 cujus

162 3114 309 3167 sumi
336 3128 441 3165 non
476 3111 636 3167 debet
661 3111 726 3165 ad
758 3111 857 3165 alia
894 3111 1073 3173 Festa,
1107 3125 1278 3180 neque
1309 3125 1373 3163 ex
1404 3098 1594 3164 eodem
1631 3107 1764 3161 inle-
1792 3125 1836 3188 ρ
1868 3107 2351 3161 commemoratione
2394 3110 2649 3177 ltetamur,
2695 3111 2841 3165 nulla
2882 3112 2932 3167 id
2966 3117 3348 3183 prmscribente
3374 3098 3463 3175 ru-

165 3207 397 3261 rendum
460 3215 545 3261 est
578 3206 779 3276 ipsum
827 3205 1209 3261 Confessorem
1244 3247 1257 3270 ,
1311 3220 1416 3259 non
1472 3204 1762 3274 Martyrem

164 3298 341 3354 fuisse
370 3317 381 3353 :
407 3278 582 3368 eoque
608 3299 784 3352 minus
806 3296 1146 3354 inferendum
1177 3306 1278 3359 est,
1306 3297 1494 3374 iisdem
1518 3294 1768 3364 antipbo-

166 3393 277 3457 nis,
306 3401 363 3446 ct
396 3390 691 3461 Evangelio
719 3391 967 3445 Paschali
1002 3402 1245 3460 tempore
1267 3391 1392 3455 coli,
1423 3398 1477 3443 et
1506 3388 1766 3459 Martyres

166 3483 489 3550 Pontiﬁces,
514 3492 569 3539 et
593 3484 884 3539 Pontilices
910 3483 1286 3539 Conlcssm'es.
1317 3482 1450 3537 Cum
1485 3481 1664 3552 itaque
1691 3481 1771 3534 l'a-

171 3578 415 3632 tentibus
460 3578 590 3647 ipsis
639 3577 729 3647 qui
759 3586 947 3631 cantra
979 3577 1221 3631 sentiunt
1251 3619 1262 3636 .
1297 3576 1350 3629 in
1382 3575 1602 3629 dubium
1633 3572 1767 3628 verti

170 3686 285 3725 non
318 3670 533 3739 possit,
584 3670 636 3724 in
679 3669 955 3724 veteribus
1008 3668 1285 3723 codicibus
1330 3666 1660 3721 Veronensis
1717 3673 1772 3721 et

169 3763 525 3819 Pistoriensis
561 3761 819 3818 Ecclesia:
851 3762 918 3815 1‘2
946 3761 1147 3831 Aprilis
1174 3760 1410 3814 ordinari
1446 3759 1684 3824 Missam,
1718 3769 1773 3813 et

169 3858 426 3913 Ol‘licium
459 3856 527 3911 de
555 3870 660 3911 uno
691 3855 923 3926 Martyrc
953 3869 1047 3924 pro
1091 3852 1250 3908 Festo
1281 3851 1336 3907 S.
1367 3851 1624 3917 Zenonis,
1663 3866 1774 3904 ct-r-

171 3954 283 4007 tius
309 3965 433 4006 esse
457 3964 562 4005 non
585 3959 763 4019 patest
808 3948 1022 4004 easdem
1050 3948 1322 4003 Ecclesias
1348 3948 1492 4003 cultu
1522 3945 1773 4017 Martyris

173 4046 232 4101 S.
270 4043 524 4099 eumdem
554 4043 845 4099 Praesulem
871 4052 1155 4097 veneratus
1182 4059 1322 4097 esse.

251 4138 311 4196 Si
352 4154 483 4193 vero
519 4120 693 4209 aliqua
725 4138 941 4208 irrepsit
971 4138 1022 4193 in
1054 4138 1137 4192 bis
1169 4137 1426 4192 Ecclesiis
1456 4135 1774 4193 Olliz'iottum

172 4231 456 4297 conlusio,
488 4248 552 4286 es
581 4248 646 4287 eo
678 4231 877 4286 factum
910 4242 994 4286 est
1041 4232 1185 4302 quod
1218 4230 1399 4285 ollicio
1429 4231 1776 4301 proprio-pro

172 4327 346 4381 Festo
373 4324 747 4380 Ordinationis
773 4325 831 4381 S.
864 4325 1097 4380 Zenonis
1128 4327 1340 4397 digesto
1384 4326 1437 4379 in
1469 4326 1591 4379 aliis
1622 4324 1776 4379 festi-

176 4420 445 4476 vitatibus
471 4461 484 4484 ,
516 4435 709 4490 nempe
737 4420 976 4491 Martyrii
1026 4430 1081 4476 ct
1129 4420 1525 4475 Translationis
1556 4430 1776 4474 utet-cn-

1872 3198 2037 3253 brica.
2073 3199 2147 3253 Ita
2177 3199 2374 3255 factum
2408 3200 2571 3257 luisse
2603 3202 2920 3271 dicendum,
2952 3210 3197 3277 quamvis
3228 3211 3281 3265 in
3311 3222 3462 3268 vetc-

1870 3290 2021 3345 ribus
2066 3291 2351 3347 ritualibus
2378 3292 2532 3348 libris
2577 3295 2677 3351 hoc
2719 3312 2823 3351 non
2863 3299 3169 3357 adnotetur.
3200 3303 3375 3371 Quare
3411 3313 3465 3361 et

1871 3383 2002 3437 illud
2046 3384 2248 3439 nomen
2281 3383 2626 3457 Confessoris,
2658 3390 2745 3443 vel
2774 3391 2869 3461 pro
2901 3391 3131 3473 Μαι-ψη
3161 3396 3466 3469 intelligen-

1847 3475 2021 3541 dum,
2044 3486 2103 3531 ut
2129 3492 2289 3549 supra
2320 3479 2679 3548 ostendimus,
2708 3492 2762 3537 et
2784 3470 2994 3553 adjecta
3020 3470 3181 3543 rerba
3210 3491 3462 3547 suadent.

1874 3568 2060 3623 Annua
2099 3569 2260 3625 beata:
2298 3562 2649 3642 Co'nfcssionis
2680 3576 3031 3645 solemnitate,
3070 3582 3155 3647 vel
3193 3589 3247 3637 et
3290 3584 3466 3653 ipsum

1874 3658 2201 3733 Confessoris‘
2229 3681 2424 3720 nomen
2459 3666 2509 3719 in
2540 3666 2790 3739 Martyris
2816 3682 3073 3727 mutatum
3108 3675 3289 3744 fuisse,
3323 3678 3470 3732 arbi-

1875 3756 2122 3811 trandum
2152 3766 2253 3811 est.
2287 3758 2556 3836 Quidquid
2587 3770 2765 3817 autent
2808 3764 2874 3818 de
2903 3764 3000 3819 bac
3030 3767 3328 3824 mutatione
3364 3770 3466 3836 sit,

1876 3850 2164 3916 verbailla,
2191 3834 2365 3905 Beaiae
2390 3850 2739 3933 Confessionis
2770 3855 3035 3929 Martyris,
3067 3875 3171 3914 non
3203 3834 3468 3931 simplicis

1876 3942 2216 4023 Conlessoris
2245 3954 2371 3998 sunt
2404 3948 2641 4016 prapria.
2675 3948 2732 4002 ln
2762 3950 2996 4004 secunda
3028 3950 3185 4006 Missa
3212 3994 3225 4019 ,
3258 3942 3310 4007 in
3342 3970 3467 4008 ora-

1878 4036 2022 4090 tione
2054 4046 2173 4107 post
2193 4036 2640 4096 Comntuniouem
2675 4042 2752 4098 sic
2778 4042 3007 4115 legitur:
3041 4044 3288 4115 Concede,
3329 4064 3470 4115 quiec

1878 4148 2077 4197 sumus,
2114 4132 2449 4207 Omnipotens
2481 4135 2638 4206 Deits,
2678 4135 2745 4192 ut'
2776 4142 2858 4210 qui
2885 4142 3222 4195 venerandam
3257 4144 3473 4216 gloriosi

1880 4220 2201 4293 Confessoris
2232 4227 2306 4280 tui
2335 4226 2556 4282 Zenonis
2580 4231 2966 4295 translationem
2992 4274 3007 4299 ,
3044 4245 3147 4288 etc.
3184 4230 3468 4303 Adjectum

1881 4317 2010 4371 illud
2033 4318 2247 4390 gloriosi
2277 4321 2509 4391 simplici
2535 4323 2841 4378 Confessori
2874 4340 2979 4378 non
3012 4326 3289 4381 convenit.
3315 4325 3369 4381 in
3403 4328 3470 4384 iis

1882 4425 1998 4477 qtne
2024 4414 2330 4491 communia
2363 4415 2612 4469 dicuntur
2641 4416 2707 4470 ad
2733 4416 2922 4472 Missas
2948 4417 3005 4473 S.
3040 4418 3273 4473 Zenonis
3302 4421 3473 4489 perti-

185 4525 308 4580 wn
352 4524 407 4569 at
455 4512 786 4568 vomucnsis
821 4514 1083 4576 Ecclesia.
1119 4512 1218 4568 hac
1262 4513 1436 4568 Ofﬁcii
1460 4510 1775 4566 conﬁnium
1805 4519 1859 4580 D
1886 4506 2093 4571 tientia,
2126 4506 2376 4559 introitus
2400 4507 2484 4562 ad.
2505 4509 2716 4562 Missam
2748 4528 2761 4565 :
2788 4510 2978 4563 Statuit
3008 4511 3055 4564 ei
3083 4509 3336 4567 Dominus
3376 4503 3483 4583 pro'

175 4624 291 4664 non
322 4608 599 4673 obstante,
638 4624 853 4678 semper
886 4608 938 4661 in
976 4606 1134 4662 Festo
1172 4607 1374 4677 Aprilis
1400 4606 1463 4660 ad
1498 4605 1728 4659 Primam
1768 4657 1773 4661 .

178 4714 243 4757 ut
273 4719 338 4757 ex
374 4703 611 4773 antiquis
659 4702 1055 4774 Martyrologiis
1088 4702 1279 4772 probat
1313 4702 1547 4771 Baptista
1593 4700 1793 4755 Pcrct-‘

180 4808 272 4851 tus
301 4798 414 4849 suis
454 4796 504 4849 in
542 4797 774 4852 Scholtis
823 4796 891 4850 ad
922 4797 1093 4851 Vitam
1129 4796 1187 4852 S.
1234 4794 1488 4859 Zt-nonis,
1515 4795 1778 4861 recitarit,

182 4888 343 4944 Prid.
394 4888 481 4942 Id.
540 4891 735 4960 Aprilis
765 4908 783 4944 :
822 4890 1010 4944 Eadem
1043 4891 1126 4951 die
1162 4889 1223 4945 S.
1248 4888 1474 4944 Zenonis
1506 4881 1779 4961 Episcopi,

179 4976 276 5052 qui
310 4985 447 5037 inter
482 4986 737 5057 procellas
769 4984 1177 5056 persecutionum
1212 4983 1558 5039 Veronensem
1594 4982 1784 5039 Urbem

178 5076 497 5130 mirabiliter
535 5078 698 5140 rexit,
737 5094 796 5129 ac
827 5075 1316 5149 temporeGullieni
1349 5078 1595 5149 martyrio
1640 5092 1787 5129 coro-

184 5179 344 5222 natus
376 5180 483 5232 est;
530 5179 583 5223 ct
629 5169 869 5224 Ecclesia
933 5170 1279 5225 Pistm'ieusis
1319 5171 1370 5223 in
1420 5168 1675 5238 Vcsperis
1736 5178 1791 5223 et

181 5260 483 5323 Laudibus,
515 5270 570 5315 et
598 5260 663 5315 ad
691 5261 861 5315 lioras
884 5263 1195 5330 antipbonis
1224 5262 1293 5318 de
1320 5262 1603 5317 Communi
1632 5264 1791 5317 unius

184 5356 568 5427 Martyrisusa
611 5357 699 5408 sit.
734 5354 884 5409 lianc
910 5355 1211 5409 ofﬁciorum
1254 5356 1632 5410 confusionem
1664 5372 1787 5411 sus-

186 5447 314 5502 tulit
359 5446 750 5515 Lippomanus.
789 5445 918 5500 .lnre
958 5460 1087 5500 vero
1126 5462 1189 5500 ac
1226 5449 1420 5501 merito
1462 5446 1512 5500 id
1556 5446 1785 5516 fecisse,

184 5550 248 5597 et
274 5556 339 5595 ex
364 5540 474 5608 jaut
510 5539 692 5592 allatis
716 5550 973 5610 apparet,
1016 5548 1069 5594 et
1104 5556 1168 5594 ex
1206 5541 1268 5594 iis
1311 5556 1430 5610 quae
1480 5541 1790 5611 qalferuntur

185 5631 487 5688 constabit.

266 5725 498 5781 Maxime
532 5741 659 5781 vero
695 5726 747 5781 id
780 5735 864 5781 est
888 5724 1455 5792 animadvertendum,
1504 5742 1696 5798 nempe
1737 5730 1789 5785 iu

1887 4598 2116 4669 Martyre
2147 4599 2429 4669 Pontiﬁce,
2458 4602 2595 4657 sicut
2620 4603 2780 4655 etiam
2812 4618 2907 4672 pro
2938 4602 3170 4674 Murtyre
3200 4620 3304 4659 non
3336 4606 3476 4663 Pon-

1888 4694 2031 4748 tilice
2073 4694 2123 4747 in
2160 4696 2429 4749 communi
2467 4695 2695 4749 videtur.
2732 4695 2956 4750 Notatur
2988 4698 3052 4750 in
3098 4697 3179 4753 bis
3237 4701 3479 4772 Evange-

1887 4788 2015 4843 lium
2053 4806 2148 4859 pro
2176 4789 2491 4859 Martytibus
2525 4798 2767 4857 tempore
2805 4788 3072 4844 Post-itali.
3106 4793 3284 4859 Quare
3338 4810 3475 4848 con-

1888 4884 2190 4939 statMense
2223 4883 2388 4953 Aprili
2417 4883 2630 4936 Missam
2668 4898 2763 4951 pro
2789 4883 2843 4939 S.
2874 4882 3093 4941 Zenone
3123 4886 3191 4942 de
3219 4887 3480 4945 Pontilice

1889 4976 2118 5047 Martyre
2142 4975 2399 5032 celebrari
2425 4976 2659 5030 solitam.
2686 4975 3065 5033 Admisccntur
3086 4981 3188 5034 alia
3240 4998 3359 5052 qua:
3384 4998 3481 5052 pro

1888 5072 2146 5137 Pontilice
2169 5072 2492 5127 Confessore
2519 5075 2569 5127 in
2593 5072 2750 5128 Missa
2780 5074 3028 5144 leguntur
3054 5092 3147 5146 pro
3169 5077 3481 5136 diversitate

1893 5164 2174 5219 Fastorum
2209 5165 2263 5218 S.
2302 5162 2555 5220 Zenonis.

1961 5259 2015 5311 lu
2043 5272 2199 5311 versu
2232 5257 2456 5312 secondi
2487 5259 2743 5314 Nocturni
2772 5260 2910 5315 alius
2949 5277 3135 5316 versus
3169 5274 3385 5319 notatur
3413 5264 3485 5322 de

1889 5349 2160 5403 communi
2195 5335 2443 5420 Martyris
2470 5368 2481 5402 :
2519 5349 2769 5417 Posuisti,
2790 5350 3028 5419 Domine,
3046 5371 3163 5424 sup.
3190 5372 3305 5425 cap.
3343 5359 3475 5425 ejus.

1967 5439 2244 5495 Secundus
2276 5440 2510 5513 hymnus
2541 5443 2727 5513 incipit
2759 5461 2770 5498 :
2805 5441 2947 5499 Deus
2978 5457 3176 5500 tuorum
3226 5450 3447 5504 militum
3467 5490 3484 5519 ,

1898 5547 1954 5592 ut
1986 5536 2218 5607 hymnus
2247 5554 2343 5607 pro
2373 5556 2478 5593 uno
2507 5539 2760 5609 Martyt'e.

1969 5629 2217 5688 Secunda
2244 5632 2461 5703 strOpba
2510 5634 2693 5704 hymni
2731 5634 2934 5703 quinti,
2968 5652 3087 5706 qua:
3120 5637 3340 5707 incipit:
3373 5636 3492 5695 Mod
3538 5630 3543 5635 ⁷

1896 5742 2025 5797 guns
2059 5725 2294 5793 Excelsi,
2330 5727 2454 5782 alibi
2493 5728 2686 5797 legitur
2718 5747 2730 5781 :
2766 5728 2967 5800 Μανινν
3001 5731 3202 5792 Excelsi
3249 5733 3488 5803 Peretto,
