3822 6220
419 256 516 317 ’151

1164 192 1609 298 DEDPINIONE
1650 226 2011 288 summa.
2047 225 2253 285 cum
2291 224 2444 283 ΖΕΝ.
2489 176 2904 282 miseritumst

3615 218 3706 273 75?.

416 390 473 435 et
501 378 723 444 Bagatta
751 369 999 431 testibus,
1056 360 1107 418 in
1138 359 1376 430 antiquis
1404 351 1765 412 monumentis
1787 349 2015 403 S.ntcto-
2043 348 2089 409 A
2119 322 2562 399 OrdinationisS.
2596 343 2830 399 Zenonis
2853 339 3072 396 Festum
3096 337 3487 411 celebrandum
3515 348 3631 390 esse
3650 337 3711 390 de

420 485 542 527 rum
573 470 949 533 episconornm
978 455 1368 511 Veronensium
1395 494 1409 516 ,
1440 461 1493 503 et
1525 444 1776 502 Ferrario
1809 444 1859 495 in
1897 439 2012 494 Vita

419 561 482 622 S.
507 561 759 618 Zenonis.
788 555 1087 611 Minabatur
1111 548 1320 605 scilicet
1346 562 1443 614 pro
1470 539 1788 598 diversitate
1818 533 1966 591 Festi
2002 550 2014 585 :

423 671 619 730 nempe
646 655 698 707 in
736 650 897 705 Festo
922 642 1290 701 Ordinatiom's
1322 638 1566 709 Magnus,
1600 636 1651 689 in
1681 632 1841 719 esto
1872 644 2014 684 mar-

423 724 795 820 tyriiﬂartyr.
820 740 1093 809 Expresso
1120 743 1299 789 tamen
1324 730 1377 785 ia
1406 729 1593 784 eadem
1623 724 1842 795 stropha
1875 735 2019 777 mar-

373 897 376 900 .
421 843 544 916 tyrii
574 837 833 896 memoria
865 832 1186 903 exprimitur
1221 848 1233 882 :

608 953 705 1004 Pro
726 950 835 1000 Deo
860 946 1056 998 tandem
1084 940 1313 1006 patiendo
1336 943 1546 989 mortem

674 1014 804 1065 Vivtt
827 1014 875 1060 in
897 1022 1072 1057 rerum.

426 1128 557 1196 Quae
588 1120 749 1178 verba
775 1130 879 1173 non
914 1115 985 1170 ita
1016 1112 1228 1167 facilem
1272 1104 1627 1162 mutationem
1661 1095 2021 1169 patiebantur.

501 1213 900 1277 Benedictionis
932 1209 1161 1281 formula
1190 1204 1242 1259 in
1273 1202 1435 1256 Festo
1463 1198 1519 1254 8.
1554 1192 1790 1250 Zenonis
1815 1189 1895 1243 sic
1928 1188 2024 1239 lia-

426 1316 521 1373 bet
550 1333 562 1368 :
600 1304 931 1378 omnipotens
966 1278 1101 1355 Deus
1152 1308 1195 1351 et
1228 1293 1480 1369 Dominus
1535 1288 1619 1341 det
1660 1283 1799 1337 vobis
1826 1278 2027 1352 capiam

331 1440 334 1443 ν
429 1402 811 1465 benedictionis,
842 1398 928 1468 qui
967 1394 1031 1449 Β.
1060 1392 1316 1448 Zenonem
1343 1385 1442 1441 sibi
1471 1381 1645 1438 ascivit
1690 1378 1873 1432 virtute
1894 1370 2031 1427 Con-

430 1497 689 1574 fessionis.
721 1494 903 1547 Amen.
927 1489 1014 1543 Illa
1048 1486 1209 1539 verba
1230 1472 1250 1535 ἐ
1288 1479 1487 1533 Virtute
1513 1468 1861 1542 Confessionis
1890 1479 2031 1519 Inar-

434 1562 634 1665 tyrium
666 1587 993 1657 eXprimunt;
1026 1578 1198 1634 simili
1215 1574 1413 1631 ctenim
1438 1570 1603 1625 modo
1626 1563 1766 1635 apud
1795 1562 2031 1617 Thoma-

382 1724 389 1731 ν
433 1654 575 1744 sium
600 1654 1011 1741 xvntvkalendas
1033 1677 1193 1732 Febr.
1221 1672 1279 1728 S.
1305 1670 1502 1725 Felicis
1526 1663 1841 1734 martyrium
1868 1654 2036 1726 signi-

440 1967 663 2024 nontinis
710 1958 1070 2031 perseverans,
1118 1951 1301 2007 meruit
1344 1944 1610 2001 honorari.
1659 1941 1727 1994 Et
1769 1938 1836 2007 ini
1866 1933 2039 1989 Natali

433 2030 757 2122 Sanctorum
782 2057 1074 2126 Martyrum
1097 2045 1346 2103 Processi
1392 2051 1445 2097 ct
1473 2036 1796 2100 Martiniani,
1816 2048 1868 2087 vr
1890 2030 2028 2085 Non.

439 2157 572 2216 Julii
600 2159 652 2210 in
682 2121 1115 2211 Sacramentario
1147 2126 1202 2199 8.
1223 2134 1465 2208 Gregorii
1492 2133 1690 2203 legitur
1716 2148 1729 2182 :
1764 2126 1926 2188 Deus,
1955 2121 2042 2194 qui

441 2269 539 2307 nos
569 2249 878 2306 Sanctorum
900 2225 1103 2308 tuorum
1138 2232 1373 2289 Processi
1401 2239 1447 2283 et
1482 2223 1788 2281 Martiniani
1840 2221 2042 2288 confes-

440 2341 671 2398 sionibus
714 2316 1283 2410 gloriosis‘circmndas
1325 2332 1372 2379 et
1412 2317 1664 2393 protegis,
1694 2314 1898 2382 absque
1939 2307 2043 2363 alia

443 2414 723 2492 mentione
750 2426 1015 2498 Martyrii.
1163 2416 1166 2419 ⁷

523 2791 705 2851 Sancti
737 2786 973 2844 Zenonis
1004 2783 1241 2843 cultum,
1276 2786 1331 2831 et-
1356 2775 1408 2828 in
1449 2770 1599 2837 Italia
1621 2810 1635 2836 ,
1668 2775 1723 2822 et
1748 2774 1896 2821 extra
1930 2777 2047 2818 eam

447 2884 840 2944 late‘dillusum
868 2879 1098 2950 probant
1125 2861 1477 2929 eruditissimi
1523 2861 1815 2919 Ballerinii.
1846 2857 2049 2950 Medio-

448 2980 584 3041 lani,
619 2969 822 3032 Patavii
846 2947 1033 3038 ,iPisis
1055 2959 1085 3035 ,'
1119 2967 1172 3020 in
1204 2952 1428 3019 dioecesi
1454 2950 1901 3015 Nowcomiensi,
1933 2947 2053 3003 Tri-

454 3072 711 3131 dentina,
755 3065 1066 3126 Tarvisina,
1113 3051 1474 3128 Aquileiensi,
1528 3049 1760 3117 altisque
1807 3041 2053 3114 pluribus

454 3165 685 3221 Fesm’m
729 3155 1098 3215 Ordinationis
1142 3152 1199 3209 S.
1231 3147 1466 3204 Zenonis
1501 3130 1718 3205 colitur,
1751 3154 1800 3209 vi
1842 3137 1921 3194 ld.
1958 3137 2061 3211 De-
2086 3136 2132 3201 C

458 3255 719 3318 cembris.
764 3250 873 3305 ritu
912 3244 1255 3302 Conlessoris
1274 3236 1571 3294 P0ntilicis.
1623 3236 1692 3287 At
1739 3232 1792 3284 in
1835 3227 2060 3304 dioecesi

459 3347 715 3406 Brixiana
748 3359 843 3399 sex
871 3337 1161 3402 Ecclesiae,
1208 3349 1327 3404 quae
1357 3330 1531 3400 pridie
1558 3327 1681 3382 ldus
1718 3323 1919 3397 Aprilis
1954 3320 2061 3376 Fe-

464 3454 608 3500 smtn
638 3440 945 3500 celebrant,
987 3433 1045 3490 8.
1076 3431 1348 3485 Zenonem
1380 3427 1487 3480 ritu
1519 3420 1772 3491 martyris
1802 3430 2067 3472 veneran-

463 3526 573 3597 tur;
593 3530 737 3593 etin
765 3532 876 3597 ipsa
909 3524 1040 3580 urbe
1090 3520 1284 3576 Brixia:
1314 3531 1417 3569 una
1446 3513 1694 3568 Ecclesia
1715 3552 1729 3575 ,
1760 3507 1882 3578 quae
1907 3516 2064 3561 antea

468 3641 524 3682 γι
577 3625 701 3680 ldus
732 3617 1046 3675 Decembris
1078 3613 1295 3667 Festum
1330 3609 1523 3679 agebat
1559 3599 2063 3682 ritu’-conlessoris,

467 3732 613 3775 nunc
644 3715 815 3786 pridie
852 3711 975 3767 Idus
1009 3706 1211 3789 Aprilis
1236 3704 1291 3760 S.
1326 3701 1559 3756 Zenonis
1588 3697 1765 3768 natale
1794 3698 1898 3775 ritu
1926 3694 2067 3748 Mar-

465 3810 604 3884 tyris
628 3781 850 3878 peragit.
876 3801 993 3858 Una
1020 3781 1111 3867 est
1141 3795 1380 3850 Ecclesia
1413 3794 1463 3876 in
1493 3787 1769 3844 Tarvisina
1798 3781 2064 3851 Dimcesi,

469 3876 592 3973 quae
630 3876 835 3955 eodem
888 3894 976 3949 die
1052 3888 1289 3945 ofﬁcium
1340 3884 1547 3939 'recitat
1610 3880 1678 3944 de
1741 3876 2069 3933 Confcssore

472 3965 756 4050 Fontilice.
790 3992 857 4043 At
886 3987 943 4041 in
974 3996 1226 4038 universa
1252 3974 1680 4047 Congregatione
1706 3965 1901 4024 Montis
1931 3966 2068 4022 Cas-

474 4080 616 4149 sini,
649 4091 705 4135 ut
739 4080 792 4133 in
820 4073 1142 4132 Calendario
1183 4084 1283 4140 pro
1314 4067 1502 4121 eadem
1532 4065 1964 4133 Congrcgattone
1990 4058 2073 4112 di-

472 4185 628 4248 gesto
654 4178 908 4242 apparet,
939 4166 1029 4221 die
1070 4171 1254 4220 octava
1285 4157 1597 4214 Decembris
1625 4151 2084 4209 commemoratio,

475 4244 540 4326 iit
566 4269 627 4325 S.
657 4264 881 4322 Zenonis
907 4258 1151 4331 Episcopi
1185 4265 1232 4309 et
1274 4251 1543 4321 Martyris.
1578 4247 1821 4303 Ecclesia
1866 4244 2075 4299 Frisin-

478 4363 685 4435 gensis,
716 4340 840 4429 qua:
870 4354 941 4409 ab
965 4366 1107 4405 anno
1134 4347 1257 4409 750,
1286 4335 1342 4399 8.
1374 4344 1642 4396 Zenonem
1676 4340 1857 4395 colere
1886 4338 2073 4407 caapit,

476 4429 588 4514 ritu
631 4449 883 4523 Martyris
930 4441 1229 4500 Pontiﬁcis.
1255 4436 1441 4491 Natale
1490 4434 1545 4488 S.
1588 4431 1821 4487 Zenoais
1866 4429 2075 4484 recolit.

2120 438 2432 494 Confessore
2457 436 2721 492 Pontiliee
2751 454 2764 490 :
2798 436 2916 490 aliis
2941 434 3152 489 duobus
3183 433 3359 488 Festis
3388 447 3582 499 nempe
3620 430 3715 484 Ν..-

2123 529 2242 587 talis
2273 542 2323 586 ct
2378 530 2795 593 Translationis,
2823 528 2891 582 de
2924 529 3155 599 Martyrc
3182 525 3461 595 pontilice.
3499 513 3715 577 Essenito

2121 624 2183 679 de
2207 625 2448 679 mandato
2470 624 2521 676 di
2556 622 2699 678 Sisto
2738 620 2796 688 V,
2826 631 2957 676 stato
2984 620 3565 690 diligentissimamente,
3593 632 3619 669 e
3644 632 3717 669 se-

2123 706 2285 772 cando
2310 719 2360 770 la
2388 720 2555 786 [arma
2585 718 2669 770 del
2688 710 2831 770 detto
2862 715 3125 769 Breviario
3144 708 3441 785 (Romano)
3464 712 3718 765 ettteudato

2076 802 2091 810 ’
2124 810 2378 882 (l‘Ol'lizio
2422 809 2640 878 proprio
2665 808 2720 863 di
2754 808 2811 863 S.
2847 806 3091 880 Zenone)
3133 788 3720 878 della'Congregazione

2125 905 2258 977 degl‘
2286 902 2642 956 lllustrissimi
2669 894 2939 955 Cardinali
2966 901 3193 972 deputati
3220 890 3419 970 soprai
3447 898 3558 959 riti,
3588 912 3614 950 e
3639 911 3719 948 ce-

2081 992 2103 1012 “’
2126 998 2354 1053 remonie
2394 995 2791 1049 Ecclesiastiche
2814 1036 2828 1059 ,
2854 1012 2881 1048 e
2907 995 2974 1047 da
3004 994 3235 1059 alquanti
3266 991 3467 1046 noniini
3498 1006 3584 1058 per
3614 990 3723 1043 dot-

2128 1092 2286 1155 tritta,
2311 1106 2337 1143 e
2364 1102 2454 1160 per
2481 1087 2617 1157 picta
2640 1087 2904 1141 excellenti
2927 1103 3024 1140 con
3043 1085 3289 1140 anttorita
3310 1084 3364 1139 di
3388 1100 3501 1160 esso
3523 1082 3723 1139 Somnio

2132 1177 2388 1252 Poitti/ice
2412 1194 2442 1234 η
2465 1181 2544 1234 cio
2572 1163 2709 1233 eletti
2730 1220 2745 1247 ,
2776 1180 2989 1233 essendo
3031 1180 3197 1248 prima
3228 1196 3260 1232 a
3282 1158 3444 1247 'pieno
3469 1177 3723 1245 informati

2127 1278 2336 1331 intorno
2367 1275 2457 1330 all‘
2499 1292 2623 1341 uso,
2668 1291 2695 1328 e
2733 1274 2786 1328 al
2830 1275 2972 1327 titolo
3012 1273 3133 1327 dell‘
3161 1273 3354 1344 oﬂizio,
3411 1288 3554 1326 come
3596 1271 3727 1324 uella

2130 1369 2333 1438 Cltiesa,
2364 1387 2393 1424 e
2416 1368 2740 1429 sua'diocese
2778 1355 2831 1421 in
2861 1367 3045 1420 diversi
3072 1368 3229 1436 tempi
3251 1366 3445 1427 ovanti,
3477 1381 3505 1419 e
3526 1366 3653 1432 dopo
3678 1365 3727 1419 la

2107 1463 2349 1536 priforma
2379 1479 2466 1518 era
2492 1469 2625 1520 stato
2657 1459 2942 1527 celebrato,
2983 1476 3010 1514 e
3032 1461 3209 1514 vedute
3245 1460 3441 1525 anche,
3473 1460 3607 1513 accib
3634 1475 3729 1511 non

2136 1572 2399 1611 mancasse
2418 1572 2539 1610 cosa
2560 1556 2745 1609 alcuna
2773 1572 2805 1609 a
2828 1564 3006 1624 questa
3032 1553 3427 1623 informazione,
3451 1553 3631 1607 alcuae
3650 1569 3729 1605 ra-

2137 1652 2297 1723 gioni,
2327 1651 2417 1704 che
2447 1651 2498 1703 di
2533 1666 2631 1720 qua
2659 1648 2748 1722 (da
2774 1646 3010 1718 Verona)
3048 1648 3118 1717 gli
3147 1650 3334 1717 [τινοηο
3360 1648 3431 1701 da
3455 1648 3570 1701 altri
3596 1664 3731 1699 man-

2140 1744 2280 1809 date,
2319 1743 2663 1814 giudicando,
2711 1739 2803 1795 che
2848 1756 2952 1794 non
2998 1740 3042 1793 si
3088 1738 3413 1808 devossejar
3456 1739 3646 1809 l‘oﬁizio
3680 1738 3727 1790 di

2138 1835 2394 1903 Martire,
2433 1852 2514 1888 ma
2556 1835 2608 1887 di
2638 1831 2941 1903 Confessore
2986 1831 3297 1891 solatnente,
3332 1816 3359 1883 e
3400 1832 3564 1901 quelle
3600 1846 3732 1882 come

2138 1929 2247 1983 mal
2278 1930 2485 2000 fondate
2513 1928 2579 1981 da
2602 1927 2703 1981 essi
2729 1926 2981 1995 riﬁntate,
3008 1924 3063 1987 lu
3087 1923 3154 1975 da‘
3185 1920 3531 2003 SuaiSantitt‘z
3551 1920 3731 1988 contir-

2141 2035 2280 2079 mato
2308 2031 2399 2077 Con
2430 2030 2651 2094 precttto
2692 2038 2722 2073 a
2754 2029 2883 2072 tntto
2921 2018 2957 2072 il
2984 2016 3132 2071 (Ilero
3173 2015 3434 2076 secolare,
3462 2034 3489 2068 e
3518 2015 3732 2085 regelare

2145 2118 2263 2172 dell‘
2286 2134 2416 2182 uno,
2457 2116 2627 2193 edell’
2658 2115 2789 2168 altro
2820 2130 2958 2187 sesso
2984 2113 3119 2165 della
3155 2111 3354 2167 diocese
3394 2108 3665 2171 Veronese,
3707 2124 3733 2159 α

2144 2210 2300 2279 quelli
2324 2208 2454 2273 cioé,
2478 2212 2581 2262 clte’
2598 2196 2823 2261 recitano
2846 2204 2886 2258 il
2913 2203 3084 2259 divino
3110 2200 3287 2273 Oﬂizio
3310 2201 3533 2255 secando
3570 2201 3606 2253 il
3646 2200 3735 2251 rita

2146 2302 2232 2359 del
2263 2302 2528 2355 Breviario
2560 2300 2811 2365 Romano,
2843 2297 2933 2351 che
2958 2295 3186 2349 debbano
3213 2296 3553 2349 divolamente
3576 2293 3626 2365 al
3650 2296 3737 2345 suo

2151 2391 2317 2459 tempo
2354 2392 2520 2444 debito
2547 2364 2817 2453 recitarlo,
2848 2403 2989 2440 come
3017 2386 3390 2440 dissusamente
3427 2386 3474 2438 si
3500 2364 3636 2454 [φάε
3662 2382 3738 2435 nel

2148 2483 2310 2539 Breve
2329 2484 2625 2552 Apostolico
2647 2491 2777 2534 sotto
2810 2479 2867 2532 di
2892 2479 2965 2533 26
2999 2477 3045 2531 Ν
3054 2476 3282 2531 ovembre
3309 2476 3477 2540 i587,
3500 2486 3737 2542 sta’mpato

2152 2577 2233 2631 col
2263 2578 2399 2629 detto
2434 2574 2612 2644 Oﬂizio
2639 2573 2671 2626 l‘
2692 2587 2825 2625 anno
2842 2579 3080 2638 sequente
3104 2569 3265 2635 1588,
3292 2568 3377 2621 uel
3396 2567 3548 2637 quale
3573 2564 3739 2635 Oﬂizio

2157 2670 2184 2723 ὲ
2209 2680 2341 2724 stata
2370 2670 2501 2738 {atta
2524 2668 2575 2721 la
2609 2652 2897 2736 provisione
2922 2664 2975 2717 di
3010 2662 3216 2734 praprio
3244 2678 3336 2730 per
3355 2660 3591 2714 eiascuna
3621 2656 3741 2711 delle

2156 2772 2231 2816 tre
2262 2760 2415 2814 Feste
2442 2761 2577 2813 dette
2602 2758 2654 2810 di
2689 2773 2843 2828 sopra
2869 2771 2886 2810 :
2917 2756 3053 2809 uella
3078 2754 3245 2824 prima
3273 2754 3319 2806 si
3344 2754 3401 2823 [ὰ
3426 2752 3460 2805 l’
3492 2751 3660 2820 Uﬂizio
3696 2748 3741 2800 di

2154 2852 2459 2924 Confessore
2489 2850 2781 2919 Ponte/ice,
2826 2865 2853 2902 e
2894 2846 3011 2902 nell‘
3039 2848 3169 2901 altre
3205 2844 3306 2900 due
3350 2844 3402 2899 di
3436 2844 3679 2909 Martire,
3720 2859 3743 2896 ι

2158 2928 2596 3015 Ponte/ice,come
2621 2946 2675 2996 in
2695 2943 2830 3007 deuo
2864 2939 3040 3010 Uﬂizio
3068 2940 3108 2993 si
3131 2938 3291 3009 legge.

2308 3076 2461 3170 ενι.
2502 3075 2584 3130 De
2612 3075 2730 3130 aliis
2758 3070 3127 3136 Monumentis,
3150 3082 3196 3125 et
3232 3044 3493 3127 Veteribus
3520 3082 3609 3121 nts.

2239 3216 2677 3295 vetuSIissimum
2723 3222 3131 3270 monumentum
3175 3211 3451 3284 Anonymi
3498 3207 3744 3280 Pipiniani

2166 3312 2223 3366 S.
2253 3309 2527 3364 Zenonem
2576 3308 2861 3380 Martyrum
2909 3305 3144 3376 appellat
3188 3302 3424 3358 Octavus
3466 3302 3671 3362 Pastor,
3700 3308 3744 3353 et

2167 3404 2458 3461 Conlessor
2496 3402 2642 3457 Zeno
2675 3403 2877 3473 Martyr
2905 3397 3303 3471 inclytus,'cui
3332 3408 3407 3471 et
3446 3395 3745 3453 Guillelmus

2171 3500 2499 3568 Pastrengns
2526 3495 2904 3565 adstipulatur.
2934 3493 3042 3548 Hos
3067 3494 3226 3546 unum
3254 3491 3312 3548 S.
3334 3490 3650 3558 Gregorium
3674 3503 3745 3543 :e-

2168 3603 2325 3650 cutos
2355 3575 2573 3657 dicunt,
2605 3590 2696 3659 qui
2728 3587 3023 3643 laureolam
3064 3584 3305 3656 martyrii
3348 3584 3415 3639 S.
3436 3581 3743 3638 Zeuoni‘deo

2173 3684 2387 3741 traliere
2420 3685 2663 3758 pituntur
2688 3680 2866 3748 (Apud
2888 3677 3085 3733 Baller.
3121 3676 3175 3730 ά.
3210 3676 3350 3745 ῡηίδδ.
3370 3678 3438 3742 5,
3461 3690 3511 3729 c.
3542 3674 3597 3740 2,
3623 3673 3653 3745 §
3676 3672 3742 3743 ὲ).

2170 3778 2241 3833 At
2275 3777 2333 3834 S.
2369 3776 2663 3847 Gregorius
2691 3776 2745 3829 in
2785 3776 2841 3830 8.
2862 3764 3092 3830 Zenone
3136 3767 3374 3843 Martyre
3414 3768 3745 3839 nuncupanda

2174 3888 2279 3927 non
2308 3870 2727 3941 est'deceptus,
2759 3884 2936 3938 neque
2965 3868 3223 3922 memoria
3268 3866 3486 3935 lapsus,
3526 3875 3578 3919 ut
3608 3877 3743 3933 supra

2173 3974 2451 4019 ostensum
2482 3971 2600 4025 est;
2634 3955 2756 4014 stati
2783 3969 3033 4036 ergo,et
3077 3956 3675 4030 AnonymiePipiniani,
3702 3964 3746 4008 et

2175 4061 2459 4127 Pastrengi
2509 4057 2804 4114 auctoritas
2838 4070 2933 4125 pro
2970 4040 3037 4110 VS.
3071 4053 3305 4109 Zenonis
3338 4053 3617 4125 Martyrio.
3657 4049 3743 4105 E05

2174 4171 2304 4211 vero
2324 4155 2381 4211 S.
2411 4148 2730 4223 Gregorium
2771 4158 2991 4206 secutos
3017 4148 3232 4214 dicunt,
3262 4146 3359 4201 sed
3388 4140 3495 4227 non
3525 4144 3743 4214 probant.

2178 4250 2249 4304 Et
2282 4248 2411 4304 illud
2440 4247 2640 4302 addere
2678 4260 2783 4301 non
2811 4242 3106 4317 verentur:
3143 4241 3280 4306 Quin
3306 4239 3604 4310 Anonymus
3626 4235 3745 4302 Pipi-

2179 4343 2366 4396 nianus
2394 4356 2511 4393 cum
2537 4340 2786 4394 Sanctum
2808 4316 3065 4408 Zenonem
3096 4331 3385 4403 Martyrem
3433 4338 3480 4385 et
3507 4316 3746 4401 Confusa?

2179 4452 2285 4489 rem
2305 4434 2545 4504 appellet,
2572 4432 2650 4486 vel
2672 4448 2733 4508 ea:
2758 4429 2855 4491 hoc,
2876 4438 3104 4500 apparet
3125 4419 3239 4480 eum
3280 4426 3537 4478 inscium'
3574 4421 3745 4487 Martyr

480 4512 862 4607 Monasteriinn
895 4549 1111 4609 quoque
1154 4532 1208 4585 S.
1243 4527 1475 4583 Zenonis
1517 4523 1783 4578 llallensis
1829 4520 2035 4587 etimch

2185 4542 2247 4579 ne
2273 4542 2341 4578 an
2387 4523 2661 4592 Confessor
2691 4522 2753 4581 S.
2780 4520 2918 4576 Zeno
2944 4518 3129 4591 fuerit,
3163 4518 3362 4588 utrique
3383 4531 3500 4588 qua:
3524 4512 3746 4586 ferebatur

480 4616 646 4696 ritum
675 4637 733 4693 8.
758 4630 963 4687 Zenoni
993 4624 1299 4695 impertitur
1331 4617 1499 4689 pridie
1527 4614 1648 4669 ldus
1680 4611 1911 4680 Aprilis;
1939 4610 2081 4665 (Ion-

480 4733 706 4790 fcssoris
753 4722 1027 4782 Pontiﬁcis
1072 4718 1274 4789 cultum
1315 4728 1371 4768 v1
1411 4710 1534 4765 ldus
1576 4704 1909 4762 Decembris.
1952 4703 2081 4757 Evi-

486 4825 624 4882 dens
650 4823 830 4891 itaque
854 4808 916 4872 ea
939 4808 1274 4869 consuetudo
1294 4815 1397 4870 est,
1426 4812 1481 4858 et
1511 4797 1857 4861 Veronensis,
1883 4803 1937 4850 et
1957 4794 2085 4859 alia-

486 4934 611 4976 rum
660 4911 1021 4970 Ecclesiarum
1071 4899 1384 4959 celebrandi
1418 4896 1655 4953 .Festutn
1720 4890 2087 4968 Ordinationis

488 5011 550 5068 S.
584 5004 816 5063 Zenonis
859 5002 966 5055 ritu
1030 4993 1373 5050 Confessoris
1416 4985 1696 5061 Pontiﬁcis
1726 4998 1776 5037 γι
1825 4981 1947 5035 ldus
1976 4980 2085 5033 De-

491 5098 748 5160 cembris.
780 5091 959 5150 Pridie
990 5089 1120 5145 Idus.
1142 5085 1341 5154 Aprilis
1368 5082 1501 5136 ritus
1532 5077 1782 5148 Martyris
1804 5116 1817 5139 ,
1851 5086 1953 5128 uua
1995 5087 2092 5127 ex-

494 5205 651 5266 cepta
680 5164 1041 5246 in’Tarvisina
1078 5176 1322 5260 ditecesi.
1355 5175 1574 5229 Festum
1611 5185 1741 5225 vero
1776 5166 2085 5224 Ordinatio-

493 5259 579 5347 nis
622 5288 689 5343 de
730 5279 1056 5339 Conlessore
1087 5259 1344 5327 Pontiﬁce
1379 5266 1737 5336 peragendum
1783 5277 1933 5324 esse,
1966 5259 2088 5315 usui

496 5378 829 5439 Veronensis
858 5364 1117 5429 Ecclesia:
1144 5379 1253 5419 non
1279 5361 1438 5413 modo
1465 5356 1758 5412 conformis
1789 5365 1893 5419 est,
1918 5354 2011 5407 sed
2038 5360 2092 5405 et

500 5469 772 5531 communi
799 5465 924 5521 ritui
954 5463 1211 5515 Romana:
1236 5452 1511 5508 Ecclesiae.
1536 5449 1917 5515 QuareSistus
1942 5438 2021 5512 V,‘
2038 5447 2087 5498 in

503 5580 602 5621 suo
635 5560 789 5617 Brevi
823 5556 892 5611 26
923 5549 1240 5609 Novembris
1268 5542 1428 5605 i588,
1458 5557 1522 5594 ex
1554 5540 1905 5593 relationibus
1949 5538 2093 5591 Emi-

502 5653 945 5713 nentissimorum
972 5640 1337 5701 Cardinalium
1363 5631 1532 5703 Cong.
1577 5630 1797 5684 Ritunm
1819 5669 1832 5692 ,
1865 5629 1951 5682 cui
1991 5628 2094 5682 hoc

495 5756 677 5827 fuerat
710 5744 776 5798 ab
804 5739 995 5799 eodem
1026 5731 1287 5799 Pontiﬂce
1309 5723 1717 5789 demandatum,
1746 5720 1992 5793 praecipit
2009 5720 2095 5776 die

2183 4616 2539 4687 appellationi,
2571 4632 2633 4668 ne
2656 4623 2871 4681 erraret,
2902 4614 3120 4667 voluisse
3159 4612 3485 4680 satisfacere,
3511 4618 3557 4663 et
3587 4605 3745 4660 idcirco

2185 4709 2427 4777 martyris
2460 4708 2662 4760 titulum
2691 4723 2723 4757 a
2757 4704 2819 4759 S.
2854 4703 3100 4776 Gregorio
3118 4706 3194 4758 ita
3220 4704 3529 4773 sumpsisse,
3566 4710 3615 4754 ut
3639 4696 3744 4753 Con-

2187 4800 2585 4871 fessorisvtamen
2607 4812 2791 4850 nomen
2817 4812 2881 4849 ex
2900 4785 3132 4865 antiqua,
3161 4804 3328 4871 totque
3349 4793 3644 4849 testimoniis
3660 4790 3745 4860 [0r-

2186 4898 2324 4943 mata
2350 4905 2458 4946 sua:
2488 4888 2737 4941 Ecclesia:
2761 4886 3033 4939 traditione
3064 4867 3551 4953 praetermittendum
3588 4896 3743 4950 neque.

2187 4999 2346 5052 quam
2387 4989 2628 5051 putaret,'_
2668 4978 2990 5055 qua‘eadem
3035 4994 3193 5030 causa
3244 4977 3491 5031 accidisse
3529 4974 3744 5047 quispiam

2190 5072 2475 5135 existimet,
2507 5080 2563 5122 ut
2594 5079 2698 5123 tum
2751 5068 2930 5143 intus.
2981 5064 3318 5121 Medoetiensi
3367 5066 3523 5120 Pauli
3564 5062 3746 5119 Draconi

2187 5163 2239 5229 6,
2299 5165 2347 5228 l,
2405 5162 2596 5215 Rerum
2652 5158 2985 5224 Italicarum,
3048 5174 3169 5230 pag.
3207 5155 3351 5223 447,
3382 5167 3489 5211 tum
3525 5159 3576 5210 in
3615 5169 3699 5208 uno
3727 5165 3747 5201 ε

2191 5255 2390 5308 duobus
2420 5253 2627 5326 objectis
2674 5250 3011 5305 monumentis
3053 5238 3326 5316 utrumque
3370 5264 3555 5302 nomen
3598 5243 3746 5317 parile?

2146 5371 2151 5375 -
2182 5348 2455 5418 jungatur.
2494 5343 2735 5421 Perbelle
2761 5341 2978 5412 quidem
3010 5348 3064 5394 at
3092 5340 3281 5394 leviter
3307 5339 3625 5405 admodum!
3652 5332 3745 5399 Μ’

2180 5444 2374 5517 'menta
2400 5440 2513 5493 hmc
2538 5453 2722 5491 eorum
2754 5447 2878 5490 sunt
2898 5476 2913 5502 ,
2944 5435 3033 5506 qui
3062 5449 3167 5487 non
3198 5449 3416 5489 omnem
3444 5449 3548 5488 non
3569 5430 3745 5487 moveat

2197 5530 2464 5599 lapidem,
2498 5539 2555 5584 ut
2594 5527 2834 5599 opinioni
2862 5543 2975 5582 sua:
3021 5525 3203 5597 fucum
3236 5524 3460 5580 faciant.
3495 5520 3748 5579 Adfueruul

2199 5641 2268 5680 ne
2295 5625 2421 5679 dum
2454 5625 2568 5680 haec
2593 5624 2907 5694 Anonymus
2936 5621 3250 5692 Pipinianus
3278 5619 3574 5684 scriberet,
3604 5620 3745 5670 utsum

2203 5719 2400 5774 mentis
2423 5732 2678 5774 arcanum
2705 5716 2778 5772 illi
2801 5713 3069 5786 aperiret?
3093 5713 3188 5770 llis
3212 5711 3453 5769 versutis
3477 5699 3745 5768 commentis
