3822 6220
105 269 204 324 755

1529 265 2005 324 DISSERTATIO.

3275 274 3380 332 754

102 388 272 458 quale,
311 389 525 444 ﬁrmum
559 389 684 443 licet
723 397 773 442 et
821 395 1026 441 certum
1061 395 1463 440 monumentum
1488 428 1501 450 ,
1534 386 1577 440 si
1601 387 1686 441 ad-
1717 391 1764 448 Α
1795 389 2003 458 objiciat
2028 387 2089 445 8.
2116 387 2374 444 Zenonem
2409 387 2723 458 Episcopum
2755 390 3038 461 Martyrem
3064 406 3165 445 non
3202 393 3381 462 fuisse,

103 482 397 546 mittantur,
433 483 484 533 in
517 491 632 534 tuto
655 493 775 532 esse
801 478 1034 548 poterit?
1062 477 1226 547 Magis
1253 489 1427 532 tamen
1456 479 1686 549 antiqui-

102 573 186 627 tati
215 557 472 626 siudeant
498 585 718 626 llCCt‘SSC
755 582 868 631 est,
903 581 949 624 et
995 571 1116 623 aliis
1149 570 1200 623 iu
1231 571 1462 640 antiquis
1491 571 1686 625 codici-

100 662 194 716 bus
241 663 406 718 verba
479 661 820 716 Confessoris
881 671 935 714 et
994 661 1241 733 Martyris
1295 661 1452 716 simul
1503 662 1685 730 juucla

99 755 400 821 reperit-nt,
429 765 484 807 ut
515 755 568 808 i'n
595 754 796 808 sanctis
821 753 1142 825 Martyribus
1170 754 1424 808 Ferreolo
1476 765 1530 809 et
1558 755 1687 810 Fer-

97 846 310 900 rucioue
342 860 504 915 supra
531 846 836 915 exemplum
869 845 1135 900 dedimus.
1165 847 1350 900 Norint
1371 848 1688 901 etiamanti-

96 936 265 1006 quitus
295 953 422 991 cum
463 937 725 1006 simplicis
750 919 1106 994 ‘Cmtl‘essmis
1134 939 1220 991 vix
1254 939 1408 993 Festa
1445 940 1686 994 celebra-

99 1038 275 1082 rentur
309 1030 530 1084 nomine
555 1028 899 1084 Confessoris
937 1032 1223 1100 aliquando
1255 1031 1568 1086 Pontilicem
1597 1048 1687 1087 so-

99 1122 206 1175 lere
252 1122 515 1191 intelligi,
567 1123 708 1192 quod
759 1123 811 1177 in
855 1123 1053 1177 MisSaIi
1103 1124 1331 1179 Gothico
1383 1134 1608 1195 app.:rct
1654 1142 1683 1179 a

97 1212 575 1278 Tbomasio'edito,
609 1215 699 1267 ubi
723 1214 907 1268 titulus
932 1217 1128 1287 legitur
1153 1236 1166 1272 :
1199 1218 1358 1272 Missa
1381 1221 1532 1273 unius
1559 1218 1687 1272 Con-

97 1308 314 1375 fessorz's.
351 1306 407 1360 lu
435 1308 605 1378 prima
632 1324 759 1363 vero
787 1311 1034 1366 oratione
1075 1314 1146 1366 ita
1173 1314 1426 1368 scribitur
1458 1333 1470 1367 :
1506 1315 1687 1370 Sancti

96 1396 414 1470 Confessoris
441 1402 514 1454 tui
562 1411 610 1456 et
663 1401 926 1473 Episwpi.
976 1404 1040 1458 lu.
1061 1417 1266 1462 secreta
1294 1425 1307 1460 :
1337 1407 1519 1463 Sancti
1545 1405 1684 1462 Con-

96 1492 297 1562 fessoris
320 1493 418 1558 tui,
444 1504 498 1548 et
532 1494 584 1547 in
608 1494 727 1549 aliis
747 1495 956 1570 duabus
976 1498 1344 1553 orationibus:
1370 1497 1688 1570 Confessoris

93 1593 134 1637 et
167 1583 430 1654 Episcopi.
461 1584 516 1639 lu
551 1585 734 1651 titulo,
767 1598 816 1642 et
851 1568 1096 1642 oratione
1135 1599 1342 1644 secreta
1373 1568 1514 1644 idem
1547 1591 1688 1645 valet

74 1693 280 1749 nomen
307 1677 654 1750 Confessoris,
678 1697 741 1736 ac
765 1681 817 1735 in
840 1682 958 1734 aliis
981 1680 1301 1754 Confessoris
1325 1694 1374 1738 et
1422 1682 1684 1754 Episcopi.

1789 496 1903 532 cum
1929 481 1985 533 in
2025 480 2196 552 lapide
2241 481 2410 551 pbsito
2454 482 2505 534 in
2552 484 2745 548 pariete
2781 481 3034 537 Ecclesiae
3075 482 3386 548 supradicta

1791 572 1850 626 8.
1884 571 2149 644 Gregorii,
2178 591 2291 645 qum
2317 585 2363 627 et
2407 573 2468 627 S.
2505 573 2711 628 Helena:
2743 578 3032 645 appellatur
3068 576 3242 630 incisa:
3267 585 3389 631 sunt

1789 664 1969 718 littera:
2015 684 2128 737 qua:
2151 666 2363 732 docent,
2395 666 2532 737 quod
2561 668 2614 720 in
2644 670 3077 723 reconsecratione
3106 671 3257 724 dictte
3286 668 3387 723 Ec-

1789 755 1955 824 clesia:
1980 743 2113 829 tutuo
2147 757 2533 822 ltomiui'll’tO,
2560 759 2724 828 primo
2751 757 3056 826 Decembris,
3084 762 3214 814 inter
3252 761 3385 816 alios

1789 847 2028 914 reliquias
2083 851 2136 903 in
2162 851 2342 904 locello
2373 851 2588 923 majoris
2629 849 2823 903 Altaris
2864 852 3130 920 impositos
3149 893 3164 918 ,
3191 853 3386 924 fuerint

1788 938 1941 991 etiam’
1964 941 2212 1011 imposiue
2236 942 2462 1005 reliquias
2485 943 2544 996 8.
2571 941 2794 996 Zenonis
2826 942 3384 1011 Confessort's.....'Cui

1786 1034 2190 1099 respondebitur.
2221 1036 2356 1106 quod
2391 1053 2504 1090 cum
2537 1035 2618 1091 ho:
2642 1037 2872 1108 reliquie:
2900 1037 3004 1091 sint
3049 1037 3237 1090 etedem
3272 1030 3384 1108 quae

1788 1125 1911 1177 olim
1943 1125 2204 1182 collocatte
2239 1129 2421 1182 ibidem
2469 1129 2670 1196 fuerant
2709 1130 2760 1183 in
2801 1129 2970 1200 prima
3006 1131 3386 1184 consecratione

1789 1214 2041 1271 Maxentii
2071 1217 2410 1286 Put’riarcltte,
2435 1221 2760 1276 subtiluloS.
2784 1220 3008 1275 Zenonis
3034 1217 3303 1292 Martyris,
3329 1229 3387 1276 ut

1790 1311 1944 1379 paulo
1979 1330 2138 1381 supra
2163 1314 2353 1367 dictum
2375 1323 2447 1368 est
2496 1331 2514 1369 :
2545 1315 2689 1367 nulla
2722 1315 2855 1368 ratio
2886 1316 3100 1386 patitur,
3133 1314 3386 1384 quidquid

1788 1404 1843 1456 in
1881 1405 1971 1458 illo
2007 1405 2180 1474 lapide
2229 1416 2408 1460 contra
2446 1392 2602 1476 ﬁdem
2630 1410 2956 1462 instrumenti
2996 1410 3175 1480 primm
3201 1426 3382 1464 conse-

1789 1496 2061 1558 crationis,
2092 1507 2142 1550 et
2180 1497 2408 1551 historiae
2446 1499 2701 1552 veritatem
2725 1500 2960 1569 Idicatur,
3009 1515 3064 1553 ut
3104 1517 3136 1552 a
3175 1503 3387 1554 veritate

1792 1585 2036 1658 Martyrii
2065 1587 2126 1642 8.
2155 1588 2377 1642 Zenonis
2416 1590 2699 1642 recedatur.
2754 1589 2984 1664 Primam
3025 1594 3390 1648 consecratio—

1792 1693 1914 1733 nem
1939 1679 2040 1734 sub
2061 1679 2152 1735 die
2177 1696 2263 1734 xw
2284 1680 2403 1738 Kal.
2431 1681 2678 1735 Octobris
2702 1697 2845 1736 nono
2867 1665 3067 1738 saeculo
3096 1685 3388 1755 incipiente
3458 1757 3462 1760 ~

92 1771 142 1824 ln
171 1772 374 1826 Missoli
415 1788 625 1844 quoque
658 1774 988 1829 Francorum
1033 1775 1102 1829 ab
1139 1775 1339 1830 eodem
1363 1776 1687 1831 Eminentis—
1718 1777 1762 1837 Β
1790 1770 2113 1825 celebratam
2134 1813 2149 1838 ,
2183 1787 2304 1843 cum
2337 1775 2569 1827 secunda
2613 1773 2712 1827 Sub
2745 1773 2833 1828 die
2879 1775 3047 1842 primo
3079 1775 3388 1834 Decembris

91 1866 218 1920 siuio
245 1867 544 1942 '[bomasio
583 1869 731 1923 edito
769 1869 825 1925 S.
872 1869 1106 1924 Hilarius
1150 1869 1490 1925 Confessoris
1529 1871 1683 1926 titulo

91 1959 344 2016 scribitur
369 1979 381 2016 :
409 1961 470 2018 S.
500 1960 736 2018 Hilarius
759 1961 1033 2034 Confessar
1055 1975 1204 2030 tuus,
1235 1963 1309 2018 ita
1357 1965 1410 2019 iu
1438 1964 1684 2020 oratione

92 2063 140 2106 et
167 2055 450 2122 precibus;
483 2065 539 2110 at
569 2056 620 2110 in
647 2058 896 2112 oratione
920 2072 1083 2128 super
1112 2057 1291 2112 oblata
1337 2055 1610 2127 Confessor
1635 2069 1684 2114 et

95 2144 333 2216 Pontifex
359 2139 686 2203 nominatur.
720 2148 1037 2220 Auonymus
1066 2165 1194 2221 ergo
1219 2150 1533 2220 Pipiniauus
1553 2194 1566 2217 ,
1591 2154 1692 2229 qui

89 2232 460 2296 Conle3sorem
504 2249 557 2296 et
588 2241 873 2313 Martyrem
928 2241 983 2298 S.
1015 2242 1475 2312 Zenonem'dicit;
1500 2245 1682 2301 Ponti-

91 2327 232 2383 licem
259 2341 314 2384 et
361 2330 651 2402 Martyrem
679 2333 1010 2404 signiﬁcasse
1042 2336 1309 2404 putandus
1326 2347 1429 2393 est.
1461 2338 1604 2393 Idem
1629 2338 1682 2394 in
1770 2399 1774 2402 ,

91 2418 434 2477 Mcdoetieusi
463 2439 565 2492 ms.
588 2466 604 2490 ,
636 2435 689 2482 et
734 2426 895 2493 alibi,
927 2427 1016 2481 ubi
1046 2426 1164 2482 hare
1199 2429 1464 2498 reperitur
1493 2429 1684 2489 inscri-

89 2515 212 2582 ptio.
248 2515 436 2585 Neque
465 2518 642 2594 minus
670 2520 1048 2586 alluciuantur,
1083 2521 1210 2576 dum
1251 2524 1515 2577 in'charta
1545 2542 1682 2580 anno

89 2605 185 2663 769
205 2610 257 2662 in
279 2610 390 2663 vico
408 2608 758 2680 Compellione
782 2613 836 2668 Μ
843 2615 1180 2670 ediolanensis
1201 2615 1430 2672 diaecesis
1463 2620 1678 2689 scripta,

89 2702 226 2757 etab
275 2705 482 2777 int-lyto
522 2707 788 2775 atque‘de
815 2701 1099 2776 Litteraria
1142 2708 1433 2778 Republica
1479 2713 1681 2782 optime

90 2798 272 2851 merito
317 2797 639 2865 marrhione
686 2801 898 2856 Molleio
941 2802 1081 2856 edita
1132 2803 1272 2857 inter
1301 2813 1704 2871 monumenta,-

88 2905 193 2958 qua:
218 2893 318 2961 ipsi
346 2894 400 2947 in
436 2893 719 2949 Veronensi
759 2897 972 2950 historia
1001 2898 1308 2953 illustranda
1334 2899 1451 2953 usui
1476 2904 1680 2969 fuerunt

88 2994 220 3053 parte
268 2987 469 3052 prima,
521 3004 640 3058 pag.
673 2984 797 3054 575,
847 2989 899 3044 in
946 2988 1049 3059 qua
1097 3004 1427 3046 memoratur
1455 2990 1681 3048 Basilica

92 3073 380 3132 Beatissimi
431 3089 480 3133 et
525 3077 844 3152 Confessoris
891 3080 1082 3152 Christi
1117 3082 1361 3139 Zenonis.
1390 3085 1526 3151 Quis
1569 3063 1676 3142 nuit

1788 1877 1932 1920 anno
1967 1861 2104 1919 1140
2127 1863 2484 1936 confundunt.
2512 1864 2707 1930 Quanti
2734 1880 2864 1920 vero
2891 1865 3132 1920 facienda
3165 1868 3237 1922 sit
3270 1867 3388 1924 huic

1788 1954 2070 2026 inscriptio
2101 1959 2150 2012 in
2203 1959 2437 2015 secunda
2463 1962 2873 2016 consecratione
2918 1963 3119 2030 posita,
3148 1963 3388 2019 ostendit

1788 2050 2104 2107 manifestus
2132 2068 2288 2110 error
2311 2055 2365 2108 in
2394 2071 2455 2108 ea
2488 2063 2700 2125 patens,
2727 2071 2848 2110 cum
2880 2048 2934 2111 S.
2967 2057 3215 2126 Vigiliu'm
3272 2058 3407 2126 cpi--

1787 2159 2008 2214 scopum
2037 2147 2416 2202 Tridentinum
2457 2148 2836 2206 Confessorem
2867 2149 3068 2205 iudicet
3089 2191 3103 2216 ,
3128 2150 3222 2220 qui
3241 2151 3387 2207 omni

1787 2239 1952 2300 dubio
1982 2241 2168 2310 procul
2199 2241 2400 2314 Martyr
2426 2245 2578 2298 obiit.

1861 2331 1926 2387 Et
1951 2332 2279 2389 Coronatum
2331 2333 2606 2392 Notarium
2657 2350 2761 2389 non
2800 2335 2999 2390 timent
3037 2335 3266 2399 aﬂ‘erre.
3294 2337 3386 2406 qui

1785 2423 1844 2479 S.
1896 2423 2165 2480 Zenonem
2216 2428 2266 2480 in
2307 2441 2438 2496 pace
2484 2428 2751 2498 quievisse
2800 2431 3013 2493 asserit,
3053 2426 3382 2483 Coronatum

1786 2517 2024 2587 inquam,
2055 2535 2214 2588 quem
2244 2526 2304 2574 \tt
2346 2529 2512 2574 totum
2552 2530 2846 2576 scatentem
2888 2520 3080 2576 fabulis
3127 2535 3385 2590 respuere

1787 2614 1956 2682 prius,
1981 2630 2124 2668 nunc
2153 2614 2394 2679 laudant,
2422 2615 2646 2685 ejusque
2669 2625 3064 2692 prosequuntur
3089 2617 3386 2671 auctorita-

1787 2718 1916 2764 tem.
1950 2708 2019 2764 At
2043 2710 2154 2779 jam
2186 2726 2344 2776 supra
2378 2710 2783 2764 observavimus
2812 2708 3070 2764 C0ronati
3118 2709 3386 2763 narratio-

1788 2817 1909 2856 nem
1944 2803 1995 2856 in
2028 2803 2289 2858 lcetioncs
2312 2802 2651 2858 distributum
2683 2819 2779 2872 pro
2805 2802 2986 2857 ofﬁcio
3016 2802 3383 2858 Ordinationis

1784 2893 1843 2948 S.
1869 2893 2121 2951 Zenonis.
2152 2894 2332 2962 Quare
2362 2911 2466 2948 non
2501 2896 2847 2950 est'alienum
2875 2937 2890 2960 ,
2924 2904 2981 2949 ut
3005 2895 3124 2965 quis
3152 2895 3251 2948 hoc
3283 2895 3385 2951 sibi

1739 3032 1747 3035 ..
1783 2987 1838 3044 in
1863 2990 2098 3043 animum
2141 2990 2394 3055 inducat,
2443 2998 2502 3044 ut
2544 2989 2728 3044 credat
2768 2985 3096 3044 mentionem
3143 2989 3385 3061 martyrii

1785 3094 1883 3147 pro
1907 3079 2098 3136 eodem
2136 3081 2273 3136 festo
2315 3080 2478 3136 fuisse
2522 3082 2810 3136 sublatam.
2867 3081 2977 3158 Hoc
3018 3080 3212 3135 suadet
3237 3080 3384 3134 varia

87 3168 222 3224 Vitiel
251 3155 415 3226 verbi)
443 3173 530 3228 illa
556 3172 872 3247 Confesaoris
893 3175 1082 3231 Christi
1109 3176 1176 3232 de
1196 3178 1424 3249 simplici
1453 3177 1677 3235 Confes-
1703 3174 1747 3236 ί]
1783 3173 1965 3240 lectio,
1999 3159 2117 3242 (illa!
2140 3176 2190 3228 in
2215 3173 2446 3230 diversis
2475 3188 2603 3230 mss.
2635 3175 2940 3244 inspicitur,
2967 3183 3024 3227 ιιι
3054 3175 3382 3249 notavimus,
3426 3241 3436 3246 _

89 3273 203 3315 sore
221 3264 503 3320 enunciari
539 3279 644 3320 non
685 3267 883 3335 posse?
910 3268 1047 3334 Quid
1070 3285 1198 3322 vero
1226 3269 1480 3324 refrieant
1501 3271 1678 3328 adhuc

89 3352 524 3424 inscriptionem,
572 3375 688 3429 qua:
735 3361 1049 3430 temporibus
1095 3362 1313 3415 Andreae
1359 3362 1679 3419 Patriarchte

90 3437 449 3515 Aquileiensis.
485 3448 542 3503 id
571 3459 646 3504 est
670 3494 685 3518 ,
715 3454 902 3506 saeculo
942 3469 991 3507 tx
1019 3456 1072 3507 in
1102 3454 1291 3523 templo
1319 3454 1379 3510 8.
1404 3453 1640 3530 Gregorii
1658 3500 1672 3522 ,

87 3557 211 3594 nunc
241 3553 415 3597 autem
444 3544 596 3617 vulgo
629 3544 964 3613 S.-Helente,
1003 3548 1053 3600 in
1092 3547 1450 3602 dedicationis
1480 3565 1676 3604 monu-

90 3644 316 3688 mentum
347 3647 517 3690 erecta
557 3638 726 3692 adhuc
755 3640 997 3703 cernitur,
1036 3640 1123 3693 ubi
1164 3641 1309 3694 intra
1327 3641 1674 3706 Sanctorum,

87 3743 190 3792 quae
209 3729 397 3783 ibidem
419 3730 742 3784 continentur
755 3731 1016 3798 reliquias,
1031 3735 1111 3785 lue
1131 3741 1493 3787 recensentur:
1517 3732 1576 3790 8.
1590 3733 1678 3787 Vi-

85 3819 187 3888 gilii
208 3819 465 3893 Confess"
493 3821 554 3879 S.
575 3821 789 3885 Proculi
807 3820 1061 3891 Confess.,
1090 3823 1147 3879 8.
1170 3823 1394 3878 Zenonis
1415 3823 1671 3897 Confess.,

85 3926 195 3967 cum
225 3913 472 3983 ejusdem
527 3915 894 3981 inscriptionis
939 3914 1280 3970 manifestum
1327 3932 1567 3972 errorem
1621 3919 1674 3972 in

85 4003 304 4060 Srltoliis
349 4007 418 4062 ad
449 4008 612 4062 vitam
656 4008 712 4062 S.
743 4007 977 4062 Zenonis
1006 4008 1240 4077 Baptista
1278 4009 1524 4069 Perottus
1562 4013 1676 4066 evi-

85 4095 264 4151 denter
293 4097 651 4154 demonstret.
686 4097 752 4151 ln
796 4101 1133 4154 instrumento
1175 4102 1465 4156 authentico
1497 4104 1676 4167 prima:

87 4190 474 4244 consecrationis
501 4172 746 4244 Ecclesite
775 4191 834 4244 S.
863 4189 1101 4261 Gregorii
1135 4191 1385 4264 Martyris
1407 4195 1549 4264 apud
1577 4194 1676 4250 Ca-

86 4272 377 4343 tin'drttlem‘,
403 4296 519 4347 quo:
539 4282 693 4334 etiam
715 4281 773 4335 S.
804 4281 1016 4336 Ilelenw
1063 4294 1292 4344 vocatur,
1315 4284 1378 4337 de
1398 4301 1495 4350 quo
1519 4302 1677 4353 supra

85 4388 189 4435 rap.
214 4372 244 4424 7
275 4371 467 4425 dictum
490 4383 562 4427 est
584 4416 597 4438 ,
636 4374 1141 4442 quod'assert'abunt
1170 4377 1222 4428 in
1262 4377 1500 4431 Archivio
1541 4379 1676 4433 ntul—

88 4473 184 4516 tum
223 4466 483 4520 reverendi
513 4467 738 4536 Capituli
778 4465 1117 4521 Dominorum
1154 4467 1570 4538 'Canonlcorum,
1601 4473 1675 4526 ita

1781 3267 1877 3324 lib.
1929 3267 1997 3322 de
2041 3270 2300 3340 martyrio
2340 3268 2397 3323 S;
2431 3269 2694 3332 Zenonis,
2729 3242 2856 3338 cap.
2917 3268 2982 3334 5’,
3045 3242 3382 3339 suadentqde

1783 3359 1988 3414 similes
2013 3360 2128 3414 alia:
2156 3361 2478 3415 mutationes
2506 3360 2558 3414 in
2591 3360 2779 3415 eodem
2807 3360 2985 3414 ofﬁcio
3007 3361 3254 3430 superius
3287 3376 3384 3416 no-

1783 3459 1926 3505 latae.
1975 3451 2214 3507 Joannes
2256 3453 2474 3520 quidem
2513 3455 2817 3525 pracsliyter
2847 3454 3252 3513 .Mausionarius
3280 3453 3382 3508 Ec-

1780 3543 1961 3599 clesia:
2003 3543 2356 3611 Veronensis,
2382 3556 2435 3599 et
2466 3546 2579 3614 ipse
2608 3546 2659 3600 in
2691 3561 2784 3601 sua
2837 3542 3058 3599 historia
3109 3544 3382 3613 imperiali

1780 3647 1884 3692 ms.
1917 3637 1984 3692 de
2011 3636 2068 3693 S.
2101 3637 2314 3692 Zenone
2343 3639 2538 3692 asserit
2571 3655 2581 3689 :
2618 3637 2817 3702 Quievit
2839 3638 2892 3690 in
2920 3633 3142 3690 Christo.
3179 3639 3249 3690 At
3279 3637 3382 3690 imo

1781 3729 2013 3784 mediate
2044 3739 2168 3784 ante
2199 3730 2386 3784 scribit
2425 3749 2436 3784 :
2473 3729 2597 3783 Post
2625 3730 2790 3783 multa
2819 3717 3074 3801 supplicia
3104 3730 3294 3801 quieuit
3325 3731 3381 3785 in

1779 3820 2003 3876 Christo.
2052 3822 2209 3877 Forte
2245 3821 2298 3876 in
2331 3821 2658 3876 lectionibus
2689 3821 2830 3877 Festi
2859 3820 3255 3887 Ordinationis,
3288 3823 3378 3878 ab«

1777 3913 1904 3968 latis
1939 3912 2115 3968 verbis
2167 3929 2287 3984 quae
2329 3915 2658 3968 mentionem
2707 3914 2944 3985 martyrii
2975 3915 3379 3984 exprime-bant,

1778 4007 1867 4061 illa
1896 4016 2099 4061 tantum
2130 4007 2312 4062 relicta
2343 4016 2468 4062 sunt
2499 4026 2508 4059 :
2544 4007 2826 4071 Reptiet'it.
2853 4016 2942 4059 aut
2971 4017 3200 4076 receptus
3228 4017 3299 4060 est
3329 4007 3380 4060 in

1779 4115 1924 4170 pace,
1956 4115 2021 4154 eo
2051 4099 2211 4168 modo
2242 4117 2254 4152 :
2284 4114 2347 4155 ac
2392 4101 2435 4152 si
2465 4101 2576 4169 quis
2607 4115 2671 4154 ex
2706 4109 2857 4153 textu
2887 4097 3112 4153 Joannis
3156 4097 3377 4169 presby-

1777 4192 1881 4247 teri
1934 4209 2104 4261 nuper
2146 4191 2343 4246 laudati
2392 4191 2682 4246 delevi.~set
2731 4190 2818 4245 illa
2851 4191 3010 4244 verba
3061 4199 3173 4257 post
3215 4189 3376 4242 multa

1778 4285 2060 4356 supplicia,
2089 4294 2143 4340 et
2171 4264 2473 4353 reliquisset
2503 4285 2686 4354 quievit
2715 4283 2767 4336 in
2793 4282 3014 4336 Christo.
3041 4281 3376 4350 Neque-vero

1779 4378 1955 4432 aliena
1988 4387 2114 4431 sunt
2145 4377 2261 4431 haec
2308 4377 2469 4432 verba
2513 4377 2564 4430 in
2591 4377 2750 4431 Fesm
2779 4377 3031 4446 martyris
3060 4373 3373 4439 recipiendo,

1779 4479 1839 4525 ut
1867 4471 1918 4525 in
1953 4471 2336 4542 Martyrologio
2370 4471 2631 4532 Romano,
2653 4469 2808 4533 1584,
2841 4485 2929 4523 χιχ
2959 4467 3064 4521 kal.
3095 4465 3248 4530 Feb.,
3282 4466 3374 4521 ubi

88 4561 292 4630 legitur:
315 4581 331 4613 t
352 4560 660 4615 Maxentius
684 4560 989 4614 Palriarcba
1007 4561 1369 4631 Aquileiensis
1394 4579 1672 4618 consecra-
1700 4555 1751 4617 D
1778 4563 1846 4617 de
1874 4563 1931 4619 S.
1964 4563 2145 4618 Felice
2167 4565 2362 4634 legitur
2391 4581 2402 4617 :
2439 4560 2620 4617 Clarus
2649 4558 2908 4615 ntiracu‘lis
2939 4562 2990 4612 in
3015 4575 3139 4628 pace
3164 4558 3371 4628 quievit.

87 4653 150 4705 vit
191 4653 519 4713 Ecclesium.
557 4669 714 4722 quam
762 4666 1139 4710 construxerat
1180 4655 1444 4712 Paciﬁcus
1485 4658 1676 4712 Archi-

82 4745 329 4801 diacOous
353 4748 613 4801 Ecclesim
641 4745 843 4802 Veron.
879 4749 931 4802 in
967 4748 1226 4804 llOttOl‘t‘m
1257 4749 1406 4805 Beati
1435 4735 1673 4823 Georgii,

83 4829 128 4889 et
151 4838 293 4892 Beati
320 4839 554 4895 Zenonis
578 4839 870 4912 Martyrum
888 4883 901 4906 ,
929 4841 1270 4914 aliorumque
1284 4846 1670 4901 venerabilium

83 4929 422 4999 Sanctorum,
464 4934 567 4988 sub
609 4935 698 4988 die
733 4950 820 4988 xvx
855 4934 974 4989 Knl.
1003 4934 1289 5003 Octobris,
1333 4948 1384 4991 et
1418 4926 1689 5004 reliquias

84 5025 502 5089 supradicmrum
536 5025 856 5082 Sanctorum
900 5031 950 5082 in
981 5029 1172 5084 locello
1201 5031 1385 5084 altaris
1423 5031 1668 5100 ejusdem

88 5117 328 5194 Ecclesitn
350 5136 514 5175 manu
537 5122 756 5191 protiria
778 5122 1059 5177 collomvit
1089 5141 1101 5176 :
1138 5122 1418 5192 Regnante
1441 5123 1672 5178 Domino

85 5209 265 5269 Carolo
287 5217 338 5268 in
360 5214 538 5281 Italia,
570 5231 712 5293 anno
743 5216 955 5282 pietatis
987 5217 1102 5286 ejus
1134 5233 1242 5281 xu,
1275 5217 1460 5272 intlict.
1487 5210 1541 5272 ν.
1573 5218 1672 5275 Cui

87 5309 466 5361 consecratiooi
505 5323 742 5374 praesens
768 5308 868 5362 fuit
895 5309 1156 5362 Rotaldus
1185 5310 1479 5378 Episcopus
1503 5310 1671 5365 Vero-
1699 5306 1702 5308 ⁷

88 5399 275 5452 nensis.
317 5418 333 5451 ι
372 5398 494 5452 Iitrc
542 5415 604 5452 ea:
647 5401 934 5451 memoriali
980 5397 1049 5452 D.
1097 5400 1378 5453 Alexandri
1418 5399 1665 5465 Canobii,

87 5489 193 5557 qui,
235 5500 290 5542 ut
335 5491 458 5542 mihi
489 5492 678 5543 asserit
707 5507 768 5544 ea:
813 5490 946 5545 dicto
979 5492 1313 5545 instrumento
1353 5510 1410 5546 ea
1453 5493 1671 5560 ﬁdeliter

88 5581 361 5645 exscripsit.
390 5581 455 5634 D.
483 5589 649 5635 autem
674 5580 890 5636 Carolus
911 5583 1030 5635 obiit
1059 5583 1140 5635 die
1161 5584 1230 5637 “28
1250 5582 1510 5652 Januarii,
1537 5605 1672 5642 anno

94 5669 276 5727 Christi
302 5673 428 5739 8H,
455 5684 580 5728 teste
609 5671 795 5728 Carolo
821 5673 1034 5744 Sigonio
1061 5673 1406 5730 Historiarum
1429 5677 1491 5729 de
1517 5695 1673 5753 regno

99 5769 288 5838 ltuliat,
318 5769 404 5828 lib.
436 5779 737 5842 quarto.....
772 5769 968 5842 Aliquis
995 5778 1211 5841 fortasse
1240 5787 1342 5826 non
1367 5772 1558 5837 deerit,
1589 5776 1674 5844 qui

1787 4657 2093 4711 Dctr'actam
2157 4671 2287 4710 vero
2334 4672 2360 4708 a
2410 4655 2568 4709 Festo
2623 4652 2987 4706 ()rdiuationis
3044 4650 3372 4704 mentionem

1784 4748 2027 4819 martyrii
2055 4755 2265 4802 constat
2293 4728 2357 4802 ex
2388 4762 2452 4801 eo
2477 4745 2614 4814 quod
2647 4744 2893 4798 Pcrettus
2918 4755 2970 4798 et
3004 4743 3220 4812 Bagatta
3248 4756 3373 4797 cum

1783 4833 1968 4897 nostro
2003 4841 2255 4895 Dondoro
2288 4842 2339 4894 in
2374 4839 2707 4899 lectionibus,
2739 4853 2856 4906 qum
2887 4836 3158 4904 l2aprilis
3183 4845 3236 4888 et
3269 4835 3378 4890 ve-

1779 4951 1947 5000 route,
1975 4944 2029 4989 et
2058 4935 2266 4988 Pis'torii
2296 4933 2585 4998 antiquitus
2619 4931 2932 4997 legebantur
2956 4932 3007 4984 in
3039 4929 3202 4985 Festo
3232 4943 3377 4983 mar—

1778 5029 1900 5100 tyrii
1931 5027 1987 5082 S.
2019 5024 2251 5090 Zenonis
2290 5039 2408 5076 eam
2440 5038 2496 5077 se
2524 5022 2728 5077 vidisse
2760 5033 3046 5077 testentur.

1849 5117 2032 5184 Quoad
2063 5125 2262 5172 statuta
2288 5131 2414 5169 vero
2443 5114 2775 5170 Veronensis
2805 5117 2951 5168 urbis
2975 5159 2987 5180 ,
3017 5117 3105 5171 ubi
3135 5117 3202 5170 de
3227 5117 3376 5173 cultu

1778 5212 2012 5266 Zenonis
2043 5210 2242 5278 agitur,
2274 5224 2392 5278 quzr
2441 5208 2690 5262 Perottus
2732 5207 2895 5262 refert
2943 5209 2994 5262 in
3042 5207 3276 5265 SCiIOlilS
3303 5208 3373 5265 ad

1777 5303 1953 5359 Vitam
1977 5301 2324 5366 S.,Zeuouis,
2359 5318 2532 5369 neque
2565 5313 2788 5374 martyr,
2822 5318 2994 5371 neque
3016 5302 3294 5357 confessor
3316 5303 3371 5356 in

1778 5397 1885 5451 illis
1916 5397 2110 5466 legitur
2132 5395 2188 5450 S.
2218 5395 2385 5462 Zeno,
2415 5397 2506 5450 sed
2532 5407 2788 5466 patronus
2807 5406 2871 5450 et
2901 5396 3048 5451 urbis
3079 5404 3372 5464 protector.

1779 5489 1919 5546 Alibi
1956 5488 2091 5543 forte
2123 5505 2242 5543 cum
2273 5489 2455 5543 addito
2483 5491 2789 5560 confessoris
2821 5487 3076 5542 scribitur
3110 5486 3166 5542 S.
3199 5487 3369 5542 Zeno.

1781 5582 1849 5636 At
1876 5581 1929 5635 in
1959 5581 2196 5651 antiquis
2229 5582 2525 5643 codicibus,
2558 5590 2613 5633 ut
2642 5594 2801 5648 supra
2824 5577 3378 5643 vidimus,c«ml‘essoa

1731 5693 1738 5698 ί
1782 5676 1858 5732 ris
1885 5691 2077 5730 numen
2124 5687 2411 5743 tmtrtyrem
2446 5673 2746 5742 signiﬁcare
2778 5683 2985 5727 certum
3015 5684 3117 5726 est.
3165 5671 3220 5727 Si
3243 5688 3380 5726 vero

1747 5809 1756 5816 -
1784 5771 2078 5842 pesteriorl
2104 5781 2265 5830 aetate
2292 5769 2482 5826 alicubi
2508 5770 2735 5842 legatur,
2760 5768 2810 5824 id
2844 5784 2909 5825 ex
2931 5761 3204 5825 veteribus
3235 5768 3322 5822 lib:
3342 5757 3387 5822 is
