3822 6220
441 336 541 388 ῖ35

1220 335 1306 391 ΠΕ
1346 335 1669 412 ΟΡΙΝῙΟΝΕ
1708 333 2034 419 BALLERll‘

2148 332 2291 390 mea
2333 333 2487 390 ΖΕΝ.
2534 332 2947 416 tuumnon

3626 337 3718 390 ΤΟ

439 446 712 505 deriwsse
753 445 1056 499 dicendum.
1111 443 1294 514 Neque
1320 447 1464 499 enim
1497 456 1820 501 statulorum
1847 444 2034 502 condi-
2065 446 2457 506 ACaleinlaria
2513 448 2792 503 concernit
2818 490 2831 513 ,
2873 448 3049 502 recnle
3102 462 3221 517 quin
3272 446 3542 512 diximus,
3569 456 3623 502 et
3666 465 3719 503 ea

440 536 867 598 tores.rubricas
897 534 1293 591 ecclesiasticas
1321 539 1699 605 consulebant,
1731 540 1856 594 dum
1892 540 2038 611 leges

440 626 651 691 darent,
685 626 775 682 sed
805 626 1005 681 codicis
1037 638 1089 682 et
1116 627 1473 697 digestorum.
1509 630 1664 684 Aliud
1694 631 1824 685 libet
1856 630 2039 686 exem-

440 721 583 789 plum
615 720 806 775 afferre
853 738 957 790 quo
984 729 1169 791 aperte
1199 732 1463 793 martyres
1488 724 1668 777 vocari
1697 724 2036 778 confessores

438 812 859 869 demonstratur.
910 814 1122 869 Praebet
1171 814 1296 869 illud
1352 815 1619 870 Perottus.
1668 814 1727 871 8.
1778 815 2037 871 Paulinus

441 922 671 974 namque
698 907 895 975 pluries
925 906 1319 974 confessorem,
1343 918 1395 962 et
1428 907 1629 978 pluries
1656 920 1950 981 martyrem
1975 908 2035 965 S.

439 998 672 1055 Felicem
705 998 966 1077 Nolanum
998 1000 1237 1071 appellat
1271 1018 1283 1052 :

561 1134 675 1206 Ipse
690 1133 896 1206 _Opifex,
918 1133 1209 1206 Lux_nostra
1235 1120 1591 1206 DeusTFelieis
1612 1129 1781 1184 amici'

560 1196 786 1247 Natalem
812 1205 941 1247 tanta
966 1197 1117 1245 voluit
1140 1196 1378 1246 decorare
1405 1197 1618 1256 medela,

567 1256 632 1310 Ut
654 1258 955 1311 Confessoris
976 1260 1211 1309 meritum
1237 1260 1445 1308 sublime
1472 1260 1661 1311 patenti

543 1323 769 1371 Munere
795 1328 1109 1379 monstraret,
1136 1334 1231 1371 non
1255 1329 1309 1371 ut
1327 1322 1601 1371 cumularet.
1623 1322 1862 1370 honorem

565 1385 787 1447 Martyris
811 1388 901 1433 hoc
924 1397 1096 1447 opere,
1123 1385 1357 1445 ingentes
1377 1386 1456 1434 cui
1479 1384 1684 1447 contulit
1704 1380 1820 1433 olim

564 1447 820 1497 Nobilibus
844 1446 998 1496 titulis
1022 1446 1288 1497 benedicta
1311 1449 1510 1497 nomine
1533 1446 1734 1510 palmas.

444 1570 648 1627 Eodem
681 1570 841 1626 modo
869 1566 1010 1626 nunc
1041 1557 1401 1641 confessmis,‘
1428 1589 1572 1629 nunc
1602 1574 1856 1646 martyris
1882 1573 2042 1629 titulo

443 1664 503 1721 8.
528 1663 761 1721 Felicem
786 1665 1007 1739 decorat
1026 1664 1167 1721 idem
1197 1664 1256 1721 S.
1290 1663 1546 1721 Paulinus
1576 1666 1628 1721 in
1660 1667 1769 1721 vita
1794 1665 2040 1736 ejusdem

445 1756 504 1811 8.
541 1757 735 1813 Felicis
760 1756 1007 1813 versibus
1058 1757 1388 1814 hexametris
1420 1770 1666 1815 exarata.
1697 1756 1756 1815 8.
1791 1760 2042 1830 Augusti-

2140 541 2303 595 etiam
2357 555 2476 611 quin
2513 539 2887 606 disseruimus,
2922 539 3015 594 lib.
3068 538 3136 594 dc
3168 541 3429 611 martyrio
3475 539 3529 597 8.
3564 539 3719 595 Zeno-

2143 633 2247 699 nis,
2277 648 2397 703 cap.
2435 617 2847 689 lOfProb-abile
2878 648 3007 689 vero
3037 642 3213 688 utrum
3238 633 3338 699 sit,
3367 631 3427 688 8.
3460 632 3716 697 Zenonem

2143 726 2244 781 sub
2283 720 2543 783 Gratiano
2564 727 2939 782 Valentiniano
2960 726 3174 795 juniore
3203 741 3265 781 ac
3298 725 3605 780 Theodosio
3635 726 3721 779 iiu-

2146 821 2480 887 peratoribus
2524 822 2838 892 martyrium
2878 820 3129 885 subiisse,
3161 834 3619 889 supervzicaneum
3649 829 3721 873 est

2143 909 2449 979 inquirere,
2478 927 2602 966 cum
2628 914 2738 981 jam
2772 927 2935 983 supra
2966 913 3193 969 Gallieni
3240 913 3583 983 imperatoris
3617 928 3720 968 aevo

2044 1042 2057 1045 η
2141 1000 2198 1056 8.
2234 1000 2469 1057 Zenonis
2495 1005 2754 1073 cpocliam
2786 1005 3245 1081 constituerimus.

2215 1092 2309 1147 His
2332 1095 2582 1150 omnibus
2602 1097 2885 1164 discussis,
2909 1114 3029 1168 qua:
3046 1110 3233 1155 contra
3257 1098 3576 1156 S.-Zenonis
3597 1113 3723 1153 mar-

2146 1182 2342 1255 tyrium
2372 1185 2580 1256 objecta
2609 1188 2847 1255 fuerunt,
2871 1190 3000 1245 illud
3034 1191 3469 1261 pratercundum
3503 1181 3721 1258 nonest,

2118 1292 2339 1347 nempe
2374 1280 2522 1334 edito
2559 1282 2672 1349 jam
2709 1298 2739 1336 a
2778 1283 3023 1339 Dominis
3071 1285 3379 1359 Balleriuiis
3427 1302 3720 1343 sermonum

2144 1368 2202 1425 S.
2237 1369 2469 1426 Zenonis
2522 1372 2658 1427 libro
2684 1414 2700 1441 ,
2751 1390 3054 1431 sermonem
3084 1378 3370 1446 quemdam
3406 1380 3465 1436 S.
3503 1379 3721 1435 Petronii

2143 1462 2384 1533 episcopi
2414 1462 2739 1521 Veronensis
2771 1468 2872 1536 ipsi
2894 1469 3479 1527 editoresinvenerunt
3500 1515 3515 1539 ,
3553 1474 3603 1527 in
3632 1487 3721 1543 quo

2144 1556 2202 1611 S.
2232 1554 2379 1611 Zeno
2406 1556 2691 1614 confessor
2722 1562 3032 1617 nominatur
3056 1562 3138 1618 his
3168 1566 3347 1620 verbis
3373 1584 3387 1620 :
3425 1566 3616 1621 Probat
3643 1568 3721 1620 hoc

2145 1650 2271 1703 tedis
2313 1650 2465 1705 istius
2514 1652 2761 1721 ampliata
2807 1655 3117 1723 sublimitas,
3145 1674 3257 1727 qua:
3286 1659 3411 1733 dum
3454 1660 3720 1714 sacratissi-

2146 1750 2287 1798 mum
2314 1746 2653 1819 confessorem
2679 1748 2872 1817 gremio
2897 1751 3131 1816 sustinet,
3161 1753 3451 1822 fragrantia
3479 1754 3721 1808 suavitatis

444 1864 547 1916 nus
599 1849 714 1920 ipse
759 1851 1013 1906 eumdem
1051 1850 1109 1907 8.
1140 1851 1376 1908 Felicem
1428 1853 1589 1908 modo
1633 1852 2034 1921 confessorem,

2148 1841 2260 1912 ejus
2289 1840 2438 1910 longe
2468 1841 2666 1911 lateque
2693 1841 3024 1914 dispergitur.
3066 1842 3278 1899 Titulus
3316 1848 3589 1902 sermonis
3612 1855 3685 1902 est
3709 1864 3720 1899 :

444 1942 608 1996 modo
634 1949 925 2014 martyrem
959 1952 1116 1999 vocat
1145 1943 1197 1997 in
1232 1944 1370 1998 libro
1400 1943 1470 1999 de
1497 1941 1635 1998 Cura
1666 1946 1765 2015 pro
1796 1944 2043 2011 mortuis,

445 2048 565 2104 cap.
602 2034 625 2087 1
662 2051 675 2086 :
710 2032 861 2098 Quod
894 2043 1124 2089 materno
1163 2043 1212 2090 et
1241 2036 1329 2099 pio
1354 2032 1543 2101 n/fectu
1592 2035 1902 2090 desideravit
1940 2052 2048 2091 esse

445 2127 775 2196 completum,
804 2138 856 2181 ut
881 2129 1078 2185 scilicet
1116 2129 1170 2182 in
1211 2130 1488 2183 beatissimi
1515 2128 1710 2183 Felicis
1738 2129 2047 2200 confessoris

411 2208 417 2218 ’
443 2220 656 2275 basilica
687 2232 980 2292 poneretur.
1013 2223 1076 2277 Et
1107 2223 1159 2277 in
1190 2238 1310 2291 cap.
1344 2224 1377 2278 4
1404 2241 1416 2276 :
1443 2222 1568 2277 Cum
1596 2239 1715 2294 ergo
1741 2222 1911 2293 ﬁdelis
1936 2240 2047 2278 ma-

447 2325 524 2369 ter
549 2313 717 2385 ﬁdelis
742 2312 841 2383 filii
870 2317 1101 2387 defuncti
1149 2331 1335 2387 corpus
1371 2314 1679 2377 desideravit
1701 2314 1757 2369 in
1784 2316 2047 2369 basilicam

446 2409 689 2478 martyris
712 2409 857 2479 poni,
886 2409 1139 2479 siquidem
1165 2408 1440 2463 crediderit
1468 2412 1579 2482 ejus
1608 2409 1834 2463 animam
1856 2411 2047 2465 meritis

442 2500 687 2571 martyris
716 2498 975 2570 adjuvari.
1033 2502 1108 2556 De
1144 2501 1333 2557 eadem
1362 2500 1587 2556 basilica
1635 2501 1694 2557 S.
1728 2501 2048 2559 Felicis'ld—

444 2596 627 2666 quitur
654 2593 1008 2664 Augustinus.

486 2686 575 2744 ‘Si
613 2703 741 2744 vero
771 2689 824 2742 iu
856 2687 1081 2743 Litaniis
1108 2699 1162 2744 et
1197 2678 1419 2743 Canone
1450 2688 1630 2742 missa:
1663 2687 1804 2744 inter
1830 2690 2045 2747 confes-

445 2795 598 2837 sores
644 2779 703 2836 8.
744 2775 892 2835 Zeno
935 2776 1463 2848 recenseatur,‘hoe
1492 2794 1556 2833 ea
1589 2778 1801 2835 ratione
1845 2780 2047 2838 factum

445 2873 613 2929 fuisse
643 2871 937 2943 putandum
958 2883 1065 2939 est,
1090 2873 1233 2942 quod
1265 2873 1539 2943 processio
1564 2870 1652 2931 die
1677 2859 2047 2935 Ordinationis

447 2967 612 3022 fiebat
639 2966 805 3038 (idem
838 2954 1000 3022 modo
1030 2966 1083 3021 in
1114 2966 1215 3023 liae
1242 2966 1559 3025 Pistoriensi
1587 2970 1830 3025 Ecclesia
1879 2970 1960 3039 fit)
1993 2980 2051 3026 ut

446 3059 677 3115 Litaniae
699 3070 752 3115 et
782 3060 959 3114 missa:
982 3058 1166 3115 Canou
1190 3076 1311 3116 cum
1342 3060 1519 3116 ofﬁcio
1548 3060 1957 3117 concordarent.
1988 3063 2046 3117 In

386 3203 397 3216 ,
446 3153 670 3208 Canone
705 3150 832 3209 vero
875 3163 998 3222 post
1035 3138 1379 3209 confessores
1412 3154 1693 3223 pontifices
1721 3155 1953 3208 locatum
1984 3153 2041 3209 8.

2153 1930 2335 1987 Sermo
2364 1932 2426 1987 S.
2475 1929 2709 1993 Petronii
2748 1936 2979 2006 episcopi
3014 1933 3324 1992 Veronensis
3346 1939 3418 1997 in
3457 1937 3644 1994 Natale
3670 1940 3719 1995 8.

2150 2022 2392 2078 Zenonis.
2429 2025 2580 2082 llunc
2622 2042 2926 2095 sermonem
2960 2030 3097 2101 typis
3122 2023 3274 2085 dedit
3296 2030 3721 2100 przeclarissimus

2150 2116 2427 2175 litterariic
2470 2120 2777 2190 reipublicie
2809 2122 3084 2192 splendor,
3117 2124 3358 2180 marchio
3390 2124 3573 2195 Scipio
3610 2125 3720 2181 Mal-

2151 2209 2310 2278 feius,
2339 2210 2406 2267 de
2430 2226 2537 2282 quo
2564 2214 2702 2268 inter
2729 2213 2833 2268 alia
2861 2215 2938 2270 sic
2964 2214 3161 2272 habet:
3188 2214 3217 2273 1
3227 2216 3245 2270 ι
3275 2216 3450 2272 codice
3476 2217 3505 2270 ὲ
3535 2218 3591 2271 di
3615 2233 3720 2287 poca

2150 2305 2420 2390 anticltitt‘t,
2449 2323 2532 2360 ma
2562 2307 2618 2374 fu
2656 2306 2883 2362 ricat'ato
2908 2308 2974 2361 da
3003 2326 3072 2363 un
3100 2308 3258 2376 altro,
3283 2312 3377 2365 che
3400 2310 3562 2365 ἀοινιὰ
3580 2327 3719 2366 essen

2151 2399 2345 2461 d'assai
2373 2403 2603 2475 maggior
2629 2403 2732 2458 διὰ.
2776 2404 2913 2458 Cum
2949 2404 3219 2475 itaque'ah
3246 2406 3538 2477 antiquiori
3555 2406 3720 2463 codice

2151 2492 2253 2547 hoc
2277 2507 2379 2547 ms.
2403 2493 2667 2563 Originem
2692 2493 2873 2561 ducat,
2893 2511 3068 2566 neque
3088 2496 3266 2552 desint
3287 2499 3562 2569 exempla,
3591 2507 3719 2554 vetuo

2150 2585 2320 2641 stiora
2351 2601 2482 2642 mss.
2520 2602 2642 2657 quae
2684 2586 2742 2645 S.
2774 2587 3009 2646 Zenonis
3040 2578 3357 2663 martyrium
3384 2600 3719 2656 concernuiit,

2152 2680 2319 2738 fuisse
2347 2683 2583 2738 secunda
2629 2698 2788 2739 manu
2820 2692 3094 2753 corrupta,
3122 2694 3177 2737 ut
3207 2683 3259 2737 in
3289 2682 3501 2739 duobus
3543 2684 3719 2755 Marty-

2148 2775 2368 2847 rologiis
2394 2775 2612 2847 capituli
2643 2774 2969 2858 cathedralis
2993 2774 3339 2832 Pistoriensis
3365 2779 3422 2832 et
3456 2776 3720 2832 bibliothe-

2148 2887 2228 2927 ca:
2273 2873 2428 2928 almae
2467 2872 2660 2929 domus
2702 2874 2991 2944 Sapientiae
3035 2873 3193 2945 hujus
3230 2872 3471 2944 ejusdem
3506 2870 3719 2927 civitatis

2150 2969 2511 3037 ostendimus,
2563 2970 2656 3025 lib.
2694 2969 2764 3025 de
2794 2966 3072 3042 'Martyrio,
3109 2969 3166 3026 8.
3204 2970 3480 3034 ~Zenonis,
3527 2984 3642 3040 cap.
3673 2967 3719 3034 Ξ,

2152 3066 2413 3118 incertum
2443 3063 2678 3130 videtur,
2707 3078 2773 3117 an
2817 3064 3150 3133 autograplio
3180 3078 3430 3118 sermone
3460 3063 3519 3118 8.
3551 3061 3720 3117 Petro-

2151 3156 2224 3209 nii
2252 3172 2375 3210 vere
2419 3137 2623 3226 legatur
2667 3160 3032 3227 confessorem.
3090 3145 3219 3210 Nam
3263 3154 3562 3224 epithetum
3605 3152 3719 3207 illud

447 3244 721 3302 Zenonem
748 3262 841 3315 par
871 3256 951 3301 est
980 3245 1225 3311 credere,
1245 3261 1310 3301 eo
1331 3247 1472 3316 quod
1502 3248 1770 3315 posterius
1799 3246 2040 3301 additum
2069 3248 2113 3310 C
2147 3248 2524 3305 sanctissimum
2570 3250 2819 3320 martyris
2854 3250 3026 3316 potius
3047 3258 3205 3318 quam
3236 3246 3565 3301 confisstiris
3591 3246 3723 3298 ride-

445 3330 645 3404 fuerit;
677 3355 797 3393 nam
830 3347 884 3393 et
916 3337 975 3393 S.
1012 3339 1270 3393 Proculus
1309 3347 1433 3408 post
1462 3330 1562 3396 SS.
1597 3340 1879 3405 liilari‘um,
1906 3340 2045 3394 Mar-

444 3434 641 3500 tiuum,
672 3432 1054 3502 Augustinum,
1078 3432 1397 3502 Gregorium
1427 3439 1444 3499 ,‘
1486 3434 1867 3505 Hieronymum
1914 3433 2045 3504 legi-

443 3537 551 3594 tur,
582 3541 677 3583 eos
705 3519 831 3582 licet
857 3534 1016 3581 aetate
1050 3525 1543 3594 praecesserit.Alio
1569 3538 1746 3581 autem
1777 3536 2042 3597 tempore,

446 3627 502 3674 et
547 3621 833 3679 occasione
888 3619 1139 3673 récitatas
1196 3633 1320 3673 esse
1366 3610 1604 3672 Litanias
1633 3660 1646 3684 ,
1692 3616 1826 3688 quid
1880 3618 2043 3671 inde?

414 3698 581 3767 Cum
624 3700 850 3767 Litaniis
892 3711 1000 3783 jam
1032 3727 1132 3783 pro
1160 3710 1324 3767 Festo
1353 3709 1719 3766 Ordinationis
1768 3712 2043 3782 dispositis

447 3814 749 3860 uterentur.
798 3832 799 3835 ‘

409 3924 429 3934 ι
520 3892 576 3950 In
605 3882 1229 3951 Commemorationibus
1256 3894 1635 3951 communibus
1659 3937 1674 3961 ,
1718 3909 1813 3951 seu
1851 3894 2044 3950 suifra-

447 3989 547 4059 giis
579 3998 914 4054 sanctorum,
944 3990 988 4044 si
1018 3990 1385 4073 eonfessorS.
1415 3989 1560 4045 Zeno
1588 3989 1912 4060 appelletur,
1930 3992 2040 4058 jam

386 4112 397 4119 ι
450 4094 518 4134 ex
566 4093 710 4148 saepe
754 4078 1000 4137 adductis
1048 4081 1311 4150 exemplis
1367 4090 1512 4150 patet
1570 4082 1746 4149 prisco
1790 4094 1940 4135 more
1989 4090 2043 4136 et
2132 4072 2140 4075 ’

449 4182 715 4254 martyres
754 4173 1051 4242 appellatos
1097 4172 1264 4227 fuisse
1305 4172 1667 4228 confessores.
1716 4171 1849 4227 Nam
1889 4180 1945 4226 et
1988 4172 2042 4228 in

452 4252 829 4321 benedictione
880 4265 1173 4335 pontificali
1217 4265 1272 4319 in
1326 4252 1488 4320 Festo
1540 4266 1597 4320 s.
1646 4264 2041 4330 Zeuonis,ubi

449 4359 721 4429 praecipue
744 4356 1026 4413 confessor
1053 4359 1387 4422 inscribitur,
1414 4360 1528 4412 haec
1553 4359 1713 4413 verba
1744 4349 1993 4426 leguntur
2024 4376 2037 4412 :

454 4450 788 4518 Omnipotens
835 4450 973 4504 Deus
1003 4466 1047 4502 et
1077 4446 1329 4502 Dominus
1359 4446 1443 4501 det
1470 4450 1615 4502 nobis
1643 4451 1843 4514 copiam
1884 4449 2036 4504 bene-

452 4541 709 4608 dictionis,
734 4543 819 4612 qui
850 4536 912 4595 Β.
936 4528 1199 4599 Zenonem
1235 4539 1330 4594 sibi
1360 4539 1573 4595 adscivit
1616 4543 1797 4595 virtute
1838 4541 2041 4613 confes-

2150 3352 2234 3396 tur
2259 3325 2557 3415 proprium:
2584 3339 2640 3397 Si
2668 3344 2843 3395 tamen
2864 3341 3443 3396 conlessionisnomen
3473 3354 3569 3409 pro
3591 3353 3721 3391 mar.

2149 3445 2265 3507 tyre
2298 3420 2642 3504 accipiamus,
2668 3446 2723 3487 ut
2767 3435 2957 3504 priscis
2984 3432 3317 3503 temporibus
3348 3432 3542 3485 factum
3568 3430 3719 3485 fuisse

2145 3530 2504 3585 indubitatum
2548 3536 2631 3582 est
2651 3536 2675 3594 ,’
2694 3529 2841 3583 nullo
2885 3527 3049 3582 modo
3093 3526 3351 3598 martyrio
3397 3526 3456 3581 8.
3500 3524 3719 3579 Zenonis

2145 3602 2365 3677 officere
2398 3614 2778 3674 satisconstat.
2812 3619 3004 3685 Quanti
3033 3633 3163 3673 vero
3195 3608 3454 3672 momenti
3484 3616 3718 3685 hujusce-

2146 3715 2290 3769 modi
2331 3714 2569 3768 rationes
2598 3713 2729 3779 sint,
2763 3727 2827 3766 ex
2855 3712 3100 3782 sequenti
3132 3707 3464 3779 paragrapho
3494 3707 3717 3779 prudens

2145 3806 2317 3861 lector
2340 3803 2614 3874 dijudieet.

2148 3939 2312 4010 §VI|.
2362 3940 2607 3994 Auctores
2638 3954 2760 3991 mss.
2809 3947 2959 4007 atque
3000 3942 3327 3991 monumenta
3380 3950 3497 4007 quq
3531 3932 3591 3989 S.
3625 3932 3719 3986 Ze-

2478 4069 2485 4075 -
2564 4031 2709 4085 nonis
2733 4031 3036 4101 martyrium
3064 4037 3319 4083 asserunt.

2217 4172 2376 4227 Plura
2401 4171 2713 4242 collegimus
2737 4172 2805 4226 de
2830 4170 3171 4250 martyrios.
3203 4168 3437 4224 Zenonis
3467 4176 3711 4239 agentes,

2144 4264 2240 4319 lib.
2269 4278 2331 4333 ti,
2356 4280 2474 4333 cap.
2504 4266 2557 4330 1,
2583 4263 2640 4328 2,
2672 4266 2727 4329 5,
2748 4262 2805 4329 4,
2834 4279 2951 4333 quae
2983 4262 3053 4317 ibi
3083 4248 3327 4317 eruditus
3372 4248 3534 4316 lec'tor
3559 4258 3714 4326 inslii-

2144 4372 2268 4412 cere
2314 4356 2527 4426 poterit,
2558 4356 2613 4410 8.
2650 4340 2891 4425 Gregorii
2939 4354 3305 4422 incorruptum
3336 4351 3710 4427 testimonium,

2143 4450 2293 4505 Pauli
2319 4449 2559 4516 Diaconi,
2583 4448 2807 4513 Rabani,
2830 4447 3091 4513 Notkerii,
3121 4444 3711 4513 Betlte,'Usuardi,Van-

2143 4543 2393 4607 delberti,
2425 4544 2762 4610 aliorumque
2788 4542 3171 4607 recentiorum,
3203 4542 3293 4610 qui
3322 4539 3587 4595 communi
3614 4538 3713 4592 cal-

446 4638 625 4692 sionis.
646 4636 770 4692 Hice
796 4636 980 4705 verba,
1010 4637 1190 4690 virtute
1216 4635 1571 4702 confessionis,
1602 4648 2038 4706 martyrem,uon
2070 4630 2118 4689 Ι)
2144 4634 2269 4689 culo
2300 4643 2588 4705 martyrem
2612 4633 2669 4688 8.
2696 4632 2964 4696 Zenonem
2987 4632 3305 4697 decernunt,
3336 4647 3502 4702 neque
3545 4631 3712 4699 plures

450 4725 748 4796 simplicem
775 4726 1144 4783 confessorem
1176 4726 1503 4798 significant.

522 4819 654 4889 Quae
684 4826 906 4886 restant,
953 4833 1145 4889 nempe
1174 4837 1185 4871 :
1221 4818 1369 4884 Quod
1408 4834 1499 4872 nec
1533 4816 1841 4883 Rat/terius,
1868 4819 1954 4888 qui
1974 4819 2035 4874 S.

447 4913 706 4967 Zenonem
745 4914 852 4966 suis
882 4913 934 4965 in
986 4913 1222 4983 operibus
1247 4923 1295 4968 et
1326 4907 1623 4981 honoriﬁcis
1645 4904 1849 4982 quidem
1877 4913 2039 4968 titulis

444 5004 653 5078 allegat,
687 5021 777 5057 nec
804 5005 1133 5075 manuscripti
1170 5015 1435 5069 tractatus,
1468 5006 1599 5057 inter
1627 5022 1751 5072 quos
1775 5003 2040 5059 erensis

445 5098 836 5169 antiquissimus
881 5098 997 5150 huic
1028 5096 1125 5165 ipsi
1152 5096 1396 5151 Ecclesia:
1434 5098 1564 5151 inter
1587 5114 1734 5151 sacra
1759 5098 1922 5166 ofﬁcio
1950 5099 2035 5150 in~

444 5192 666 5254 servivit,
696 5206 786 5243 nec
815 5189 1111 5241 calendario
1137 5189 1239 5241 sive
1270 5202 1458 5255 nostra,
1482 5207 1585 5245 sive
1604 5191 1793 5251 aliena,
1819 5206 2035 5260 quorum

447 5282 599 5354 plura
646 5282 769 5335 vidit
819 5280 883 5341 P.
925 5279 1300 5345 Hense/tertius,
1342 5298 1455 5351 cap,
1493 5284 1561 5354 1,¹
1590 5301 1643 5337 n.
1693 5278 1748 5348 5,
1788 5299 1909 5352 pag.
1941 5283 2032 5348 70,

446 5388 718 5446 martyrem
766 5376 914 5428 illum
963 5384 1162 5439 vocant,
1191 5374 1280 5427 sed
1308 5377 1414 5427 solo
1442 5376 1744 5445 confessoris
1776 5375 1925 5446 titulo
1952 5377 2032 5428 in-

444 5470 706 5541 signiunt;
745 5468 883 5534 hinc,
911 5467 1151 5538 inquam,
1180 5468 1482 5537 argumenti
1528 5469 1759 5539 negativi
1798 5469 2027 5524 abusum

447 5562 545 5616 hac
583 5564 633 5614 in
675 5562 1064 5630 disceptatione
1094 5576 1201 5631 pra:
1229 5574 1289 5615 se
1320 5558 1519 5625 ferunt,
1544 5576 1716 5629 neque
1744 5562 1875 5615 tanti
1906 5570 2031 5615 sunt

449 5655 723 5723 tonderis,
751 5666 810 5710 ut
853 5658 1074 5725 praecisa
1125 5655 1480 5726 responsione
1514 5653 1633 5724 quis
1667 5670 1728 5708 ea
1775 5655 2034 5724 suscipiat

376 5774 383 5781 ο
447 5751 723 5813 refellere;
767 5766 889 5805 cum
918 5760 997 5806 tot
1032 5753 1151 5807 aliis
1182 5751 1566 5815 monumentis,
1596 5759 1651 5804 ut
1678 5765 1799 5805 mox
1830 5751 2034 5806 videbi-

448 5858 586 5911 mus,
621 5842 679 5900 S.
708 5842 935 5899 Zenonis
963 5846 1277 5917 martyrium
1296 5843 1699 5915 comprobetur.
1728 5842 1878 5909 Quod
1903 5859 2032 5901 vero

2074 4796 2079 4800 ἡ
2141 4730 2232 4783 alii
2262 4730 2478 4795 desunt,
2509 4727 2602 4798 qui
2632 4729 2834 4783 eisdem
2868 4728 3202 4782 consentiunt
3228 4744 3243 4792 ;
3273 4728 3504 4781 Joannes
3532 4712 3712 4779 Diaco-

2144 4838 2243 4876 nus
2287 4825 2337 4874 in
2369 4821 2485 4875 Vita
2529 4820 2586 4875 S.
2612 4820 2879 4890 Gregorii,
2910 4821 2997 4884 '55,
3032 4821 3152 4873 Ado
3183 4819 3269 4873 die
3293 4827 3474 4896 octava
3505 4818 3709 4871 decem-

2142 4915 2251 4968 bris
2282 4916 2332 4968 in
2360 4914 2741 4976 auditionibus,
2766 4912 3080 4967 Guillelinus
3107 4912 3433 4981 Paslrengns
3450 4910 3710 4965 Verooen-

2148 5007 2221 5060 sis
2252 5008 2300 5059 in
2332 5007 2468 5060 libro
2497 5008 2561 5060 de
2606 5004 2910 5073 Uriginibns
2932 5043 2947 5068 ,
2980 5006 3067 5073 qui
3114 5003 3313 5057 saeculo
3346 5018 3432 5056 xw
3460 5000 3665 5069 scripsit
3694 5016 3705 5049 :

2146 5099 2285 5153 Zeno
2318 5098 2616 5151 Veronensis
2637 5099 2901 5169 episcopus
2922 5094 3144 5150 Gallieni
3162 5097 3481 5166 imperatoris
3502 5105 3709 5165 tenip».re

2145 5192 2356 5260 insignis
2381 5190 2616 5254 habetur,
2642 5201 2689 5243 et
2713 5174 3012 5260 martyrium
3033 5191 3247 5261 potitur.
3281 5189 3353 5242 Ita
3376 5189 3705 5256 Pastrengus.

2144 5282 2328 5338 Sixtus
2366 5268 2621 5337 Senensis
2652 5283 2702 5335 in
2722 5282 3074 5347 Bibliotheca,
3099 5282 3235 5336 libro
3256 5298 3313 5342 ιν
3348 5298 3361 5335 :
3394 5279 3526 5334 Zeno
3553 5277 3707 5349 604

2152 5376 2366 5430 Verona:
2377 5370 2644 5445 episwpus
2663 5386 2708 5429 et
2731 5388 2941 5447 martyr.
2964 5375 3302 5430 llermannus
3323 5375 3632 5428 Commotus
3659 5373 3706 5421 in

2136 5468 2405 5525 Chronico
2434 5469 2501 5522 de
2529 5483 2623 5523 sex
2656 5473 2834 5524 mundi
2880 5470 3132 5524 aetatibus
3161 5487 3173 5522 :
3202 5467 3355 5523 Passi
3395 5478 3506 5521 sunt
3552 5464 3709 5536 (Gal-

2137 5564 2281 5616 lieno
2328 5562 2663 5631 imperante)
2701 5562 2878 5616 Romae
2908 5560 3168 5616 Fabianus
3208 5580 3457 5631 papa.....
3501 5557 3707 5612 Verona:

2138 5654 2278 5708 Zeno
2301 5655 2587 5724 episcopus.
2621 5639 2980 5710 Bernnt'dinus
3003 5657 3213 5717 Curius,
3235 5669 3290 5710 et
3318 5658 3431 5726 ipse
3458 5656 3507 5709 in
3540 5652 3707 5709 Histo-

2138 5749 2218 5802 ria
2252 5749 2637 5803 Mediolanensi
2676 5752 2757 5804 de-
2782 5748 3024 5805 Gallieno
3071 5753 3398 5821 imperatore
3440 5763 3621 5820 agens,
3648 5747 3699 5803 S.

2139 5842 2410 5897 Zenonem
2446 5841 2812 5900 Veronensem
2854 5845 3164 5916 episc0pum
3210 5848 3466 5919 martyrio
3486 5860 3701 5901 corona-
