3822 6220
143 252 247 335 Ὶεέτ

1587 277 2066 359 υιεδειιτΑτιυ.
2156 252 2161 253 ί

3338 286 3446 345 7ἒὸ

140 402 251 448 tum
278 393 437 449 dicit.
478 393 621 449 Idem
650 393 842 467 asserit
873 390 1610 457 Vincentius,Bellovacensis
1639 405 1740 446 suo
1768 395 1817 453 Α
1857 394 1947 446 site
1981 393 2291 449 cathedralis
2325 394 2557 451 Vcrome.
2602 396 2749 453 Idem
2790 398 2845 451 in
2894 397 3271 469 Martyrologio
3315 402 3479 463 orni-7

140 486 194 539 in
227 484 469 555 Speculo
497 485 756 540 historiali
781 484 918 548 ,-lib.
951 499 1011 550 ιι,
1040 499 1160 555 cap.
1191 484 1279 539 83.
1314 483 1582 539 Marianas
1616 484 1745 540 Sco-

140 585 227 632 tus
277 568 333 632 in
378 576 653 633 Chronico
700 576 757 632 8.
784 575 1020 648 Zenonis
1067 577 1383 649 martyrium
1418 576 1567 646 ponit
1602 591 1744 631 anno

141 668 341 725 Christi
385 668 519 735 369,
552 684 670 739 qua:
698 684 829 725 vero
856 678 1041 724 contra
1087 677 1354 724 tantorum
1385 668 1618 729 virorum
1643 685 1743 749 au-

142 764 458 819 ctoritatem
485 753 854 833 opponuntur,
875 778 1036 833 supra
1060 757 1258 832 rejeeta
1282 770 1427 816 sunt.
1457 762 1742 827 Complura

144 858 306 912 etiam
343 872 451 912 ms.
481 873 542 912 ac
566 868 745 913 vetera
775 867 1119 929 monumenta
1162 865 1451 927 martyrem
1479 855 1536 912 S.
1570 856 1746 913 Zeno-

144 964 265 1005 nem
284 950 647 1005 conftrmant.
682 950 812 1017 Quae
855 948 909 1004 in
952 949 1549 1008 Ecclesia.Pistoriensi
1588 964 1747 1020 repe-

144 1029 389 1107 riuntur,
450 1051 572 1127 cap.
604 1042 661 1110 2,
692 1044 784 1099 lib.
841 1044 910 1099 de
954 1044 1212 1116 Martyrio
1251 1045 1307 1100 S.
1367 1044 1599 1099 Zenonis
1645 1058 1743 1098 ex-

143 1138 499 1208 scripsimus;
533 1153 654 1209 pag.
683 1147 863 1194 tamen
890 1138 1000 1201 ~69,
1029 1153 1184 1195 error
1214 1138 1431 1207 irrepsit
1481 1140 1532 1191 in
1578 1137 1748 1191 addu-

141 1230 329 1285 cendis
372 1231 603 1301 catalogi
643 1218 921 1300 cujusdam
969 1231 1186 1287 verbis:
1218 1230 1483 1299 Depositio
1527 1230 1587 1286 S.
1648 1229 1747 1283 Ze-

144 1312 292 1375 nonis
332 1322 546 1389 patroni
576 1315 737 1378 nostri
776 1308 1377 1401 Veronensis‘martyris,
1417 1323 1485 1376 ita
1533 1322 1659 1393 legi,
1688 1332 1748 1376 ut

143 1414 346 1484 antiqui
372 1416 742 1481 characteres,
763 1425 819 1471 et
846 1394 1111 1470 vetustate
1135 1430 1241 1469 non
1266 1406 1457 1468 l'éviter
1479 1414 1746 1483 assumpti

143 1506 318 1576 primo
363 1518 585 1577 aspectu
614 1522 725 1577 prae
751 1521 811 1561 se
833 1506 1098 1561 ferebant.
1140 1505 1211 1559 At
1239 1507 1597 1575 perlustrante
1620 1496 1748 1560 illu-

143 1598 542 1657 strissimorum
587 1597 980 1654 Canonicorum
1021 1597 1277 1653 Archivio
1307 1598 1464 1653 Adm.
1495 1598 1561 1652 Β.
1590 1597 1750 1652 Patre

143 1690 441 1746 Francisco
469 1692 702 1747 Antonio
729 1690 988 1746 Zacharia
1032 1689 1090 1745 S.
1123 1689 1171 1745 Ι.
1207 1705 1464 1754 summie,
1499 1704 1753 1745 consum-

1845 491 2092 557 qnissimo
2117 491 2367 553 Fratrum
2410 496 2605 550 ordinis
2630 495 3042 552 Prwdicatorum
3060 538 3077 564 ,
3112 497 3252 567 quod
3278 513 3450 551 serva—

1848 593 1931 637 tur
1956 586 2009 638 in
2039 586 2152 640 loco
2174 604 2321 658 quem
2351 584 2563 645 Fratres
2604 587 2663 643 S.
2700 589 2986 644 Anastasio:
3028 588 3317 659 depositum
3362 602 3450 641 ro-

1846 688 1984 732 cant.
2041 677 2190 733 Idem
2242 682 2296 734 in
2342 681 2721 752 Martyrologio
2769 685 2980 752 antiquo
3030 699 3093 737 ea:
3136 681 3449 737 membranis

1846 772 2196 842 manuscripto
2234 774 2538 827 monialium
2571 772 2818 827 Ecclesia:
2847 774 2908 829 S.
2946 773 3133 829 Maria:
3172 772 3451 847 Magdale—
3505 799 3529 820 .-

1850 880 1930 918 ηαξ
1953 865 2004 917 in
2033 864 2228 932 Campo
2262 865 2456 919 Martio
2506 866 2701 919 ordinis
2732 849 3015 922 Minorum.
3046 865 3191 920 Idem
3216 868 3270 921 in
3299 866 3449 920 Mar-

1848 938 2101 1030 tyrologio
2132 957 2435 1029 monialinm
2463 957 2524 1013 S.
2558 958 2728 1030 lancia:
2763 956 2980 1012 Verona:
3022 958 3218 1011 ordinis
3259 958 3319 1014 S.
3350 957 3449 1011 Bc-

1848 1029 2059 1110 nedicti,
2090 1047 2331 1102 I’erettu‘s
2376 1049 2429 1101 in
2472 1029 2717 1102 Schizliis.
2750 1045 2816 1100 In
2850 1046 3225 1120 Martyroloqio
3252 1049 3450 1101 ordinis

1850 1137 2257 1194 Prwdicatorum
2292 1148 2419 1211 post
2456 1140 2730 1193 concilium
2775 1138 3137 1192 Tridentinum
3171 1143 3448 1209 reformato
3501 1173 3505 1177 ν

1849 1232 2040 1297 dicitur
2069 1246 2086 1285 :
2115 1230 2293 1285 Pridie
2322 1230 2451 1284 Idus
2480 1231 2676 1299 Aprilis
2704 1231 2997 1293 eadem‘die
3025 1229 3322 1285 S.Zenonis
3336 1222 3447 1301 epi-

1850 1324 2025 1392 sc0pi,
2050 1324 2134 1394 qui
2181 1324 2314 1376 inter
2354 1324 2609 1394 procellas
2654 1323 3061 1394 persecutionum
3115 1321 3448 1376 Veronensem

1851 1420 2027 1471 urbem
2073 1412 2375 1470 mirabiliter
2418 1419 2571 1485 rexit,
2602 1435 2663 1471 ac
2695 1429 2922 1487 (erupere
2952 1415 3175 1491 Gallieni
3206 1420 3451 1488 martyrio

1854 1520 2127 1563 coronatus
2156 1519 2249 1564 est.
2282 1509 2480 1564 Iisdem
2522 1510 2636 1565 fere
2671 1512 2847 1565 verbis
2886 1510 3133 1565 Perottus
3175 1512 3318 1565 aliud
3360 1527 3450 1565 re-

1854 1601 1961 1657 fert
2001 1602 2463 1672 Martyrologium,
2493 1601 2639 1671 quod
2670 1602 2828 1657 Viola
2855 1612 3165 1656 sanctorum
3196 1603 3446 1657 inscribi-

1857 1702 1962 1756 tur,
1992 1701 2047 1747 et
2089 1691 2237 1757 aliud
2264 1693 2704 1763 Martyrologium
2735 1694 2873 1762 apud
2900 1692 2961 1748 S.
2993 1692 3231 1747 Marcum
3252 1694 3307 1748 in
3334 1693 3457 1749 urbe

142 1793 413 1855 matreque
440 1783 763 1839 eruditionis
792 1784 930 1850 viro,
952 1783 1292 1851 antiquarum
1328 1798 1510 1837 rerum
1537 1781 1748 1852 peritis—
1780 1796 1827 1855 Β
1854 1784 2046 1841 Roma.

142 1877 491 1948 simo,‘cujus
515 1877 683 1934 aciem
712 1874 844 1932 nihil
875 1875 1029 1947 fugit,
1054 1868 1438 1946 attentiorique
1468 1875 1743 1945 diligentia

144 1968 390 2041 inspecto
423 1984 525 2026 ms.
556 1970 626 2025 ita
678 1970 959 2041 legendum
1002 1962 1148 2035 esse,
1177 1982 1512 2039 compertum
1543 1980 1656 2032 cst,
1690 1983 1747 2024 ut

144 2060 229 2118 hic
258 2062 462 2139 vides,
495 2062 664 2139 nostri
702 2062 886 2119 Vicvis
930 2080 1030 2118 mr.
1075 2063 1204 2118 Nam
1239 2071 1361 2134 post
1384 2066 1603 2119 verbum
1638 2062 1747 2116 Pa-

145 2155 279 2209 troni
305 2155 472 2210 nostri
498 2164 746 2231 punctum
776 2165 882 2223 est,
917 2143 1205 2211 alia-verba
1237 2157 1316 2223 sic
1340 2155 1580 2229 legenda
1622 2165 1749 2210 sunt

146 2250 440 2317 separatim
472 2248 540 2304 ab
559 2248 1006 2327 antecedentibus
1040 2248 1258 2303 Victoris
1287 2250 1552 2331 martyris.
1586 2232 1749 2303 Erro-

149 2357 235 2398 res
260 2352 500 2413 namque
532 2359 680 2399 meos
708 2343 863 2397 lateri
894 2358 1001 2397 non
1031 2343 1313 2397 erubesco.

124 2482 129 2487 .
216 2435 666 2493 Vetustissimum
706 2452 811 2492 ms.
844 2437 1114 2507 Anonymi
1156 2434 1420 2504 Pipiniaui
1452 2445 1626 2491 octavo
1654 2450 1750 2489 sa:-

151 2528 265 2583 culo
295 2540 515 2584 exeunte
539 2530 617 2583 vel
645 2522 825 2584 saltem
852 2530 1055 2582 ineunte
1084 2519 1272 2582 stet:qu
1300 2541 1434 2581 nono
1462 2526 1747 2596 scriptum,

151 2629 209 2674 ut
248 2608 466 2681 Dnniini
493 2622 769 2676 Ballerinii
800 2622 1003 2691 optime
1031 2620 1347 2690 conjiciunt,
1382 2620 1438 2677 S.
1473 2608 1748 2675 Zenonem

153 2725 447 2801 martyrem
479 2716 624 2770 canit
656 2712 707 2770 in
739 2730 838 2769 suo
864 2704 1099 2785 Rythmo
1127 2731 1139 2767 :
1588 2792 1595 2796 Δ

274 2806 494 2858 Octavus
516 2813 676 2871 pastor
695 2815 748 2858 et
770 2805 1033 2864 confessor,
1055 2803 1189 2854 Zeno
1210 2803 1625 2867 martyrinelytus.

221 2881 611 2955 Authenticum
660 2901 1071 2954 instrumentum
1103 2909 1346 2968 tempore
1389 2879 1570 2951 Caroli
1612 2895 1753 2967 regis

94 2986 101 2991 ’
154 2994 314 3049 Italia:
343 2994 438 3065 qui
471 3003 608 3049 teSIe
651 2993 894 3064 Sigonio,
930 2990 1023 3048 lib.
1066 3008 1119 3047 tv
1170 2991 1305 3046 Hist.
1339 2991 1407 3046 de
1455 3005 1621 3061 regno
1648 2988 1752 3043 lta—

155 3086 262 3153 liae,
292 3102 443 3144 anno
494 3088 598 3144 8M
652 3086 816 3152 obiit,
868 3086 1178 3155 stipulatum
1232 3083 1517 3139 occasiOne
1567 3082 1752 3152 primre

1919 1879 2179 1948 Quaedam
2205 1895 2419 1951 quoque
2442 1878 2740 1953 fragmenta
2779 1896 2809 1937 a
2840 1881 3105 1937 Panvinio
3135 1881 3364 1936 collecta
3394 1896 3458 1935 se

1847 1974 2046 2029 vidisse
2066 1975 2204 2029 idem
2235 1975 2480 2029 Perettus
2505 1984 2752 2040 testatur,
2780 1990 2899 2044 quze
2921 1974 3162 2045 martyrii
3192 1974 3249 2031 S.
3280 1974 3458 2029 Zeno-

1849 2066 1933 2120 nis
1963 2067 2292 2121 mentionem
2326 2066 2565 2131 faciunt;
2596 2067 2766 2135 ipsius
2792 2067 2955 2121 verba
2980 2064 3209 2120 referant
3238 2080 3303 2119 ex
3333 2079 3455 2133 cap.

1849 2154 1883 2209 5
1922 2156 2056 2211 Viue
2106 2159 2164 2214 S.
2219 2157 2475 2213 Zenonis.
2529 2156 2594 2210 In
2645 2156 2821 2211 alcuni
2881 2157 3122 2228 framenti
3165 2156 3219 2209 di
3272 2142 3459 2210 Fratre

1856 2248 2080 2321 Onofrio
2132 2248 2395 2303 Panvinio
2436 2247 2711 2302 :Veronese
2742 2246 2985 2301 Cronista
3030 2247 3459 2316 diligentissimo,

1850 2344 2211 2414 investigatore
2238 2342 2373 2397 delle
2399 2357 2516 2396 case
2537 2341 2763 2406 anticlte,
2791 2342 2808 2393 i
2843 2339 2985 2407 quali
3012 2340 3274 2399 pedemmo
3305 2337 3394 2391 adi
3422 2336 3458 2391 4

1852 2432 2108 2490 Fcbbraio
2138 2435 2273 2490 1574
2302 2450 2571 2503 oppresso,
2598 2431 2768 2487 Paolo
2800 2448 2893 2486 suo
2916 2430 3147 2485 Fratello
3176 2431 3221 2485 si
3248 2430 3461 2500 fanten-
3494 2486 3503 2501 ί
3558 2457 3566 2464 -

1852 2527 1988 2582 tione
2016 2529 2070 2581 di
2097 2540 2215 2582 aver
2243 2528 2381 2593 letto,
2410 2525 2501 2579 cite
2532 2524 2594 2581 S.
2624 2523 2763 2579 Zeno
2799 2523 3023 2579 Vescovo
3052 2524 3116 2577 edi
3152 2521 3352 2576 Verona
3379 2518 3459 2576 sia

1838 2626 1986 2672 stato
2008 2619 2196 2689 legato,
2227 2634 2254 2671 e
2281 2618 2436 2671 molte
2469 2617 2603 2686 volte
2632 2631 2805 2685 preso,
2837 2632 2863 2669 e
2892 2614 3108 2668 battuto.
3142 2611 3207 2667 Et
3228 2630 3299 2666 un
3325 2616 3458 2682 fatto

1854 2729 1885 2765 o
1911 2720 2084 2780 questo
2121 2715 2384 2781 confornte
2412 2711 2457 2763 si
2483 2711 2626 2782 legge
2656 2709 2866 2779 esserin
2892 2717 3108 2761 avenuto
3134 2705 3347 2775 essendo
3367 2721 3463 2758 an-

1855 2802 1978 2857 dato
2005 2820 2037 2855 a
2083 2803 2348 2872 predicare
2376 2800 2511 2855 nelle
2553 2802 2691 2870 parti
2737 2800 3074 2868 qltramarine
3102 2795 3222 2851 dell‘
3256 2798 3400 2864 Asia,
3432 2813 3461 2851 e

1856 2890 2303 2964 particolarmente
2333 2892 2471 2946 nella
2501 2893 2679 2950 Seria.
2725 2889 3039 2965 Perciocche
3066 2890 3137 2943 da
3162 2906 3231 2942 un
3267 2882 3462 2943 Ponte-

1856 2978 1952 3055 fice
1981 2985 2044 3039 de
2074 2983 2174 3039 Dei
2216 2985 2340 3055 falsi
2363 3002 2390 3039 e
2429 2984 2667 3055 bngiardi
2697 3000 2792 3037 con
2811 2984 2925 3038 suoi
2970 2984 3173 3054 segnaci
3196 2982 3253 3052 fu
3279 2999 3459 3053 preso,

1857 3079 2026 3151 legato
2053 3096 2078 3132 e
2106 3078 2326 3144 battuto,
2358 3095 2386 3132 e
2415 3078 2469 3132 di
2501 3078 2587 3148 poi
2628 3079 2685 3148 fit
2713 3073 2801 3147 per
2842 3078 2988 3147 aspri
3041 3076 3216 3148 luoglti
3260 3062 3463 3130 crudel-
3522 3120 3527 3126 .

155 3180 578 3235 consecrationis
607 3178 851 3234 ecclesia:
877 3176 934 3233 8.
967 3175 1211 3246 Gregorii
1243 3186 1296 3229 et
1338 3174 1573 3230 Zenonis
1593 3216 1607 3240 ,
1635 3189 1757 3244 qua:
1784 3177 1829 3240 C
1860 3180 2027 3226 mente
2055 3170 2377 3234 strascinato,
2407 3180 2452 3223 et
2475 3170 2673 3223 avendo
2713 3171 2878 3240 legate
2905 3167 2951 3221 le
2989 3169 3151 3234 mani,
3184 3168 3277 3221 eti
3302 3168 3460 3237 piedi,

157 3288 296 3329 nnne
320 3274 554 3329 Veronze
583 3274 639 3329 8.
668 3273 886 3328 Helenae
916 3268 1449 3339 nuncupatur,enjns
1472 3269 1633 3323 verba
1663 3284 1753 3323 su—

160 3382 246 3435 pra
272 3368 580 3432 retulimus,
606 3365 663 3421 S.
690 3365 964 3419 Zenonem
992 3350 1244 3435 martyris
1265 3361 1420 3416 titulo
1442 3362 1678 3416 decorat.

223 3440 280 3512 In
328 3445 566 3529 quodam
610 3456 888 3528 privilegia
918 3470 948 3509 a
982 3456 1307 3524 Berengario
1337 3453 1664 3508 monasterio
1693 3452 1775 3507 S.‘

160 3549 390 3606 Zenonis
444 3566 709 3605 concesso
722 3563 866 3603 anno
885 3548 1013 3611 901,
1045 3548 1101 3602 8.
1127 3547 1373 3603 Zeno‘bis
1396 3544 1674 3601 confessor
1701 3552 1757 3599 et

164 3644 329 3713 semel
360 3648 569 3714 martyr
603 3641 831 3707 dicitur,
869 3641 1025 3695 sicuti
1065 3633 1363 3709 antiquitus
1403 3639 1456 3693 in
1498 3654 1596 3692 usu
1636 3646 1755 3693 erat

164 3750 427 3809 martyres
456 3736 796 3793 confessores
822 3737 983 3790 etiam
1014 3735 1305 3804 appellare.

224 3809 424 3885 lnalio
461 3844 675 3900 quoque
717 3826 1000 3896 privilegio
1027 3826 1201 3881 eidem
1233 3826 1584 3893 monasterio,
1612 3840 1755 3889 anno

164 3911 301 3981 1055
344 3938 608 3979 concesso
636 3923 705 3977 ab
749 3921 980 3976 Henrico
1024 3920 1374 3990 imperatore,
1406 3903 1466 3976 S.
1498 3919 1642 3975 Zeno
1672 3918 1755 3975 his

164 4028 363 4091 martyr
385 4018 604 4073 dicitur.
1042 4055 1047 4061 .
1586 4002 1589 4005 ’

230 4111 472 4167 Ecclesia
515 4106 891 4179 Frisingensis,
925 4121 1047 4176 quae
1075 4094 1105 4161 a
1134 4106 1190 4162 S.
1222 4105 1551 4161 Corbiniano
1584 4106 1756 4177 primo

163 4201 401 4272 ejusdem
435 4199 691 4255 Ecclesiae
734 4189 1009 4268 episc0po.
1040 4198 1196 4269 cujus
1235 4198 1418 4253 obitus
1462 4196 1605 4253 ahno
1650 4198 1755 4255 730

164 4294 445 4365 contingit,
472 4294 677 4350 cultum
708 4292 767 4349 S.
795 4291 1031 4353 Zenonis
1058 4291 1253 4359 hausit,
1288 4302 1577 4363 martyrem
1604 4307 1756 4349 sem-

165 4404 255 4458 per
281 4388 519 4460 agnovit.
1022 4438 1023 4441 η
1082 4454 1084 4457 λ

230 4480 611 4537 Calendarinm
646 4478 826 4533 smculi
859 4477 982 4532 noni
1012 4520 1026 4543 ,
1061 4476 1494 4534 Saeramcntario
1537 4477 1593 4533 S.
1622 4477 1757 4533 Gre-

1857 3278 1884 3315 e
1908 3261 2254 3316 crudclmente
2296 3262 2516 3327 battuto,
2548 3276 2718 3313 mezzo
2751 3261 2883 3325 vivo,
2926 3276 2953 3312 e
2982 3258 3283 3315 moribondo
3313 3259 3369 3324 fit
3393 3259 3463 3312 da

1857 3354 2016 3424 quelli
2044 3355 2259 3408 fasciato
2285 3354 2339 3407 in
2362 3353 2669 3408 abandonno
2696 3370 2713 3406 :
2746 3353 2830 3405 ma
2853 3352 3024 3406 subito
3078 3354 3251 3423 doppo
3277 3337 3328 3403 la
3349 3352 3461 3404 loro

1857 3449 2106 3520 partenza
2151 3464 2242 3516 per
2281 3448 2425 3516 .virtit
2459 3448 2640 3501 Divina
2672 3450 2732 3519 fit
2761 3448 2902 3501 dalla
2934 3456 3099 3500 morte
3145 3451 3459 3517 preservuto,

1858 3544 1924 3596 da
1956 3542 2141 3613 legami
2164 3544 2366 3608 sciolto,
2397 3559 2424 3596 e
2465 3544 2546 3596 nel
2570 3525 2788 3612 pristino
2818 3550 2948 3594 stato
2988 3541 3463 3602 miracolosameate

1857 3636 2128 3689 ritornato.
2154 3635 2361 3689 Avendo
2376 3635 2429 3687 di
2443 3628 2525 3703 poi
2544 3636 2757 3689 liberato
2774 3650 2842 3686 nn
2854 3633 3089 3703 figliuolo
3102 3632 3153 3685 di
3174 3631 3330 3702 quell‘
3347 3627 3461 3684 em-

1860 3734 1967 3801 pio,
1987 3751 2013 3788 e
2034 3734 2236 3787 crudele
2252 3734 2736 3806 ponteﬁccidolatra
2759 3733 2845 3784 dal
2871 3732 3128 3791 demonio,
3158 3731 3250 3781 clte
3279 3726 3463 3781 crude-

1861 3828 2221 3891 lissimamcnte
2240 3826 2290 3880 lo
2308 3835 2619 3879 tormentava
2632 3844 2721 3893 per
2741 3826 2790 3878 la
2803 3825 3036 3879 crudelia
3056 3833 3236 3877 nauata
3250 3822 3339 3877 dal
3356 3820 3463 3875 Pa-

1861 3923 1952 3977 dre
1975 3934 2151 3976 contra
2181 3923 2231 3975 la
2255 3921 2488 3976 Persona
2515 3923 2566 3974 di
2602 3922 2663 3975 S.
2694 3920 2854 3980 Zeno.
2879 3920 3047 3974 subito
3076 3934 3219 3973 corse
3245 3919 3295 3971 la
3320 3919 3461 3988 fatua

1861 4017 1913 4069 di
1932 4016 2093 4085 questi
2105 4016 2204 4068 due
2222 4015 2454 4068 miraculi
2479 4030 2566 4083 per
2582 4031 2678 4082 que
2693 4015 2710 4066 i
2731 4013 2905 4083 luoghi
2920 4030 3009 4085 per
3030 4014 3067 4066 il
3080 4013 3172 4065 che
3186 4030 3217 4065 a
3239 4013 3310 4064 lni
3330 4026 3457 4064 con-

1844 4125 2068 4162 .correva
2093 4127 2222 4181 gron
2248 4109 2570 4162 mollitudine
2600 4109 2650 4161 di
2700 4109 2909 4177 informi
2938 4107 3202 4162 aceiocché
3226 4123 3316 4179 per
3344 4122 3455 4162 esse

1860 4202 1897 4255 il
1908 4188 2150 4267 beneﬁcio
2163 4203 2297 4255 della
2309 4204 2476 4257 sanita
2488 4204 2879 4273 acquistassero,
2903 4205 2921 4256 i
2936 4204 3077 4271 quali
3095 4219 3202 4256 csso
3222 4218 3309 4271 per
3326 4194 3463 4255 hirtis

1860 4291 2051 4347 Divina
2076 4296 2209 4348 nella
2236 4296 2450 4365 pristina
2467 4297 2651 4349 Sanitt‘z
2673 4296 2952 4350 riturnava.
2978 4293 3027 4347 E
3041 4295 3179 4365 quivi
3199 4310 3308 4348 sece
3330 4311 3462 4367 gron

1783 4381 1785 4389 ’
1863 4388 2021 4456 frutto
2047 4387 2413 4458 distruggendo
2440 4389 2509 4459 gl‘
2539 4389 2687 4451 idoli,
2720 4405 2745 4441 e
2773 4389 3136 4453 confermando
3160 4386 3209 4440 la
3231 4387 3463 4441 domina

1860 4493 1957 4530 sua
1986 4494 2043 4531 co
2072 4481 2321 4545 miracoli,
2356 4498 2384 4534 e
2411 4482 2856 4549 partirolarmente
2870 4481 3206 4534 cacciandone
3229 4481 3269 4532 il
3288 4481 3464 4534 demo—

165 4574 291 4642 gorii
338 4572 640 4644 prtelixum,
665 4570 754 4626 die
796 4587 872 4625 xu
916 4569 1101 4638 aprifis
1132 4570 1185 4623 in
1214 4569 1466 4623 Biblioth.
1496 4569 1751 4625 Vaticana
1782 4574 1833 4639 D
1861 4575 1945 4629 nio
1976 4575 2043 4628 da
2079 4578 2096 4629 i
2132 4577 2275 4644 corpi
2304 4577 2503 4642 umani,
2527 4593 2552 4629 e
2581 4576 2647 4629 da
2677 4578 2693 4629 i
2734 4576 2908 4645 luoghi
2942 4576 3041 4645 ngl‘
3062 4575 3189 4628 idoli
3216 4574 3461 4629 dedicati.

166 4681 302 4723 anno
334 4667 475 4723 1806
502 4668 560 4722 8.
595 4666 868 4722 Zenonem
898 4677 1189 4739 martyrem
1224 4668 1486 4722 nominat.

233 4759 328 4816 llic
355 4760 692 4814 accensenda
715 4773 842 4815 mss.
875 4750 1238 4816 Ecetesiarum
1264 4760 1584 4815 Veronensis
1606 4760 1757 4815 etPi-

166 4852 465 4918 storiensis,
497 4850 565 4905 de
595 4852 787 4922 quibus
809 4865 973 4921 supra
1001 4854 1230 4921 egimus.

233 4943 349 4997 Alia
374 4943 774 5013 subsequuntur
798 4944 1198 5015 Martyrologia,
1218 4954 1273 5015 et
1292 4942 1613 5000 Calendaria
1635 4945 1755 5001 edi-

170 5046 238 5103 ta,
262 5049 313 5093 et
342 5053 447 5093 ms.
474 5039 799 5095 Cassinense
829 5039 1029 5094 editum
1054 5082 1066 5102 .
1102 5048 1231 5094 tom.
1267 5057 1335 5095 vn
1383 5040 1579 5096 Rerum
1606 5041 1757 5095 Itali—

170 5148 337 5186 carum
361 5175 375 5197 ,
424 5151 541 5205 pag.
576 5133 703 5201 936,
734 5134 790 5189 in
815 5122 922 5206 quo
943 5152 1113 5189 mense
1138 5136 1291 5208 aprili
1317 5136 1456 5191 Zeno
1506 5156 1524 5188 ι
1559 5147 1759 5207 marty-

171 5225 247 5280 rio
270 5236 564 5282 coronatus
594 5228 811 5283 dicitur.
844 5248 863 5281 ι
896 5229 1133 5284 Joannes
1163 5230 1756 5301 prtesbytcheronen-

170 5321 259 5386 sis,
283 5322 333 5375 in
361 5321 600 5376 Historia‘
635 5322 895 5392 imperiali
943 5339 1072 5387 ms.,
1102 5325 1180 5377 sic
1209 5323 1368 5378 habet
1398 5342 1410 5377 :
1448 5323 1573 5378 Post
1598 5326 1760 5379 multa

172 5414 418 5482 supplicia
446 5414 631 5483 quievit
658 5413 737 5483 (S.
764 5412 935 5483 Zeno)
968 5416 1022 5466 in
1049 5412 1273 5477 Christo.
1308 5431 1343 5469 ll
1372 5414 1504 5468 Idus
1534 5417 1761 5483 Aprilis;

172 5499 382 5564 Charta,
416 5506 465 5558 in
496 5506 615 5560 vico
644 5507 1011 5575 Campeltione
1034 5507 1285 5561 dioecesis
1317 5508 1758 5574 Mediolancnsis,

173 5608 306 5650 anno
332 5596 437 5651 769
466 5599 665 5665 scripta
694 5639 709 5661 ,
744 5598 800 5652 S.
831 5597 1100 5651 Ζίιηοιιοιυ
1149 5599 1513 5657 beatissimum
1559 5601 1758 5658 Christi

176 5688 778 5759 mofessoremappellat
830 5691 1031 5760 Martyr
1052 5693 1210 5745 etiam
1235 5695 1291 5746 S.
1318 5694 1465 5747 Zeno
1490 5694 1686 5750 dicitur
1706 5698 1760 5751 in

182 5778 541 5855 Nartyrologio
571 5783 783 5853 antiquo
808 5799 871 5838 ea:
900 5784 1203 5841 membranis
1234 5790 1576 5859 manuscripto
1602 5793 1762 5847 eccle—

1931 4668 2245 4725 Consonant
2283 4669 2366 4724 his
2396 4670 2727 4740 fragmentis,
2762 4685 2881 4739 qua:
2909 4670 2962 4723 in
3015 4669 3214 4738 hymno
3254 4684 3461 4738 prtcsu-

1862 4762 1928 4816 lis
1959 4764 2133 4839 sancti
2165 4764 2417 4833 leguntur
2443 4782 2455 4815 :

2111 4885 2316 4945 Magnus
2335 4882 2527 4933 Emeisi
2551 4881 2640 4931 fuit
2665 4888 2715 4931 et
2738 4881 2996 4941 Sacerdos,

2110 4946 2295 4995 Gentes
2321 4947 2531 5007 ulli-ruas
2568 4952 2831 5005 penetrans
2853 4947 3083 5007 marinas,

2109 5008 2223 5057 Inde
2244 5010 2484 5055 Veronam
2505 5006 2641 5056 Deus
2659 5010 2785 5055 hunc
2809 5008 2866 5056 ad
2896 5006 3096 5058 Urbem.
3117 5008 3150 5070 fa;

2236 5071 2435 5119 Mittere
2460 5078 2614 5119 curat.

1931 5176 2231 5240 Consonat,
2261 5188 2346 5229 ~et
2397 5175 2836 5230 Vetustissimum
2897 5192 2999 5231 ms.
3054 5176 3322 5251 Anonymi
3374 5179 3461 5235 Pi-

1865 5271 2103 5342 piniani.‘

2115 5367 2221 5435 lﬁon
2247 5382 2377 5435 queo
2398 5376 2528 5435 tanta
2554 5373 2699 5433 hujus
2721 5372 2883 5422 Sancti
2909 5386 3067 5435 opera
3085 5385 3286 5424 narrare

2114 5430 2503 5498 Q_tt:e_rt_-ttietido
2528 5450 2551 5481 a
2574 5430 2707 5496 Syria
2734 5449 2893 5498 usque
2918 5430 2964 5483 iit
2991 5434 3173 5485 Italiam

2117 5492 2358 5542 Mirabilia
2386 5510 2474 5557 per
2501 5492 2656 5560 ipsum
2682 5492 2825 5547 Deus
2843 5500 3074 5547 ostendit.

1939 5599 2129 5657 Plures
2158 5603 2414 5657 Ecclesia:
2444 5604 2501 5659 S.
2550 5604 2821 5659 Zenonem
2864 5615 3137 5674 tamquam
3171 5605 3464 5677 Martyrcm

1865 5709 2209 5750 venerantur.
2236 5695 2293 5749 In
2324 5697 2574 5749 Patavina
2600 5696 2817 5750 αἰσθοοεί
2866 5697 3005 5751 inter
3031 5697 3163 5751 alias
3195 5697 3468 5754 Ecclesias

1871 5806 1972 5844 una
2004 5800 2087 5847 est
2117 5792 2312 5850 Montis
2340 5792 2516 5848 Silicis
2550 5792 2607 5849 S.
2638 5791 2861 5849 Thema:
2904 5793 3170 5864 Apostoli,
3199 5804 3254 5850 et
3278 5794 3337 5852 S.
3370 5794 3503 5851 Ze»
