  <div class='ocr_page' id='page_1' title='image "/cluster/home/n/w/nwhite01/storage/ocr_20150623/11/uva.x000826576/388.png"; bbox 0 0 3822 6220; ppageno 0'>
   <div class='ocr_carea' id='block_1_1' title="bbox 194 245 293 304">
    <p class='ocr_par' dir='ltr' id='par_1_1' title="bbox 194 245 293 304">
     <span class='ocr_line' id='line_1_1' title="bbox 194 245 293 304; baseline 0.061 -5"><span class='ocrx_word' id='word_1_1' title='bbox 194 245 293 304; x_wconf 74' lang='grc' dir='ltr'><strong>’ἒϐι</strong></span> 
     </span>
    </p>
   </div>
   <div class='ocr_carea' id='block_1_2' title="bbox 670 369 1300 428">
    <p class='ocr_par' dir='ltr' id='par_1_2' title="bbox 670 369 1300 428">
     <span class='ocr_line' id='line_1_2' title="bbox 670 369 1300 428; baseline 0.002 -4"><span class='ocrx_word' id='word_1_2' title='bbox 670 369 705 425; x_wconf 91' lang='grc'><strong>1.</strong></span> <span class='ocrx_word' id='word_1_3' title='bbox 740 400 812 412; x_wconf 90' lang='grc'><strong>-</strong></span> <span class='ocrx_word' id='word_1_4' title='bbox 838 388 904 427; x_wconf 74' lang='lat' dir='ltr'><strong>ns</strong></span> <span class='ocrx_word' id='word_1_5' title='bbox 932 386 1059 427; x_wconf 66' lang='lat' dir='ltr'><strong>Vtra</strong></span> <span class='ocrx_word' id='word_1_6' title='bbox 1088 386 1300 428; x_wconf 75' lang='lat' dir='ltr'><strong>omn.</strong></span> 
     </span>
    </p>
   </div>
   <div class='ocr_carea' id='block_1_3' title="bbox 268 463 1795 542">
    <p class='ocr_par' dir='ltr' id='par_1_3' title="bbox 268 463 1795 542">
     <span class='ocr_line' id='line_1_3' title="bbox 268 463 1795 542; baseline -0.001 -23"><span class='ocrx_word' id='word_1_7' title='bbox 268 464 491 542; x_wconf 68' lang='lat' dir='ltr'><strong>Optata:</strong></span> <span class='ocrx_word' id='word_1_8' title='bbox 512 464 638 536; x_wconf 78' lang='lat' dir='ltr'><strong>Afer</strong></span> <span class='ocrx_word' id='word_1_9' title='bbox 664 475 713 520; x_wconf 83' lang='lat' dir='ltr'><strong>et</strong></span> <span class='ocrx_word' id='word_1_10' title='bbox 746 463 1075 519; x_wconf 70' lang='lat' dir='ltr'><strong>Milevitana:</strong></span> <span class='ocrx_word' id='word_1_11' title='bbox 1096 466 1385 534; x_wconf 81' lang='lat' dir='ltr'><strong>episc0pus.</strong></span> <span class='ocrx_word' id='word_1_12' title='bbox 1421 464 1644 533; x_wconf 81' lang='lat' dir='ltr'><strong>Quando</strong></span> <span class='ocrx_word' id='word_1_13' title='bbox 1667 464 1795 517; x_wconf 85' lang='lat' dir='ltr'><strong>scri-</strong></span> 
     </span>
    </p>
   </div>
   <div class='ocr_carea' id='block_1_4' title="bbox 188 559 1795 632">
    <p class='ocr_par' dir='ltr' id='par_1_4' title="bbox 188 559 1795 632">
     <span class='ocr_line' id='line_1_4' title="bbox 188 559 1795 632; baseline -0.001 -18"><span class='ocrx_word' id='word_1_14' title='bbox 188 561 369 631; x_wconf 77' lang='lat' dir='ltr'><strong>pserit.</strong></span> <span class='ocrx_word' id='word_1_15' title='bbox 419 559 699 630; x_wconf 75' lang='lat' dir='ltr'><strong>Quousque</strong></span> <span class='ocrx_word' id='word_1_16' title='bbox 731 560 915 614; x_wconf 73' lang='lat' dir='ltr'><strong>uixerit</strong></span> <span class='ocrx_word' id='word_1_17' title='bbox 946 559 1188 632; x_wconf 80' lang='lat' dir='ltr'><strong>Optatos.</strong></span> <span class='ocrx_word' id='word_1_18' title='bbox 1233 559 1399 627; x_wconf 84' lang='lat' dir='ltr'><strong>Quam</strong></span> <span class='ocrx_word' id='word_1_19' title='bbox 1431 561 1662 613; x_wconf 73' lang='lat' dir='ltr'><strong>laudata:</strong></span> <span class='ocrx_word' id='word_1_20' title='bbox 1688 574 1795 613; x_wconf 86' lang='lat' dir='ltr'><strong>mc-</strong></span> 
     </span>
    </p>
   </div>
   <div class='ocr_carea' id='block_1_5' title="bbox 188 652 1793 723">
    <p class='ocr_par' dir='ltr' id='par_1_5' title="bbox 188 652 1793 723">
     <span class='ocr_line' id='line_1_5' title="bbox 188 652 1793 723; baseline -0.002 -17"><span class='ocrx_word' id='word_1_21' title='bbox 188 653 393 707; x_wconf 72' lang='lat' dir='ltr'><strong>morior.</strong></span> <span class='ocrx_word' id='word_1_22' title='bbox 442 652 594 708; x_wconf 77' lang='lat' dir='ltr'><strong>Unde</strong></span> <span class='ocrx_word' id='word_1_23' title='bbox 621 669 803 707; x_wconf 81' lang='lat' dir='ltr'><strong>nomen</strong></span> <span class='ocrx_word' id='word_1_24' title='bbox 837 654 953 723; x_wconf 79' lang='lat' dir='ltr'><strong>ejus</strong></span> <span class='ocrx_word' id='word_1_25' title='bbox 981 654 1032 706; x_wconf 89' lang='lat' dir='ltr'><strong>in</strong></span> <span class='ocrx_word' id='word_1_26' title='bbox 1067 652 1497 723; x_wconf 79' lang='lat' dir='ltr'><strong>Martyrologium</strong></span> <span class='ocrx_word' id='word_1_27' title='bbox 1526 667 1793 705; x_wconf 88' lang='lat' dir='ltr'><strong>romaumn</strong></span> 
     </span>
    </p>
   </div>
   <div class='ocr_carea' id='block_1_6' title="bbox 187 738 1791 815">
    <p class='ocr_par' dir='ltr' id='par_1_6' title="bbox 187 738 1791 815">
     <span class='ocr_line' id='line_1_6' title="bbox 187 738 1791 815; baseline 0.001 -19"><span class='ocrx_word' id='word_1_28' title='bbox 187 744 474 815; x_wconf 75' lang='lat' dir='ltr'><strong>irrepserit.</strong></span> <span class='ocrx_word' id='word_1_29' title='bbox 514 775 583 786; x_wconf 96' lang='lat'><strong>—</strong></span> <span class='ocrx_word' id='word_1_30' title='bbox 615 745 854 800; x_wconf 85' lang='lat' dir='ltr'><strong>Primum</strong></span> <span class='ocrx_word' id='word_1_31' title='bbox 910 744 1094 815; x_wconf 82' lang='lat' dir='ltr'><strong>paucis</strong></span> <span class='ocrx_word' id='word_1_32' title='bbox 1137 744 1485 799; x_wconf 83' lang='lat' dir='ltr'><strong>absolvetur:</strong></span> <span class='ocrx_word' id='word_1_33' title='bbox 1538 738 1661 797; x_wconf 79' lang='lat' dir='ltr'><strong>nam</strong></span> <span class='ocrx_word' id='word_1_34' title='bbox 1706 743 1791 797; x_wconf 85' lang='lat' dir='ltr'><strong>vix</strong></span> 
     </span>
    </p>
   </div>
   <div class='ocr_carea' id='block_1_7' title="bbox 190 838 1799 910">
    <p class='ocr_par' dir='ltr' id='par_1_7' title="bbox 190 838 1799 910">
     <span class='ocr_line' id='line_1_7' title="bbox 190 838 1799 910; baseline 0.001 -18"><span class='ocrx_word' id='word_1_35' title='bbox 190 839 484 910; x_wconf 81' lang='lat' dir='ltr'><strong>quidquam</strong></span> <span class='ocrx_word' id='word_1_36' title='bbox 512 839 659 894; x_wconf 86' lang='lat' dir='ltr'><strong>aliud</strong></span> <span class='ocrx_word' id='word_1_37' title='bbox 677 839 746 896; x_wconf 91' lang='lat' dir='ltr'><strong>de</strong></span> <span class='ocrx_word' id='word_1_38' title='bbox 772 838 969 909; x_wconf 84' lang='lat' dir='ltr'><strong>Optato</strong></span> <span class='ocrx_word' id='word_1_39' title='bbox 998 840 1154 895; x_wconf 88' lang='lat' dir='ltr'><strong>nobis</strong></span> <span class='ocrx_word' id='word_1_40' title='bbox 1189 849 1532 909; x_wconf 85' lang='lat' dir='ltr'><strong>compertum</strong></span> <span class='ocrx_word' id='word_1_41' title='bbox 1554 852 1658 904; x_wconf 73' lang='grc' dir='ltr'><strong>εει,</strong></span> <span class='ocrx_word' id='word_1_42' title='bbox 1690 839 1799 893; x_wconf 83' lang='lat' dir='ltr'><strong>nisi</strong></span> 
     </span>
    </p>
   </div>
   <div class='ocr_carea' id='block_1_8' title="bbox 188 932 1795 1005">
    <p class='ocr_par' dir='ltr' id='par_1_8' title="bbox 188 932 1795 1005">
     <span class='ocr_line' id='line_1_8' title="bbox 188 932 1795 1005; baseline 0 -20"><span class='ocrx_word' id='word_1_43' title='bbox 188 945 318 985; x_wconf 85' lang='lat' dir='ltr'><strong>eum</strong></span> <span class='ocrx_word' id='word_1_44' title='bbox 354 932 540 987; x_wconf 78' lang='lat' dir='ltr'><strong>Afrum</strong></span> <span class='ocrx_word' id='word_1_45' title='bbox 569 933 753 1000; x_wconf 78' lang='lat' dir='ltr'><strong>fuisse,</strong></span> <span class='ocrx_word' id='word_1_46' title='bbox 776 932 919 1004; x_wconf 86' lang='lat' dir='ltr'><strong>quod</strong></span> <span class='ocrx_word' id='word_1_47' title='bbox 944 943 1172 989; x_wconf 90' lang='lat' dir='ltr'><strong>testatur</strong></span> <span class='ocrx_word' id='word_1_48' title='bbox 1202 933 1583 1005; x_wconf 81' lang='lat' dir='ltr'><strong>Hieronymus,</strong></span> <span class='ocrx_word' id='word_1_49' title='bbox 1615 943 1669 993; x_wconf 91' lang='lat' dir='ltr'><strong>et</strong></span> <span class='ocrx_word' id='word_1_50' title='bbox 1696 932 1795 986; x_wconf 82' lang='lat' dir='ltr'><strong>Mi-</strong></span> 
     </span>
    </p>
   </div>
   <div class='ocr_carea' id='block_1_9' title="bbox 191 1022 1788 1097">
    <p class='ocr_par' dir='ltr' id='par_1_9' title="bbox 191 1022 1788 1097">
     <span class='ocr_line' id='line_1_9' title="bbox 191 1022 1788 1097; baseline 0.003 -20"><span class='ocrx_word' id='word_1_51' title='bbox 191 1022 486 1079; x_wconf 79' lang='lat' dir='ltr'><strong>levitanum</strong></span> <span class='ocrx_word' id='word_1_52' title='bbox 508 1025 848 1097; x_wconf 83' lang='lat' dir='ltr'><strong>episcopum.</strong></span> <span class='ocrx_word' id='word_1_53' title='bbox 872 1027 992 1094; x_wconf 88' lang='lat' dir='ltr'><strong>Quo</strong></span> <span class='ocrx_word' id='word_1_54' title='bbox 1022 1038 1265 1096; x_wconf 75' lang='lat' dir='ltr'><strong>(erupere</strong></span> <span class='ocrx_word' id='word_1_55' title='bbox 1305 1028 1549 1082; x_wconf 82' lang='lat' dir='ltr'><strong>ﬂoruerit</strong></span> <span class='ocrx_word' id='word_1_56' title='bbox 1570 1042 1636 1082; x_wconf 89' lang='lat' dir='ltr'><strong>ex</strong></span> <span class='ocrx_word' id='word_1_57' title='bbox 1669 1026 1788 1095; x_wconf 85' lang='lat' dir='ltr'><strong>ejus</strong></span> 
     </span>
    </p>
   </div>
   <div class='ocr_carea' id='block_1_10' title="bbox 192 1118 1791 1194">
    <p class='ocr_par' dir='ltr' id='par_1_10' title="bbox 192 1118 1791 1194">
     <span class='ocr_line' id='line_1_10' title="bbox 192 1118 1791 1194; baseline 0.004 -26"><span class='ocrx_word' id='word_1_58' title='bbox 192 1128 363 1184; x_wconf 87' lang='lat' dir='ltr'><strong>opere</strong></span> <span class='ocrx_word' id='word_1_59' title='bbox 383 1118 672 1188; x_wconf 76' lang='lat' dir='ltr'><strong>colligitur.</strong></span> <span class='ocrx_word' id='word_1_60' title='bbox 717 1118 849 1174; x_wconf 86' lang='lat' dir='ltr'><strong>Nam</strong></span> <span class='ocrx_word' id='word_1_61' title='bbox 874 1119 1013 1176; x_wconf 88' lang='lat' dir='ltr'><strong>libro</strong></span> <span class='ocrx_word' id='word_1_62' title='bbox 1042 1120 1280 1194; x_wconf 80' lang='lat' dir='ltr'><strong>prime§</strong></span> <span class='ocrx_word' id='word_1_63' title='bbox 1310 1123 1395 1187; x_wconf 80' lang='lat' dir='ltr'><strong>l5,</strong></span> <span class='ocrx_word' id='word_1_64' title='bbox 1432 1122 1524 1189; x_wconf 85' lang='lat' dir='ltr'><strong>ait,</strong></span> <span class='ocrx_word' id='word_1_65' title='bbox 1556 1130 1674 1175; x_wconf 84' lang='lat' dir='ltr'><strong>ante</strong></span> <span class='ocrx_word' id='word_1_66' title='bbox 1697 1138 1791 1175; x_wconf 83' lang='lat' dir='ltr'><strong>an-</strong></span> 
     </span>
    </p>
   </div>
   <div class='ocr_carea' id='block_1_11' title="bbox 189 1211 1792 1286">
    <p class='ocr_par' dir='ltr' id='par_1_11' title="bbox 189 1211 1792 1286">
     <span class='ocr_line' id='line_1_11' title="bbox 189 1211 1792 1286; baseline 0.005 -23"><span class='ocrx_word' id='word_1_67' title='bbox 189 1223 289 1263; x_wconf 76' lang='lat' dir='ltr'><strong>nos</strong></span> <span class='ocrx_word' id='word_1_68' title='bbox 313 1211 581 1283; x_wconf 74' lang='lat' dir='ltr'><strong>sexaginta</strong></span> <span class='ocrx_word' id='word_1_69' title='bbox 609 1223 653 1266; x_wconf 88' lang='lat' dir='ltr'><strong>et</strong></span> <span class='ocrx_word' id='word_1_70' title='bbox 676 1214 814 1282; x_wconf 82' lang='lat' dir='ltr'><strong>quod</strong></span> <span class='ocrx_word' id='word_1_71' title='bbox 836 1216 1062 1269; x_wconf 76' lang='lat' dir='ltr'><strong>excurrit</strong></span> <span class='ocrx_word' id='word_1_72' title='bbox 1096 1231 1190 1284; x_wconf 90' lang='lat' dir='ltr'><strong>per</strong></span> <span class='ocrx_word' id='word_1_73' title='bbox 1219 1225 1382 1269; x_wconf 87' lang='lat' dir='ltr'><strong>totam</strong></span> <span class='ocrx_word' id='word_1_74' title='bbox 1407 1215 1641 1271; x_wconf 83' lang='lat' dir='ltr'><strong>Africam</strong></span> <span class='ocrx_word' id='word_1_75' title='bbox 1672 1232 1792 1286; x_wconf 86' lang='lat' dir='ltr'><strong>per-</strong></span> 
     </span>
    </p>
   </div>
   <div class='ocr_carea' id='block_1_12' title="bbox 193 1303 1789 1381">
    <p class='ocr_par' dir='ltr' id='par_1_12' title="bbox 193 1303 1789 1381">
     <span class='ocr_line' id='line_1_12' title="bbox 193 1303 1789 1381; baseline 0.007 -25"><span class='ocrx_word' id='word_1_76' title='bbox 193 1303 495 1358; x_wconf 86' lang='lat' dir='ltr'><strong>secutionis</strong></span> <span class='ocrx_word' id='word_1_77' title='bbox 520 1316 893 1375; x_wconf 75' lang='lat' dir='ltr'><strong>tempestatem</strong></span> <span class='ocrx_word' id='word_1_78' title='bbox 939 1323 1058 1364; x_wconf 90' lang='lat' dir='ltr'><strong>esse</strong></span> <span class='ocrx_word' id='word_1_79' title='bbox 1086 1309 1402 1381; x_wconf 73' lang='lat' dir='ltr'><strong>&#39;divagatatn</strong></span> <span class='ocrx_word' id='word_1_80' title='bbox 1421 1352 1436 1377; x_wconf 96' lang='lat'><strong>,</strong></span> <span class='ocrx_word' id='word_1_81' title='bbox 1476 1312 1789 1367; x_wconf 82' lang='lat' dir='ltr'><strong>Diocletiani</strong></span> 
     </span>
    </p>
   </div>
   <div class='ocr_carea' id='block_1_13' title="bbox 196 1398 1785 1472">
    <p class='ocr_par' dir='ltr' id='par_1_13' title="bbox 196 1398 1785 1472">
     <span class='ocr_line' id='line_1_13' title="bbox 196 1398 1785 1472; baseline 0.006 -23"><span class='ocrx_word' id='word_1_82' title='bbox 196 1408 381 1450; x_wconf 84' lang='lat' dir='ltr'><strong>autem</strong></span> <span class='ocrx_word' id='word_1_83' title='bbox 414 1398 744 1466; x_wconf 87' lang='lat' dir='ltr'><strong>persecutio,</strong></span> <span class='ocrx_word' id='word_1_84' title='bbox 776 1398 846 1453; x_wconf 88' lang='lat' dir='ltr'><strong>de</strong></span> <span class='ocrx_word' id='word_1_85' title='bbox 866 1415 970 1467; x_wconf 87' lang='lat' dir='ltr'><strong>qua</strong></span> <span class='ocrx_word' id='word_1_86' title='bbox 1002 1400 1089 1453; x_wconf 91' lang='lat' dir='ltr'><strong>hie</strong></span> <span class='ocrx_word' id='word_1_87' title='bbox 1116 1404 1300 1470; x_wconf 89' lang='lat' dir='ltr'><strong>procul</strong></span> <span class='ocrx_word' id='word_1_88' title='bbox 1333 1402 1496 1456; x_wconf 83' lang='lat' dir='ltr'><strong>dubio</strong></span> <span class='ocrx_word' id='word_1_89' title='bbox 1530 1404 1785 1472; x_wconf 88' lang='lat' dir='ltr'><strong>loquitur.</strong></span> 
     </span>
    </p>
   </div>
   <div class='ocr_carea' id='block_1_14' title="bbox 194 1473 1792 1562">
    <p class='ocr_par' dir='ltr' id='par_1_14' title="bbox 194 1473 1792 1562">
     <span class='ocr_line' id='line_1_14' title="bbox 194 1473 1792 1562; baseline 0.004 -20"><span class='ocrx_word' id='word_1_90' title='bbox 194 1487 400 1557; x_wconf 79' lang='lat' dir='ltr'><strong>incepit</strong></span> <span class='ocrx_word' id='word_1_91' title='bbox 441 1473 689 1542; x_wconf 21' lang='lat' dir='ltr'><strong>ajmense</strong></span> <span class='ocrx_word' id='word_1_92' title='bbox 720 1489 987 1544; x_wconf 88' lang='lat' dir='ltr'><strong>lebrttario</strong></span> <span class='ocrx_word' id='word_1_93' title='bbox 1018 1492 1143 1546; x_wconf 88' lang='lat' dir='ltr'><strong>anni</strong></span> <span class='ocrx_word' id='word_1_94' title='bbox 1171 1507 1294 1547; x_wconf 62' lang='lat' dir='ltr'><strong>uarie</strong></span> <span class='ocrx_word' id='word_1_95' title='bbox 1326 1493 1562 1562; x_wconf 84' lang='lat' dir='ltr'><strong>vulgaris</strong></span> <span class='ocrx_word' id='word_1_96' title='bbox 1583 1495 1707 1559; x_wconf 75' lang='lat'><strong>303,</strong></span> <span class='ocrx_word' id='word_1_97' title='bbox 1738 1504 1792 1551; x_wconf 86' lang='lat' dir='ltr'><strong>et</strong></span> 
     </span>
    </p>
   </div>
   <div class='ocr_carea' id='block_1_15' title="bbox 194 1570 1794 1656">
    <p class='ocr_par' dir='ltr' id='par_1_15' title="bbox 194 1570 1794 1656">
     <span class='ocr_line' id='line_1_15' title="bbox 194 1570 1794 1656; baseline 0.003 -19"><span class='ocrx_word' id='word_1_98' title='bbox 194 1580 359 1637; x_wconf 86' lang='lat' dir='ltr'><strong>desiit</strong></span> <span class='ocrx_word' id='word_1_99' title='bbox 406 1582 461 1636; x_wconf 91' lang='lat' dir='ltr'><strong>in</strong></span> <span class='ocrx_word' id='word_1_100' title='bbox 491 1570 784 1638; x_wconf 79' lang='lat' dir='ltr'><strong>Occidente</strong></span> <span class='ocrx_word' id='word_1_101' title='bbox 827 1599 972 1637; x_wconf 87' lang='lat' dir='ltr'><strong>anno</strong></span> <span class='ocrx_word' id='word_1_102' title='bbox 1003 1586 1128 1649; x_wconf 74' lang='grc'><strong>505,</strong></span> <span class='ocrx_word' id='word_1_103' title='bbox 1172 1602 1234 1640; x_wconf 82' lang='lat' dir='ltr'><strong>ex</strong></span> <span class='ocrx_word' id='word_1_104' title='bbox 1268 1603 1372 1656; x_wconf 93' lang='lat' dir='ltr'><strong>quo</strong></span> <span class='ocrx_word' id='word_1_105' title='bbox 1401 1586 1630 1641; x_wconf 73' lang='lat' dir='ltr'><strong>infertur</strong></span> <span class='ocrx_word' id='word_1_106' title='bbox 1661 1588 1794 1642; x_wconf 74' lang='lat' dir='ltr'><strong>scri-</strong></span> 
     </span>
    </p>
   </div>
   <div class='ocr_carea' id='block_1_16' title="bbox 194 1673 1788 1745">
    <p class='ocr_par' dir='ltr' id='par_1_16' title="bbox 194 1673 1788 1745">
     <span class='ocr_line' id='line_1_16' title="bbox 194 1673 1788 1745; baseline 0.004 -16"><span class='ocrx_word' id='word_1_107' title='bbox 194 1674 375 1744; x_wconf 86' lang='lat' dir='ltr'><strong>psisse</strong></span> <span class='ocrx_word' id='word_1_108' title='bbox 405 1673 656 1743; x_wconf 86' lang='lat' dir='ltr'><strong>Optatum</strong></span> <span class='ocrx_word' id='word_1_109' title='bbox 681 1684 801 1745; x_wconf 90' lang='lat' dir='ltr'><strong>post</strong></span> <span class='ocrx_word' id='word_1_110' title='bbox 825 1692 1028 1730; x_wconf 91' lang='lat' dir='ltr'><strong>annum</strong></span> <span class='ocrx_word' id='word_1_111' title='bbox 1055 1676 1180 1735; x_wconf 78' lang='lat'><strong>365.</strong></span> <span class='ocrx_word' id='word_1_112' title='bbox 1199 1690 1253 1732; x_wconf 90' lang='lat' dir='ltr'><strong>et</strong></span> <span class='ocrx_word' id='word_1_113' title='bbox 1279 1680 1423 1734; x_wconf 85' lang='lat' dir='ltr'><strong>circa</strong></span> <span class='ocrx_word' id='word_1_114' title='bbox 1450 1696 1647 1733; x_wconf 84' lang='lat' dir='ltr'><strong>annum</strong></span> <span class='ocrx_word' id='word_1_115' title='bbox 1665 1682 1788 1745; x_wconf 79' lang='grc'><strong>570,</strong></span> 
     </span>
    </p>
   </div>
   <div class='ocr_carea' id='block_1_17' title="bbox 1469 252 2160 310">
    <p class='ocr_par' dir='ltr' id='par_1_17' title="bbox 1469 252 2160 310">
     <span class='ocr_line' id='line_1_17' title="bbox 1469 252 2160 310; baseline -0.001 -2"><span class='ocrx_word' id='word_1_116' title='bbox 1469 252 1844 309; x_wconf 68' lang='lat' dir='ltr'><strong>PBEFATIO</strong></span> <span class='ocrx_word' id='word_1_117' title='bbox 1882 254 2160 310; x_wconf 69' lang='lat' dir='ltr'><strong>DUPIXII.</strong></span> 
     </span>
    </p>
   </div>
   <div class='ocr_carea' id='block_1_18' title="bbox 1814 369 3482 444">
    <p class='ocr_par' dir='ltr' id='par_1_18' title="bbox 1814 369 3482 444">
     <span class='ocr_line' id='line_1_18' title="bbox 1814 369 3482 444; baseline 0.004 -20"><span class='ocrx_word' id='word_1_118' title='bbox 1814 376 1868 435; x_wconf 77' lang='grc' dir='ltr'>Α</span> <span class='ocrx_word' id='word_1_119' title='bbox 1891 369 2008 424; x_wconf 72' lang='lat' dir='ltr'><strong>hcce</strong></span> <span class='ocrx_word' id='word_1_120' title='bbox 2033 371 2099 425; x_wconf 91' lang='lat' dir='ltr'><strong>ab</strong></span> <span class='ocrx_word' id='word_1_121' title='bbox 2128 380 2351 426; x_wconf 90' lang='lat' dir='ltr'><strong>auctore</strong></span> <span class='ocrx_word' id='word_1_122' title='bbox 2378 373 2553 441; x_wconf 81' lang='lat' dir='ltr'><strong>potius</strong></span> <span class='ocrx_word' id='word_1_123' title='bbox 2575 390 2733 444; x_wconf 90' lang='lat' dir='ltr'><strong>quam</strong></span> <span class='ocrx_word' id='word_1_124' title='bbox 2762 374 2830 431; x_wconf 86' lang='lat' dir='ltr'><strong>ab</strong></span> <span class='ocrx_word' id='word_1_125' title='bbox 2856 376 2965 433; x_wconf 91' lang='lat' dir='ltr'><strong>alio</strong></span> <span class='ocrx_word' id='word_1_126' title='bbox 2988 374 3172 431; x_wconf 86' lang='lat' dir='ltr'><strong>addita</strong></span> <span class='ocrx_word' id='word_1_127' title='bbox 3196 373 3482 442; x_wconf 82' lang='lat' dir='ltr'><strong>videntur;</strong></span> 
     </span>
    </p>
   </div>
   <div class='ocr_carea' id='block_1_19' title="bbox 3376 262 3482 315">
    <p class='ocr_par' dir='ltr' id='par_1_19' title="bbox 3376 262 3482 315">
     <span class='ocr_line' id='line_1_19' title="bbox 3376 262 3482 315; baseline 0 0"><span class='ocrx_word' id='word_1_128' title='bbox 3376 262 3482 315; x_wconf 74' lang='lat'><strong>76‘2</strong></span> 
     </span>
    </p>
   </div>
   <div class='ocr_carea' id='block_1_20' title="bbox 1900 467 3487 541">
    <p class='ocr_par' dir='ltr' id='par_1_20' title="bbox 1900 467 3487 541">
     <span class='ocr_line' id='line_1_20' title="bbox 1900 467 3487 541; baseline 0.005 -24"><span class='ocrx_word' id='word_1_129' title='bbox 1900 480 2006 518; x_wconf 88' lang='lat' dir='ltr'><strong>non</strong></span> <span class='ocrx_word' id='word_1_130' title='bbox 2032 474 2225 519; x_wconf 79' lang='lat' dir='ltr'><strong>cet-tea</strong></span> <span class='ocrx_word' id='word_1_131' title='bbox 2255 467 2542 522; x_wconf 84' lang='lat' dir='ltr'><strong>recentiori</strong></span> <span class='ocrx_word' id='word_1_132' title='bbox 2572 472 2928 541; x_wconf 78' lang='lat' dir='ltr'><strong>exscriptore,</strong></span> <span class='ocrx_word' id='word_1_133' title='bbox 2962 471 3047 527; x_wconf 92' lang='lat' dir='ltr'><strong>cui</strong></span> <span class='ocrx_word' id='word_1_134' title='bbox 3080 481 3203 525; x_wconf 87' lang='lat' dir='ltr'><strong>nota</strong></span> <span class='ocrx_word' id='word_1_135' title='bbox 3231 484 3352 525; x_wconf 84' lang='lat' dir='ltr'><strong>esse</strong></span> <span class='ocrx_word' id='word_1_136' title='bbox 3376 485 3487 533; x_wconf 89' lang='lat' dir='ltr'><strong>non</strong></span> 
     </span>
    </p>
   </div>
   <div class='ocr_carea' id='block_1_21' title="bbox 1902 560 3488 635">
    <p class='ocr_par' dir='ltr' id='par_1_21' title="bbox 1902 560 3488 635">
     <span class='ocr_line' id='line_1_21' title="bbox 1902 560 3488 635; baseline 0.006 -25"><span class='ocrx_word' id='word_1_137' title='bbox 1902 567 2147 627; x_wconf 83' lang='lat' dir='ltr'><strong>poterant</strong></span> <span class='ocrx_word' id='word_1_138' title='bbox 2176 560 2388 613; x_wconf 90' lang='lat' dir='ltr'><strong>nomina</strong></span> <span class='ocrx_word' id='word_1_139' title='bbox 2423 560 2737 630; x_wconf 82' lang='lat' dir='ltr'><strong>ignobilium</strong></span> <span class='ocrx_word' id='word_1_140' title='bbox 2772 564 2981 618; x_wconf 80' lang='lat' dir='ltr'><strong>illorum</strong></span> <span class='ocrx_word' id='word_1_141' title='bbox 3010 564 3386 635; x_wconf 86' lang='lat' dir='ltr'><strong>episcoporum</strong></span> <span class='ocrx_word' id='word_1_142' title='bbox 3418 562 3488 619; x_wconf 88' lang='lat' dir='ltr'><strong>de</strong></span> 
     </span>
    </p>
   </div>
   <div class='ocr_carea' id='block_1_22' title="bbox 1898 649 3488 727">
    <p class='ocr_par' dir='ltr' id='par_1_22' title="bbox 1898 649 3488 727">
     <span class='ocr_line' id='line_1_22' title="bbox 1898 649 3488 727; baseline 0.007 -26"><span class='ocrx_word' id='word_1_143' title='bbox 1898 649 2089 718; x_wconf 85' lang='lat' dir='ltr'><strong>quibus</strong></span> <span class='ocrx_word' id='word_1_144' title='bbox 2132 649 2303 703; x_wconf 85' lang='lat' dir='ltr'><strong>altum</strong></span> <span class='ocrx_word' id='word_1_145' title='bbox 2341 651 2393 705; x_wconf 90' lang='lat' dir='ltr'><strong>in</strong></span> <span class='ocrx_word' id='word_1_146' title='bbox 2444 652 2665 706; x_wconf 81' lang='lat' dir='ltr'><strong>historia</strong></span> <span class='ocrx_word' id='word_1_147' title='bbox 2691 655 3002 710; x_wconf 78' lang='lat' dir='ltr'><strong>silentium.</strong></span> <span class='ocrx_word' id='word_1_148' title='bbox 3047 658 3232 725; x_wconf 83' lang='lat' dir='ltr'><strong>Itaque</strong></span> <span class='ocrx_word' id='word_1_149' title='bbox 3258 658 3488 727; x_wconf 84' lang='lat' dir='ltr'><strong>Optatos</strong></span> 
     </span>
    </p>
   </div>
   <div class='ocr_carea' id='block_1_23' title="bbox 1898 742 3487 813">
    <p class='ocr_par' dir='ltr' id='par_1_23' title="bbox 1898 742 3487 813">
     <span class='ocr_line' id='line_1_23' title="bbox 1898 742 3487 813; baseline 0.006 -18"><span class='ocrx_word' id='word_1_150' title='bbox 1898 743 2039 795; x_wconf 89' lang='lat' dir='ltr'><strong>circa</strong></span> <span class='ocrx_word' id='word_1_151' title='bbox 2086 758 2283 795; x_wconf 87' lang='lat' dir='ltr'><strong>anmtnt</strong></span> <span class='ocrx_word' id='word_1_152' title='bbox 2323 742 2449 805; x_wconf 78' lang='lat'><strong>570,</strong></span> <span class='ocrx_word' id='word_1_153' title='bbox 2499 744 2599 799; x_wconf 88' lang='lat' dir='ltr'><strong>sub</strong></span> <span class='ocrx_word' id='word_1_154' title='bbox 2622 743 2999 801; x_wconf 68' lang='lat' dir='ltr'><strong>Valentiniano</strong></span> <span class='ocrx_word' id='word_1_155' title='bbox 3037 757 3091 802; x_wconf 93' lang='lat' dir='ltr'><strong>et</strong></span> <span class='ocrx_word' id='word_1_156' title='bbox 3121 747 3368 813; x_wconf 91' lang='lat' dir='ltr'><strong>Valente,</strong></span> <span class='ocrx_word' id='word_1_157' title='bbox 3401 764 3487 803; x_wconf 83' lang='lat' dir='ltr'><strong>se-</strong></span> 
     </span>
    </p>
   </div>
   <div class='ocr_carea' id='block_1_24' title="bbox 1880 834 3485 902">
    <p class='ocr_par' dir='ltr' id='par_1_24' title="bbox 1880 834 3485 902">
     <span class='ocr_line' id='line_1_24' title="bbox 1880 834 3485 902; baseline 0.005 -13"><span class='ocrx_word' id='word_1_158' title='bbox 1880 836 2058 890; x_wconf 79' lang='lat' dir='ltr'><strong>dente</strong></span> <span class='ocrx_word' id='word_1_159' title='bbox 2099 834 2284 891; x_wconf 75' lang='lat' dir='ltr'><strong>Roma:</strong></span> <span class='ocrx_word' id='word_1_160' title='bbox 2332 836 2579 902; x_wconf 90' lang='lat' dir='ltr'><strong>Damaso,</strong></span> <span class='ocrx_word' id='word_1_161' title='bbox 2625 854 2753 893; x_wconf 89' lang='lat' dir='ltr'><strong>suos</strong></span> <span class='ocrx_word' id='word_1_162' title='bbox 2788 839 3046 895; x_wconf 88' lang='lat' dir='ltr'><strong>adversus</strong></span> <span class='ocrx_word' id='word_1_163' title='bbox 3075 840 3485 897; x_wconf 88' lang='lat' dir='ltr'><strong>Parmenianum</strong></span> 
     </span>
    </p>
   </div>
   <div class='ocr_carea' id='block_1_25' title="bbox 1898 930 3486 1005">
    <p class='ocr_par' dir='ltr' id='par_1_25' title="bbox 1898 930 3486 1005">
     <span class='ocr_line' id='line_1_25' title="bbox 1898 930 3486 1005; baseline 0.003 -21"><span class='ocrx_word' id='word_1_164' title='bbox 1898 930 2062 985; x_wconf 87' lang='lat' dir='ltr'><strong>libros</strong></span> <span class='ocrx_word' id='word_1_165' title='bbox 2088 946 2180 986; x_wconf 89' lang='lat' dir='ltr'><strong>sex</strong></span> <span class='ocrx_word' id='word_1_166' title='bbox 2212 932 2563 987; x_wconf 81' lang='lat' dir='ltr'><strong>elucubravit.</strong></span> <span class='ocrx_word' id='word_1_167' title='bbox 2596 932 2705 989; x_wconf 96' lang='lat' dir='ltr'><strong>Sed</strong></span> <span class='ocrx_word' id='word_1_168' title='bbox 2745 932 2876 988; x_wconf 79' lang='lat' dir='ltr'><strong>vixit</strong></span> <span class='ocrx_word' id='word_1_169' title='bbox 2906 950 3075 1002; x_wconf 84' lang='lat' dir='ltr'><strong>usque</strong></span> <span class='ocrx_word' id='word_1_170' title='bbox 3101 935 3166 989; x_wconf 86' lang='lat' dir='ltr'><strong>ad</strong></span> <span class='ocrx_word' id='word_1_171' title='bbox 3210 936 3486 1005; x_wconf 75' lang='lat' dir='ltr'><strong>pontiﬁca-</strong></span> 
     </span>
    </p>
   </div>
   <div class='ocr_carea' id='block_1_26' title="bbox 1898 1024 3486 1101">
    <p class='ocr_par' dir='ltr' id='par_1_26' title="bbox 1898 1024 3486 1101">
     <span class='ocr_line' id='line_1_26' title="bbox 1898 1024 3486 1101; baseline 0.004 -23"><span class='ocrx_word' id='word_1_172' title='bbox 1898 1034 2006 1078; x_wconf 89' lang='lat' dir='ltr'><strong>tum</strong></span> <span class='ocrx_word' id='word_1_173' title='bbox 2040 1024 2214 1080; x_wconf 87' lang='lat' dir='ltr'><strong>Siricii</strong></span> <span class='ocrx_word' id='word_1_174' title='bbox 2254 1040 2319 1081; x_wconf 89' lang='lat' dir='ltr'><strong>ac</strong></span> <span class='ocrx_word' id='word_1_175' title='bbox 2348 1027 2637 1083; x_wconf 79' lang='lat' dir='ltr'><strong>Theodosii</strong></span> <span class='ocrx_word' id='word_1_176' title='bbox 2679 1029 2985 1099; x_wconf 85' lang='lat' dir='ltr'><strong>imperium.</strong></span> <span class='ocrx_word' id='word_1_177' title='bbox 3021 1046 3128 1101; x_wconf 91' lang='lat' dir='ltr'><strong>quo</strong></span> <span class='ocrx_word' id='word_1_178' title='bbox 3156 1038 3397 1100; x_wconf 89' lang='lat' dir='ltr'><strong>tempore</strong></span> <span class='ocrx_word' id='word_1_179' title='bbox 3426 1031 3486 1085; x_wconf 91' lang='lat' dir='ltr'><strong>li-</strong></span> 
     </span>
    </p>
   </div>
   <div class='ocr_carea' id='block_1_27' title="bbox 1897 1118 3491 1192">
    <p class='ocr_par' dir='ltr' id='par_1_27' title="bbox 1897 1118 3491 1192">
     <span class='ocr_line' id='line_1_27' title="bbox 1897 1118 3491 1192; baseline 0.004 -21"><span class='ocrx_word' id='word_1_180' title='bbox 1897 1118 2021 1173; x_wconf 89' lang='lat' dir='ltr'><strong>bros</strong></span> <span class='ocrx_word' id='word_1_181' title='bbox 2048 1134 2177 1175; x_wconf 87' lang='lat' dir='ltr'><strong>suos</strong></span> <span class='ocrx_word' id='word_1_182' title='bbox 2202 1122 2474 1175; x_wconf 86' lang='lat' dir='ltr'><strong>recensuit</strong></span> <span class='ocrx_word' id='word_1_183' title='bbox 2496 1161 2510 1184; x_wconf 91' lang='lat'><strong>,</strong></span> <span class='ocrx_word' id='word_1_184' title='bbox 2530 1126 2719 1192; x_wconf 85' lang='lat' dir='ltr'><strong>eaque</strong></span> <span class='ocrx_word' id='word_1_185' title='bbox 2748 1125 2887 1178; x_wconf 78' lang='lat' dir='ltr'><strong>forte</strong></span> <span class='ocrx_word' id='word_1_186' title='bbox 2916 1123 3277 1178; x_wconf 84' lang='lat' dir='ltr'><strong>additamenta</strong></span> <span class='ocrx_word' id='word_1_187' title='bbox 3309 1122 3491 1179; x_wconf 83' lang='lat' dir='ltr'><strong>conle-</strong></span> 
     </span>
    </p>
   </div>
   <div class='ocr_carea' id='block_1_28' title="bbox 1894 1211 3488 1285">
    <p class='ocr_par' dir='ltr' id='par_1_28' title="bbox 1894 1211 3488 1285">
     <span class='ocr_line' id='line_1_28' title="bbox 1894 1211 3488 1285; baseline 0.004 -21"><span class='ocrx_word' id='word_1_188' title='bbox 1894 1211 1967 1266; x_wconf 92' lang='lat' dir='ltr'><strong>cit</strong></span> <span class='ocrx_word' id='word_1_189' title='bbox 1996 1226 2114 1281; x_wconf 73' lang='lat' dir='ltr'><strong>qute</strong></span> <span class='ocrx_word' id='word_1_190' title='bbox 2143 1211 2281 1267; x_wconf 87' lang='lat' dir='ltr'><strong>libro</strong></span> <span class='ocrx_word' id='word_1_191' title='bbox 2304 1213 2532 1283; x_wconf 89' lang='lat' dir='ltr'><strong>septimo</strong></span> <span class='ocrx_word' id='word_1_192' title='bbox 2574 1216 2944 1283; x_wconf 86' lang='lat' dir='ltr'><strong>continentur,</strong></span> <span class='ocrx_word' id='word_1_193' title='bbox 2986 1216 3054 1269; x_wconf 88' lang='lat' dir='ltr'><strong>de</strong></span> <span class='ocrx_word' id='word_1_194' title='bbox 3093 1216 3288 1285; x_wconf 84' lang='lat' dir='ltr'><strong>quibus</strong></span> <span class='ocrx_word' id='word_1_195' title='bbox 3329 1215 3488 1270; x_wconf 89' lang='lat' dir='ltr'><strong>modo</strong></span> 
     </span>
    </p>
   </div>
   <div class='ocr_carea' id='block_1_29' title="bbox 1895 1305 3490 1372">
    <p class='ocr_par' dir='ltr' id='par_1_29' title="bbox 1895 1305 3490 1372">
     <span class='ocr_line' id='line_1_29' title="bbox 1895 1305 3490 1372; baseline 0.003 -15"><span class='ocrx_word' id='word_1_196' title='bbox 1895 1305 2156 1360; x_wconf 85' lang='lat' dir='ltr'><strong>dicenms.</strong></span> <span class='ocrx_word' id='word_1_197' title='bbox 2202 1305 2319 1372; x_wconf 89' lang='lat' dir='ltr'><strong>Quo</strong></span> <span class='ocrx_word' id='word_1_198' title='bbox 2347 1324 2488 1360; x_wconf 87' lang='lat' dir='ltr'><strong>anno</strong></span> <span class='ocrx_word' id='word_1_199' title='bbox 2516 1306 2656 1363; x_wconf 85' lang='lat' dir='ltr'><strong>diem</strong></span> <span class='ocrx_word' id='word_1_200' title='bbox 2683 1319 2986 1363; x_wconf 78' lang='lat' dir='ltr'><strong>extremum</strong></span> <span class='ocrx_word' id='word_1_201' title='bbox 3021 1308 3277 1364; x_wconf 84' lang='lat' dir='ltr'><strong>clauserit</strong></span> <span class='ocrx_word' id='word_1_202' title='bbox 3313 1308 3490 1363; x_wconf 86' lang='lat' dir='ltr'><strong>incer-</strong></span> 
     </span>
    </p>
   </div>
   <div class='ocr_carea' id='block_1_30' title="bbox 1896 1400 3485 1474">
    <p class='ocr_par' dir='ltr' id='par_1_30' title="bbox 1896 1400 3485 1474">
     <span class='ocr_line' id='line_1_30' title="bbox 1896 1400 3485 1474; baseline 0.004 -23"><span class='ocrx_word' id='word_1_203' title='bbox 1896 1409 2136 1456; x_wconf 63' lang='lat' dir='ltr'><strong>tum.est.</strong></span> <span class='ocrx_word' id='word_1_204' title='bbox 2168 1400 2314 1454; x_wconf 87' lang='lat' dir='ltr'><strong>Illius</strong></span> <span class='ocrx_word' id='word_1_205' title='bbox 2346 1410 2524 1457; x_wconf 88' lang='lat' dir='ltr'><strong>tamen</strong></span> <span class='ocrx_word' id='word_1_206' title='bbox 2550 1406 2807 1457; x_wconf 88' lang='lat' dir='ltr'><strong>memoria</strong></span> <span class='ocrx_word' id='word_1_207' title='bbox 2830 1403 2900 1457; x_wconf 89' lang='lat' dir='ltr'><strong>ob</strong></span> <span class='ocrx_word' id='word_1_208' title='bbox 2931 1404 3226 1459; x_wconf 83' lang='lat' dir='ltr'><strong>Ecclesiam</strong></span> <span class='ocrx_word' id='word_1_209' title='bbox 3270 1405 3485 1474; x_wconf 79' lang='lat' dir='ltr'><strong>egregie</strong></span> 
     </span>
    </p>
   </div>
   <div class='ocr_carea' id='block_1_31' title="bbox 1895 1492 3479 1569">
    <p class='ocr_par' dir='ltr' id='par_1_31' title="bbox 1895 1492 3479 1569">
     <span class='ocr_line' id='line_1_31' title="bbox 1895 1492 3479 1569; baseline 0.003 -22"><span class='ocrx_word' id='word_1_210' title='bbox 1895 1492 2171 1548; x_wconf 79' lang='lat' dir='ltr'><strong>delenSam</strong></span> <span class='ocrx_word' id='word_1_211' title='bbox 2214 1497 2265 1548; x_wconf 91' lang='lat' dir='ltr'><strong>in</strong></span> <span class='ocrx_word' id='word_1_212' title='bbox 2316 1494 2521 1551; x_wconf 89' lang='lat' dir='ltr'><strong>honore</strong></span> <span class='ocrx_word' id='word_1_213' title='bbox 2558 1510 2775 1566; x_wconf 87' lang='lat' dir='ltr'><strong>semper</strong></span> <span class='ocrx_word' id='word_1_214' title='bbox 2826 1496 2921 1551; x_wconf 86' lang='lat' dir='ltr'><strong>luit</strong></span> <span class='ocrx_word' id='word_1_215' title='bbox 2949 1498 3088 1569; x_wconf 90' lang='lat' dir='ltr'><strong>apud</strong></span> <span class='ocrx_word' id='word_1_216' title='bbox 3126 1495 3479 1552; x_wconf 77' lang='lat' dir='ltr'><strong>Christianos.</strong></span> 
     </span>
    </p>
   </div>
   <div class='ocr_carea' id='block_1_32' title="bbox 1898 1588 3482 1656">
    <p class='ocr_par' dir='ltr' id='par_1_32' title="bbox 1898 1588 3482 1656">
     <span class='ocr_line' id='line_1_32' title="bbox 1898 1588 3482 1656; baseline 0.002 -16"><span class='ocrx_word' id='word_1_217' title='bbox 1898 1588 2047 1640; x_wconf 90' lang='lat' dir='ltr'><strong>lluuc</strong></span> <span class='ocrx_word' id='word_1_218' title='bbox 2105 1589 2435 1656; x_wconf 81' lang='lat' dir='ltr'><strong>Augustinus</strong></span> <span class='ocrx_word' id='word_1_219' title='bbox 2489 1590 2816 1643; x_wconf 80' lang='lat' dir='ltr'><strong>venerabilis</strong></span> <span class='ocrx_word' id='word_1_220' title='bbox 2875 1591 3150 1645; x_wconf 78' lang='lat' dir='ltr'><strong>memoria:</strong></span> <span class='ocrx_word' id='word_1_221' title='bbox 3203 1590 3482 1643; x_wconf 71' lang='lat' dir='ltr'><strong>catholicae</strong></span> 
     </span>
    </p>
   </div>
   <div class='ocr_carea' id='block_1_33' title="bbox 1895 1680 3480 1751">
    <p class='ocr_par' dir='ltr' id='par_1_33' title="bbox 1895 1680 3480 1751">
     <span class='ocr_line' id='line_1_33' title="bbox 1895 1680 3480 1751; baseline -0.001 -17"><span class='ocrx_word' id='word_1_222' title='bbox 1895 1680 2289 1734; x_wconf 87' lang='lat' dir='ltr'><strong>communionis</strong></span> <span class='ocrx_word' id='word_1_223' title='bbox 2316 1682 2627 1751; x_wconf 80' lang='lat' dir='ltr'><strong>episcopum</strong></span> <span class='ocrx_word' id='word_1_224' title='bbox 2653 1692 2830 1747; x_wconf 89' lang='lat' dir='ltr'><strong>vocat,</strong></span> <span class='ocrx_word' id='word_1_225' title='bbox 2852 1690 2907 1735; x_wconf 89' lang='lat' dir='ltr'><strong>et</strong></span> <span class='ocrx_word' id='word_1_226' title='bbox 2932 1681 3090 1751; x_wconf 86' lang='lat' dir='ltr'><strong>hujus</strong></span> <span class='ocrx_word' id='word_1_227' title='bbox 3119 1680 3480 1735; x_wconf 86' lang='lat' dir='ltr'><strong>testimonium</strong></span> 
     </span>
    </p>
   </div>
   <div class='ocr_carea' id='block_1_34' title="bbox 195 1766 3483 1841">
    <p class='ocr_par' dir='ltr' id='par_1_34' title="bbox 195 1766 3483 1841">
     <span class='ocr_line' id='line_1_34' title="bbox 195 1766 3483 1841; baseline 0.001 -21"><span class='ocrx_word' id='word_1_228' title='bbox 195 1766 336 1821; x_wconf 90' lang='lat' dir='ltr'><strong>libro</strong></span> <span class='ocrx_word' id='word_1_229' title='bbox 367 1766 609 1837; x_wconf 86' lang='lat' dir='ltr'><strong>ejusdem</strong></span> <span class='ocrx_word' id='word_1_230' title='bbox 636 1769 818 1839; x_wconf 88' lang='lat' dir='ltr'><strong>operis</strong></span> <span class='ocrx_word' id='word_1_231' title='bbox 844 1780 1037 1837; x_wconf 91' lang='lat' dir='ltr'><strong>quarto</strong></span> <span class='ocrx_word' id='word_1_232' title='bbox 1071 1767 1353 1823; x_wconf 81' lang='lat' dir='ltr'><strong>Photinum</strong></span> <span class='ocrx_word' id='word_1_233' title='bbox 1378 1772 1793 1839; x_wconf 75' lang='lat' dir='ltr'><strong>pra’sentistem-</strong></span> <span class='ocrx_word' id='word_1_234' title='bbox 1822 1772 1866 1831; x_wconf 85' lang='lat' dir='ltr'><strong>B</strong></span> <span class='ocrx_word' id='word_1_235' title='bbox 1897 1771 2260 1827; x_wconf 87' lang='lat' dir='ltr'><strong>Ambrosiano</strong></span> <span class='ocrx_word' id='word_1_236' title='bbox 2310 1787 2629 1841; x_wconf 87' lang='lat' dir='ltr'><strong>comparare</strong></span> <span class='ocrx_word' id='word_1_237' title='bbox 2670 1787 2777 1825; x_wconf 89' lang='lat' dir='ltr'><strong>non</strong></span> <span class='ocrx_word' id='word_1_238' title='bbox 2805 1784 3043 1826; x_wconf 90' lang='lat' dir='ltr'><strong>veretur.</strong></span> <span class='ocrx_word' id='word_1_239' title='bbox 3077 1770 3257 1826; x_wconf 86' lang='lat' dir='ltr'><strong>Sancti</strong></span> <span class='ocrx_word' id='word_1_240' title='bbox 3291 1787 3483 1825; x_wconf 89' lang='lat' dir='ltr'><strong>nomen</strong></span> 
     </span>
    </p>
   </div>
   <div class='ocr_carea' id='block_1_35' title="bbox 195 1862 1793 1933">
    <p class='ocr_par' dir='ltr' id='par_1_35' title="bbox 195 1862 1793 1933">
     <span class='ocr_line' id='line_1_35' title="bbox 195 1862 1793 1933; baseline 0.003 -18"><span class='ocrx_word' id='word_1_241' title='bbox 195 1862 340 1930; x_wconf 77' lang='lat' dir='ltr'><strong>poris</strong></span> <span class='ocrx_word' id='word_1_242' title='bbox 380 1862 676 1915; x_wconf 70' lang='lat' dir='ltr'><strong>luereticum</strong></span> <span class='ocrx_word' id='word_1_243' title='bbox 719 1873 903 1927; x_wconf 81' lang='lat' dir='ltr'><strong>vocat;</strong></span> <span class='ocrx_word' id='word_1_244' title='bbox 953 1863 1149 1933; x_wconf 84' lang='lat' dir='ltr'><strong>quibus</strong></span> <span class='ocrx_word' id='word_1_245' title='bbox 1180 1864 1355 1930; x_wconf 80' lang='lat' dir='ltr'><strong>verbis</strong></span> <span class='ocrx_word' id='word_1_246' title='bbox 1402 1880 1522 1920; x_wconf 90' lang='lat' dir='ltr'><strong>eum</strong></span> <span class='ocrx_word' id='word_1_247' title='bbox 1558 1867 1608 1919; x_wconf 91' lang='lat' dir='ltr'><strong>in</strong></span> <span class='ocrx_word' id='word_1_248' title='bbox 1657 1866 1793 1919; x_wconf 80' lang='lat' dir='ltr'><strong>vivis</strong></span> 
     </span>
    </p>
   </div>
   <div class='ocr_carea' id='block_1_36' title="bbox 180 1937 1795 2027">
    <p class='ocr_par' dir='ltr' id='par_1_36' title="bbox 180 1937 1795 2027">
     <span class='ocr_line' id='line_1_36' title="bbox 180 1937 1795 2027; baseline 0.004 -20"><span class='ocrx_word' id='word_1_249' title='bbox 180 1955 551 2024; x_wconf 75' lang='lat' dir='ltr'><strong>superstitem</strong></span> <span class='ocrx_word' id='word_1_250' title='bbox 584 1956 759 2011; x_wconf 90' lang='lat' dir='ltr'><strong>adhuc</strong></span> <span class='ocrx_word' id='word_1_251' title='bbox 783 1955 949 2011; x_wconf 79' lang='lat' dir='ltr'><strong>fuisse</strong></span> <span class='ocrx_word' id='word_1_252' title='bbox 979 1956 1217 2012; x_wconf 88' lang='lat' dir='ltr'><strong>indicare</strong></span> <span class='ocrx_word' id='word_1_253' title='bbox 1240 1958 1475 2027; x_wconf 87' lang='lat' dir='ltr'><strong>videtur.</strong></span> <span class='ocrx_word' id='word_1_254' title='bbox 1514 1937 1617 2015; x_wconf 75' lang='lat' dir='ltr'><strong>Sed</strong></span> <span class='ocrx_word' id='word_1_255' title='bbox 1654 1960 1795 2014; x_wconf 82' lang='lat' dir='ltr'><strong>Pho-</strong></span> 
     </span>
    </p>
   </div>
   <div class='ocr_carea' id='block_1_37' title="bbox 196 2048 1795 2117">
    <p class='ocr_par' dir='ltr' id='par_1_37' title="bbox 196 2048 1795 2117">
     <span class='ocr_line' id='line_1_37' title="bbox 196 2048 1795 2117; baseline 0.003 -16"><span class='ocrx_word' id='word_1_256' title='bbox 196 2048 348 2102; x_wconf 84' lang='lat' dir='ltr'><strong>tinus</strong></span> <span class='ocrx_word' id='word_1_257' title='bbox 378 2064 409 2103; x_wconf 92' lang='lat' dir='ltr'><strong>e</strong></span> <span class='ocrx_word' id='word_1_258' title='bbox 438 2048 618 2104; x_wconf 85' lang='lat' dir='ltr'><strong>medio</strong></span> <span class='ocrx_word' id='word_1_259' title='bbox 643 2050 889 2104; x_wconf 86' lang='lat' dir='ltr'><strong>sublatus</strong></span> <span class='ocrx_word' id='word_1_260' title='bbox 912 2059 994 2104; x_wconf 89' lang='lat' dir='ltr'><strong>est</strong></span> <span class='ocrx_word' id='word_1_261' title='bbox 1017 2066 1157 2104; x_wconf 91' lang='lat' dir='ltr'><strong>anno</strong></span> <span class='ocrx_word' id='word_1_262' title='bbox 1180 2052 1305 2117; x_wconf 78' lang='lat'><strong>37.6,</strong></span> <span class='ocrx_word' id='word_1_263' title='bbox 1341 2063 1396 2105; x_wconf 93' lang='lat' dir='ltr'><strong>ut</strong></span> <span class='ocrx_word' id='word_1_264' title='bbox 1421 2051 1579 2107; x_wconf 88' lang='lat' dir='ltr'><strong>docet</strong></span> <span class='ocrx_word' id='word_1_265' title='bbox 1607 2052 1795 2107; x_wconf 75' lang='lat' dir='ltr'><strong>Hiero-—</strong></span> 
     </span>
    </p>
   </div>
   <div class='ocr_carea' id='block_1_38' title="bbox 197 2140 1795 2213">
    <p class='ocr_par' dir='ltr' id='par_1_38' title="bbox 197 2140 1795 2213">
     <span class='ocr_line' id='line_1_38' title="bbox 197 2140 1795 2213; baseline 0.004 -19"><span class='ocrx_word' id='word_1_266' title='bbox 197 2142 349 2213; x_wconf 80' lang='lat' dir='ltr'><strong>nymi</strong></span> <span class='ocrx_word' id='word_1_267' title='bbox 400 2140 730 2198; x_wconf 88' lang='lat' dir='ltr'><strong>Chronicon.</strong></span> <span class='ocrx_word' id='word_1_268' title='bbox 774 2142 869 2197; x_wconf 90' lang='lat' dir='ltr'><strong>llis</strong></span> <span class='ocrx_word' id='word_1_269' title='bbox 928 2142 1137 2198; x_wconf 78' lang='lat' dir='ltr'><strong>accedit</strong></span> <span class='ocrx_word' id='word_1_270' title='bbox 1187 2144 1550 2199; x_wconf 83' lang='lat' dir='ltr'><strong>testimonium</strong></span> <span class='ocrx_word' id='word_1_271' title='bbox 1608 2145 1795 2200; x_wconf 87' lang='lat' dir='ltr'><strong>Hiero-</strong></span> 
     </span>
    </p>
   </div>
   <div class='ocr_carea' id='block_1_39' title="bbox 194 2238 1795 2312">
    <p class='ocr_par' dir='ltr' id='par_1_39' title="bbox 194 2238 1795 2312">
     <span class='ocr_line' id='line_1_39' title="bbox 194 2238 1795 2312; baseline 0.003 -19"><span class='ocrx_word' id='word_1_272' title='bbox 194 2240 347 2312; x_wconf 83' lang='lat' dir='ltr'><strong>nymi</strong></span> <span class='ocrx_word' id='word_1_273' title='bbox 394 2238 685 2295; x_wconf 82' lang='lat' dir='ltr'><strong>scribentis</strong></span> <span class='ocrx_word' id='word_1_274' title='bbox 711 2282 725 2307; x_wconf 94' lang='lat'><strong>,</strong></span> <span class='ocrx_word' id='word_1_275' title='bbox 764 2238 1016 2311; x_wconf 89' lang='lat' dir='ltr'><strong>Optatum</strong></span> <span class='ocrx_word' id='word_1_276' title='bbox 1059 2242 1159 2295; x_wconf 91' lang='lat' dir='ltr'><strong>sub</strong></span> <span class='ocrx_word' id='word_1_277' title='bbox 1192 2240 1568 2296; x_wconf 82' lang='lat' dir='ltr'><strong>Valentiniano</strong></span> <span class='ocrx_word' id='word_1_278' title='bbox 1606 2253 1657 2298; x_wconf 87' lang='lat' dir='ltr'><strong>et</strong></span> <span class='ocrx_word' id='word_1_279' title='bbox 1690 2243 1795 2298; x_wconf 83' lang='lat' dir='ltr'><strong>Va-</strong></span> 
     </span>
    </p>
   </div>
   <div class='ocr_carea' id='block_1_40' title="bbox 193 2331 1790 2409">
    <p class='ocr_par' dir='ltr' id='par_1_40' title="bbox 193 2331 1790 2409">
     <span class='ocr_line' id='line_1_40' title="bbox 193 2331 1790 2409; baseline 0.001 -23"><span class='ocrx_word' id='word_1_280' title='bbox 193 2332 344 2387; x_wconf 88' lang='lat' dir='ltr'><strong>lente</strong></span> <span class='ocrx_word' id='word_1_281' title='bbox 374 2331 705 2402; x_wconf 76' lang='lat' dir='ltr'><strong>principibus</strong></span> <span class='ocrx_word' id='word_1_282' title='bbox 737 2335 1039 2409; x_wconf 86' lang='lat' dir='ltr'><strong>scripsisse,</strong></span> <span class='ocrx_word' id='word_1_283' title='bbox 1075 2349 1135 2387; x_wconf 89' lang='lat' dir='ltr'><strong>ac</strong></span> <span class='ocrx_word' id='word_1_284' title='bbox 1170 2334 1394 2403; x_wconf 82' lang='lat' dir='ltr'><strong>projutle</strong></span> <span class='ocrx_word' id='word_1_285' title='bbox 1423 2335 1560 2388; x_wconf 89' lang='lat' dir='ltr'><strong>inter</strong></span> <span class='ocrx_word' id='word_1_286' title='bbox 1594 2351 1790 2388; x_wconf 87' lang='lat' dir='ltr'><strong>annum</strong></span> 
     </span>
    </p>
   </div>
   <div class='ocr_carea' id='block_1_41' title="bbox 193 2426 1791 2497">
    <p class='ocr_par' dir='ltr' id='par_1_41' title="bbox 193 2426 1791 2497">
     <span class='ocr_line' id='line_1_41' title="bbox 193 2426 1791 2497; baseline 0.001 -16"><span class='ocrx_word' id='word_1_287' title='bbox 193 2426 325 2494; x_wconf 73' lang='lat'><strong>572,</strong></span> <span class='ocrx_word' id='word_1_288' title='bbox 349 2442 457 2497; x_wconf 88' lang='lat' dir='ltr'><strong>quo</strong></span> <span class='ocrx_word' id='word_1_289' title='bbox 488 2426 891 2483; x_wconf 88' lang='lat' dir='ltr'><strong>Valentinianus</strong></span> <span class='ocrx_word' id='word_1_290' title='bbox 925 2428 1169 2493; x_wconf 75' lang='lat' dir='ltr'><strong>proximo</strong></span> <span class='ocrx_word' id='word_1_291' title='bbox 1196 2439 1313 2496; x_wconf 88' lang='lat' dir='ltr'><strong>post</strong></span> <span class='ocrx_word' id='word_1_292' title='bbox 1337 2428 1670 2484; x_wconf 83' lang='lat' dir='ltr'><strong>bissextiletn</strong></span> <span class='ocrx_word' id='word_1_293' title='bbox 1704 2430 1791 2484; x_wconf 88' lang='lat' dir='ltr'><strong>die</strong></span> 
     </span>
    </p>
   </div>
   <div class='ocr_carea' id='block_1_42' title="bbox 192 2520 1793 2591">
    <p class='ocr_par' dir='ltr' id='par_1_42' title="bbox 192 2520 1793 2591">
     <span class='ocr_line' id='line_1_42' title="bbox 192 2520 1793 2591; baseline 0.001 -18"><span class='ocrx_word' id='word_1_294' title='bbox 192 2520 512 2589; x_wconf 71' lang='lat' dir='ltr'><strong>imperator</strong></span> <span class='ocrx_word' id='word_1_295' title='bbox 536 2520 738 2574; x_wconf 90' lang='lat' dir='ltr'><strong>electus</strong></span> <span class='ocrx_word' id='word_1_296' title='bbox 776 2529 877 2584; x_wconf 89' lang='lat' dir='ltr'><strong>est,</strong></span> <span class='ocrx_word' id='word_1_297' title='bbox 925 2530 978 2575; x_wconf 89' lang='lat' dir='ltr'><strong>et</strong></span> <span class='ocrx_word' id='word_1_298' title='bbox 1008 2522 1136 2589; x_wconf 71' lang='lat'><strong>375,</strong></span> <span class='ocrx_word' id='word_1_299' title='bbox 1185 2537 1291 2591; x_wconf 88' lang='lat' dir='ltr'><strong>quo</strong></span> <span class='ocrx_word' id='word_1_300' title='bbox 1335 2522 1473 2576; x_wconf 91' lang='lat' dir='ltr'><strong>idem</strong></span> <span class='ocrx_word' id='word_1_301' title='bbox 1515 2523 1793 2591; x_wconf 83' lang='lat' dir='ltr'><strong>apoplexia</strong></span> 
     </span>
    </p>
   </div>
   <div class='ocr_carea' id='block_1_43' title="bbox 193 2611 1807 2683">
    <p class='ocr_par' dir='ltr' id='par_1_43' title="bbox 193 2611 1807 2683">
     <span class='ocr_line' id='line_1_43' title="bbox 193 2611 1807 2683; baseline 0.001 -16"><span class='ocrx_word' id='word_1_302' title='bbox 193 2621 481 2680; x_wconf 89' lang='lat' dir='ltr'><strong>correptus</strong></span> <span class='ocrx_word' id='word_1_303' title='bbox 531 2612 731 2667; x_wconf 86' lang='lat' dir='ltr'><strong>interiit</strong></span> <span class='ocrx_word' id='word_1_304' title='bbox 782 2629 851 2666; x_wconf 88' lang='lat' dir='ltr'><strong>xv</strong></span> <span class='ocrx_word' id='word_1_305' title='bbox 880 2611 1096 2669; x_wconf 78' lang='lat' dir='ltr'><strong>kalend.</strong></span> <span class='ocrx_word' id='word_1_306' title='bbox 1139 2615 1403 2683; x_wconf 84' lang='lat' dir='ltr'><strong>septemb.</strong></span> <span class='ocrx_word' id='word_1_307' title='bbox 1457 2615 1508 2668; x_wconf 90' lang='lat' dir='ltr'><strong>in</strong></span> <span class='ocrx_word' id='word_1_308' title='bbox 1561 2612 1807 2670; x_wconf 89' lang='lat' dir='ltr'><strong>Castello</strong></span> 
     </span>
    </p>
   </div>
   <div class='ocr_carea' id='block_1_44' title="bbox 195 2703 1791 2779">
    <p class='ocr_par' dir='ltr' id='par_1_44' title="bbox 195 2703 1791 2779">
     <span class='ocr_line' id='line_1_44' title="bbox 195 2703 1791 2779; baseline 0.001 -18"><span class='ocrx_word' id='word_1_309' title='bbox 195 2706 519 2776; x_wconf 80' lang='lat' dir='ltr'><strong>Brigitioite,</strong></span> <span class='ocrx_word' id='word_1_310' title='bbox 554 2714 611 2759; x_wconf 85' lang='lat' dir='ltr'><strong>ut</strong></span> <span class='ocrx_word' id='word_1_311' title='bbox 638 2714 867 2761; x_wconf 87' lang='lat' dir='ltr'><strong>testatur</strong></span> <span class='ocrx_word' id='word_1_312' title='bbox 913 2703 1127 2762; x_wconf 88' lang='lat' dir='ltr'><strong>ldatitts.</strong></span> <span class='ocrx_word' id='word_1_313' title='bbox 1165 2709 1336 2763; x_wconf 86' lang='lat' dir='ltr'><strong>Unum</strong></span> <span class='ocrx_word' id='word_1_314' title='bbox 1369 2720 1451 2763; x_wconf 87' lang='lat' dir='ltr'><strong>cst</strong></span> <span class='ocrx_word' id='word_1_315' title='bbox 1487 2709 1627 2779; x_wconf 91' lang='lat' dir='ltr'><strong>quod</strong></span> <span class='ocrx_word' id='word_1_316' title='bbox 1672 2724 1791 2763; x_wconf 89' lang='lat' dir='ltr'><strong>eum</strong></span> 
     </span>
    </p>
   </div>
   <div class='ocr_carea' id='block_1_45' title="bbox 194 2798 1794 2870">
    <p class='ocr_par' dir='ltr' id='par_1_45' title="bbox 194 2798 1794 2870">
     <span class='ocr_line' id='line_1_45' title="bbox 194 2798 1794 2870; baseline 0.001 -17"><span class='ocrx_word' id='word_1_317' title='bbox 194 2798 299 2854; x_wconf 89' lang='lat' dir='ltr'><strong>hac</strong></span> <span class='ocrx_word' id='word_1_318' title='bbox 326 2799 529 2868; x_wconf 89' lang='lat' dir='ltr'><strong>epoeha</strong></span> <span class='ocrx_word' id='word_1_319' title='bbox 570 2814 867 2868; x_wconf 82' lang='lat' dir='ltr'><strong>congruere</strong></span> <span class='ocrx_word' id='word_1_320' title='bbox 902 2799 986 2854; x_wconf 75' lang='lat' dir='ltr'><strong>vix</strong></span> <span class='ocrx_word' id='word_1_321' title='bbox 1035 2802 1235 2868; x_wconf 81' lang='lat' dir='ltr'><strong>possit;</strong></span> <span class='ocrx_word' id='word_1_322' title='bbox 1270 2801 1447 2856; x_wconf 87' lang='lat' dir='ltr'><strong>Siricii</strong></span> <span class='ocrx_word' id='word_1_323' title='bbox 1483 2817 1675 2870; x_wconf 81' lang='lat' dir='ltr'><strong>nempe</strong></span> <span class='ocrx_word' id='word_1_324' title='bbox 1700 2818 1794 2857; x_wconf 88' lang='lat' dir='ltr'><strong>tto-</strong></span> 
     </span>
    </p>
   </div>
   <div class='ocr_carea' id='block_1_46' title="bbox 192 2892 1789 2964">
    <p class='ocr_par' dir='ltr' id='par_1_46' title="bbox 192 2892 1789 2964">
     <span class='ocr_line' id='line_1_46' title="bbox 192 2892 1789 2964; baseline -0.001 -16"><span class='ocrx_word' id='word_1_325' title='bbox 192 2910 345 2957; x_wconf 91' lang='lat' dir='ltr'><strong>men,</strong></span> <span class='ocrx_word' id='word_1_326' title='bbox 396 2892 539 2963; x_wconf 92' lang='lat' dir='ltr'><strong>quod</strong></span> <span class='ocrx_word' id='word_1_327' title='bbox 587 2894 636 2946; x_wconf 91' lang='lat' dir='ltr'><strong>in</strong></span> <span class='ocrx_word' id='word_1_328' title='bbox 689 2894 931 2962; x_wconf 77' lang='lat' dir='ltr'><strong>catalogo</strong></span> <span class='ocrx_word' id='word_1_329' title='bbox 991 2895 1356 2949; x_wconf 76' lang='lat' dir='ltr'><strong>Retttattorunt</strong></span> <span class='ocrx_word' id='word_1_330' title='bbox 1414 2895 1789 2964; x_wconf 82' lang='lat' dir='ltr'><strong>episcoporum</strong></span> 
     </span>
    </p>
   </div>
   <div class='ocr_carea' id='block_1_47' title="bbox 189 2990 1792 3064">
    <p class='ocr_par' dir='ltr' id='par_1_47' title="bbox 189 2990 1792 3064">
     <span class='ocr_line' id='line_1_47' title="bbox 189 2990 1792 3064; baseline 0.004 -20"><span class='ocrx_word' id='word_1_331' title='bbox 189 3006 354 3061; x_wconf 85' lang='lat' dir='ltr'><strong>quem</strong></span> <span class='ocrx_word' id='word_1_332' title='bbox 385 2990 558 3054; x_wconf 86' lang='lat' dir='ltr'><strong>texuit</strong></span> <span class='ocrx_word' id='word_1_333' title='bbox 601 2992 826 3057; x_wconf 84' lang='lat' dir='ltr'><strong>Optatos</strong></span> <span class='ocrx_word' id='word_1_334' title='bbox 853 2992 943 3046; x_wconf 83' lang='lat' dir='ltr'><strong>lib.</strong></span> <span class='ocrx_word' id='word_1_335' title='bbox 974 3010 1031 3059; x_wconf 84' lang='lat' dir='ltr'><strong>ll,</strong></span> <span class='ocrx_word' id='word_1_336' title='bbox 1076 2994 1102 3063; x_wconf 85' lang='lat'>§</span> <span class='ocrx_word' id='word_1_337' title='bbox 1129 2996 1183 3061; x_wconf 79' lang='grc'><strong>5,</strong></span> <span class='ocrx_word' id='word_1_338' title='bbox 1220 2996 1492 3063; x_wconf 83' lang='lat' dir='ltr'><strong>reperitur</strong></span> <span class='ocrx_word' id='word_1_339' title='bbox 1521 3004 1640 3064; x_wconf 91' lang='lat' dir='ltr'><strong>post</strong></span> <span class='ocrx_word' id='word_1_340' title='bbox 1694 2996 1792 3049; x_wconf 90' lang='lat' dir='ltr'><strong>Da-</strong></span> 
     </span>
    </p>
   </div>
   <div class='ocr_carea' id='block_1_48' title="bbox 190 3081 1787 3143">
    <p class='ocr_par' dir='ltr' id='par_1_48' title="bbox 190 3081 1787 3143">
     <span class='ocr_line' id='line_1_48' title="bbox 190 3081 1787 3143; baseline 0.004 -6"><span class='ocrx_word' id='word_1_341' title='bbox 190 3099 430 3138; x_wconf 86' lang='lat' dir='ltr'><strong>masum.</strong></span> <span class='ocrx_word' id='word_1_342' title='bbox 465 3081 593 3136; x_wconf 84' lang='lat' dir='ltr'><strong>Nam</strong></span> <span class='ocrx_word' id='word_1_343' title='bbox 626 3098 745 3136; x_wconf 89' lang='lat' dir='ltr'><strong>cum</strong></span> <span class='ocrx_word' id='word_1_344' title='bbox 778 3083 1004 3140; x_wconf 89' lang='lat' dir='ltr'><strong>Siricius</strong></span> <span class='ocrx_word' id='word_1_345' title='bbox 1044 3088 1109 3139; x_wconf 87' lang='lat' dir='ltr'><strong>ad</strong></span> <span class='ocrx_word' id='word_1_346' title='bbox 1142 3089 1322 3142; x_wconf 83' lang='lat' dir='ltr'><strong>sedent</strong></span> <span class='ocrx_word' id='word_1_347' title='bbox 1360 3088 1652 3141; x_wconf 78' lang='lat' dir='ltr'><strong>Romanam</strong></span> <span class='ocrx_word' id='word_1_348' title='bbox 1685 3105 1787 3143; x_wconf 89' lang='lat' dir='ltr'><strong>non</strong></span> 
     </span>
    </p>
   </div>
   <div class='ocr_carea' id='block_1_49' title="bbox 1890 1863 3483 1935">
    <p class='ocr_par' dir='ltr' id='par_1_49' title="bbox 1890 1863 3483 1935">
     <span class='ocr_line' id='line_1_49' title="bbox 1890 1863 3483 1935; baseline 0.002 -20"><span class='ocrx_word' id='word_1_349' title='bbox 1890 1864 1999 1933; x_wconf 88' lang='lat' dir='ltr'><strong>jant</strong></span> <span class='ocrx_word' id='word_1_350' title='bbox 2027 1863 2093 1916; x_wconf 87' lang='lat' dir='ltr'><strong>ab</strong></span> <span class='ocrx_word' id='word_1_351' title='bbox 2113 1863 2264 1916; x_wconf 78' lang='lat' dir='ltr'><strong>initio</strong></span> <span class='ocrx_word' id='word_1_352' title='bbox 2287 1864 2426 1917; x_wconf 82' lang='lat' dir='ltr'><strong>sexti</strong></span> <span class='ocrx_word' id='word_1_353' title='bbox 2455 1874 2576 1933; x_wconf 91' lang='lat' dir='ltr'><strong>post</strong></span> <span class='ocrx_word' id='word_1_354' title='bbox 2602 1864 2874 1921; x_wconf 88' lang='lat' dir='ltr'><strong>Christum</strong></span> <span class='ocrx_word' id='word_1_355' title='bbox 2901 1864 3083 1918; x_wconf 71' lang='lat' dir='ltr'><strong>Stcculi</strong></span> <span class='ocrx_word' id='word_1_356' title='bbox 3108 1866 3205 1935; x_wconf 90' lang='lat' dir='ltr'><strong>ipsi</strong></span> <span class='ocrx_word' id='word_1_357' title='bbox 3231 1864 3483 1918; x_wconf 87' lang='lat' dir='ltr'><strong>tributmn</strong></span> 
     </span>
    </p>
   </div>
   <div class='ocr_carea' id='block_1_50' title="bbox 1876 1952 3486 2025">
    <p class='ocr_par' dir='ltr' id='par_1_50' title="bbox 1876 1952 3486 2025">
     <span class='ocr_line' id='line_1_50' title="bbox 1876 1952 3486 2025; baseline 0.001 -16"><span class='ocrx_word' id='word_1_358' title='bbox 1876 1952 2090 2025; x_wconf 77' lang='lat' dir='ltr'><strong>legitur</strong></span> <span class='ocrx_word' id='word_1_359' title='bbox 2111 1957 2177 2010; x_wconf 86' lang='lat' dir='ltr'><strong>ab</strong></span> <span class='ocrx_word' id='word_1_360' title='bbox 2199 1956 2410 2010; x_wconf 73' lang='lat' dir='ltr'><strong>eximia:</strong></span> <span class='ocrx_word' id='word_1_361' title='bbox 2438 1956 2741 2015; x_wconf 82' lang='lat' dir='ltr'><strong>sanctitatis</strong></span> <span class='ocrx_word' id='word_1_362' title='bbox 2777 1968 2832 2012; x_wconf 90' lang='lat' dir='ltr'><strong>et</strong></span> <span class='ocrx_word' id='word_1_363' title='bbox 2857 1956 3180 2013; x_wconf 90' lang='lat' dir='ltr'><strong>eruditionis</strong></span> <span class='ocrx_word' id='word_1_364' title='bbox 3213 1959 3327 2011; x_wconf 86' lang='lat' dir='ltr'><strong>viro</strong></span> <span class='ocrx_word' id='word_1_365' title='bbox 3359 1956 3486 2025; x_wconf 71' lang='lat' dir='ltr'><strong>Eul-</strong></span> 
     </span>
    </p>
   </div>
   <div class='ocr_carea' id='block_1_51' title="bbox 1880 2047 3485 2119">
    <p class='ocr_par' dir='ltr' id='par_1_51' title="bbox 1880 2047 3485 2119">
     <span class='ocr_line' id='line_1_51' title="bbox 1880 2047 3485 2119; baseline 0.001 -18"><span class='ocrx_word' id='word_1_366' title='bbox 1880 2048 2072 2117; x_wconf 81' lang='lat' dir='ltr'><strong>~gentio</strong></span> <span class='ocrx_word' id='word_1_367' title='bbox 2105 2047 2372 2117; x_wconf 83' lang='lat' dir='ltr'><strong>Rospeusi</strong></span> <span class='ocrx_word' id='word_1_368' title='bbox 2401 2049 2678 2117; x_wconf 87' lang='lat' dir='ltr'><strong>episc0po,</strong></span> <span class='ocrx_word' id='word_1_369' title='bbox 2710 2050 2799 2119; x_wconf 90' lang='lat' dir='ltr'><strong>qui</strong></span> <span class='ocrx_word' id='word_1_370' title='bbox 2842 2048 3012 2103; x_wconf 87' lang='lat' dir='ltr'><strong>saneti</strong></span> <span class='ocrx_word' id='word_1_371' title='bbox 3042 2048 3219 2119; x_wconf 90' lang='lat' dir='ltr'><strong>Optati</strong></span> <span class='ocrx_word' id='word_1_372' title='bbox 3253 2050 3485 2103; x_wconf 88' lang='lat' dir='ltr'><strong>auctori-</strong></span> 
     </span>
    </p>
   </div>
   <div class='ocr_carea' id='block_1_52' title="bbox 1897 2142 3484 2219">
    <p class='ocr_par' dir='ltr' id='par_1_52' title="bbox 1897 2142 3484 2219">
     <span class='ocr_line' id='line_1_52' title="bbox 1897 2142 3484 2219; baseline 0.001 -24"><span class='ocrx_word' id='word_1_373' title='bbox 1897 2150 2084 2204; x_wconf 84' lang='lat' dir='ltr'><strong>tatem,</strong></span> <span class='ocrx_word' id='word_1_374' title='bbox 2109 2144 2276 2195; x_wconf 85' lang='lat' dir='ltr'><strong>sancti</strong></span> <span class='ocrx_word' id='word_1_375' title='bbox 2306 2143 2572 2197; x_wconf 76' lang='lat' dir='ltr'><strong>AntbrOsii</strong></span> <span class='ocrx_word' id='word_1_376' title='bbox 2598 2150 2651 2197; x_wconf 88' lang='lat' dir='ltr'><strong>et</strong></span> <span class='ocrx_word' id='word_1_377' title='bbox 2674 2144 2842 2219; x_wconf 83' lang='lat' dir='ltr'><strong>sancti</strong></span> <span class='ocrx_word' id='word_1_378' title='bbox 2861 2142 3142 2213; x_wconf 82' lang='lat' dir='ltr'><strong>Augustini</strong></span> <span class='ocrx_word' id='word_1_379' title='bbox 3168 2142 3484 2198; x_wconf 88' lang='lat' dir='ltr'><strong>testimoniis</strong></span> 
     </span>
    </p>
   </div>
   <div class='ocr_carea' id='block_1_53' title="bbox 1896 2234 3484 2308">
    <p class='ocr_par' dir='ltr' id='par_1_53' title="bbox 1896 2234 3484 2308">
     <span class='ocr_line' id='line_1_53' title="bbox 1896 2234 3484 2308; baseline -0.001 -20"><span class='ocrx_word' id='word_1_380' title='bbox 1896 2235 2153 2305; x_wconf 86' lang='lat' dir='ltr'><strong>adjungit.</strong></span> <span class='ocrx_word' id='word_1_381' title='bbox 2176 2235 2230 2289; x_wconf 89' lang='lat' dir='ltr'><strong>In</strong></span> <span class='ocrx_word' id='word_1_382' title='bbox 2256 2235 2628 2307; x_wconf 83' lang='lat' dir='ltr'><strong>Martyrologio</strong></span> <span class='ocrx_word' id='word_1_383' title='bbox 2658 2234 2731 2308; x_wconf 62' lang='lat'><strong>2&#39;</strong></span> <span class='ocrx_word' id='word_1_384' title='bbox 2752 2236 2993 2289; x_wconf 79' lang='lat' dir='ltr'><strong>Romano</strong></span> <span class='ocrx_word' id='word_1_385' title='bbox 3008 2234 3073 2291; x_wconf 85' lang='lat' dir='ltr'><strong>ad</strong></span> <span class='ocrx_word' id='word_1_386' title='bbox 3101 2234 3239 2289; x_wconf 89' lang='lat' dir='ltr'><strong>diem</strong></span> <span class='ocrx_word' id='word_1_387' title='bbox 3287 2236 3320 2289; x_wconf 67' lang='grc'><strong>4</strong></span> <span class='ocrx_word' id='word_1_388' title='bbox 3348 2234 3484 2303; x_wconf 87' lang='lat' dir='ltr'><strong>juuii</strong></span> 
     </span>
    </p>
   </div>
   <div class='ocr_carea' id='block_1_54' title="bbox 1896 2327 3486 2399">
    <p class='ocr_par' dir='ltr' id='par_1_54' title="bbox 1896 2327 3486 2399">
     <span class='ocr_line' id='line_1_54' title="bbox 1896 2327 3486 2399; baseline 0 -18"><span class='ocrx_word' id='word_1_389' title='bbox 1896 2328 2196 2399; x_wconf 80' lang='lat' dir='ltr'><strong>adscriptus</strong></span> <span class='ocrx_word' id='word_1_390' title='bbox 2232 2340 2313 2383; x_wconf 88' lang='lat' dir='ltr'><strong>cst</strong></span> <span class='ocrx_word' id='word_1_391' title='bbox 2342 2344 2372 2383; x_wconf 89' lang='lat' dir='ltr'><strong>a</strong></span> <span class='ocrx_word' id='word_1_392' title='bbox 2401 2329 2632 2385; x_wconf 86' lang='lat' dir='ltr'><strong>Baronio</strong></span> <span class='ocrx_word' id='word_1_393' title='bbox 2674 2331 2815 2384; x_wconf 84' lang='lat' dir='ltr'><strong>inter</strong></span> <span class='ocrx_word' id='word_1_394' title='bbox 2843 2340 3057 2384; x_wconf 90' lang='lat' dir='ltr'><strong>sanctos</strong></span> <span class='ocrx_word' id='word_1_395' title='bbox 3087 2328 3311 2399; x_wconf 74' lang='lat' dir='ltr'><strong>Optatos</strong></span> <span class='ocrx_word' id='word_1_396' title='bbox 3338 2327 3486 2382; x_wconf 85' lang='lat' dir='ltr'><strong>Mile-</strong></span> 
     </span>
    </p>
   </div>
   <div class='ocr_carea' id='block_1_55' title="bbox 1896 2405 3483 2495">
    <p class='ocr_par' dir='ltr' id='par_1_55' title="bbox 1896 2405 3483 2495">
     <span class='ocr_line' id='line_1_55' title="bbox 1896 2405 3483 2495; baseline 0 -19"><span class='ocrx_word' id='word_1_397' title='bbox 1896 2425 2129 2487; x_wconf 89' lang='lat' dir='ltr'><strong>vitattus,</strong></span> <span class='ocrx_word' id='word_1_398' title='bbox 2162 2424 2315 2494; x_wconf 85' lang='lat' dir='ltr'><strong>cujus</strong></span> <span class='ocrx_word' id='word_1_399' title='bbox 2353 2405 2548 2479; x_wconf 75' lang='lat' dir='ltr'><strong>nomen</strong></span> <span class='ocrx_word' id='word_1_400' title='bbox 2590 2426 2639 2478; x_wconf 87' lang='lat' dir='ltr'><strong>in</strong></span> <span class='ocrx_word' id='word_1_401' title='bbox 2674 2424 2819 2478; x_wconf 91' lang='lat' dir='ltr'><strong>nullo</strong></span> <span class='ocrx_word' id='word_1_402' title='bbox 2859 2424 2963 2478; x_wconf 88' lang='lat' dir='ltr'><strong>alio</strong></span> <span class='ocrx_word' id='word_1_403' title='bbox 3002 2423 3377 2495; x_wconf 81' lang='lat' dir='ltr'><strong>Martyrologio</strong></span> <span class='ocrx_word' id='word_1_404' title='bbox 3410 2422 3483 2476; x_wconf 84' lang='lat' dir='ltr'><strong>le-</strong></span> 
     </span>
    </p>
   </div>
   <div class='ocr_carea' id='block_1_56' title="bbox 1896 2514 3479 2588">
    <p class='ocr_par' dir='ltr' id='par_1_56' title="bbox 1896 2514 3479 2588">
     <span class='ocr_line' id='line_1_56' title="bbox 1896 2514 3479 2588; baseline 0.001 -19"><span class='ocrx_word' id='word_1_405' title='bbox 1896 2531 2024 2583; x_wconf 73' lang='lat' dir='ltr'><strong>gere</strong></span> <span class='ocrx_word' id='word_1_406' title='bbox 2070 2524 2169 2578; x_wconf 87' lang='lat' dir='ltr'><strong>est,</strong></span> <span class='ocrx_word' id='word_1_407' title='bbox 2224 2517 2321 2569; x_wconf 88' lang='lat' dir='ltr'><strong>nisi</strong></span> <span class='ocrx_word' id='word_1_408' title='bbox 2367 2515 2418 2569; x_wconf 91' lang='lat' dir='ltr'><strong>itt</strong></span> <span class='ocrx_word' id='word_1_409' title='bbox 2461 2518 2707 2585; x_wconf 76' lang='lat' dir='ltr'><strong>catalogo</strong></span> <span class='ocrx_word' id='word_1_410' title='bbox 2747 2516 2889 2569; x_wconf 82' lang='lat' dir='ltr'><strong>Petri</strong></span> <span class='ocrx_word' id='word_1_411' title='bbox 2937 2515 3005 2570; x_wconf 92' lang='lat' dir='ltr'><strong>de</strong></span> <span class='ocrx_word' id='word_1_412' title='bbox 3041 2514 3349 2588; x_wconf 76' lang='lat' dir='ltr'><strong>Natalibus,</strong></span> <span class='ocrx_word' id='word_1_413' title='bbox 3389 2516 3479 2585; x_wconf 90' lang='lat' dir='ltr'><strong>q&#39;ui</strong></span> 
     </span>
    </p>
   </div>
   <div class='ocr_carea' id='block_1_57' title="bbox 1896 2607 3482 2678">
    <p class='ocr_par' dir='ltr' id='par_1_57' title="bbox 1896 2607 3482 2678">
     <span class='ocr_line' id='line_1_57' title="bbox 1896 2607 3482 2678; baseline -0.001 -14"><span class='ocrx_word' id='word_1_414' title='bbox 1896 2608 2145 2677; x_wconf 87' lang='lat' dir='ltr'><strong>Optatum</strong></span> <span class='ocrx_word' id='word_1_415' title='bbox 2183 2609 2538 2665; x_wconf 78' lang='lat' dir='ltr'><strong>Autissiodori</strong></span> <span class='ocrx_word' id='word_1_416' title='bbox 2570 2612 2903 2678; x_wconf 84' lang='lat' dir='ltr'><strong>episcopum,</strong></span> <span class='ocrx_word' id='word_1_417' title='bbox 2934 2608 3088 2678; x_wconf 88' lang='lat' dir='ltr'><strong>cujus</strong></span> <span class='ocrx_word' id='word_1_418' title='bbox 3119 2607 3310 2662; x_wconf 87' lang='lat' dir='ltr'><strong>natalis</strong></span> <span class='ocrx_word' id='word_1_419' title='bbox 3340 2608 3482 2663; x_wconf 89' lang='lat' dir='ltr'><strong>cele-</strong></span> 
     </span>
    </p>
   </div>
   <div class='ocr_carea' id='block_1_58' title="bbox 1898 2684 3474 2770">
    <p class='ocr_par' dir='ltr' id='par_1_58' title="bbox 1898 2684 3474 2770">
     <span class='ocr_line' id='line_1_58' title="bbox 1898 2684 3474 2770; baseline -0.003 -15"><span class='ocrx_word' id='word_1_420' title='bbox 1898 2684 2082 2755; x_wconf 68' lang='grc' dir='ltr'><strong>ιῖνειιιι·</strong></span> <span class='ocrx_word' id='word_1_421' title='bbox 2109 2701 2173 2753; x_wconf 86' lang='lat' dir='ltr'><strong>ad</strong></span> <span class='ocrx_word' id='word_1_422' title='bbox 2199 2701 2337 2755; x_wconf 85' lang='lat' dir='ltr'><strong>diem</strong></span> <span class='ocrx_word' id='word_1_423' title='bbox 2364 2702 2425 2756; x_wconf 81' lang='grc'><strong>51</strong></span> <span class='ocrx_word' id='word_1_424' title='bbox 2451 2701 2696 2770; x_wconf 73' lang='lat' dir='ltr'><strong>Augusti,</strong></span> <span class='ocrx_word' id='word_1_425' title='bbox 2724 2700 2920 2769; x_wconf 71' lang='lat' dir='ltr'><strong>putavit</strong></span> <span class='ocrx_word' id='word_1_426' title='bbox 2946 2699 3191 2754; x_wconf 88' lang='lat' dir='ltr'><strong>eumdem</strong></span> <span class='ocrx_word' id='word_1_427' title='bbox 3214 2714 3334 2753; x_wconf 87' lang='lat' dir='ltr'><strong>esse</strong></span> <span class='ocrx_word' id='word_1_428' title='bbox 3356 2714 3474 2752; x_wconf 91' lang='lat' dir='ltr'><strong>cum</strong></span> 
     </span>
    </p>
   </div>
   <div class='ocr_carea' id='block_1_59' title="bbox 1896 2793 3479 2869">
    <p class='ocr_par' dir='ltr' id='par_1_59' title="bbox 1896 2793 3479 2869">
     <span class='ocr_line' id='line_1_59' title="bbox 1896 2793 3479 2869; baseline -0.003 -16"><span class='ocrx_word' id='word_1_429' title='bbox 1896 2799 2088 2868; x_wconf 89' lang='lat' dir='ltr'><strong>Optato</strong></span> <span class='ocrx_word' id='word_1_430' title='bbox 2113 2800 2438 2865; x_wconf 81' lang='lat' dir='ltr'><strong>Mtlevitano,</strong></span> <span class='ocrx_word' id='word_1_431' title='bbox 2463 2815 2629 2869; x_wconf 86' lang='lat' dir='ltr'><strong>caque</strong></span> <span class='ocrx_word' id='word_1_432' title='bbox 2647 2798 2732 2852; x_wconf 85' lang='lat' dir='ltr'><strong>die</strong></span> <span class='ocrx_word' id='word_1_433' title='bbox 2758 2797 3073 2852; x_wconf 87' lang='lat' dir='ltr'><strong>memoriam</strong></span> <span class='ocrx_word' id='word_1_434' title='bbox 3100 2796 3267 2863; x_wconf 83' lang='lat' dir='ltr'><strong>ipsius</strong></span> <span class='ocrx_word' id='word_1_435' title='bbox 3287 2793 3479 2848; x_wconf 80' lang='lat' dir='ltr'><strong>factum</strong></span> 
     </span>
    </p>
   </div>
   <div class='ocr_carea' id='block_1_60' title="bbox 1895 2878 3478 2963">
    <p class='ocr_par' dir='ltr' id='par_1_60' title="bbox 1895 2878 3478 2963">
     <span class='ocr_line' id='line_1_60' title="bbox 1895 2878 3478 2963; baseline -0.004 -15"><span class='ocrx_word' id='word_1_436' title='bbox 1895 2894 2147 2949; x_wconf 83' lang='lat' dir='ltr'><strong>credidit.</strong></span> <span class='ocrx_word' id='word_1_437' title='bbox 2190 2896 2353 2961; x_wconf 81' lang='lat' dir='ltr'><strong>Cujus</strong></span> <span class='ocrx_word' id='word_1_438' title='bbox 2384 2909 2622 2951; x_wconf 78' lang='lat' dir='ltr'><strong>errorem</strong></span> <span class='ocrx_word' id='word_1_439' title='bbox 2657 2878 2957 2963; x_wconf 77' lang='lat' dir='ltr'><strong>agnoscens</strong></span> <span class='ocrx_word' id='word_1_440' title='bbox 3003 2891 3284 2954; x_wconf 87' lang='lat' dir='ltr'><strong>Baronius,</strong></span> <span class='ocrx_word' id='word_1_441' title='bbox 3316 2889 3478 2959; x_wconf 85' lang='lat' dir='ltr'><strong>Opta-</strong></span> 
     </span>
    </p>
   </div>
   <div class='ocr_carea' id='block_1_61' title="bbox 1896 2985 3474 3053">
    <p class='ocr_par' dir='ltr' id='par_1_61' title="bbox 1896 2985 3474 3053">
     <span class='ocr_line' id='line_1_61' title="bbox 1896 2985 3474 3053; baseline -0.004 -11"><span class='ocrx_word' id='word_1_442' title='bbox 1896 2999 2005 3042; x_wconf 87' lang='lat' dir='ltr'><strong>tunt</strong></span> <span class='ocrx_word' id='word_1_443' title='bbox 2038 2988 2564 3053; x_wconf 74' lang='lat' dir='ltr'><strong>Antissiodorensem</strong></span> <span class='ocrx_word' id='word_1_444' title='bbox 2590 2988 2654 3041; x_wconf 90' lang='lat' dir='ltr'><strong>ad</strong></span> <span class='ocrx_word' id='word_1_445' title='bbox 2686 2987 2827 3040; x_wconf 88' lang='lat' dir='ltr'><strong>diem</strong></span> <span class='ocrx_word' id='word_1_446' title='bbox 2857 2987 2915 3039; x_wconf 80' lang='grc'><strong>51</strong></span> <span class='ocrx_word' id='word_1_447' title='bbox 2957 2987 3176 3053; x_wconf 79' lang='lat' dir='ltr'><strong>Augusti</strong></span> <span class='ocrx_word' id='word_1_448' title='bbox 3211 2985 3474 3043; x_wconf 82' lang='lat' dir='ltr'><strong>restituit;</strong></span> 
     </span>
    </p>
   </div>
   <div class='ocr_carea' id='block_1_62' title="bbox 1895 3076 3478 3149">
    <p class='ocr_par' dir='ltr' id='par_1_62' title="bbox 1895 3076 3478 3149">
     <span class='ocr_line' id='line_1_62' title="bbox 1895 3076 3478 3149; baseline -0.003 -18"><span class='ocrx_word' id='word_1_449' title='bbox 1895 3078 1987 3132; x_wconf 91' lang='lat' dir='ltr'><strong>sed</strong></span> <span class='ocrx_word' id='word_1_450' title='bbox 2014 3080 2256 3149; x_wconf 87' lang='lat' dir='ltr'><strong>religioni</strong></span> <span class='ocrx_word' id='word_1_451' title='bbox 2284 3079 2485 3134; x_wconf 89' lang='lat' dir='ltr'><strong>ducens</strong></span> <span class='ocrx_word' id='word_1_452' title='bbox 2513 3079 2764 3147; x_wconf 85' lang='lat' dir='ltr'><strong>Optatum</strong></span> <span class='ocrx_word' id='word_1_453' title='bbox 2796 3088 3058 3142; x_wconf 90' lang='lat' dir='ltr'><strong>nostrum,</strong></span> <span class='ocrx_word' id='word_1_454' title='bbox 3092 3077 3175 3131; x_wconf 91' lang='lat' dir='ltr'><strong>cui</strong></span> <span class='ocrx_word' id='word_1_455' title='bbox 3203 3076 3375 3131; x_wconf 87' lang='lat' dir='ltr'><strong>locmn</strong></span> <span class='ocrx_word' id='word_1_456' title='bbox 3398 3076 3478 3129; x_wconf 85' lang='lat' dir='ltr'><strong>in-</strong></span> 
     </span>
    </p>
   </div>
   <div class='ocr_carea' id='block_1_63' title="bbox 189 3158 3473 3250">
    <p class='ocr_par' dir='ltr' id='par_1_63' title="bbox 189 3158 3473 3250">
     <span class='ocr_line' id='line_1_63' title="bbox 189 3158 3473 3250; baseline -0.002 -19"><span class='ocrx_word' id='word_1_457' title='bbox 189 3176 357 3231; x_wconf 81' lang='lat' dir='ltr'><strong>fuctit</strong></span> <span class='ocrx_word' id='word_1_458' title='bbox 382 3186 600 3233; x_wconf 85' lang='lat' dir='ltr'><strong>evectus</strong></span> <span class='ocrx_word' id='word_1_459' title='bbox 666 3192 791 3235; x_wconf 84' lang='lat' dir='ltr'><strong>ante</strong></span> <span class='ocrx_word' id='word_1_460' title='bbox 839 3196 1035 3233; x_wconf 91' lang='lat' dir='ltr'><strong>annum</strong></span> <span class='ocrx_word' id='word_1_461' title='bbox 1077 3179 1181 3235; x_wconf 67' lang='lat'><strong>384</strong></span> <span class='ocrx_word' id='word_1_462' title='bbox 1218 3183 1420 3250; x_wconf 86' lang='lat' dir='ltr'><strong>aliquot</strong></span> <span class='ocrx_word' id='word_1_463' title='bbox 1469 3184 1621 3234; x_wconf 84' lang='lat' dir='ltr'><strong>:mttis</strong></span> <span class='ocrx_word' id='word_1_464' title='bbox 1667 3196 1786 3249; x_wconf 81' lang='lat' dir='ltr'><strong>post</strong></span> <span class='ocrx_word' id='word_1_465' title='bbox 1815 3158 1975 3241; x_wconf 44' lang='grc' dir='ltr'><strong>(ξιον</strong></span> <span class='ocrx_word' id='word_1_466' title='bbox 2015 3183 2229 3227; x_wconf 91' lang='lat' dir='ltr'><strong>sanctos</strong></span> <span class='ocrx_word' id='word_1_467' title='bbox 2260 3173 2726 3245; x_wconf 80' lang='lat' dir='ltr'><strong>itrMai-tyrologio</strong></span> <span class='ocrx_word' id='word_1_468' title='bbox 2760 3172 2949 3237; x_wconf 74' lang='lat' dir='ltr'><strong>Petrus</strong></span> <span class='ocrx_word' id='word_1_469' title='bbox 2985 3172 3051 3226; x_wconf 89' lang='lat' dir='ltr'><strong>de</strong></span> <span class='ocrx_word' id='word_1_470' title='bbox 3080 3172 3355 3226; x_wconf 86' lang='lat' dir='ltr'><strong>Natalibus</strong></span> <span class='ocrx_word' id='word_1_471' title='bbox 3383 3171 3473 3225; x_wconf 87' lang='lat' dir='ltr'><strong>de-</strong></span> 
     </span>
    </p>
   </div>
   <div class='ocr_carea' id='block_1_64' title="bbox 190 3275 1783 3346">
    <p class='ocr_par' dir='ltr' id='par_1_64' title="bbox 190 3275 1783 3346">
     <span class='ocr_line' id='line_1_64' title="bbox 190 3275 1783 3346; baseline 0.003 -20"><span class='ocrx_word' id='word_1_472' title='bbox 190 3283 427 3329; x_wconf 89' lang='lat' dir='ltr'><strong>mortctn</strong></span> <span class='ocrx_word' id='word_1_473' title='bbox 477 3275 833 3331; x_wconf 82' lang='lat' dir='ltr'><strong>Valentiniani</strong></span> <span class='ocrx_word' id='word_1_474' title='bbox 866 3288 919 3331; x_wconf 92' lang='lat' dir='ltr'><strong>et</strong></span> <span class='ocrx_word' id='word_1_475' title='bbox 944 3275 1185 3330; x_wconf 74' lang='lat' dir='ltr'><strong>Valentis</strong></span> <span class='ocrx_word' id='word_1_476' title='bbox 1224 3286 1270 3329; x_wconf 91' lang='lat' dir='ltr'><strong>et</strong></span> <span class='ocrx_word' id='word_1_477' title='bbox 1305 3276 1574 3345; x_wconf 82' lang='lat' dir='ltr'><strong>octoginta</strong></span> <span class='ocrx_word' id='word_1_478' title='bbox 1604 3275 1639 3327; x_wconf 70' lang='grc' dir='ltr'>η’</span> <span class='ocrx_word' id='word_1_479' title='bbox 1663 3292 1783 3346; x_wconf 87' lang='lat' dir='ltr'><strong>per-</strong></span> 
     </span>
    </p>
   </div>
   <div class='ocr_carea' id='block_1_65' title="bbox 188 3366 1779 3435">
    <p class='ocr_par' dir='ltr' id='par_1_65' title="bbox 188 3366 1779 3435">
     <span class='ocr_line' id='line_1_65' title="bbox 188 3366 1779 3435; baseline 0.003 -19"><span class='ocrx_word' id='word_1_480' title='bbox 188 3366 472 3419; x_wconf 80' lang='lat' dir='ltr'><strong>secutione</strong></span> <span class='ocrx_word' id='word_1_481' title='bbox 498 3367 878 3429; x_wconf 79' lang='lat' dir='ltr'><strong>Diocletiattea,</strong></span> <span class='ocrx_word' id='word_1_482' title='bbox 924 3384 1028 3421; x_wconf 87' lang='lat' dir='ltr'><strong>non</strong></span> <span class='ocrx_word' id='word_1_483' title='bbox 1054 3368 1223 3435; x_wconf 87' lang='lat' dir='ltr'><strong>potuit</strong></span> <span class='ocrx_word' id='word_1_484' title='bbox 1254 3368 1393 3421; x_wconf 88' lang='lat' dir='ltr'><strong>circa</strong></span> <span class='ocrx_word' id='word_1_485' title='bbox 1423 3382 1620 3423; x_wconf 88' lang='lat' dir='ltr'><strong>annum</strong></span> <span class='ocrx_word' id='word_1_486' title='bbox 1655 3368 1779 3431; x_wconf 81' lang='lat'><strong>570,</strong></span> 
     </span>
    </p>
   </div>
   <div class='ocr_carea' id='block_1_66' title="bbox 190 3457 1782 3530">
    <p class='ocr_par' dir='ltr' id='par_1_66' title="bbox 190 3457 1782 3530">
     <span class='ocr_line' id='line_1_66' title="bbox 190 3457 1782 3530; baseline 0 -19"><span class='ocrx_word' id='word_1_487' title='bbox 190 3457 415 3511; x_wconf 84' lang='lat' dir='ltr'><strong>vivente</strong></span> <span class='ocrx_word' id='word_1_488' title='bbox 449 3458 825 3515; x_wconf 80' lang='lat' dir='ltr'><strong>Valentiniano</strong></span> <span class='ocrx_word' id='word_1_489' title='bbox 873 3460 1098 3530; x_wconf 88' lang='lat' dir='ltr'><strong>Optatus</strong></span> <span class='ocrx_word' id='word_1_490' title='bbox 1131 3460 1389 3514; x_wconf 82' lang='lat' dir='ltr'><strong>Siriciunt</strong></span> <span class='ocrx_word' id='word_1_491' title='bbox 1412 3462 1549 3515; x_wconf 87' lang='lat' dir='ltr'><strong>inter</strong></span> <span class='ocrx_word' id='word_1_492' title='bbox 1572 3461 1782 3528; x_wconf 82' lang='lat' dir='ltr'><strong>episco-</strong></span> 
     </span>
    </p>
   </div>
   <div class='ocr_carea' id='block_1_67' title="bbox 186 3551 1782 3623">
    <p class='ocr_par' dir='ltr' id='par_1_67' title="bbox 186 3551 1782 3623">
     <span class='ocr_line' id='line_1_67' title="bbox 186 3551 1782 3623; baseline 0.002 -17"><span class='ocrx_word' id='word_1_493' title='bbox 186 3566 288 3623; x_wconf 87' lang='lat' dir='ltr'><strong>pos</strong></span> <span class='ocrx_word' id='word_1_494' title='bbox 335 3551 609 3609; x_wconf 84' lang='lat' dir='ltr'><strong>Romanos</strong></span> <span class='ocrx_word' id='word_1_495' title='bbox 650 3569 954 3618; x_wconf 77' lang='lat' dir='ltr'><strong>recensere,</strong></span> <span class='ocrx_word' id='word_1_496' title='bbox 989 3569 1048 3607; x_wconf 88' lang='lat' dir='ltr'><strong>:tc</strong></span> <span class='ocrx_word' id='word_1_497' title='bbox 1076 3553 1313 3607; x_wconf 78' lang='lat' dir='ltr'><strong>scribere</strong></span> <span class='ocrx_word' id='word_1_498' title='bbox 1360 3553 1501 3607; x_wconf 89' lang='lat' dir='ltr'><strong>ltunc</strong></span> <span class='ocrx_word' id='word_1_499' title='bbox 1547 3569 1667 3609; x_wconf 90' lang='lat' dir='ltr'><strong>esse</strong></span> <span class='ocrx_word' id='word_1_500' title='bbox 1694 3570 1782 3609; x_wconf 90' lang='lat' dir='ltr'><strong>so-</strong></span> 
     </span>
    </p>
   </div>
   <div class='ocr_carea' id='block_1_68' title="bbox 182 3644 1779 3715">
    <p class='ocr_par' dir='ltr' id='par_1_68' title="bbox 182 3644 1779 3715">
     <span class='ocr_line' id='line_1_68' title="bbox 182 3644 1779 3715; baseline 0.001 -16"><span class='ocrx_word' id='word_1_501' title='bbox 182 3644 333 3699; x_wconf 86' lang='lat' dir='ltr'><strong>cium</strong></span> <span class='ocrx_word' id='word_1_502' title='bbox 365 3661 521 3699; x_wconf 89' lang='lat' dir='ltr'><strong>suum</strong></span> <span class='ocrx_word' id='word_1_503' title='bbox 555 3655 827 3715; x_wconf 86' lang='lat' dir='ltr'><strong>totumque</strong></span> <span class='ocrx_word' id='word_1_504' title='bbox 852 3648 1035 3700; x_wconf 90' lang='lat' dir='ltr'><strong>orbem</strong></span> <span class='ocrx_word' id='word_1_505' title='bbox 1071 3648 1167 3699; x_wconf 88' lang='lat' dir='ltr'><strong>sibi</strong></span> <span class='ocrx_word' id='word_1_506' title='bbox 1200 3662 1427 3711; x_wconf 85' lang='lat' dir='ltr'><strong>pereum</strong></span> <span class='ocrx_word' id='word_1_507' title='bbox 1455 3648 1779 3701; x_wconf 84' lang='lat' dir='ltr'><strong>commercio</strong></span> 
     </span>
    </p>
   </div>
   <div class='ocr_carea' id='block_1_69' title="bbox 182 3737 1779 3799">
    <p class='ocr_par' dir='ltr' id='par_1_69' title="bbox 182 3737 1779 3799">
     <span class='ocr_line' id='line_1_69' title="bbox 182 3737 1779 3799; baseline 0.001 -7"><span class='ocrx_word' id='word_1_508' title='bbox 182 3737 545 3799; x_wconf 79' lang='lat' dir='ltr'><strong>formatarum</strong></span> <span class='ocrx_word' id='word_1_509' title='bbox 588 3740 636 3793; x_wconf 89' lang='lat' dir='ltr'><strong>in</strong></span> <span class='ocrx_word' id='word_1_510' title='bbox 675 3755 831 3793; x_wconf 87' lang='lat' dir='ltr'><strong>unam</strong></span> <span class='ocrx_word' id='word_1_511' title='bbox 866 3740 1259 3793; x_wconf 90' lang='lat' dir='ltr'><strong>communionis</strong></span> <span class='ocrx_word' id='word_1_512' title='bbox 1300 3741 1610 3794; x_wconf 85' lang='lat' dir='ltr'><strong>societatem</strong></span> <span class='ocrx_word' id='word_1_513' title='bbox 1650 3756 1779 3793; x_wconf 89' lang='lat' dir='ltr'><strong>cott-</strong></span> 
     </span>
    </p>
   </div>
   <div class='ocr_carea' id='block_1_70' title="bbox 181 3830 1773 3897">
    <p class='ocr_par' dir='ltr' id='par_1_70' title="bbox 181 3830 1773 3897">
     <span class='ocr_line' id='line_1_70' title="bbox 181 3830 1773 3897; baseline -0.002 -13"><span class='ocrx_word' id='word_1_514' title='bbox 181 3831 435 3884; x_wconf 86' lang='lat' dir='ltr'><strong>cordare.</strong></span> <span class='ocrx_word' id='word_1_515' title='bbox 481 3830 585 3885; x_wconf 88' lang='lat' dir='ltr'><strong>Sed</strong></span> <span class='ocrx_word' id='word_1_516' title='bbox 634 3831 803 3885; x_wconf 90' lang='lat' dir='ltr'><strong>nodus</strong></span> <span class='ocrx_word' id='word_1_517' title='bbox 848 3831 935 3885; x_wconf 87' lang='lat' dir='ltr'><strong>ille</strong></span> <span class='ocrx_word' id='word_1_518' title='bbox 961 3831 1111 3884; x_wconf 78' lang='lat' dir='ltr'><strong>facile</strong></span> <span class='ocrx_word' id='word_1_519' title='bbox 1144 3831 1401 3895; x_wconf 79' lang='lat' dir='ltr'><strong>solvetur,</strong></span> <span class='ocrx_word' id='word_1_520' title='bbox 1438 3831 1478 3882; x_wconf 93' lang='lat' dir='ltr'><strong>si</strong></span> <span class='ocrx_word' id='word_1_521' title='bbox 1512 3831 1773 3897; x_wconf 70' lang='lat' dir='ltr'><strong>dlCdlDllS,</strong></span> 
     </span>
    </p>
   </div>
   <div class='ocr_carea' id='block_1_71' title="bbox 180 3922 1837 3995">
    <p class='ocr_par' dir='ltr' id='par_1_71' title="bbox 180 3922 1837 3995">
     <span class='ocr_line' id='line_1_71' title="bbox 180 3922 1837 3995; baseline 0.001 -19"><span class='ocrx_word' id='word_1_522' title='bbox 180 3925 326 3995; x_wconf 88' lang='lat' dir='ltr'><strong>quod</strong></span> <span class='ocrx_word' id='word_1_523' title='bbox 374 3924 681 3978; x_wconf 81' lang='lat' dir='ltr'><strong>necessarie</strong></span> <span class='ocrx_word' id='word_1_524' title='bbox 731 3924 1157 3992; x_wconf 89' lang='lat' dir='ltr'><strong>supponendmn,</strong></span> <span class='ocrx_word' id='word_1_525' title='bbox 1194 3922 1369 3976; x_wconf 88' lang='lat' dir='ltr'><strong>Siricii</strong></span> <span class='ocrx_word' id='word_1_526' title='bbox 1403 3938 1595 3975; x_wconf 87' lang='lat' dir='ltr'><strong>nomen</strong></span> <span class='ocrx_word' id='word_1_527' title='bbox 1658 3932 1778 3989; x_wconf 88' lang='lat' dir='ltr'><strong>post</strong></span> <span class='ocrx_word' id='word_1_528' title='bbox 1834 3988 1837 3993; x_wconf 31' lang='grc' dir='ltr'>ι</span> 
     </span>
    </p>
   </div>
   <div class='ocr_carea' id='block_1_72' title="bbox 176 4013 1776 4083">
    <p class='ocr_par' dir='ltr' id='par_1_72' title="bbox 176 4013 1776 4083">
     <span class='ocr_line' id='line_1_72' title="bbox 176 4013 1776 4083; baseline -0.003 -13"><span class='ocrx_word' id='word_1_529' title='bbox 176 4016 490 4071; x_wconf 64' lang='grc' dir='ltr'><strong>δὺκοιιιιιιη]</strong></span> <span class='ocrx_word' id='word_1_530' title='bbox 522 4015 927 4083; x_wconf 83' lang='lat' dir='ltr'><strong>opusadjectutu</strong></span> <span class='ocrx_word' id='word_1_531' title='bbox 960 4014 1122 4067; x_wconf 71' lang='lat' dir='ltr'><strong>fuisse</strong></span> <span class='ocrx_word' id='word_1_532' title='bbox 1142 4014 1221 4067; x_wconf 89' lang='lat' dir='ltr'><strong>vel</strong></span> <span class='ocrx_word' id='word_1_533' title='bbox 1246 4013 1311 4065; x_wconf 88' lang='lat' dir='ltr'><strong>ab</strong></span> <span class='ocrx_word' id='word_1_534' title='bbox 1334 4013 1458 4077; x_wconf 77' lang='lat' dir='ltr'><strong>alio,</strong></span> <span class='ocrx_word' id='word_1_535' title='bbox 1483 4013 1567 4065; x_wconf 86' lang='lat' dir='ltr'><strong>vel</strong></span> <span class='ocrx_word' id='word_1_536' title='bbox 1600 4014 1776 4082; x_wconf 84' lang='lat' dir='ltr'><strong>petitis</strong></span> 
     </span>
    </p>
   </div>
   <div class='ocr_carea' id='block_1_73' title="bbox 175 4107 1857 4177">
    <p class='ocr_par' dir='ltr' id='par_1_73' title="bbox 175 4107 1857 4177">
     <span class='ocr_line' id='line_1_73' title="bbox 175 4107 1857 4177; baseline -0.001 -17"><span class='ocrx_word' id='word_1_537' title='bbox 175 4108 247 4161; x_wconf 88' lang='lat' dir='ltr'><strong>ab</strong></span> <span class='ocrx_word' id='word_1_538' title='bbox 281 4109 513 4177; x_wconf 78' lang='lat' dir='ltr'><strong>ipsemet</strong></span> <span class='ocrx_word' id='word_1_539' title='bbox 557 4107 771 4171; x_wconf 87' lang='lat' dir='ltr'><strong>Optato.</strong></span> <span class='ocrx_word' id='word_1_540' title='bbox 814 4107 923 4160; x_wconf 86' lang='lat' dir='ltr'><strong>Cur</strong></span> <span class='ocrx_word' id='word_1_541' title='bbox 954 4107 1147 4174; x_wconf 82' lang='lat' dir='ltr'><strong>Optato</strong></span> <span class='ocrx_word' id='word_1_542' title='bbox 1194 4107 1369 4175; x_wconf 89' lang='lat' dir='ltr'><strong>potius</strong></span> <span class='ocrx_word' id='word_1_543' title='bbox 1414 4122 1572 4175; x_wconf 87' lang='lat' dir='ltr'><strong>quam</strong></span> <span class='ocrx_word' id='word_1_544' title='bbox 1620 4107 1774 4160; x_wconf 84' lang='lat' dir='ltr'><strong>alteri</strong></span> <span class='ocrx_word' id='word_1_545' title='bbox 1853 4112 1857 4114; x_wconf 67' lang='grc'><strong><em>⁷</em></strong></span> 
     </span>
    </p>
   </div>
   <div class='ocr_carea' id='block_1_74' title="bbox 177 4199 1773 4271">
    <p class='ocr_par' dir='ltr' id='par_1_74' title="bbox 177 4199 1773 4271">
     <span class='ocr_line' id='line_1_74' title="bbox 177 4199 1773 4271; baseline -0.002 -16"><span class='ocrx_word' id='word_1_546' title='bbox 177 4202 279 4255; x_wconf 87' lang='lat' dir='ltr'><strong>ista</strong></span> <span class='ocrx_word' id='word_1_547' title='bbox 310 4201 516 4255; x_wconf 76' lang='lat' dir='ltr'><strong>additio</strong></span> <span class='ocrx_word' id='word_1_548' title='bbox 540 4200 817 4254; x_wconf 81' lang='lat' dir='ltr'><strong>tribuenda</strong></span> <span class='ocrx_word' id='word_1_549' title='bbox 851 4202 937 4264; x_wconf 88' lang='lat' dir='ltr'><strong>sit,</strong></span> <span class='ocrx_word' id='word_1_550' title='bbox 984 4202 1118 4252; x_wconf 88' lang='lat' dir='ltr'><strong>ratio</strong></span> <span class='ocrx_word' id='word_1_551' title='bbox 1146 4209 1226 4254; x_wconf 50' lang='lat' dir='ltr'><strong>est</strong></span> <span class='ocrx_word' id='word_1_552' title='bbox 1266 4200 1407 4269; x_wconf 87' lang='lat' dir='ltr'><strong>quod</strong></span> <span class='ocrx_word' id='word_1_553' title='bbox 1442 4199 1468 4271; x_wconf 61' lang='grc' dir='ltr'>ᾗ</span> <span class='ocrx_word' id='word_1_554' title='bbox 1501 4201 1773 4266; x_wconf 73' lang='lat' dir='ltr'><strong>sequentis</strong></span> 
     </span>
    </p>
   </div>
   <div class='ocr_carea' id='block_1_75' title="bbox 178 4294 1773 4363">
    <p class='ocr_par' dir='ltr' id='par_1_75' title="bbox 178 4294 1773 4363">
     <span class='ocr_line' id='line_1_75' title="bbox 178 4294 1773 4363; baseline -0.003 -15"><span class='ocrx_word' id='word_1_555' title='bbox 178 4294 335 4349; x_wconf 90' lang='lat' dir='ltr'><strong>initio</strong></span> <span class='ocrx_word' id='word_1_556' title='bbox 380 4296 613 4363; x_wconf 87' lang='lat' dir='ltr'><strong>scriptor</strong></span> <span class='ocrx_word' id='word_1_557' title='bbox 656 4294 852 4347; x_wconf 86' lang='lat' dir='ltr'><strong>seriem</strong></span> <span class='ocrx_word' id='word_1_558' title='bbox 899 4304 1084 4345; x_wconf 76' lang='lat' dir='ltr'><strong>texens</strong></span> <span class='ocrx_word' id='word_1_559' title='bbox 1139 4309 1323 4345; x_wconf 84' lang='lat' dir='ltr'><strong>eorum</strong></span> <span class='ocrx_word' id='word_1_560' title='bbox 1376 4294 1461 4359; x_wconf 89' lang='lat' dir='ltr'><strong>qtti</strong></span> <span class='ocrx_word' id='word_1_561' title='bbox 1506 4307 1566 4345; x_wconf 85' lang='lat' dir='ltr'><strong>ex</strong></span> <span class='ocrx_word' id='word_1_562' title='bbox 1625 4302 1773 4360; x_wconf 76' lang='lat' dir='ltr'><strong>parte</strong></span> 
     </span>
    </p>
   </div>
   <div class='ocr_carea' id='block_1_76' title="bbox 178 4382 1772 4451">
    <p class='ocr_par' dir='ltr' id='par_1_76' title="bbox 178 4382 1772 4451">
     <span class='ocr_line' id='line_1_76' title="bbox 178 4382 1772 4451; baseline -0.003 -12"><span class='ocrx_word' id='word_1_563' title='bbox 178 4386 373 4439; x_wconf 83' lang='lat' dir='ltr'><strong>Donati</strong></span> <span class='ocrx_word' id='word_1_564' title='bbox 415 4400 473 4438; x_wconf 90' lang='lat' dir='ltr'><strong>se</strong></span> <span class='ocrx_word' id='word_1_565' title='bbox 509 4384 777 4437; x_wconf 72' lang='lat' dir='ltr'><strong>llomanos</strong></span> <span class='ocrx_word' id='word_1_566' title='bbox 825 4383 1108 4451; x_wconf 89' lang='lat' dir='ltr'><strong>episcopos</strong></span> <span class='ocrx_word' id='word_1_567' title='bbox 1158 4398 1276 4435; x_wconf 80' lang='lat' dir='ltr'><strong>esse</strong></span> <span class='ocrx_word' id='word_1_568' title='bbox 1313 4383 1651 4449; x_wconf 83' lang='lat' dir='ltr'><strong>jactitabant,</strong></span> <span class='ocrx_word' id='word_1_569' title='bbox 1708 4382 1772 4435; x_wconf 89' lang='lat' dir='ltr'><strong>de</strong></span> 
     </span>
    </p>
   </div>
   <div class='ocr_carea' id='block_1_77' title="bbox 175 4474 1769 4547">
    <p class='ocr_par' dir='ltr' id='par_1_77' title="bbox 175 4474 1769 4547">
     <span class='ocr_line' id='line_1_77' title="bbox 175 4474 1769 4547; baseline -0.004 -15"><span class='ocrx_word' id='word_1_570' title='bbox 175 4478 455 4533; x_wconf 68' lang='lat' dir='ltr'><strong>Mttcrobio</strong></span> <span class='ocrx_word' id='word_1_571' title='bbox 494 4476 730 4547; x_wconf 90' lang='lat' dir='ltr'><strong>loquitur</strong></span> <span class='ocrx_word' id='word_1_572' title='bbox 782 4486 1051 4544; x_wconf 83' lang='lat' dir='ltr'><strong>tamquam</strong></span> <span class='ocrx_word' id='word_1_573' title='bbox 1102 4484 1365 4543; x_wconf 77' lang='lat' dir='ltr'><strong>przrsettte</strong></span> <span class='ocrx_word' id='word_1_574' title='bbox 1412 4485 1463 4526; x_wconf 90' lang='lat' dir='ltr'><strong>et</strong></span> <span class='ocrx_word' id='word_1_575' title='bbox 1502 4474 1619 4527; x_wconf 75' lang='lat' dir='ltr'><strong>\&#39;l\‘0</strong></span> <span class='ocrx_word' id='word_1_576' title='bbox 1650 4489 1769 4527; x_wconf 89' lang='lat' dir='ltr'><strong>cum</strong></span> 
     </span>
    </p>
   </div>
   <div class='ocr_carea' id='block_1_78' title="bbox 1887 3262 3476 3334">
    <p class='ocr_par' dir='ltr' id='par_1_78' title="bbox 1887 3262 3476 3334">
     <span class='ocr_line' id='line_1_78' title="bbox 1887 3262 3476 3334; baseline -0.002 -16"><span class='ocrx_word' id='word_1_577' title='bbox 1887 3264 2059 3327; x_wconf 81' lang='lat' dir='ltr'><strong>derat,</strong></span> <span class='ocrx_word' id='word_1_578' title='bbox 2087 3265 2151 3319; x_wconf 91' lang='lat' dir='ltr'><strong>ab</strong></span> <span class='ocrx_word' id='word_1_579' title='bbox 2178 3279 2243 3318; x_wconf 93' lang='lat' dir='ltr'><strong>eo</strong></span> <span class='ocrx_word' id='word_1_580' title='bbox 2267 3280 2485 3334; x_wconf 86' lang='lat' dir='ltr'><strong>prorsus</strong></span> <span class='ocrx_word' id='word_1_581' title='bbox 2510 3280 2851 3334; x_wconf 85' lang='lat' dir='ltr'><strong>expungere,</strong></span> <span class='ocrx_word' id='word_1_582' title='bbox 2902 3263 3041 3316; x_wconf 86' lang='lat' dir='ltr'><strong>hunc</strong></span> <span class='ocrx_word' id='word_1_583' title='bbox 3069 3262 3133 3315; x_wconf 89' lang='lat' dir='ltr'><strong>ad</strong></span> <span class='ocrx_word' id='word_1_584' title='bbox 3166 3262 3302 3316; x_wconf 54' lang='lat' dir='ltr'><strong>diem</strong></span> <span class='ocrx_word' id='word_1_585' title='bbox 3338 3262 3476 3331; x_wconf 59' lang='grc' dir='ltr'><strong>41η·-</strong></span> 
     </span>
    </p>
   </div>
   <div class='ocr_carea' id='block_1_79' title="bbox 1888 3354 3473 3425">
    <p class='ocr_par' dir='ltr' id='par_1_79' title="bbox 1888 3354 3473 3425">
     <span class='ocr_line' id='line_1_79' title="bbox 1888 3354 3473 3425; baseline -0.002 -16"><span class='ocrx_word' id='word_1_586' title='bbox 1888 3358 1958 3409; x_wconf 92' lang='lat' dir='ltr'><strong>nii</strong></span> <span class='ocrx_word' id='word_1_587' title='bbox 1989 3358 2279 3421; x_wconf 81' lang='lat' dir='ltr'><strong>revocavit,</strong></span> <span class='ocrx_word' id='word_1_588' title='bbox 2314 3358 2495 3410; x_wconf 81' lang='lat' dir='ltr'><strong>nescio</strong></span> <span class='ocrx_word' id='word_1_589' title='bbox 2532 3372 2630 3425; x_wconf 87' lang='lat' dir='ltr'><strong>qua</strong></span> <span class='ocrx_word' id='word_1_590' title='bbox 2663 3356 2730 3410; x_wconf 87' lang='lat' dir='ltr'><strong>de</strong></span> <span class='ocrx_word' id='word_1_591' title='bbox 2759 3370 2941 3416; x_wconf 86' lang='lat' dir='ltr'><strong>causa,</strong></span> <span class='ocrx_word' id='word_1_592' title='bbox 2973 3356 3071 3408; x_wconf 71' lang='lat' dir='ltr'><strong>nisi</strong></span> <span class='ocrx_word' id='word_1_593' title='bbox 3106 3354 3242 3408; x_wconf 76' lang='lat' dir='ltr'><strong>forte</strong></span> <span class='ocrx_word' id='word_1_594' title='bbox 3278 3355 3403 3423; x_wconf 84' lang='lat' dir='ltr'><strong>quia‘</strong></span> <span class='ocrx_word' id='word_1_595' title='bbox 3430 3354 3473 3406; x_wconf 85' lang='lat' dir='ltr'><strong>is</strong></span> 
     </span>
    </p>
   </div>
   <div class='ocr_carea' id='block_1_80' title="bbox 1886 3448 3472 3521">
    <p class='ocr_par' dir='ltr' id='par_1_80' title="bbox 1886 3448 3472 3521">
     <span class='ocr_line' id='line_1_80' title="bbox 1886 3448 3472 3521; baseline -0.001 -18"><span class='ocrx_word' id='word_1_596' title='bbox 1886 3451 1974 3519; x_wconf 85' lang='lat' dir='ltr'><strong>qui</strong></span> <span class='ocrx_word' id='word_1_597' title='bbox 2009 3450 2294 3504; x_wconf 84' lang='lat' dir='ltr'><strong>Burouium</strong></span> <span class='ocrx_word' id='word_1_598' title='bbox 2325 3452 2374 3504; x_wconf 89' lang='lat' dir='ltr'><strong>itt</strong></span> <span class='ocrx_word' id='word_1_599' title='bbox 2407 3466 2540 3504; x_wconf 90' lang='lat' dir='ltr'><strong>nova</strong></span> <span class='ocrx_word' id='word_1_600' title='bbox 2575 3450 2933 3521; x_wconf 75' lang='lat' dir='ltr'><strong>Martyrologii</strong></span> <span class='ocrx_word' id='word_1_601' title='bbox 2979 3449 3203 3502; x_wconf 76' lang='lat' dir='ltr'><strong>Romani</strong></span> <span class='ocrx_word' id='word_1_602' title='bbox 3237 3448 3472 3501; x_wconf 87' lang='lat' dir='ltr'><strong>editione</strong></span> 
     </span>
    </p>
   </div>
   <div class='ocr_carea' id='block_1_81' title="bbox 1885 3524 3475 3612">
    <p class='ocr_par' dir='ltr' id='par_1_81' title="bbox 1885 3524 3475 3612">
     <span class='ocr_line' id='line_1_81' title="bbox 1885 3524 3475 3612; baseline -0.003 -18"><span class='ocrx_word' id='word_1_603' title='bbox 1885 3542 2203 3612; x_wconf 68' lang='lat' dir='ltr'><strong>prmixet&#39;at,</strong></span> <span class='ocrx_word' id='word_1_604' title='bbox 2261 3541 2345 3595; x_wconf 90' lang='lat' dir='ltr'><strong>die</strong></span> <span class='ocrx_word' id='word_1_605' title='bbox 2400 3524 2720 3609; x_wconf 61' lang='lat' dir='ltr'><strong>praecedenti</strong></span> <span class='ocrx_word' id='word_1_606' title='bbox 2772 3538 3047 3593; x_wconf 71' lang='lat' dir='ltr'><strong>Cteciliuut</strong></span> <span class='ocrx_word' id='word_1_607' title='bbox 3101 3524 3475 3607; x_wconf 83' lang='lat' dir='ltr'><strong>presbytermn</strong></span> 
     </span>
    </p>
   </div>
   <div class='ocr_carea' id='block_1_82' title="bbox 1883 3628 3469 3701">
    <p class='ocr_par' dir='ltr' id='par_1_82' title="bbox 1883 3628 3469 3701">
     <span class='ocr_line' id='line_1_82' title="bbox 1883 3628 3469 3701; baseline -0.003 -15"><span class='ocrx_word' id='word_1_608' title='bbox 1883 3633 2363 3701; x_wconf 84' lang='lat' dir='ltr'><strong>Carthaginensem</strong></span> <span class='ocrx_word' id='word_1_609' title='bbox 2412 3635 2551 3686; x_wconf 88' lang='lat' dir='ltr'><strong>inter</strong></span> <span class='ocrx_word' id='word_1_610' title='bbox 2586 3643 2797 3684; x_wconf 82' lang='lat' dir='ltr'><strong>sanctos</strong></span> <span class='ocrx_word' id='word_1_611' title='bbox 2828 3630 3204 3697; x_wconf 80' lang='lat' dir='ltr'><strong>adscripserat.</strong></span> <span class='ocrx_word' id='word_1_612' title='bbox 3253 3628 3382 3681; x_wconf 78' lang='lat' dir='ltr'><strong>Nam</strong></span> <span class='ocrx_word' id='word_1_613' title='bbox 3417 3638 3469 3681; x_wconf 87' lang='lat' dir='ltr'><strong>et</strong></span> 
     </span>
    </p>
   </div>
   <div class='ocr_carea' id='block_1_83' title="bbox 1882 3721 3458 3794">
    <p class='ocr_par' dir='ltr' id='par_1_83' title="bbox 1882 3721 3458 3794">
     <span class='ocr_line' id='line_1_83' title="bbox 1882 3721 3458 3794; baseline -0.004 -15"><span class='ocrx_word' id='word_1_614' title='bbox 1882 3742 2053 3780; x_wconf 92' lang='lat' dir='ltr'><strong>annus</strong></span> <span class='ocrx_word' id='word_1_615' title='bbox 2075 3736 2125 3779; x_wconf 89' lang='lat' dir='ltr'><strong>et</strong></span> <span class='ocrx_word' id='word_1_616' title='bbox 2152 3726 2265 3779; x_wconf 70' lang='lat' dir='ltr'><strong>dies</strong></span> <span class='ocrx_word' id='word_1_617' title='bbox 2299 3726 2484 3778; x_wconf 88' lang='lat' dir='ltr'><strong>mortis</strong></span> <span class='ocrx_word' id='word_1_618' title='bbox 2516 3723 2692 3794; x_wconf 81' lang='lat' dir='ltr'><strong>Optati</strong></span> <span class='ocrx_word' id='word_1_619' title='bbox 2722 3726 2871 3791; x_wconf 83' lang='lat' dir='ltr'><strong>plane</strong></span> <span class='ocrx_word' id='word_1_620' title='bbox 2901 3724 3151 3785; x_wconf 86' lang='lat' dir='ltr'><strong>incertus,</strong></span> <span class='ocrx_word' id='word_1_621' title='bbox 3183 3737 3243 3774; x_wconf 91' lang='lat' dir='ltr'><strong>ac</strong></span> <span class='ocrx_word' id='word_1_622' title='bbox 3272 3721 3458 3774; x_wconf 89' lang='lat' dir='ltr'><strong>nulltbi</strong></span> 
     </span>
    </p>
   </div>
   <div class='ocr_carea' id='block_1_84' title="bbox 1881 3813 3463 3887">
    <p class='ocr_par' dir='ltr' id='par_1_84' title="bbox 1881 3813 3463 3887">
     <span class='ocr_line' id='line_1_84' title="bbox 1881 3813 3463 3887; baseline -0.004 -16"><span class='ocrx_word' id='word_1_623' title='bbox 1881 3819 2114 3887; x_wconf 84' lang='lat' dir='ltr'><strong>gentium</strong></span> <span class='ocrx_word' id='word_1_624' title='bbox 2152 3818 2250 3871; x_wconf 84' lang='lat' dir='ltr'><strong>sub</strong></span> <span class='ocrx_word' id='word_1_625' title='bbox 2290 3818 2404 3883; x_wconf 75' lang='lat' dir='ltr'><strong>eius</strong></span> <span class='ocrx_word' id='word_1_626' title='bbox 2448 3815 2786 3869; x_wconf 76' lang='lat' dir='ltr'><strong>invocatione</strong></span> <span class='ocrx_word' id='word_1_627' title='bbox 2827 3813 3063 3868; x_wconf 78' lang='lat' dir='ltr'><strong>Ecclesia</strong></span> <span class='ocrx_word' id='word_1_628' title='bbox 3106 3824 3193 3866; x_wconf 87' lang='lat' dir='ltr'><strong>aut</strong></span> <span class='ocrx_word' id='word_1_629' title='bbox 3230 3830 3318 3865; x_wconf 80' lang='lat' dir='ltr'><strong>ara</strong></span> <span class='ocrx_word' id='word_1_630' title='bbox 3355 3813 3463 3867; x_wconf 87' lang='lat' dir='ltr'><strong>Deo</strong></span> 
     </span>
    </p>
   </div>
   <div class='ocr_carea' id='block_1_85' title="bbox 1880 3910 2431 3980">
    <p class='ocr_par' dir='ltr' id='par_1_85' title="bbox 1880 3910 2431 3980">
     <span class='ocr_line' id='line_1_85' title="bbox 1880 3910 2431 3980; baseline -0.007 -15"><span class='ocrx_word' id='word_1_631' title='bbox 1880 3921 2189 3965; x_wconf 87' lang='lat' dir='ltr'><strong>consecrata</strong></span> <span class='ocrx_word' id='word_1_632' title='bbox 2221 3910 2431 3980; x_wconf 84' lang='lat' dir='ltr'><strong>legitur.</strong></span> 
     </span>
    </p>
   </div>
   <div class='ocr_carea' id='block_1_86' title="bbox 2316 4004 3009 4070">
    <p class='ocr_par' dir='ltr' id='par_1_86' title="bbox 2316 4004 3009 4070">
     <span class='ocr_line' id='line_1_86' title="bbox 2316 4004 3009 4070; baseline -0.003 -15"><span class='ocrx_word' id='word_1_633' title='bbox 2316 4004 2379 4070; x_wconf 79' lang='grc' dir='ltr'><strong>ΙΙ.</strong></span> <span class='ocrx_word' id='word_1_634' title='bbox 2411 4034 2479 4043; x_wconf 93' lang='lat'><strong>—-</strong></span> <span class='ocrx_word' id='word_1_635' title='bbox 2508 4020 2572 4057; x_wconf 79' lang='lat' dir='ltr'><strong>nr.</strong></span> <span class='ocrx_word' id='word_1_636' title='bbox 2603 4017 2769 4057; x_wconf 81' lang='lat' dir='ltr'><strong>Ltnnts</strong></span> <span class='ocrx_word' id='word_1_637' title='bbox 2801 4017 3009 4057; x_wconf 78' lang='lat' dir='ltr'><strong>orrm.</strong></span> 
     </span>
    </p>
   </div>
   <div class='ocr_carea' id='block_1_87' title="bbox 1953 4092 3464 4163">
    <p class='ocr_par' dir='ltr' id='par_1_87' title="bbox 1953 4092 3464 4163">
     <span class='ocr_line' id='line_1_87' title="bbox 1953 4092 3464 4163; baseline -0.003 -13"><span class='ocrx_word' id='word_1_638' title='bbox 1953 4099 2166 4151; x_wconf 66' lang='lat' dir='ltr'><strong>Occasio</strong></span> <span class='ocrx_word' id='word_1_639' title='bbox 2216 4098 2383 4163; x_wconf 72' lang='lat' dir='ltr'><strong>operis</strong></span> <span class='ocrx_word' id='word_1_640' title='bbox 2437 4098 2632 4163; x_wconf 71' lang='lat' dir='ltr'><strong>Uprati.</strong></span> <span class='ocrx_word' id='word_1_641' title='bbox 2684 4095 2810 4161; x_wconf 82' lang='lat' dir='ltr'><strong>Quis</strong></span> <span class='ocrx_word' id='word_1_642' title='bbox 2866 4095 3019 4163; x_wconf 74' lang='lat' dir='ltr'><strong>fuerit</strong></span> <span class='ocrx_word' id='word_1_643' title='bbox 3089 4092 3464 4145; x_wconf 67' lang='lat' dir='ltr'><strong>Parmeniona:</strong></span> 
     </span>
    </p>
   </div>
   <div class='ocr_carea' id='block_1_88' title="bbox 1878 4186 3463 4261">
    <p class='ocr_par' dir='ltr' id='par_1_88' title="bbox 1878 4186 3463 4261">
     <span class='ocr_line' id='line_1_88' title="bbox 1878 4186 3463 4261; baseline -0.004 -18"><span class='ocrx_word' id='word_1_644' title='bbox 1878 4208 2020 4261; x_wconf 81' lang='lat' dir='ltr'><strong>quem</strong></span> <span class='ocrx_word' id='word_1_645' title='bbox 2055 4190 2239 4259; x_wconf 66' lang='lat' dir='ltr'><strong>refellit</strong></span> <span class='ocrx_word' id='word_1_646' title='bbox 2271 4188 2506 4255; x_wconf 79' lang='lat' dir='ltr'><strong>Optatus.</strong></span> <span class='ocrx_word' id='word_1_647' title='bbox 2532 4190 2675 4257; x_wconf 81' lang='lat' dir='ltr'><strong>Opus</strong></span> <span class='ocrx_word' id='word_1_648' title='bbox 2702 4187 3123 4240; x_wconf 79' lang='lat' dir='ltr'><strong>Pormcitiani.-—-</strong></span> <span class='ocrx_word' id='word_1_649' title='bbox 3149 4186 3325 4254; x_wconf 82' lang='lat' dir='ltr'><strong>Longe</strong></span> <span class='ocrx_word' id='word_1_650' title='bbox 3352 4200 3463 4237; x_wconf 83' lang='lat' dir='ltr'><strong>atu-</strong></span> 
     </span>
    </p>
   </div>
   <div class='ocr_carea' id='block_1_89' title="bbox 1882 4277 3459 4351">
    <p class='ocr_par' dir='ltr' id='par_1_89' title="bbox 1882 4277 3459 4351">
     <span class='ocr_line' id='line_1_89' title="bbox 1882 4277 3459 4351; baseline -0.004 -16"><span class='ocrx_word' id='word_1_651' title='bbox 1882 4285 2101 4351; x_wconf 80' lang='lat' dir='ltr'><strong>pliorem</strong></span> <span class='ocrx_word' id='word_1_652' title='bbox 2158 4283 2457 4337; x_wconf 72' lang='lat' dir='ltr'><strong>disserendi</strong></span> <span class='ocrx_word' id='word_1_653' title='bbox 2514 4284 2791 4334; x_wconf 75' lang='lat' dir='ltr'><strong>materiam</strong></span> <span class='ocrx_word' id='word_1_654' title='bbox 2843 4280 2997 4332; x_wconf 84' lang='lat' dir='ltr'><strong>nobis</strong></span> <span class='ocrx_word' id='word_1_655' title='bbox 3044 4279 3239 4346; x_wconf 76' lang='lat' dir='ltr'><strong>pra-bet</strong></span> <span class='ocrx_word' id='word_1_656' title='bbox 3284 4277 3459 4345; x_wconf 88' lang='lat' dir='ltr'><strong>Optati</strong></span> 
     </span>
    </p>
   </div>
   <div class='ocr_carea' id='block_1_90' title="bbox 1878 4371 3457 4446">
    <p class='ocr_par' dir='ltr' id='par_1_90' title="bbox 1878 4371 3457 4446">
     <span class='ocr_line' id='line_1_90' title="bbox 1878 4371 3457 4446; baseline -0.006 -15"><span class='ocrx_word' id='word_1_657' title='bbox 1878 4393 2011 4445; x_wconf 87' lang='lat' dir='ltr'><strong>Opus</strong></span> <span class='ocrx_word' id='word_1_658' title='bbox 2055 4378 2396 4446; x_wconf 72' lang='lat' dir='ltr'><strong>quantumvis</strong></span> <span class='ocrx_word' id='word_1_659' title='bbox 2439 4377 2581 4429; x_wconf 88' lang='lat' dir='ltr'><strong>mole</strong></span> <span class='ocrx_word' id='word_1_660' title='bbox 2612 4379 2879 4444; x_wconf 75' lang='lat' dir='ltr'><strong>exiguum.</strong></span> <span class='ocrx_word' id='word_1_661' title='bbox 2928 4374 3091 4440; x_wconf 90' lang='lat' dir='ltr'><strong>llujtts</strong></span> <span class='ocrx_word' id='word_1_662' title='bbox 3123 4371 3457 4425; x_wconf 85' lang='lat' dir='ltr'><strong>occasionem</strong></span> 
     </span>
    </p>
   </div>
   <div class='ocr_carea' id='block_1_91' title="bbox 1880 4462 3460 4539">
    <p class='ocr_par' dir='ltr' id='par_1_91' title="bbox 1880 4462 3460 4539">
     <span class='ocr_line' id='line_1_91' title="bbox 1880 4462 3460 4539; baseline -0.004 -19"><span class='ocrx_word' id='word_1_663' title='bbox 1880 4471 1994 4539; x_wconf 90' lang='lat' dir='ltr'><strong>ipse</strong></span> <span class='ocrx_word' id='word_1_664' title='bbox 2028 4469 2261 4537; x_wconf 80' lang='lat' dir='ltr'><strong>scriptor</strong></span> <span class='ocrx_word' id='word_1_665' title='bbox 2285 4470 2504 4536; x_wconf 81' lang='lat' dir='ltr'><strong>exponit</strong></span> <span class='ocrx_word' id='word_1_666' title='bbox 2549 4468 2684 4520; x_wconf 79' lang='lat' dir='ltr'><strong>libro</strong></span> <span class='ocrx_word' id='word_1_667' title='bbox 2718 4470 2903 4535; x_wconf 89' lang='lat' dir='ltr'><strong>primo,</strong></span> <span class='ocrx_word' id='word_1_668' title='bbox 2947 4465 2973 4534; x_wconf 55' lang='grc' dir='ltr'>ᾗ</span> <span class='ocrx_word' id='word_1_669' title='bbox 3024 4468 3067 4518; x_wconf 87' lang='lat' dir='ltr'><strong>l.</strong></span> <span class='ocrx_word' id='word_1_670' title='bbox 3120 4462 3460 4516; x_wconf 63' lang='lat' dir='ltr'><strong>c-Douatistae</strong></span> 
     </span>
    </p>
   </div>
   <div class='ocr_carea' id='block_1_92' title="bbox 176 4549 3461 4635">
    <p class='ocr_par' dir='ltr' id='par_1_92' title="bbox 176 4549 3461 4635">
     <span class='ocr_line' id='line_1_92' title="bbox 176 4549 3461 4635; baseline -0.007 -8"><span class='ocrx_word' id='word_1_671' title='bbox 176 4575 292 4627; x_wconf 55' lang='lat' dir='ltr'><strong>haec</strong></span> <span class='ocrx_word' id='word_1_672' title='bbox 325 4572 589 4627; x_wconf 83' lang='lat' dir='ltr'><strong>scriberet</strong></span> <span class='ocrx_word' id='word_1_673' title='bbox 622 4590 633 4625; x_wconf 89' lang='lat'>:</span> <span class='ocrx_word' id='word_1_674' title='bbox 666 4570 799 4623; x_wconf 85' lang='lat' dir='ltr'><strong>Ecce</strong></span> <span class='ocrx_word' id='word_1_675' title='bbox 828 4578 1097 4633; x_wconf 75' lang='lat' dir='ltr'><strong>prtcscntes</strong></span> <span class='ocrx_word' id='word_1_676' title='bbox 1126 4579 1263 4629; x_wconf 79' lang='lat' dir='ltr'><strong>sunt,</strong></span> <span class='ocrx_word' id='word_1_677' title='bbox 1302 4569 1489 4635; x_wconf 84' lang='lat' dir='ltr'><strong>inquit,</strong></span> <span class='ocrx_word' id='word_1_678' title='bbox 1525 4570 1593 4621; x_wconf 87' lang='lat' dir='ltr'><strong>ibi</strong></span> <span class='ocrx_word' id='word_1_679' title='bbox 1625 4567 1641 4635; x_wconf 89' lang='lat'>(</span> <span class='ocrx_word' id='word_1_680' title='bbox 1668 4568 1773 4620; x_wconf 81' lang='lat' dir='ltr'><strong>Ro-</strong></span> <span class='ocrx_word' id='word_1_681' title='bbox 1802 4549 1853 4608; x_wconf 85' lang='lat' dir='ltr'><strong>D</strong></span> <span class='ocrx_word' id='word_1_682' title='bbox 1884 4561 2159 4613; x_wconf 73' lang='lat' dir='ltr'><strong>maledicis</strong></span> <span class='ocrx_word' id='word_1_683' title='bbox 2207 4560 2405 4629; x_wconf 88' lang='lat' dir='ltr'><strong>ubique</strong></span> <span class='ocrx_word' id='word_1_684' title='bbox 2447 4559 2663 4612; x_wconf 79' lang='lat' dir='ltr'><strong>vocibus</strong></span> <span class='ocrx_word' id='word_1_685' title='bbox 2696 4558 2964 4610; x_wconf 74' lang='lat' dir='ltr'><strong>adversus</strong></span> <span class='ocrx_word' id='word_1_686' title='bbox 2993 4553 3297 4607; x_wconf 78' lang='lat' dir='ltr'><strong>Cntltolicos</strong></span> <span class='ocrx_word' id='word_1_687' title='bbox 3341 4569 3461 4621; x_wconf 90' lang='lat' dir='ltr'><strong>per-</strong></span> 
     </span>
    </p>
   </div>
   <div class='ocr_carea' id='block_1_93' title="bbox 175 4660 1772 4733">
    <p class='ocr_par' dir='ltr' id='par_1_93' title="bbox 175 4660 1772 4733">
     <span class='ocr_line' id='line_1_93' title="bbox 175 4660 1772 4733; baseline -0.003 -15"><span class='ocrx_word' id='word_1_688' title='bbox 175 4682 277 4718; x_wconf 75' lang='lat' dir='ltr'><strong>ma:</strong></span> <span class='ocrx_word' id='word_1_689' title='bbox 308 4667 324 4733; x_wconf 98' lang='lat'>)</span> <span class='ocrx_word' id='word_1_690' title='bbox 358 4665 577 4716; x_wconf 86' lang='lat' dir='ltr'><strong>duorum</strong></span> <span class='ocrx_word' id='word_1_691' title='bbox 622 4663 878 4715; x_wconf 72' lang='lat' dir='ltr'><strong>memoria:</strong></span> <span class='ocrx_word' id='word_1_692' title='bbox 908 4664 1283 4731; x_wconf 76' lang='lat' dir='ltr'><strong>apostolorum,</strong></span> <span class='ocrx_word' id='word_1_693' title='bbox 1332 4661 1481 4712; x_wconf 82' lang='lat' dir='ltr'><strong>dicite</strong></span> <span class='ocrx_word' id='word_1_694' title='bbox 1510 4661 1551 4713; x_wconf 84' lang='lat' dir='ltr'><strong>si</strong></span> <span class='ocrx_word' id='word_1_695' title='bbox 1583 4660 1648 4712; x_wconf 85' lang='lat' dir='ltr'><strong>ad</strong></span> <span class='ocrx_word' id='word_1_696' title='bbox 1682 4662 1772 4713; x_wconf 80' lang='lat' dir='ltr'><strong>hos</strong></span> 
     </span>
    </p>
   </div>
   <div class='ocr_carea' id='block_1_94' title="bbox 170 4753 1765 4827">
    <p class='ocr_par' dir='ltr' id='par_1_94' title="bbox 170 4753 1765 4827">
     <span class='ocr_line' id='line_1_94' title="bbox 170 4753 1765 4827; baseline -0.004 -17"><span class='ocrx_word' id='word_1_697' title='bbox 170 4758 377 4827; x_wconf 79' lang='lat' dir='ltr'><strong>ingredi</strong></span> <span class='ocrx_word' id='word_1_698' title='bbox 412 4756 576 4823; x_wconf 74' lang='lat' dir='ltr'><strong>potuit</strong></span> <span class='ocrx_word' id='word_1_699' title='bbox 614 4765 700 4808; x_wconf 88' lang='lat' dir='ltr'><strong>aut</strong></span> <span class='ocrx_word' id='word_1_700' title='bbox 732 4754 911 4823; x_wconf 75' lang='lat' dir='ltr'><strong>obtulit</strong></span> <span class='ocrx_word' id='word_1_701' title='bbox 955 4753 1093 4817; x_wconf 83' lang='lat' dir='ltr'><strong>illic,</strong></span> <span class='ocrx_word' id='word_1_702' title='bbox 1136 4754 1220 4805; x_wconf 85' lang='lat' dir='ltr'><strong>ubi</strong></span> <span class='ocrx_word' id='word_1_703' title='bbox 1251 4762 1543 4805; x_wconf 80' lang='lat' dir='ltr'><strong>sanctorum</strong></span> <span class='ocrx_word' id='word_1_704' title='bbox 1576 4768 1765 4805; x_wconf 80' lang='lat' dir='ltr'><strong>memo-</strong></span> 
     </span>
    </p>
   </div>
   <div class='ocr_carea' id='block_1_95' title="bbox 170 4846 1770 4915">
    <p class='ocr_par' dir='ltr' id='par_1_95' title="bbox 170 4846 1770 4915">
     <span class='ocr_line' id='line_1_95' title="bbox 170 4846 1770 4915; baseline -0.005 -13"><span class='ocrx_word' id='word_1_705' title='bbox 170 4851 278 4903; x_wconf 76' lang='lat' dir='ltr'><strong>rias</strong></span> <span class='ocrx_word' id='word_1_706' title='bbox 311 4864 422 4902; x_wconf 79' lang='lat' dir='ltr'><strong>esse</strong></span> <span class='ocrx_word' id='word_1_707' title='bbox 451 4856 663 4900; x_wconf 77' lang='lat' dir='ltr'><strong>constat.</strong></span> <span class='ocrx_word' id='word_1_708' title='bbox 701 4846 839 4915; x_wconf 80' lang='lat' dir='ltr'><strong>Ergo</strong></span> <span class='ocrx_word' id='word_1_709' title='bbox 871 4855 1045 4909; x_wconf 77' lang='lat' dir='ltr'><strong>restat,</strong></span> <span class='ocrx_word' id='word_1_710' title='bbox 1076 4855 1129 4897; x_wconf 84' lang='lat' dir='ltr'><strong>ut</strong></span> <span class='ocrx_word' id='word_1_711' title='bbox 1159 4849 1380 4913; x_wconf 75' lang='lat' dir='ltr'><strong>fateatur</strong></span> <span class='ocrx_word' id='word_1_712' title='bbox 1409 4846 1578 4897; x_wconf 73' lang='lat' dir='ltr'><strong>socius</strong></span> <span class='ocrx_word' id='word_1_713' title='bbox 1610 4856 1770 4897; x_wconf 77' lang='lat' dir='ltr'><strong>vester</strong></span> 
     </span>
    </p>
   </div>
   <div class='ocr_carea' id='block_1_96' title="bbox 174 4936 1763 5003">
    <p class='ocr_par' dir='ltr' id='par_1_96' title="bbox 174 4936 1763 5003">
     <span class='ocr_line' id='line_1_96' title="bbox 174 4936 1763 5003; baseline -0.005 -7"><span class='ocrx_word' id='word_1_714' title='bbox 174 4941 481 4996; x_wconf 75' lang='lat' dir='ltr'><strong>Macrobius</strong></span> <span class='ocrx_word' id='word_1_715' title='bbox 517 4956 568 4993; x_wconf 79' lang='lat' dir='ltr'><strong>se</strong></span> <span class='ocrx_word' id='word_1_716' title='bbox 610 4941 680 4993; x_wconf 87' lang='lat' dir='ltr'><strong>ibi</strong></span> <span class='ocrx_word' id='word_1_717' title='bbox 719 4939 913 5003; x_wconf 81' lang='lat' dir='ltr'><strong>sedere,</strong></span> <span class='ocrx_word' id='word_1_718' title='bbox 938 4939 1045 4991; x_wconf 74' lang='lat' dir='ltr'><strong>ubi</strong></span> <span class='ocrx_word' id='word_1_719' title='bbox 1088 4937 1368 5002; x_wconf 82' lang='lat' dir='ltr'><strong>aliquando</strong></span> <span class='ocrx_word' id='word_1_720' title='bbox 1406 4938 1532 4990; x_wconf 83' lang='lat' dir='ltr'><strong>sedit</strong></span> <span class='ocrx_word' id='word_1_721' title='bbox 1572 4936 1763 4989; x_wconf 79' lang='lat' dir='ltr'><strong>Encol-</strong></span> 
     </span>
    </p>
   </div>
   <div class='ocr_carea' id='block_1_97' title="bbox 171 5029 1769 5103">
    <p class='ocr_par' dir='ltr' id='par_1_97' title="bbox 171 5029 1769 5103">
     <span class='ocr_line' id='line_1_97' title="bbox 171 5029 1769 5103; baseline -0.004 -16"><span class='ocrx_word' id='word_1_722' title='bbox 171 5037 313 5103; x_wconf 82' lang='lat' dir='ltr'><strong>pius,</strong></span> <span class='ocrx_word' id='word_1_723' title='bbox 342 5043 451 5087; x_wconf 86' lang='lat' dir='ltr'><strong>ete.</strong></span> <span class='ocrx_word' id='word_1_724' title='bbox 487 5032 619 5096; x_wconf 83' lang='lat' dir='ltr'><strong>Quis</strong></span> <span class='ocrx_word' id='word_1_725' title='bbox 651 5048 754 5085; x_wconf 89' lang='lat' dir='ltr'><strong>non</strong></span> <span class='ocrx_word' id='word_1_726' title='bbox 785 5048 847 5086; x_wconf 88' lang='lat' dir='ltr'><strong>ex</strong></span> <span class='ocrx_word' id='word_1_727' title='bbox 878 5031 958 5083; x_wconf 77' lang='lat' dir='ltr'><strong>his</strong></span> <span class='ocrx_word' id='word_1_728' title='bbox 998 5030 1260 5097; x_wconf 78' lang='lat' dir='ltr'><strong>intelligat</strong></span> <span class='ocrx_word' id='word_1_729' title='bbox 1303 5029 1626 5083; x_wconf 81' lang='lat' dir='ltr'><strong>Macrobium</strong></span> <span class='ocrx_word' id='word_1_730' title='bbox 1662 5029 1769 5082; x_wconf 84' lang='lat' dir='ltr'><strong>Ett-</strong></span> 
     </span>
    </p>
   </div>
   <div class='ocr_carea' id='block_1_98' title="bbox 168 5122 1767 5194">
    <p class='ocr_par' dir='ltr' id='par_1_98' title="bbox 168 5122 1767 5194">
     <span class='ocr_line' id='line_1_98' title="bbox 168 5122 1767 5194; baseline -0.005 -13"><span class='ocrx_word' id='word_1_731' title='bbox 168 5126 337 5194; x_wconf 82' lang='lat' dir='ltr'><strong>CoIp‘ti</strong></span> <span class='ocrx_word' id='word_1_732' title='bbox 384 5138 756 5178; x_wconf 86' lang='lat' dir='ltr'><strong>successorem</strong></span> <span class='ocrx_word' id='word_1_733' title='bbox 798 5124 848 5176; x_wconf 91' lang='lat' dir='ltr'><strong>in</strong></span> <span class='ocrx_word' id='word_1_734' title='bbox 899 5122 1038 5175; x_wconf 87' lang='lat' dir='ltr'><strong>serie</strong></span> <span class='ocrx_word' id='word_1_735' title='bbox 1080 5122 1443 5175; x_wconf 84' lang='lat' dir='ltr'><strong>Romanorum</strong></span> <span class='ocrx_word' id='word_1_736' title='bbox 1488 5122 1767 5189; x_wconf 70' lang='lat' dir='ltr'><strong>episcotto-</strong></span> 
     </span>
    </p>
   </div>
   <div class='ocr_carea' id='block_1_99' title="bbox 168 5212 1765 5287">
    <p class='ocr_par' dir='ltr' id='par_1_99' title="bbox 168 5212 1765 5287">
     <span class='ocr_line' id='line_1_99' title="bbox 168 5212 1765 5287; baseline -0.008 -11"><span class='ocrx_word' id='word_1_737' title='bbox 168 5238 291 5276; x_wconf 90' lang='lat' dir='ltr'><strong>rum</strong></span> <span class='ocrx_word' id='word_1_738' title='bbox 326 5235 357 5273; x_wconf 89' lang='lat' dir='ltr'><strong>e</strong></span> <span class='ocrx_word' id='word_1_739' title='bbox 391 5228 545 5287; x_wconf 87' lang='lat' dir='ltr'><strong>parte</strong></span> <span class='ocrx_word' id='word_1_740' title='bbox 582 5217 771 5270; x_wconf 85' lang='lat' dir='ltr'><strong>Donati</strong></span> <span class='ocrx_word' id='word_1_741' title='bbox 821 5214 1163 5284; x_wconf 74' lang='lat' dir='ltr'><strong>superstitem</strong></span> <span class='ocrx_word' id='word_1_742' title='bbox 1216 5213 1387 5266; x_wconf 87' lang='lat' dir='ltr'><strong>adhuc</strong></span> <span class='ocrx_word' id='word_1_743' title='bbox 1437 5212 1600 5265; x_wconf 81' lang='lat' dir='ltr'><strong>fuisse</strong></span> <span class='ocrx_word' id='word_1_744' title='bbox 1645 5228 1765 5265; x_wconf 86' lang='lat' dir='ltr'><strong>cum</strong></span> 
     </span>
    </p>
   </div>
   <div class='ocr_carea' id='block_1_100' title="bbox 170 5304 1766 5377">
    <p class='ocr_par' dir='ltr' id='par_1_100' title="bbox 170 5304 1766 5377">
     <span class='ocr_line' id='line_1_100' title="bbox 170 5304 1766 5377; baseline -0.007 -9"><span class='ocrx_word' id='word_1_745' title='bbox 170 5315 287 5368; x_wconf 61' lang='lat' dir='ltr'><strong>haec</strong></span> <span class='ocrx_word' id='word_1_746' title='bbox 330 5312 600 5365; x_wconf 84' lang='lat' dir='ltr'><strong>scriberet</strong></span> <span class='ocrx_word' id='word_1_747' title='bbox 647 5308 909 5377; x_wconf 84' lang='lat' dir='ltr'><strong>Uptatus?</strong></span> <span class='ocrx_word' id='word_1_748' title='bbox 940 5307 1009 5359; x_wconf 88' lang='lat' dir='ltr'><strong>At</strong></span> <span class='ocrx_word' id='word_1_749' title='bbox 1047 5306 1144 5359; x_wconf 89' lang='lat' dir='ltr'><strong>sub</strong></span> <span class='ocrx_word' id='word_1_750' title='bbox 1177 5307 1333 5357; x_wconf 84' lang='lat' dir='ltr'><strong>linem</strong></span> <span class='ocrx_word' id='word_1_751' title='bbox 1380 5304 1536 5373; x_wconf 87' lang='lat' dir='ltr'><strong>hujus</strong></span> <span class='ocrx_word' id='word_1_752' title='bbox 1576 5305 1766 5371; x_wconf 84' lang='lat' dir='ltr'><strong>capitis</strong></span> 
     </span>
    </p>
   </div>
   <div class='ocr_carea' id='block_1_101' title="bbox 166 5395 1767 5469">
    <p class='ocr_par' dir='ltr' id='par_1_101' title="bbox 166 5395 1767 5469">
     <span class='ocr_line' id='line_1_101' title="bbox 166 5395 1767 5469; baseline -0.007 -11"><span class='ocrx_word' id='word_1_753' title='bbox 166 5408 272 5459; x_wconf 73' lang='lat' dir='ltr'><strong>tluti</strong></span> <span class='ocrx_word' id='word_1_754' title='bbox 306 5410 666 5458; x_wconf 85' lang='lat' dir='ltr'><strong>recensentur</strong></span> <span class='ocrx_word' id='word_1_755' title='bbox 706 5410 825 5469; x_wconf 83' lang='lat' dir='ltr'><strong>post</strong></span> <span class='ocrx_word' id='word_1_756' title='bbox 872 5398 1221 5451; x_wconf 82' lang='lat' dir='ltr'><strong>Macrobium.</strong></span> <span class='ocrx_word' id='word_1_757' title='bbox 1271 5396 1440 5467; x_wconf 84' lang='lat' dir='ltr'><strong>Igitur</strong></span> <span class='ocrx_word' id='word_1_758' title='bbox 1464 5398 1583 5465; x_wconf 81' lang='lat' dir='ltr'><strong>quia</strong></span> <span class='ocrx_word' id='word_1_759' title='bbox 1613 5395 1767 5449; x_wconf 82' lang='lat' dir='ltr'><strong>Clon—</strong></span> 
     </span>
    </p>
   </div>
   <div class='ocr_carea' id='block_1_102' title="bbox 165 5486 1767 5553">
    <p class='ocr_par' dir='ltr' id='par_1_102' title="bbox 165 5486 1767 5553">
     <span class='ocr_line' id='line_1_102' title="bbox 165 5486 1767 5553; baseline -0.006 -2"><span class='ocrx_word' id='word_1_760' title='bbox 165 5501 355 5551; x_wconf 81' lang='lat' dir='ltr'><strong>dianns</strong></span> <span class='ocrx_word' id='word_1_761' title='bbox 401 5493 650 5553; x_wconf 85' lang='lat' dir='ltr'><strong>Luciano,</strong></span> <span class='ocrx_word' id='word_1_762' title='bbox 699 5489 957 5542; x_wconf 81' lang='lat' dir='ltr'><strong>Lttcionus</strong></span> <span class='ocrx_word' id='word_1_763' title='bbox 990 5488 1273 5552; x_wconf 76' lang='lat' dir='ltr'><strong>Macrobio,</strong></span> <span class='ocrx_word' id='word_1_764' title='bbox 1318 5486 1611 5540; x_wconf 80' lang='lat' dir='ltr'><strong>Macrobius</strong></span> <span class='ocrx_word' id='word_1_765' title='bbox 1657 5486 1767 5541; x_wconf 84' lang='lat' dir='ltr'><strong>En-</strong></span> 
     </span>
    </p>
   </div>
   <div class='ocr_carea' id='block_1_103' title="bbox 166 5578 1765 5654">
    <p class='ocr_par' dir='ltr' id='par_1_103' title="bbox 166 5578 1765 5654">
     <span class='ocr_line' id='line_1_103' title="bbox 166 5578 1765 5654; baseline -0.008 -12"><span class='ocrx_word' id='word_1_766' title='bbox 166 5590 360 5654; x_wconf 76' lang='lat' dir='ltr'><strong>colpio,</strong></span> <span class='ocrx_word' id='word_1_767' title='bbox 425 5582 704 5649; x_wconf 75' lang='lat' dir='ltr'><strong>Encolpius</strong></span> <span class='ocrx_word' id='word_1_768' title='bbox 757 5580 1049 5649; x_wconf 76' lang='lat' dir='ltr'><strong>Bonifacio,</strong></span> <span class='ocrx_word' id='word_1_769' title='bbox 1092 5578 1388 5647; x_wconf 72' lang='lat' dir='ltr'><strong>Bonifacius</strong></span> <span class='ocrx_word' id='word_1_770' title='bbox 1426 5578 1615 5631; x_wconf 63' lang='lat' dir='ltr'><strong>Victori</strong></span> <span class='ocrx_word' id='word_1_771' title='bbox 1648 5596 1765 5631; x_wconf 79' lang='lat' dir='ltr'><strong>suc—</strong></span> 
     </span>
    </p>
   </div>
   <div class='ocr_carea' id='block_1_104' title="bbox 166 5672 1757 5737">
    <p class='ocr_par' dir='ltr' id='par_1_104' title="bbox 166 5672 1757 5737">
     <span class='ocr_line' id='line_1_104' title="bbox 166 5672 1757 5737; baseline -0.007 0"><span class='ocrx_word' id='word_1_772' title='bbox 166 5682 382 5737; x_wconf 71' lang='lat' dir='ltr'><strong>Ccssisse</strong></span> <span class='ocrx_word' id='word_1_773' title='bbox 412 5676 669 5729; x_wconf 85' lang='lat' dir='ltr'><strong>videntur.</strong></span> <span class='ocrx_word' id='word_1_774' title='bbox 706 5673 781 5727; x_wconf 84' lang='lat' dir='ltr'><strong>Ex</strong></span> <span class='ocrx_word' id='word_1_775' title='bbox 813 5674 897 5727; x_wconf 80' lang='lat' dir='ltr'><strong>his</strong></span> <span class='ocrx_word' id='word_1_776' title='bbox 930 5672 1201 5725; x_wconf 86' lang='lat' dir='ltr'><strong>Claudioni</strong></span> <span class='ocrx_word' id='word_1_777' title='bbox 1236 5672 1510 5726; x_wconf 80' lang='lat' dir='ltr'><strong>rtLuciani</strong></span> <span class='ocrx_word' id='word_1_778' title='bbox 1538 5675 1757 5726; x_wconf 83' lang='lat' dir='ltr'><strong>nomina</strong></span> 
     </span>
    </p>
   </div>
   <div class='ocr_carea' id='block_1_105' title="bbox 170 5764 1761 5843">
    <p class='ocr_par' dir='ltr' id='par_1_105' title="bbox 170 5764 1761 5843">
     <span class='ocr_line' id='line_1_105' title="bbox 170 5764 1761 5843; baseline -0.004 -14"><span class='ocrx_word' id='word_1_779' title='bbox 170 5773 385 5843; x_wconf 73' lang='lat' dir='ltr'><strong>adjecta</strong></span> <span class='ocrx_word' id='word_1_780' title='bbox 416 5782 539 5825; x_wconf 86' lang='lat' dir='ltr'><strong>esse</strong></span> <span class='ocrx_word' id='word_1_781' title='bbox 564 5775 708 5837; x_wconf 82' lang='lat' dir='ltr'><strong>patet</strong></span> <span class='ocrx_word' id='word_1_782' title='bbox 735 5774 1014 5835; x_wconf 87' lang='lat' dir='ltr'><strong>postquam</strong></span> <span class='ocrx_word' id='word_1_783' title='bbox 1048 5764 1303 5835; x_wconf 83' lang='lat' dir='ltr'><strong>scriptum</strong></span> <span class='ocrx_word' id='word_1_784' title='bbox 1338 5776 1451 5822; x_wconf 85' lang='lat' dir='ltr'><strong>erat</strong></span> <span class='ocrx_word' id='word_1_785' title='bbox 1476 5780 1629 5835; x_wconf 85' lang='lat' dir='ltr'><strong>opus.</strong></span> <span class='ocrx_word' id='word_1_786' title='bbox 1656 5768 1761 5825; x_wconf 83' lang='lat' dir='ltr'><strong>Sed</strong></span> 
     </span>
    </p>
   </div>
   <div class='ocr_carea' id='block_1_106' title="bbox 1881 4646 3457 4723">
    <p class='ocr_par' dir='ltr' id='par_1_106' title="bbox 1881 4646 3457 4723">
     <span class='ocr_line' id='line_1_106' title="bbox 1881 4646 3457 4723; baseline -0.006 -16"><span class='ocrx_word' id='word_1_787' title='bbox 1881 4656 2210 4723; x_wconf 85' lang='lat' dir='ltr'><strong>strepebant.</strong></span> <span class='ocrx_word' id='word_1_788' title='bbox 2269 4655 2311 4706; x_wconf 75' lang='grc' dir='ltr'><strong>Α</strong></span> <span class='ocrx_word' id='word_1_789' title='bbox 2359 4655 2535 4705; x_wconf 79' lang='lat' dir='ltr'><strong>multis</strong></span> <span class='ocrx_word' id='word_1_790' title='bbox 2576 4648 2862 4703; x_wconf 82' lang='lat' dir='ltr'><strong>Catltolicis</strong></span> <span class='ocrx_word' id='word_1_791' title='bbox 2910 4662 3050 4715; x_wconf 74' lang='lat' dir='ltr'><strong>Szl‘pt)</strong></span> <span class='ocrx_word' id='word_1_792' title='bbox 3095 4646 3457 4700; x_wconf 72' lang='lat' dir='ltr'><strong>desideratum</strong></span> 
     </span>
    </p>
   </div>
   <div class='ocr_carea' id='block_1_107' title="bbox 1883 4726 3453 4809">
    <p class='ocr_par' dir='ltr' id='par_1_107' title="bbox 1883 4726 3453 4809">
     <span class='ocr_line' id='line_1_107' title="bbox 1883 4726 3453 4809; baseline -0.004 -12"><span class='ocrx_word' id='word_1_793' title='bbox 1883 4746 2077 4809; x_wconf 79' lang='lat' dir='ltr'><strong>fuerat,</strong></span> <span class='ocrx_word' id='word_1_794' title='bbox 2110 4755 2164 4798; x_wconf 92' lang='lat' dir='ltr'><strong>ttt</strong></span> <span class='ocrx_word' id='word_1_795' title='bbox 2186 4744 2250 4797; x_wconf 87' lang='lat' dir='ltr'><strong>ad</strong></span> <span class='ocrx_word' id='word_1_796' title='bbox 2274 4743 2561 4797; x_wconf 88' lang='lat' dir='ltr'><strong>eruendam</strong></span> <span class='ocrx_word' id='word_1_797' title='bbox 2588 4744 2865 4794; x_wconf 85' lang='lat' dir='ltr'><strong>veritatem</strong></span> <span class='ocrx_word' id='word_1_798' title='bbox 2894 4740 2959 4790; x_wconf 82' lang='lat' dir='ltr'><strong>ah</strong></span> <span class='ocrx_word' id='word_1_799' title='bbox 2986 4739 3250 4807; x_wconf 89' lang='lat' dir='ltr'><strong>aliquibus</strong></span> <span class='ocrx_word' id='word_1_800' title='bbox 3276 4726 3453 4791; x_wconf 75' lang='lat' dir='ltr'><strong>defen-</strong></span> 
     </span>
    </p>
   </div>
   <div class='ocr_carea' id='block_1_108' title="bbox 1878 4833 3457 4909">
    <p class='ocr_par' dir='ltr' id='par_1_108' title="bbox 1878 4833 3457 4909">
     <span class='ocr_line' id='line_1_108' title="bbox 1878 4833 3457 4909; baseline -0.008 -16"><span class='ocrx_word' id='word_1_801' title='bbox 1878 4840 2089 4893; x_wconf 86' lang='lat' dir='ltr'><strong>sorihus</strong></span> <span class='ocrx_word' id='word_1_802' title='bbox 2116 4840 2341 4909; x_wconf 83' lang='lat' dir='ltr'><strong>partium</strong></span> <span class='ocrx_word' id='word_1_803' title='bbox 2366 4836 2642 4890; x_wconf 83' lang='lat' dir='ltr'><strong>eottﬂicttts</strong></span> <span class='ocrx_word' id='word_1_804' title='bbox 2668 4834 2977 4887; x_wconf 80' lang='lat' dir='ltr'><strong>haberetur.</strong></span> <span class='ocrx_word' id='word_1_805' title='bbox 3008 4834 3110 4887; x_wconf 79' lang='lat' dir='ltr'><strong>Sed</strong></span> <span class='ocrx_word' id='word_1_806' title='bbox 3146 4833 3457 4895; x_wconf 68' lang='lat' dir='ltr'><strong>lionatistte,</strong></span> 
     </span>
    </p>
   </div>
   <div class='ocr_carea' id='block_1_109' title="bbox 1877 4925 3455 4994">
    <p class='ocr_par' dir='ltr' id='par_1_109' title="bbox 1877 4925 3455 4994">
     <span class='ocr_line' id='line_1_109' title="bbox 1877 4925 3455 4994; baseline -0.009 -10"><span class='ocrx_word' id='word_1_807' title='bbox 1877 4948 2050 4985; x_wconf 70' lang='lat' dir='ltr'><strong>causm</strong></span> <span class='ocrx_word' id='word_1_808' title='bbox 2084 4946 2191 4983; x_wconf 66' lang='lat' dir='ltr'><strong>sum,</strong></span> <span class='ocrx_word' id='word_1_809' title='bbox 2224 4928 2401 4990; x_wconf 66' lang='lat' dir='ltr'><strong>tlillisi,</strong></span> <span class='ocrx_word' id='word_1_810' title='bbox 2437 4937 2485 4979; x_wconf 70' lang='lat' dir='ltr'><strong>et</strong></span> <span class='ocrx_word' id='word_1_811' title='bbox 2508 4926 2813 4985; x_wconf 75' lang='lat' dir='ltr'><strong>Catholicos</strong></span> <span class='ocrx_word' id='word_1_812' title='bbox 2851 4925 3135 4994; x_wconf 60' lang='lat' dir='ltr'><strong>fugientes,</strong></span> <span class='ocrx_word' id='word_1_813' title='bbox 3183 4941 3455 4978; x_wconf 75' lang='lat' dir='ltr'><strong>accessum</strong></span> 
     </span>
    </p>
   </div>
   <div class='ocr_carea' id='block_1_110' title="bbox 1874 5018 3457 5095">
    <p class='ocr_par' dir='ltr' id='par_1_110' title="bbox 1874 5018 3457 5095">
     <span class='ocr_line' id='line_1_110' title="bbox 1874 5018 3457 5095; baseline -0.006 -17"><span class='ocrx_word' id='word_1_814' title='bbox 1874 5024 2243 5095; x_wconf 72' lang='lat' dir='ltr'><strong>prohibebant,</strong></span> <span class='ocrx_word' id='word_1_815' title='bbox 2276 5021 2474 5072; x_wconf 88' lang='lat' dir='ltr'><strong>aditum</strong></span> <span class='ocrx_word' id='word_1_816' title='bbox 2507 5019 2950 5081; x_wconf 75' lang='lat' dir='ltr'><strong>intercltttlobaot,</strong></span> <span class='ocrx_word' id='word_1_817' title='bbox 2981 5032 3294 5072; x_wconf 81' lang='lat' dir='ltr'><strong>consessum</strong></span> <span class='ocrx_word' id='word_1_818' title='bbox 3327 5018 3457 5069; x_wconf 88' lang='lat' dir='ltr'><strong>vita-</strong></span> 
     </span>
    </p>
   </div>
   <div class='ocr_carea' id='block_1_111' title="bbox 1874 5112 3449 5182">
    <p class='ocr_par' dir='ltr' id='par_1_111' title="bbox 1874 5112 3449 5182">
     <span class='ocr_line' id='line_1_111' title="bbox 1874 5112 3449 5182; baseline -0.008 -11"><span class='ocrx_word' id='word_1_819' title='bbox 1874 5120 2020 5179; x_wconf 82' lang='lat' dir='ltr'><strong>bant,</strong></span> <span class='ocrx_word' id='word_1_820' title='bbox 2074 5114 2393 5182; x_wconf 85' lang='lat' dir='ltr'><strong>colloquium</strong></span> <span class='ocrx_word' id='word_1_821' title='bbox 2441 5114 2797 5181; x_wconf 72' lang='lat' dir='ltr'><strong>denegabant.</strong></span> <span class='ocrx_word' id='word_1_822' title='bbox 2854 5112 3237 5165; x_wconf 66' lang='lat' dir='ltr'><strong>Pat&#39;menianus</strong></span> <span class='ocrx_word' id='word_1_823' title='bbox 3278 5120 3449 5163; x_wconf 86' lang='lat' dir='ltr'><strong>autem</strong></span> 
     </span>
    </p>
   </div>
   <div class='ocr_carea' id='block_1_112' title="bbox 1870 5205 3454 5276">
    <p class='ocr_par' dir='ltr' id='par_1_112' title="bbox 1870 5205 3454 5276">
     <span class='ocr_line' id='line_1_112' title="bbox 1870 5205 3454 5276; baseline -0.006 -12"><span class='ocrx_word' id='word_1_824' title='bbox 1870 5227 2052 5264; x_wconf 88' lang='lat' dir='ltr'><strong>eorum</strong></span> <span class='ocrx_word' id='word_1_825' title='bbox 2095 5209 2374 5276; x_wconf 65' lang='lat' dir='ltr'><strong>episcotius</strong></span> <span class='ocrx_word' id='word_1_826' title='bbox 2421 5224 2523 5260; x_wconf 87' lang='lat' dir='ltr'><strong>non</strong></span> <span class='ocrx_word' id='word_1_827' title='bbox 2559 5216 2842 5261; x_wconf 79' lang='lat' dir='ltr'><strong>Contentus</strong></span> <span class='ocrx_word' id='word_1_828' title='bbox 2871 5207 3047 5267; x_wconf 83' lang='lat' dir='ltr'><strong>dictis,</strong></span> <span class='ocrx_word' id='word_1_829' title='bbox 3090 5222 3206 5273; x_wconf 65' lang='lat' dir='ltr'><strong>qtttt-</strong></span> <span class='ocrx_word' id='word_1_830' title='bbox 3246 5205 3295 5255; x_wconf 93' lang='lat' dir='ltr'><strong>in</strong></span> <span class='ocrx_word' id='word_1_831' title='bbox 3330 5218 3454 5255; x_wconf 78' lang='lat' dir='ltr'><strong>vett-</strong></span> 
     </span>
    </p>
   </div>
   <div class='ocr_carea' id='block_1_113' title="bbox 1873 5296 3449 5362">
    <p class='ocr_par' dir='ltr' id='par_1_113' title="bbox 1873 5296 3449 5362">
     <span class='ocr_line' id='line_1_113' title="bbox 1873 5296 3449 5362; baseline -0.008 -5"><span class='ocrx_word' id='word_1_832' title='bbox 1873 5313 1954 5357; x_wconf 84' lang='lat' dir='ltr'><strong>tos</strong></span> <span class='ocrx_word' id='word_1_833' title='bbox 1996 5304 2211 5362; x_wconf 85' lang='lat' dir='ltr'><strong>abeunt,</strong></span> <span class='ocrx_word' id='word_1_834' title='bbox 2268 5299 2574 5352; x_wconf 72' lang='lat' dir='ltr'><strong>Catholicos</strong></span> <span class='ocrx_word' id='word_1_835' title='bbox 2626 5300 2920 5357; x_wconf 68' lang='lat' dir='ltr'><strong>incessere,</strong></span> <span class='ocrx_word' id='word_1_836' title='bbox 2969 5298 3126 5349; x_wconf 81' lang='lat' dir='ltr'><strong>animi</strong></span> <span class='ocrx_word' id='word_1_837' title='bbox 3175 5296 3251 5346; x_wconf 82' lang='lat' dir='ltr'><strong>sui</strong></span> <span class='ocrx_word' id='word_1_838' title='bbox 3295 5310 3449 5345; x_wconf 82' lang='lat' dir='ltr'><strong>sensa</strong></span> 
     </span>
    </p>
   </div>
   <div class='ocr_carea' id='block_1_114' title="bbox 1874 5387 3453 5465">
    <p class='ocr_par' dir='ltr' id='par_1_114' title="bbox 1874 5387 3453 5465">
     <span class='ocr_line' id='line_1_114' title="bbox 1874 5387 3453 5465; baseline -0.009 -15"><span class='ocrx_word' id='word_1_839' title='bbox 1874 5396 2084 5465; x_wconf 76' lang='lat' dir='ltr'><strong>Scriptis</strong></span> <span class='ocrx_word' id='word_1_840' title='bbox 2112 5395 2340 5461; x_wconf 86' lang='lat' dir='ltr'><strong>aperuit.</strong></span> <span class='ocrx_word' id='word_1_841' title='bbox 2378 5392 2484 5446; x_wconf 89' lang='lat' dir='ltr'><strong>llac</strong></span> <span class='ocrx_word' id='word_1_842' title='bbox 2514 5393 2797 5446; x_wconf 84' lang='lat' dir='ltr'><strong>occasione</strong></span> <span class='ocrx_word' id='word_1_843' title='bbox 2822 5400 3031 5455; x_wconf 76' lang='lat' dir='ltr'><strong>arrepta</strong></span> <span class='ocrx_word' id='word_1_844' title='bbox 3064 5388 3285 5453; x_wconf 77' lang='lat' dir='ltr'><strong>Uptztltts</strong></span> <span class='ocrx_word' id='word_1_845' title='bbox 3311 5387 3453 5439; x_wconf 71' lang='lat' dir='ltr'><strong>reri-</strong></span> 
     </span>
    </p>
   </div>
   <div class='ocr_carea' id='block_1_115' title="bbox 1872 5481 3447 5555">
    <p class='ocr_par' dir='ltr' id='par_1_115' title="bbox 1872 5481 3447 5555">
     <span class='ocr_line' id='line_1_115' title="bbox 1872 5481 3447 5555; baseline -0.01 -13"><span class='ocrx_word' id='word_1_846' title='bbox 1872 5499 1975 5542; x_wconf 85' lang='lat' dir='ltr'><strong>tate</strong></span> <span class='ocrx_word' id='word_1_847' title='bbox 2008 5497 2251 5555; x_wconf 76' lang='lat' dir='ltr'><strong>cogente,</strong></span> <span class='ocrx_word' id='word_1_848' title='bbox 2284 5485 2499 5550; x_wconf 89' lang='lat' dir='ltr'><strong>scriptis</strong></span> <span class='ocrx_word' id='word_1_849' title='bbox 2526 5485 2641 5551; x_wconf 89' lang='lat' dir='ltr'><strong>ejus</strong></span> <span class='ocrx_word' id='word_1_850' title='bbox 2674 5481 2996 5549; x_wconf 84' lang='lat' dir='ltr'><strong>respomlere</strong></span> <span class='ocrx_word' id='word_1_851' title='bbox 3031 5494 3311 5548; x_wconf 63' lang='lat' dir='ltr'><strong>aggressus</strong></span> <span class='ocrx_word' id='word_1_852' title='bbox 3344 5486 3447 5543; x_wconf 86' lang='lat' dir='ltr'><strong>est,</strong></span> 
     </span>
    </p>
   </div>
   <div class='ocr_carea' id='block_1_116' title="bbox 1874 5570 3449 5643">
    <p class='ocr_par' dir='ltr' id='par_1_116' title="bbox 1874 5570 3449 5643">
     <span class='ocr_line' id='line_1_116' title="bbox 1874 5570 3449 5643; baseline -0.009 -8"><span class='ocrx_word' id='word_1_853' title='bbox 1874 5594 1929 5635; x_wconf 88' lang='lat' dir='ltr'><strong>ut</strong></span> <span class='ocrx_word' id='word_1_854' title='bbox 1957 5581 2055 5635; x_wconf 82' lang='lat' dir='ltr'><strong>hac</strong></span> <span class='ocrx_word' id='word_1_855' title='bbox 2081 5580 2293 5634; x_wconf 84' lang='lat' dir='ltr'><strong>ratione</strong></span> <span class='ocrx_word' id='word_1_856' title='bbox 2311 5588 2456 5634; x_wconf 70' lang='lat' dir='ltr'><strong>esset</strong></span> <span class='ocrx_word' id='word_1_857' title='bbox 2478 5579 2615 5631; x_wconf 78' lang='lat' dir='ltr'><strong>inter</strong></span> <span class='ocrx_word' id='word_1_858' title='bbox 2640 5576 2889 5628; x_wconf 60' lang='lat' dir='ltr'><strong>absentes</strong></span> <span class='ocrx_word' id='word_1_859' title='bbox 2915 5570 3312 5643; x_wconf 68' lang='lat' dir='ltr'><strong>quodammodo</strong></span> <span class='ocrx_word' id='word_1_860' title='bbox 3338 5572 3449 5622; x_wconf 79' lang='lat' dir='ltr'><strong>col-</strong></span> 
     </span>
    </p>
   </div>
   <div class='ocr_carea' id='block_1_117' title="bbox 1870 5676 2077 5729">
    <p class='ocr_par' dir='ltr' id='par_1_117' title="bbox 1870 5676 2077 5729">
     <span class='ocr_line' id='line_1_117' title="bbox 1870 5676 2077 5729; baseline -0.034 0"><span class='ocrx_word' id='word_1_861' title='bbox 1870 5676 2013 5729; x_wconf 89' lang='lat' dir='ltr'><strong>latio.</strong></span> <span class='ocrx_word' id='word_1_862' title='bbox 2062 5693 2077 5723; x_wconf 76' lang='grc' dir='ltr'><strong><em>ι</em></strong></span> 
     </span>
    </p>
   </div>
   <div class='ocr_carea' id='block_1_118' title="bbox 1941 5755 3449 5834">
    <p class='ocr_par' dir='ltr' id='par_1_118' title="bbox 1941 5755 3449 5834">
     <span class='ocr_line' id='line_1_118' title="bbox 1941 5755 3449 5834; baseline -0.005 -11"><span class='ocrx_word' id='word_1_863' title='bbox 1941 5766 2327 5825; x_wconf 76' lang='lat' dir='ltr'><strong>Pat‘tttenianus</strong></span> <span class='ocrx_word' id='word_1_864' title='bbox 2350 5765 2440 5823; x_wconf 88' lang='lat' dir='ltr'><strong>ille</strong></span> <span class='ocrx_word' id='word_1_865' title='bbox 2452 5765 2605 5834; x_wconf 83' lang='lat' dir='ltr'><strong>cujus</strong></span> <span class='ocrx_word' id='word_1_866' title='bbox 2619 5775 2750 5831; x_wconf 87' lang='lat' dir='ltr'><strong>opus</strong></span> <span class='ocrx_word' id='word_1_867' title='bbox 2763 5758 2956 5818; x_wconf 78' lang='lat' dir='ltr'><strong>refellit</strong></span> <span class='ocrx_word' id='word_1_868' title='bbox 2978 5755 3449 5831; x_wconf 74' lang='lat' dir='ltr'><strong>Optatus,&#39;Donato</strong></span> 
     </span>
    </p>
   </div>
  </div>
