3822 6220
340 212 452 304 ⁷ης

1404 246 1460 304 S.
1501 243 1749 302 ΟΡΤΑΤΙ
1795 244 2075 303 ΟΡΕΜῙΜ
2117 241 2663 305 I’ROLEGOMENA-
2736 278 2754 307 'l

3592 90 3671 119 ⁵-

3508 222 3622 293 "tot

337 369 678 417 successerat
706 359 845 414 circa
872 372 1069 412 annum
1102 356 1228 423 550,
1258 358 1309 411 in
1333 355 1587 411 cathedra
1621 370 1779 426 quam
1808 355 1920 411 Ma-
1948 361 1999 419 Α
2026 336 2235 413 dixerat
2280 358 2347 414 de
2373 336 2665 414 traditione
2689 356 3111 423 Donatistarum,
3136 369 3274 427 quos
3298 339 3478 409 tamen
3512 354 3631 406 tra-

334 452 547 523 jorinus
595 452 851 506 adversus
901 430 1247 523 Caecilianum
1291 446 1600 518 Carthagini
1652 458 1924 504 erexerat.
1955 455 1969 469 '

339 541 531 607 Afrum
572 557 679 596 non
722 542 883 596 fuisse
919 540 1334 598 Parmenionem
1384 542 1697 597 testimonio
1742 541 1926 611 Optati

306 642 669 703 compertum
701 641 803 695 est,
837 632 943 702 qui-
968 632 1052 688 bis
1091 634 1242 688 illum
1284 634 1626 705 peregrinum
1668 636 1925 705 appellat,

339 724 503 781 semel
521 723 661 778 libro
679 721 925 795 primo,§
953 724 1005 791 5,
1033 734 1087 779 et
1118 724 1256 779 lihro
1288 712 1471 791 tertio,
1491 724 1519 799 ς
1540 727 1591 790 5,
1618 741 1680 780 ac
1706 736 1928 796 praeter-

340 833 401 873 ea
447 817 513 872 de
561 816 776 876 illorum
817 833 1047 873 numero
1079 814 1245 873 fuisse
1275 826 1504 875 testatur
1525 860 1539 884 ,
1571 835 1707 889 quos
1729 820 1925 874 Dona-

338 911 478 965 tisue
506 910 904 982 circumeuntes
935 912 1101 966 maria
1130 922 1180 967 et
1216 926 1387 968 terras
1417 915 1744 986 proselytum
1768 929 1925 968 suum

298 1068 299 1071 η
338 1002 627 1059 effecerant
669 1013 719 1056 et
772 1003 1084 1073 Carthagini
1130 1004 1531 1060 ordin’averant.
1587 1003 1929 1060 Parnteniani

339 1109 475 1166 opus
504 1096 587 1150 cui
618 1096 910 1165 respondet
929 1095 1180 1166 Optatos,
1200 1097 1472 1165 diversum
1495 1106 1576 1152 est
1602 1096 1927 1162 ahepistola

344 1188 587 1259 ejusdem
620 1189 959 1265 Parmeniani
984 1188 1054 1265 ad
1074 1188 1391 1255 Tichonium
1427 1188 1777 1265 Donatistam,
1801 1201 1930 1241 con-

270 1288 273 1291 ’
343 1290 422 1336 tra
452 1296 612 1352 quam
643 1280 819 1337 libros.
858 1263 975 1338 tres.
996 1260 1314 1349 conscripsit
1346 1260 1695 1350 Augustinus.
1731 1278 1785 1333 In
1828 1279 1931 1334 hac

340 1374 775 1453 reprehendebat
798 1391 857 1429 ea
887 1390 1006 1445 qua:
1028 1373 1319 1427 Tichonius
1340 1372 1615 1426 Donatista
1647 1371 1930 1429 de'Eccle-

316 1462 424 1520 'sia
458 1466 751 1537 scripserat
779 1481 889 1520 sua:
934 1476 1111 1525 scene.
1129 1463 1338 1533 placitis
1366 1464 1679 1519 contraria..
1704 1463 1777 1518 At
1805 1480 1934 1519 vero

324 1559 397 1627 in
446 1568 670 1613 tractatu
693 1558 828 1620 -ilio,
874 1573 1035 1625 quem
1066 1556 1265 1612 refutat
1311 1548 1565 1629 O‘ptatus,
1610 1558 1934 1614 catholicam

354 1651 649 1705 Ecclesiam
686 1641 1119 1719 aggrediehatur.
1168 1648 1390 1703 Diversa
1441 1651 1721 1720 utriusque
1756 1650 1937 1719 operis

2033 458 2173 505 trum
2202 450 2321 505 loco
2349 450 2533 506 haberi
2567 442 2801 516 volebat,
2832 448 2993 519 obiici
3027 458 3206 519 posset
3230 462 3260 503 a
3289 445 3627 510 Donatistis;

2030 544 2292 612 siquidem
2324 543 2509 600 Patre’s
2534 544 2704 600 nostri
2747 542 3036 598 traditores
3064 550 3211 608 sunt,
3252 556 3351 596 cur
3375 554 3473 603 nos
3506 537 3631 593 fra-

2030 647 2142 694 tres
2170 639 2492 709 appellatis?
2538 653 2637 693 cur
2658 632 2727 692 ad
2752 617 3190 693 communionem
3219 633 3452 690 vestram
3480 631 3628 687 invi-

2030 718 2154 785 tatis
2170 729 2357 784 ?.Huic
2386 729 2685 784 difficultati
2712 728 3101 801 occurrendum
3134 740 3254 781 esse
3278 724 3482 801 putavit
3515 720 3633 801 Op-
3662 788 3665 791 Α

2035 830 2194 888 tatus,
2218 837 2284 877 ex
2298 821 2542 892 ponendo
2568 835 2663 879 cur
2683 829 2740 875 et
2764 834 2932 889 quare
2952 798 3256 873 Donatistas
3282 798 3350 869 ad
3380 800 3637 869 commu-

2032 915 2245 969 nitmeut
2269 928 2421 968 suam
2456 911 2889 991 invitaret,_licet
2936 909 3252 963 traditorum
3280 907 3443 972 ﬁlios,
3475 906 3632 977 quod
3680 978 3687 983 _

2032 1006 2061 1078 §
2097 995 2149 1072 l',
2179 1006 2214 1060 2
2242 1015 2306 1061 et
2336 1006 2388 1067 ὅ.
2431 993 2750 1088 exeqttitur,
2794 1005 2881 1074 qui
2912 1002 3139 1074 proinde
3180 1002 3246 1056 ad
3283 1002 3480 1056 librum
3518 1002 3635 1087 pri-
3719 1050 3725 1058 .

2031 1115 2174 1154 mum
2200 1100 2495 1167 pertinent.
2522 1083 2671 1169 Quae
2697 1099 2764 1153 de
2785 1099 3000 1155 'muscis
3036 1097 3314 1173 morituris
3342 1113 3465 1167 quae
3496 1083 3635 1168 per-

2030 1192 2164 1247 dunt
2184 1193 2499 1247 suavitatem
2535 1194 2815 1263 unguenti,
2845 1193 2898 1265 3
2927 1203 2980 1247 et
2996 1191 3273 1248 ‘deJamne
3304 1202 3357 1247 et
3384 1192 3640 1247 llamer

2033 1285 2282 1341 dicuntur
2312 1283 2340 1356 ς
2374 1286 2406 1339 4
2431 1294 2485 1339 et
2510 1285 2565 1347 5,
2600 1285 2665 1337 ad
2698 1285 2823 1340 libri
2848 1285 3069 1359 secundi
3107 1283 3290 1348 ﬁnem,
3322 1293 3412 1338 aut
3446 1284 3639 1354 potius

2033 1376 2099 1432 ad
2129 1387 2380 1447 quartum
2413 1377 2705 1446 pertinent,
2756 1360 2862 1431 ubi)
2887 1377 3077 1433 similia
3108 1376 3342 1432 convitia
3370 1374 3643 1437 refellun-

2034 1475 2143 1526 tur.
2173 1470 2304 1538 Quze
2322 1486 2460 1526 .vero
2490 1478 2791 1541 sequuntur
2817 1470 2884 1529 de
2907 1471 3136 1525 Macario
3161 1474 3285 1525 cum
3314 1467 3640 1539 prteceden-

2039 1556 2181 1617 tibus
2226 1578 2330 1617 non
2359 1564 2656 1627 cohaerent,
2688 1562 2782 1617 sed
2814 1562 2957 1617 haud
2992 1558 3154 1617 dubie
3197 1561 3640 1633 additamentum

2040 1663 2166 1735 sunt
2194 1656 2258 1709 ad
2288 1655 2479 1710 librum
2509 1659 2746 1711 tertium.
2776 1655 2851 1711 Ita
2882 1656 2932 1710 id
2959 1656 3101 1738 quod
3126 1655 3325 1731 dicitur
3346 1655 3493 1710 liber
3524 1638 3645 1725 0p-

346 1742 560 1809 divisio,
593 1744 808 1798 diversa
857 1741 1161 1807 methodtis,
1214 1744 1488 1805 diversum
1520 1753 1931 1812 argumentum;

2099 1750 2137 1803 ti
2175 1748 2458 1815 septimus,
2504 1746 2637 1802 nihil
2682 1748 2825 1802 aliud
2857 1757 2939 1802 est
2979 1761 3135 1817 quam
3176 1746 3376 1816 triplex
3425 1746 3648 1801 addita-

349 1850 672 1905 quamquam
698 1835 1193 1905 eadem'utrobique
1220 1834 1273 1890 in
1298 1834 1595 1913 Ecclesiam
1617 1835 1933 1891 catholicam

348 1928 579 1984 convitia
612 1928 936 2011 legerentur.
1938 1994 1943 1997 _

429 2019 631 2075 Divisio
667 2021 835 2090 operis
868 2019 1066 2089 Optati.
1096 2019 1306 2093 _Utrum
1333 2020 1459 2076 liber
1486 2021 1732 2090 septimus
1752 2017 1939 2093 Optati

351 2113 601 2187 genuinus
640 2113 723 2166 sit.
769 2111 1015 2167 Rationes
1045 2110 1337 2175 dubitandi.
1388 2111 1529 2179 Quid
1565 2109 1629 2164 de
1658 2110 1764 2187 illo
1789 2110 1941 2184 judi-

351 2206 592 2259 candum.
624 2234 694 2245 -—
723 2204 921 2272 Totum
952 2216 1087 2274 opus
1117 2192 1273 2259 suum
1316 2204 1369 2259 itt
1408 2202 1753 2259 Parnteniani
1798 2212 1937 2267 trans

352 2299 779 2366 tatum'partitur
804 2297 1029 2366 Optatus
1052 2297 1105 2351 in
1140 2312 1232 2352 sex
1263 2297 1430 2351 libros
1451 2339 1467 2363 ,
1517 2311 1747 2367 quorum
1775 2295 1934 2366 arguo

354 2386 593 2462 mentum
622 2390 842 2463 refert§
873 2391 904 2445 7
939 2391 1058 2447 libri
1099 2392 1275 2460 primi.
1306 2390 1576 2471 'l‘otidem,
1604 2399 1657 2445 et
1687 2405 1792 2445 non
1817 2391 1938 2461 plu-

291 2558 307 2567 .
350 2499 441 2541 res
466 2483 646 2554 Optati
687 2474 854 2542 libros
882 2494 1127 2540 recenset
1167 2484 1549 2567 Hieronymus.
1597 2484 1747 2538 Nunc
1776 2483 1942 2554 septi-

351 2594 473 2636 mus
488 2580 716 2658 accessit
730 2594 887 2655 quem
908 2579 1034 2632 olim
1057 2589 1175 2648 post
1192 2580 1338 2634 viros
1352 2564 1797 2648 doctos’spurium
1820 2591 1941 2632 esse

353 2671 678 2737 existimavi,
724 2680 778 2726 et
805 2670 1026 2726 alterius
1053 2671 1355 2742 scriptoris.
1387 2671 1512 2726 Tria
1541 2686 1628 2726 nte
1673 2664 1943 2740 prteciptie

355 2763 423 2818 ad
477 2763 528 2817 id
584 2762 912 2818 credendum
963 2762 1273 2818 movebant.
1333 2762 1614 2830 Primum,
1664 2746 1959 2818 silentium-

356 2855 537 2929 Optati
580 2857 749 2927 ipsius
774 2866 829 2912 et
859 2856 1188 2934 Hieronymi.
1245 2857 1377 2913 Nam
1420 2858 1631 2914 etiamsi
1675 2858 1945 2932 diceretur

298 2947 301 2951 ’
352 2952 607 3020 Optatum
634 2964 754 3004 cum
785 2950 1015 3020 primum
1044 2966 1139 3005 sex
1172 2953 1376 3021 tantum
1404 2950 1572 3006 libros
1595 2950 1835 3005 scribere
1862 2946 1944 3021 ine

353 3045 638 3109 stituisset,
666 3038 955 3113 septimum
980 3053 1161 3114 postea
1180 3036 1488 3113 'adjecisse,
1520 3045 1592 3099 de
1614 3043 1943 3115 Hieronymo

2039 1852 2278 1895 mentum
2305 1840 2369 1894 ad
2404 1852 2515 1896 tres
2543 1836 2726 1908 O'ptati
2759 1840 2946 1902 libros,
2979 1850 3136 1909 atque
3164 1838 3285 1894 ideo
3305 1856 3413 1893 non
3446 1840 3643 1908 plures

2038 1950 2195 2003 quam
2230 1948 2322 2005 sex
2350 1949 2535 1988 revera
2558 1933 2776 2003 fuerunt
2797 1942 2884 1987 aut
2911 1932 3259 1987 enumerandi
3290 1914 3437 1987 sunt.
3473 1931 3633 1986 Veri-

2038 2026 2216 2084 simil’e
2261 2034 2342 2080 est
2372 2026 2423 2079 in
2476 2026 2744 2101 veteribus
2791 2005 2978 2094 Optati.
3016 2023 3291 2080 codicibus
3329 2040 3470 2095 quos
3524 2037 3643 2093 pra:

2030 2118 2287 2188 manibus
2316 2117 2546 2177 habebat
2586 2117 2968 2187 Hieronymus,
3019 2116 3539 2172 haec'additamenta
3572 2117 3645 2171 ad

2040 2195 2204 2265 finem
2232 2211 2472 2279 apposita
2504 2210 2669 2265 fuisse
2700 2210 2818 2265 sine
2843 2209 2964 2264 libri
2992 2225 3062 2264 vn
3092 2209 3480 2277 inscriptione;
3509 2209 3648 2266 hinc

2040 2305 2315 2370 eiiectum,
2341 2314 2398 2359 ut
2428 2313 2764 2360 sex-tantum
2796 2304 3053 2359 librorum
3080 2303 3258 2374 Optati
3294 2300 3643 2360 mentionem

2042 2396 2251 2454 fecerit.
2297 2397 2539 2465 Denique
2570 2396 2961 2452 dissimilitudo
2987 2396 3129 2477 styli;
3150 2404 3252 2467 qua
3282 2398 3445 2450 etiam
3488 2410 3649 2450 com-

2042 2490 2317 2555 movebar,
2340 2490 2667 2544 occurrebat
2697 2490 2996 2558 praesertim
3030 2490 3079 2543 in
3101 2484 3475 2561 additamento
3504 2503 3644 2559 spu-

2041 2583 2126 2659 rio
2154 2583 2219 2639 de
2242 2584 2462 2638 levitate
2488 2582 2832 2649 traditionis;
2874 2598 2939 2638 ae
2969 2581 3186 2637 aliunde
3226 2581 3407 2659 Optati
3436 2582 3647 2653 stylum

2045 2654 2150 2732 non
2174 2675 2394 2730 omnino
2422 2674 2681 2747 aequalem
2704 2689 2829 2729 esse
2857 2673 3161 2750 legentibus
3186 2654 3412 2743 patebit.
3449 2668 3529 2726 ex
3556 2672 3648 2728 his

2044 2767 2170 2837 quid
2200 2766 2266 2821 de
2293 2760 2471 2836 Optati
2509 2766 2647 2823 libro
2666 2767 2899 2837 septimo
2923 2766 2994 2821 sit
3022 2766 3366 2823 sentiendum
3390 2764 3646 2821 satisin-

1998 2925 2002 2928 ,
2046 2858 2326 2926 telligitur.

2120 2951 2327 3008 Utititns
2358 2950 2605 3005 librorum
2646 2948 2854 3031 Optati.-
2880 2975 2957 3012 ,--
2983 3004 2987 3007 _
3013 2946 3220 3016 Quanta
3262 2950 3333 3004 sit
3377 2948 3649 3004 librorum

2046 3045 2227 3116 Optati
2258 3032 2481 3109 utilitas,
2511 3038 2670 3129 docet
2689 3044 2871 3115 operis
2897 3041 3298 3116 argumentum.
3335 3044 3643 3103 Ecclesiam

360 3135 451 3191 vix
467 3134 614 3191 credi
641 3147 736 3191 aut
759 3133 1077 3214 dicipotest
1106 3136 1245 3205 quod
1272 3138 1315 3191 si
1341 3136 1509 3205 hujus
1533 3134 1773 3206 'empore
1804 3137 1943 3215 liber
1970 3140 2017 3205 C
2046 3134 2369 3197 catholicam
2425 3139 2685 3194 adversus
2708 3215 2713 3220 ‘
2733 3137 3005 3209 Sectarios
3054 3138 3252 3193 acriter
3296 3146 3609 3208 propugnat
3628 3175 3643 3201 .

357 3223 618 3302 septimus
668 3230 844 3301 Optati
900 3230 1111 3286 caeteris
1157 3229 1349 3292 fuisset
1396 3246 1663 3296 annexus,
1698 3229 1843 3285 hunc
1879 3231 1947 3297 ab

353 3324 477 3394 ipso
502 3323 555 3393 in
589 3322 842 3395 Catalogo
863 3338 960 3377 suo
988 3323 1413 3393 praetermissum
1443 3323 1530 3377 iri.
1577 3320 1822 3404 Secunda
1855 3336 1945 3375 ra-

262 3426 269 3434 ‘
360 3418 452 3481 tio;
487 3432 589 3489 qua
620 3418 889 3489 praecipue
914 3416 1210 3484 afficiebar,
1258 3418 1373 3473 haec
1398 3426 1536 3484 erat,
1576 3401 1719 3489 quod
1742 3401 1947 3471 crimen

356 3509 660 3564 traditionis
699 3511 852 3581 'quod
891 3510 1288 3586 Optatuslibro
1320 3506 1497 3580 primo
1526 3511 1820 3580 pessimum
1845 3523 1943 3562 vo-

355 3614 465 3669 cat,
520 3603 844 3671 ldololatrite
885 3597 1188 3673 comparat,
1224 3619 1289 3659 ac
1326 3603 1525 3658 damno
1578 3586 1797 3657 retern’te
1827 3602 1950 3657 vita!

357 3697 697 3767 plectendum
722 3712 843 3752 esse
864 3696 1042 3761 docet,
1073 3697 1124 3750 in
1152 3697 1256 3752 isto
1287 3696 1425 3751 libro
1450 3695 1638 3755 multis
1660 3687 1907 3751 clevetnr
1931 3711 1947 3762 ;

358 3791 429 3844 ita
460 3800 515 3845 ut
552 3792 872 3860 c0nquisitis
900 3790 1138 3861 undique
1174 3790 1477 3845 rationibus
1523 3806 1707 3859 parum
1738 3773 1949 3857 solidis,

359 3890 413 3936 et
442 3883 699 3952 exemplis
721 3882 786 3937 ad
821 3899 933 3937 rem
965 3882 1375 3953 haudquaquam
1408 3883 1750 3949 facientibus,
1782 3882 1834 3937 id
1866 3884 1949 3938 in-

359 3975 561 4042 tendat,
607 3975 659 4029 id
703 3976 956 4030 moliatur
994 3986 1185 4030 auctor
1216 4017 1231 4039 ,
1273 3987 1328 4029 ut
1363 3975 1653 4031 traditores
1691 3991 1950 4033 excusen-

360 4079 445 4123 tur
466 4084 495 4123 a
520 4072 764 4124 crimine.
796 4070 1009 4137 Tertio,
1043 4070 1466 4134 nonnullatnibi
1494 4071 1775 4127 videbatur
1815 4075 1955 4128 inter
1982 4132 1985 4135 _

363 4162 506 4216 hunc
554 4162 745 4217 librum
784 4169 840 4217 et
869 4163 1003 4217 alios;
1036 4162 1163 4235 styli
1209 4163 1494 4218 diversitas
1525 4180 1645 4248 qua:
1684 4165 1953 4235 suspicio-

365 4272 488 4312 nem
534 4257 857 4328 ingerebat,
908 4257 1071 4313 alium
1128 4257 1305 4328 potius
1354 4272 1477 4313 esse
1525 4258 1683 4329 hujus
1729 4260 1955 4330 scripto-

364 4364 503 4404 rem.

438 4442 565 4498 Hzec
603 4450 721 4497 erat
756 4457 907 4497 mens
935 4457 1052 4497 mea
1092 4442 1331 4498 nondum
1364 4444 1625 4500 consultis
1661 4443 1959 4518 Optati‘c‘o-

2049 3232 2190 3303 quod
2212 3234 2392 3302 genus
2422 3233 2744 3299 scriptorum
2776 3230 2963 3299 quovis
3003 3230 3243 3298 tempore
3275 3228 3479 3299 pariter
3512 3229 3653 3286 utile

2048 3337 2130 3382 est
2162 3342 2175 3377 :
2202 3340 2300 3379 nec
2324 3324 2468 3377 enim
2514 3322 2583 3377 de
2626 3322 3015 3378 controversiis
3044 3321 3456 3377 ad-Ecelesiam
3493 3336 3654 3393 spec.

2050 3416 2283 3473 tantibus
2318 3418 2457 3473 idem
2476 3418 2735 3488 judicium
2762 3416 3038 3473 ferendum
3062 3432 3124 3471 ac
3149 3406 3217 3472 de
3246 3418 3471 3486 privatis
3498 3417 3651 3471 circa

2048 3514 2265 3583 aliquod
2293 3504 2751 3584 dogma'speciale
2782 3510 3317 3597 qnzestionibusJiae
3338 3552 3356 3577 ,
3388 3502 3669 3580 quamdiu
3737 3568 3741 3571 _

2050 3608 2249 3663 durant
2270 3616 2437 3689 sectio
2458 3648 2474 3674 ,
2502 3623 2621 3679 quae
2651 3607 2733 3662 vel
2754 3606 2947 3677 dogma
2995 3604 3265 3675 quoddam
3313 3603 3683 3658 catholicum~

2052 3710 2391 3771 Oppugnant,
2417 3700 2501 3755 vel
2530 3690 2789 3754 ‘crrorem
2818 3698 3067 3768 .aliquem
3100 3696 3330 3763 docent,
3382 3696 3571 3767 vigent
3599 3704 3657 3750 ct

2054 3792 2356 3861 agitantur;
2389 3778 2640 3847 sublatis
2672 3789 2974 3860 hujusmodi
3020 3789 3182 3844 sectis
3230 3788 3502 3843 oblivione
3549 3786 3653 3843 de-

2055 3885 2261 3948 lentur,
2296 3892 2350 3938 et
2400 3882 2595 3938 hzeresi
2636 3874 2806 3938 seinel
2837 3874 3106 3936 exstincta
3133 3921 3148 3945 ,
3184 3878 3327 3935 haud
3370 3889 3515 3933 tanta
3567 3889 3654 3935 eSt

2054 3978 2314 4033 librorum
2370 3977 2460 4047 qui
2507 3975 2653 4031 illam
2698 3981 3081 4045 Oppugnarunt
3126 3972 3348 4027 utilitas.
3402 3973 3473 4026 At
3522 3986 3650 4025 cum

2057 4071 2529 4134 omneshmreses,
2551 4058 2737 4125 Omnia
2762 4068 3051 4123 schismata
3094 4080 3381 4124 commune
3412 4064 3514 4120 hoc
3540 4066 3611 4120 ha
3629 4096 3642 4106 -

2060 4168 2244 4236 beant,
2272 4175 2329 4221 nt
2352 4166 2645 4220 Ecclesiam
2670 4178 2698 4218 a
2721 4178 2824 4233 qua
2855 4159 3620 4230 discesseruntaggrediantur
3636 4201 3650 4225 ,

2061 4261 2265 4331 scripta
2290 4260 2486 4329 quibus
2510 4259 2775 4313 adversus
2800 4257 3010 4329 aliquos
3040 4264 3367 4327 propugnata
3389 4262 3472 4308 est
3498 4270 3657 4323 aeque

2036 4339 2241 4411 valent
2290 4354 2575 4409 adversum
2624 4366 2846 4416 omnes;
2903 4350 3154 4405 omnibus
3204 4339 3483 4403 litereticis‘
3512 4363 3651 4417 qua-

2062 4451 2369 4520 lescumque
2390 4448 2529 4512 sint,
2560 4446 2947 4509 adversantur,
2981 4452 3035 4499 et
3071 4441 3365 4510 Catltolicis
3395 4443 3653 4511 quamdiu

368 4534 575 4591 dicibus
607 4536 1003 4604 manuscriptis.
1032 4535 1099 4590 At
1132 4524 1412 4607 postquam
1440 4538 1681 4605 intellexi
1714 4537 1766 4595 id
1799 4553 1961 4593 omne
1985 4530 2039 4590 D
2064 4547 2223 4619 erunt
2272 4540 2513 4598 haeretici
2554 4548 2646 4595 aut
2672 4537 3000 4594 schismatici
3052 4550 3207 4607 asque
3256 4534 3404 4590 utilia
3462 4549 3657 4591 censeo

367 4630 509 4701 quod
569 4631 635 4686 ad
690 4632 1013 4687 elevandum
1073 4634 1379 4691 traditionis
1422 4634 1633 4688 crimen
1692 4628 1956 4702 pertinet,

371 4724 561 4779 abesse
602 4739 633 4778 a
679 4725 953 4781 codicibus
998 4730 1380 4801 manttscriptis
1426 4744 1563 4791 quos
1609 4726 1737 4797 mihi
1778 4726 1963 4783 videre

373 4820 617 4889 coittigit,
670 4820 998 4890 przecipuum
1037 4824 1260 4879 arietem
1288 4824 1378 4893 qui
1412 4823 1671 4878 adversus
1716 4813 1858 4879 hunc
1897 4822 1963 4877 li-

377 4910 528 4964 brum
558 4906 819 4967 militabat
842 4928 1085 4984 ereptum
1118 4915 1248 4970 mihi
1278 4931 1399 4971 esse
1417 4916 1581 4970 sensi.
1616 4914 1815 4969 Deinde
1841 4930 1961 4968 cum

376 5004 483 5058 vidi
517 5016 720 5075 partem
753 5006 909 5077 hujus
939 5009 1057 5064 libri
1090 5011 1306 5078 septimi
1350 5011 1678 5079 adscriptam
1712 5008 1876 5063 fuisse
1898 4998 1965 5061 ad

378 5096 537 5151 finem
581 5097 699 5151 libri
728 5098 890 5166 tertii,
933 5117 1051 5169 qua:
1084 5103 1206 5157 licet
1232 5103 1298 5156 ad
1329 5118 1451 5157 eum
1482 5104 1743 5170 pertineat
1776 5102 1847 5155 ob
1874 5116 1964 5153 ar-

377 5190 617 5259 gumenti
663 5190 1093 5254 similitudinem.
1145 5195 1421 5266 ahlegatur
1465 5205 1642 5249 tamen
1684 5195 1749 5249 ad
1797 5194 1967 5263 septi-

383 5299 528 5337 tuum
570 5283 621 5337 in
660 5284 910 5339 omnibus
943 5289 1341 5356 manuscriptis,
1388 5304 1445 5343 re
1476 5290 1729 5342 attentius
1765 5286 1971 5357 ponde-

381 5388 518 5441 rata,
553 5378 603 5431 in
626 5394 743 5433 eam
775 5380 1084 5448 opinionem
1115 5380 1373 5433 adductus
1400 5397 1515 5434 sum
1535 5422 1550 5447 ,
1585 5391 1792 5447 partem
1825 5378 1967 5434 illa‘tn

383 5462 560 5539 operis
590 5471 789 5541 Optati,
824 5488 943 5540 quae
972 5472 1108 5526 liber
1147 5474 1408 5541 septimus
1452 5473 1668 5538 dicitur,
1713 5489 1816 5527 non
1854 5487 1975 5527 esse

386 5582 578 5622 revera
609 5567 803 5623 librum
830 5569 1141 5623 distinctum
1167 5587 1193 5619 ει
1216 5569 1449 5631 caeteris,
1483 5567 1576 5622 sed
1601 5567 1967 5621 additamenta

391 5660 454 5714 ad
486 5663 743 5729 quosdam
775 5662 943 5718 libros
982 5663 1050 5716 ah
1094 5664 1210 5733 ipso
1250 5660 1772 5733 Optato-composita
1811 5674 1977 5729 opere

390 5753 511 5822 jam
534 5740 797 5813 confecto:
832 5758 899 5814 Et
919 5758 1135 5829 quidem
1158 5774 1283 5815 cum
1305 5757 1374 5816 ad
1400 5769 1463 5815 ea
1491 5770 1610 5828 qua:
1636 5754 1811 5826 primo
1840 5741 1980 5809 libro

2059 4637 2284 4693 buntur.

2146 4728 2281 4796 Quot
2308 4737 2359 4781 et
2381 4736 2572 4797 quanta
2593 4724 2661 4783 ad
2683 4723 2972 4777 doctrinam
2993 4731 3042 4776 et
3063 4714 3388 4791 discipflinam
3415 4718 3663 4775 Ecclesia:

2074 4819 2377 4891 pertinentia
2400 4818 2755 4891 contineantur
2776 4816 2828 4869 in
2859 4816 2999 4869 libris
3029 4810 3302 4882 Optati.—
3323 4812 3427 4869 Sed
3461 4821 3664 4882 printer

2073 4890 2133 4985 ea
2162 4930 2284 4985 qum
2309 4913 2566 4967 Ecclesia:
2595 4890 2967 4965 defensionem
2998 4917 3054 4963 et
3081 4908 3482 4962 Donatistarum
3509 4908 3656 4962 schi-

2074 5023 2187 5064 sma
2216 5015 2491 5076 Spectant,
2524 5006 2612 5058 vix
2635 5004 2686 5057 in
2715 5003 2951 5072 antiquis
2982 5003 3348 5055 monumentis
3378 5001 3545 5054 ullum
3574 5016 3657 5056 re.

2076 5099 2239 5171 periri
2292 5105 2469 5167 potest
2514 5098 2642 5165 (non
2685 5094 2807 5148 dico
2859 5093 3096 5163 ejusdem
3130 5093 3326 5156 molis,
3372 5092 3465 5147 sed
3507 5091 3667 5164 longe

2078 5190 2343 5262 prolixius
2391 5186 2548 5257 opus)
2596 5184 2739 5255 quod
2769 5192 2847 5239 tot
2897 5193 2949 5239 et
2998 5194 3142 5238 tanta
3188 5184 3252 5238 ad
3284 5183 3586 5264 doctrinam
3611 5194 3668 5241 et

2078 5283 2412 5351 disciplinam
2445 5278 2795 5355 christianatn
2829 5276 3153 5347 pertinentia
3188 5285 3292 5330 tam
3318 5283 3505 5346 aperte
3533 5290 3667 5331 con-

2085 5377 2273 5431 tineat.
2306 5372 2639 5431 Christianos
2666 5384 2857 5424 omnes
2885 5373 3048 5423 unam
3079 5367 3439 5437 eamdemque
3462 5365 3626 5423 ﬁdem
3657 5412 3671 5436 ,

2083 5485 2245 5524 unum
2278 5477 2331 5523 et
2362 5468 2501 5522 idem
2545 5464 2846 5536 sytnholum
2894 5462 3093 5517 habere
3135 5469 3361 5516 testatur
3409 5461 3674 5533 Optatus,

2082 5563 2236 5633 cujus
2260 5559 2500 5616 haeretici
2529 5559 2834 5613 desertores
2857 5564 3000 5611 sunt.
3035 5540 3308 5625 Prmcipua
3344 5552 3468 5609 ﬁdei
3498 5558 3676 5627 capita

2084 5657 2319 5713 breviter
2348 5695 2361 5718 ,
2395 5652 2630 5707 dilucide
2655 5692 2670 5717 ,
2714 5665 2777 5705 ac
2819 5648 3118 5703 orthodoxe
3160 5646 3383 5702 omnino
3432 5652 3677 5717 exponit.

2092 5748 2340 5808 Ostendit
2364 5761 2534 5821 unam
2565 5760 2687 5802 esse
2726 5753 2966 5801 sanctam
3011 5739 3333 5799 catholicam
3377 5739 3679 5803 Ecclesiam
