3822 6220
221 355 325 411 765
365 397 372 403 .

1515 351 1882 410 ΡΒᾸΞΡΑΊΊΟ
1923 351 2188 408 υυΡιΝιι.

3394 336 3495 406 rec

206 485 317 551 per
341 479 509 525 totum
551 473 738 528 orbem
771 481 1036 527 terrarum
1066 471 1341 537 diﬂ‘usam,
1372 470 1659 526 necaliam
1691 464 1892 537 esse}
1916 468 2055 522 tistm
2084 477 2353 538 tamquam
2383 476 2646 543 martyres
2675 470 2731 543 ἀ.
2759 470 3013 527 colebant
3040 469 3297 541 loquitur
3359 456 3501 522 hinc

220 576 404 633 posse,
438 578 531 618 aut
556 580 678 621 eam
708 566 950 636 angustis
987 566 1227 636 regionis
1277 565 1504 632 alicujus
1554 560 1817 616 limitibus

218 655 615 711 circumscribi.
660 656 809 713 Hanc
835 665 1088 713 constare
1133 673 1195 711 ex
1241 654 1546 726 episcOpis,
1592 652 1817 723 presby-

226 747 386 815 teris,
410 748 675 815 diaconis,
695 761 761 818 et
783 749 1021 807 ﬁdelium
1047 750 1222 805 turba.
1256 751 1546 820 Episcopos
1571 748 1621 801 in
1647 747 1841 827 primo

225 845 567 911 sacerdotio,
598 848 946 918 presbyteros
978 846 1029 899 in
1056 843 1303 903 secundo
1328 885 1343 909 ,
1379 851 1443 913 et
1463 841 1734 896 Diaconos
1763 838 1820 892 in

222 937 391 992 tertio
417 939 738 993 constitutos
785 936 1055 1002 afﬁrmat;
1115 953 1220 1004 quo
1259 937 1390 991 satis
1430 932 1669 989 ostendit
1709 932 1822 1001 cpi-

222 1044 426 1099 scopos
454 1030 693 1085 eminere
713 1045 879 1106 super
901 1031 1270 1101 presbyteros,
1299 1043 1405 1082 non
1438 1040 1593 1081 secus
1615 1024 1821 1080 acemi-

225 1134 371 1178 nent
398 1123 699 1195 presbyteri
719 1140 878 1192 supra
898 1124 1176 1179 diaconos.
1203 1124 1495 1178 ltomanam
1520 1119 1819 1175 Ecel'esiam

223 1226 551 1281 exterarum
576 1227 824 1285 matrem,
852 1225 907 1273 et
932 1213 1150 1273 unitatis
1174 1227 1446 1281 centrum,
1483 1224 1700 1284 propter
1725 1213 1824 1267 Pe-

228 1321 399 1377 trum,
433 1311 521 1381 qui
563 1321 723 1383 caput
749 1313 1115 1381 apostolorum
1164 1312 1295 1379 fuit,
1344 1292 1607 1381 agnuscit.
1655 1307 1824 1361 Docet

230 1404 510 1459 hominem
543 1390 732 1473 suapte
758 1414 944 1459 natura
978 1400 1247 1458 inﬁrmum
1290 1417 1410 1459 esse
1438 1411 1494 1456 et
1539 1400 1823 1467 imperfec-

230 1508 388 1560 tum,
420 1498 699 1567 gratiaque
748 1497 843 1553 Dei
875 1498 1118 1567 indigere
1164 1509 1221 1550 ut
1271 1495 1541 1566 perlectus
1586 1493 1819 1548 evadat:

225 1589 393 1645 nobis
418 1589 669 1644 omnibus
701 1599 979 1660 peccatum
1012 1605 1131 1644 esse
1168 1586 1407 1642 innatum
1431 1628 1445 1649 ,
1472 1601 1536 1640 ac
1559 1586 1827 1654 baptisma

228 1682 603 1751 necessarium
622 1690 676 1758 ut
698 1680 816 1751 ejus
848 1679 1225 1735 remissionem
1254 1677 1501 1733 obtinere
1524 1661 1823 1730 valeamus.

237 1794 257 1827 ι
296 1773 657 1828 Nihilominus
678 1783 853 1827 tamen
878 1772 1128 1835 hominis,
1152 1789 1169 1822 ›
1188 1771 1280 1834 ait,
1302 1788 1319 1821 ‹
1340 1767 1612 1838 essequod
1627 1767 1827 1821 bonum

1918 561 2099 615 tertio.
2165 561 2327 619 Verbi
2383 564 2556 619 divini
2608 565 3043 635 praedicationem
3094 576 3292 640 munus
3339 560 3503 616 fuisse

1919 656 2292 724 episcoporum
2320 660 2593 728 pr0prium
2636 657 2871 725 indicat,
2922 655 3172 727 hancque
3202 656 3501 713 solemnem

1920 746 2088 803 fuisse
2111 764 2350 811 morem,
2386 760 2448 805 ut
2488 759 2748 806 tractatus
2774 750 2953 805 omnis
2981 752 3032 805 in
3053 742 3299 806 Ecclesia
3333 763 3365 803 a
3403 763 3504 803 no.

1922 843 2067 902 mine
2100 842 2191 896 Dei
2240 841 2606 909 inciperetur,
2656 853 2708 896 et
2755 852 2813 897 ut
2853 842 3095 912 ejusdem
3142 842 3235 895 Dei
3288 840 3508 895 nomine

1922 933 2322 989 terminaretur.
2359 934 2697 991 Ptenitentize
2726 934 2951 1005 publicae
2978 934 3149 991 semel
3173 934 3426 989 addictos.
3441 934 3507 989 ad

1923 1028 2145 1083 ordines
2173 1031 2482 1097 promoveri
2518 1033 2743 1084 vetitum
2775 1027 2961 1096 luisse
3004 1044 3069 1083 ex
3113 1027 3366 1098 Purpurij
3413 1028 3504 1083 Li-

1923 1121 2188 1178 niatensis
2218 1123 2368 1179 dicio
2396 1123 2540 1194 quod
2577 1124 2647 1177 ab
2683 1125 2803 1193 ipso
2831 1122 3069 1179 refertur
3096 1122 3134 1177 l.
3167 1138 3222 1189 ι,
3255 1122 3511 1192 colligere

1921 1226 2005 1274 est
2039 1234 2055 1284 ε⁵
2088 1216 2251 1272 Exeat
2280 1217 2380 1272 huc
2406 1220 2555 1287 quasi
2590 1202 2887 1291 imponatur
2911 1219 2992 1273 illi
3025 1198 3207 1272 manus
3236 1218 3290 1271 in
3314 1218 3511 1287 episco-

1926 1322 2049 1382 patu
2080 1324 2126 1368 et
2152 1325 2420 1383 quassetur
2438 1313 2518 1367 illi
2547 1323 2700 1382 caput
2731 1312 2795 1366 de
2822 1312 3139 1385 paenitentia.
3166 1311 3320 1368 Unde
3346 1312 3508 1365 etiam

1925 1404 2152 1460 infertur
2194 1402 2597 1460 ordinationem
2636 1405 2997 1475 episcopalem
3045 1418 3235 1459 manus
3287 1403 3511 1473 imposio

1928 1498 2073 1553 tione
2101 1498 2311 1567 perﬁci.
2351 1499 2507 1567 Quod
2536 1516 2666 1555 vero
2697 1500 2770 1554 ait
2799 1499 3118 1555 Cmcilianus
3164 1500 3363 1554 ibidem
3389 1538 3405 1565 ,
3456 1504 3513 1554 ut

1928 1591 1973 1646 si
2007 1589 2141 1644 nihil
2170 1586 2320 1656 Felix
2354 1592 2405 1644 in
2434 1606 2494 1645 se
2533 1592 2853 1647 contulisset
2884 1601 3159 1660 tamquam
3185 1590 3361 1645 adhuc
3386 1589 3509 1645 Dia-

1931 1697 2101 1737 conus
2134 1684 2510 1749 ordinaretur,
2540 1684 2835 1753 suSpicioui
2864 1684 3039 1738 locum
3069 1684 3163 1738 dat
3187 1726 3200 1748 ,
3229 1684 3513 1738 diaconum
3544 1696 3552 1707 ‘

1930 1775 2245 1843 episcopum
2292 1784 2417 1830 tunc
2462 1776 2722 1853 temporis
2756 1764 3064 1830 ordinatum
3108 1772 3273 1830 fuisse
3313 1774 3516 1844 absque

227 1875 320 1921 est
344 1868 484 1921 velle
504 1905 521 1932 ,
552 1874 605 1920 et
633 1864 687 1919 in
714 1880 780 1920 eo
805 1865 943 1935 quod
968 1865 1199 1918 voluerit
1227 1876 1474 1926 currere,
1502 1865 1825 1929 quamquam

1941 1869 2130 1938 praevia
2161 1884 2350 1923 manus
2372 1869 2722 1938 impositione
2743 1869 2794 1923 in
2821 1869 3221 1941 presbyterum.
3262 1868 3516 1923 Basilicas

228 1960 332 2029 ipsi
364 1948 549 2013 datum
580 1974 684 2011 non
713 1959 785 2013 sit
810 1956 1105 2027 perlicere;
1133 1965 1190 2010 ut
1214 1964 1337 2025 post
1373 1954 1543 2024 spatia
1584 1968 1701 2022 qua:
1729 1951 1824 2006 dc-

226 2052 324 2107 bet
352 2051 516 2105 homo
546 2050 807 2120 implere,
852 2056 1017 2104 restet
1063 2048 1265 2111 aliquid
1299 2048 1407 2103 Deo
1458 2057 1515 2100 ut
1557 2044 1826 2101 deﬁcienti

227 2152 536 2199 soccurrat.
567 2162 586 2195 ι
621 2142 824 2210 Quibus
858 2140 1066 2194 videtur
1098 2133 1258 2215 paulo
1276 2140 1395 2209 plus
1423 2137 1631 2192 atbitrii
1658 2134 1826 2190 nostri

226 2234 444 2290 viribus
474 2234 712 2289 tribuere
733 2246 899 2303 quam
915 2242 1122 2302 parest.
1148 2250 1165 2282 ι
1188 2231 1463 2285 Neminem
1495 2228 1767 2284 hominem
1797 2244 1825 2280 a

230 2337 459 2398 peccato
504 2328 599 2396 per
627 2326 762 2383 hanc
797 2328 959 2379 vitam
988 2325 1283 2380 immunem
1330 2338 1451 2378 esse
1473 2362 1489 2389 ,
1523 2335 1829 2377 sacramen-

232 2427 350 2475 tum
367 2406 645 2490 baptismi
684 2420 735 2473 in
787 2421 1006 2492 nomine
1038 2404 1318 2473 Trinitatis
1348 2417 1515 2476 semel
1575 2398 1827 2470 collatum

230 2510 419 2566 iterari
448 2526 554 2566 non
575 2495 802 2578 debere,
832 2529 853 2565 ι
879 2513 969 2566 ait.
999 2510 1217 2565 Videtur
1246 2522 1422 2564 tamen
1454 2525 1548 2578 pro
1573 2524 1829 2579 persuaso

233 2605 444 2661 habere
466 2620 651 2660 eorum
680 2606 768 2676 qui
800 2605 939 2675 apud
970 2604 1253 2659 lucreticos
1277 2604 1651 2674 baptizantur,
1688 2604 1831 2656 lava—

234 2714 390 2754 crum
422 2716 528 2753 non
558 2714 679 2754 esse
706 2710 913 2763 ratum,
962 2698 1106 2761 quod
1157 2698 1313 2752 tidem
1370 2699 1422 2751 in
1466 2698 1715 2751 ministro
1746 2711 1832 2751 re-

199 2797 453 2867 -quirat,
504 2795 599 2848 sed
626 2794 746 2864 quia
777 2792 938 2848 ﬁdem
989 2776 1418 2863 in'suscipiente
1466 2793 1829 2848 necessariam

231 2880 511 2958 supponit,
562 2898 620 2941 ut
651 2886 834 2942 videre
864 2898 948 2942 est
979 2889 1113 2943 libro
1135 2884 1169 2943 5
1196 2930 1209 2952 ,
1243 2886 1270 2958 §
1317 2888 1383 2953 8;
1416 2896 1469 2940 at
1496 2885 1565 2940 de
1593 2886 1660 2940 iis
1684 2886 1775 2956 qui
1801 2903 1830 2939 a

233 2982 601 3038 schismaticis
623 2989 712 3035 aut
735 2982 888 3035 malis
912 2982 1172 3037 miniSIris
1191 2980 1444 3051 baptizati
1476 2992 1601 3034 sunt
1624 2980 1677 3033 in
1704 2978 1829 3046 ﬁde,

233 3090 348 3129 non
379 3072 591 3127 dubitat
632 3062 759 3143 tfuin
794 3082 965 3127 ratum
997 3072 1180 3127 haberi
1220 3072 1418 3127 debeat
1464 3086 1650 3126 eorum
1694 3071 1835 3139 bap-

235 3172 425 3226 tisma.
475 3169 702 3225 Joannis
734 3171 1000 3237 baptismo
1036 3169 1202 3224 semel
1233 3174 1426 3222 tinctos
1456 3179 1581 3222 ante
1612 3158 1831 3232 institu-

236 3264 447 3319 tionem
476 3264 724 3332 baptismi
754 3261 953 3316 Christi
981 3247 1172 3316 iterum
1215 3258 1353 3315 lotos
1385 3276 1488 3314 non
1530 3270 1652 3314 esse
1682 3258 1828 3312 arbi-
1856 3247 1901 3308 C

238 3367 437 3412 tratur.
496 3349 871 3410 Exercismum
933 3363 994 3408 ut
1038 3354 1196 3407 ritum
1255 3352 1524 3421 baptismo
1573 3350 1830 3419 prmviutn

237 3448 611 3506 commendat.
642 3447 882 3501 Meminit
911 3445 1221 3500 chrismatis
1266 3456 1535 3512 tamquam
1567 3442 1645 3496 rei
1679 3454 1825 3494 sauc-

238 3557 345 3612 tze,
379 3560 481 3600 nec
507 3560 615 3598 non
641 3555 695 3597 et
724 3542 993 3597 unctionis
1017 3558 1132 3609 qum
1162 3541 1218 3595 in
1249 3540 1571 3609 baptismate
1600 3537 1713 3591 ﬁeri
1743 3551 1834 3590 so—

238 3640 411 3694 lebat.
454 3623 650 3692 Verbis
696 3636 832 3690 adeo
862 3635 1157 3706 perspicuis
1187 3649 1338 3687 suam
1381 3640 1613 3685 mentem
1661 3629 1834 3698 aperit

237 3734 392 3787 circa
425 3730 626 3785 realem
673 3727 927 3797 Corporis
974 3736 1027 3781 et
1069 3726 1356 3794 Sanguinis
1402 3722 1600 3779 Christi
1642 3724 1696 3775 in
1728 3722 1835 3775 Eu-

239 3816 503 3901 charistia
536 3821 899 3892 praesentiam,
926 3830 979 3873 et
1006 3819 1149 3873 circa
1173 3818 1543 3891 adorationem
1567 3814 1835 3885 qum-huic

240 3922 511 3984 debetur,
564 3928 622 3973 ut
652 3916 781 3970 nihil
830 3914 1135 3985 expressius
1184 3913 1357 3982 Optari
1396 3921 1593 3979 queat.
1640 3908 1834 3962 Multas

240 4020 505 4073 observat
553 4010 905 4068 crercmonias
939 4008 1273 4077 pertinentes
1318 4000 1384 4057 ad
1412 4001 1832 4057 celebrationem

242 4105 605 4165 Eucharisﬁa:
633 4118 792 4173 quam
824 4098 1073 4154 sacriﬁcii
1124 4097 1341 4152 nomine
1387 4094 1622 4164 insignit.
1660 4092 1734 4146 Ex
1768 4091 1834 4145 iis

240 4216 371 4273 qua:
400 4200 573 4263 dicit,
602 4204 746 4264 patet
775 4182 1201 4259 illius'tempore
1244 4186 1566 4243 sacriﬁcium
1600 4200 1696 4254 pro
1725 4191 1831 4237 tota

243 4294 493 4351 Ecclesia
523 4290 765 4344 oblatum
791 4286 992 4350 fuisse;
1017 4285 1067 4339 in
1090 4298 1155 4337 eo
1173 4280 1506 4336 Dominicam
1533 4282 1833 4332 orationem

243 4386 470 4443 recitari
522 4380 905 4436 consueris-se:
959 4391 1113 4430 sacra
1158 4374 1429 4430 celebrata
1476 4386 1637 4440 super
1677 4368 1833 4423 altari

243 4481 434 4549 ligneo
459 4483 653 4530 ornato
680 4482 734 4527 et
754 4471 819 4525 ad
844 4470 1104 4537 majorem
1133 4467 1489 4523 reverentiam
1516 4465 1681 4520 linteo
1707 4478 1834 4518 coo-

244 4582 443 4642 perto;
491 4566 690 4621 calices
733 4577 925 4617 aureos
965 4572 1019 4617 et
1069 4556 1410 4628 argenteos,“
1431 4566 1486 4612 et
1514 4565 1835 4612 ornamenta

1930 1961 2359 2016 Christianorum
2403 1961 2712 2032 complures
2751 1960 2915 2016 fuisse
2951 1970 3286 2031 compertum
3326 1970 3411 2016 est
3442 1948 3533 2025 ex,

1929 2054 2119 2110 eodem
2146 2053 2342 2124 Optato
2377 2074 2390 2110 :
2422 2059 2533 2110 imo
2575 2055 2933 2127 quadraginta
2965 2066 3020 2110 et
3056 2056 3290 2127 amplius
3329 2053 3516 2110 Romae

1923 2150 2036 2219 jam
2068 2161 2177 2204 tum
2212 2149 2377 2206 fuisse
2404 2166 2524 2205 cum
2557 2148 2737 2204 Victor
2761 2166 2791 2205 a
2826 2150 3120 2204 Donatistis
3156 2149 3508 2204 illuc'missus

1928 2250 2013 2296 est
2041 2242 2346 2311 episcopus,
2367 2244 2519 2297 testis
2544 2252 2626 2297 est
2655 2241 2794 2297 libro
2817 2242 3010 2309 primo,
3036 2241 3065 2314 §
3091 2242 3142 2295 4.
3173 2242 3295 2295 Haec
3316 2248 3370 2295 et
3395 2240 3499 2295 alia

1932 2335 2236 2405 ltujusmodi
2278 2336 2444 2390 multa
2492 2336 2659 2391 libros
2683 2334 2862 2404 Optati
2913 2321 3169 2390 accurate
3214 2334 3522 2405 legentibus

1929 2430 2215 2485 observato
2237 2428 2563 2499 dignissima
2586 2435 2901 2484 occurrent.
3176 2480 3177 2487 η
3352 2464 3355 2465 ν
3546 2486 3549 2487 ν

2001 2521 2081 2577 De
2107 2524 2240 2595 stylo
2272 2522 2468 2592 Ορριιί.
2502 2552 2572 2563 -
2600 2513 2753 2588 Quod
2785 2521 2852 2576 ad
2881 2509 3082 2592 stylum
3114 2519 3229 2590 ejus
3257 2514 3515 2588 pertinet,
3584 2504 3590 2510 ’

1932 2604 2251 2685 magniﬁcus
2274 2625 2358 2670 est
2376 2656 2391 2681 ,
2423 2615 2718 2669 vehemens
2743 2622 2798 2668 et
2824 2627 3080 2684 pressus,
3115 2610 3209 2666 sed
3234 2609 3414 2685 minus
3437 2608 3519 2663 ni-

1934 2708 2078 2765 tidus
2105 2722 2167 2763 ac
2198 2708 2417 2777 politus.
2440 2708 2586 2783 Quos
2612 2696 2914 2776 expugnat,
2943 2704 3353 2772 acriter‘urget;
3386 2716 3521 2771 quos

1934 2811 2117 2856 narrat.
2139 2811 2383 2865 eventus,
2417 2798 2589 2854 oculis
2614 2798 2767 2869 quasi
2794 2797 3057 2868 subiicit;
3092 2810 3213 2865 quae
3244 2795 3364 2849 loca
3392 2808 3518 2862 pro—

1932 2893 2069 2960 fert,
2114 2894 2395 2964 ingeniose
2424 2892 2694 2962 explicat;
2724 2890 3077 2945 subtilissime
3120 2898 3175 2944 et
3211 2886 3519 2941 acutissime

1934 2998 2169 3040 mentem
2210 3000 2361 3039 suam
2393 2982 2681 3054 exprimit,
2724 2992 2779 3036 et
2805 2981 2993 3043 verbis~
3028 2994 3092 3036 ac
3147 2976 3514 3033 locationibus
3578 3011 3585 3016 -

1933 3081 2101 3134 utitur
2127 3077 2191 3132 ad
2216 3092 2278 3132 ea
2308 3063 2427 3151 quae
2458 3089 2707 3147 promere
2728 3073 2841 3127 vult
2866 3071 3277 3144 signiﬁcandum
3295 3068 3514 3140 aptissi-

1937 3175 2059 3229 tnis.
2090 3172 2441 3228 Narrationes
2472 3172 2691 3225 lestivas
2729 3179 2893 3236 atque
2929 3166 3198 3238 jucundas
3250 3163 3518 3229 instituit,

1934 3282 2158 3338 quarum
2188 3266 2494 3336 exemplum
2520 3265 2562 3318 si
2590 3263 2712 3335 quis
2740 3262 2940 3316 habere
2965 3261 3112 3324 velit,
3129 3260 3281 3330 legat
3306 3258 3518 3338 descri-

1929 3333 2171 3429 ptioiiem
2214 3333 2462 3428 aucupii,
2505 3333 2624 3427 qute
2670 3355 2865 3410 librmn
2895 3364 3104 3408 sextum
3142 3349 3379 3416 claudit,
3410 3333 3517 3420 qua

1935 3453 2072 3508 nihil
2108 3451 2409 3523 elegantius
2462 3461 2553 3505 aut
2611 3449 2928 3506 concinnius
2973 3446 3265 3517 excogitari
3318 3438 3518 3515 potest.

1935 3545 2053 3603 Uno
2083 3546 2250 3600 verbo
2278 3544 2419 3616 quod
2456 3553 2643 3598 auctor
2676 3542 2837 3611 hujus
2874 3541 3054 3609 operis
3097 3552 3303 3608 magnae
3341 3535 3522 3591 erudi—
3560 3566 3567 3573 ι

1936 3639 2098 3693 tionis
2120 3651 2178 3707 et
2208 3638 2525 3693 excellentis
2572 3634 2772 3705 ingenii
2805 3632 2997 3705 fuerit,
3038 3646 3197 3687 nemo
3226 3645 3407 3686 rerum
3448 3632 3520 3683 is-

1937 3743 2110 3786 tarum
2146 3724 2355 3800 peritus
2380 3728 2723 3784 inﬁci-ibitur.

2011 3818 2085 3880 De
2112 3826 2389 3894 allegorica
2419 3823 2735 3894 expositione
2765 3814 3054 3890 Scriptum
3092 3833 3245 3887 quam
3288 3816 3515 3886 sequitur

1940 3918 2177 3989 Optatos.
2208 3947 2277 3957 -—
2306 3917 2479 3973 Unum
2508 3914 2755 3983 estquod
2786 3915 2839 3967 in
2866 3926 2933 3967 eo
2955 3909 3276 3980 reprehendi
3311 3916 3528 3979 posset,

1937 4011 2258 4082 allegoricus
2291 4009 2382 4063 ille
2413 4021 2604 4062 sensus
2647 4004 2941 4076 secundum
2974 4017 3131 4072 quem
3160 4000 3385 4071 plurima
3430 4014 3521 4052 sa-

1935 4117 2147 4157 crarum
2173 4099 2493 4159 Litterarum
2521 4098 2826 4152 testimonia
2869 4093 3116 4164 exponit.
3154 4091 3350 4146 Vitium
3388 4090 3515 4144 illml

1936 4195 2079 4264 quod
2120 4195 2171 4248 in
2212 4193 2595 4248 concionatore
2637 4184 2919 4242 [ciendum
2966 4196 3139 4247 esset,
3186 4186 3275 4237 vix
3310 4181 3520 4237 condo-

1936 4286 2172 4341 nandum
2212 4284 2423 4338 videtur
2458 4280 2661 4335 auctori
2712 4279 2975 4351 palemico
3016 4274 3291 4345 religionis
3336 4284 3519 4344 partes

1936 4381 2194 4435 adversus
2232 4376 2515 4431 hatreticos
2552 4374 2767 4443 agenti,
2805 4369 3001 4443 quibus
3047 4368 3101 4422 in
3138 4364 3521 4442 controversiis

1939 4476 2092 4529 ﬁrma
2118 4483 2171 4527 et
2203 4469 2503 4525 indubitata
2528 4476 2739 4537 oportet
2763 4479 2886 4520 esse
2913 4468 3249 4532 argumenta.
3282 4457 3385 4513 Sed
3411 4456 3519 4525 Op-

1939 4579 2051 4622 tato
2075 4581 2164 4622 res
2186 4574 2303 4621 erat
2328 4581 2447 4620 cum
2472 4562 2799 4623 adversariis
2823 4560 2911 4629 qui
2937 4562 3124 4613 eadem
3160 4555 3364 4610 ratione
3388 4561 3517 4621 ages

244 4639 491 4721 adhibita
518 4642 705 4715 fuisse.
744 4656 1044 4737 Ecclesium
1085 4656 1161 4709 ait
1190 4668 1317 4707 suos
1362 4650 1560 4705 habere
1585 4648 1795 4722 iudices
1818 4691 1830 4713 ι
1860 4639 1910 4699 Ῑ)
1937 4666 2097 4730 bant,
2126 4672 2179 4717 et
2216 4654 2510 4730 Scriptum
2530 4655 2873 4713 .teStimoniis
2903 4652 3291 4713 abutebantur,
3325 4654 3382 4698 ut
3414 4644 3515 4698 Ec-

246 4755 416 4829 pleeti
438 4752 667 4809 erimina
693 4791 708 4816 ,
742 4758 793 4804 et
823 4746 1154 4818 poenitentia:
1184 4744 1374 4813 subjici
1415 4757 1508 4797 eos
1537 4741 1629 4811 qui
1654 4743 1834 4809 gravia

248 4859 475 4922 peccata
510 4847 794 4901 admisisse
822 4859 879 4898 se
907 4843 1262 4901 conﬁtentur,
1294 4850 1387 4893 aut
1414 4852 1602 4892 eorum
1632 4837 1705 4890 rei
1738 4851 1836 4905 pc-

246 4950 536 5010 raguntur.
574 4936 945 5004 Virginitatem
989 4933 1202 4997 laudat,
1235 4931 1329 4985 sed
1363 4929 1428 4983 ad
1456 4943 1574 4982 eam
1606 4943 1836 4982 servan-

227 5035 378 5088 ‘tlam
410 5046 522 5084 non
551 5030 659 5081 vult
679 5027 871 5087 teneri,
891 5025 991 5080 nisi
1025 5040 1119 5079 eos
1148 5030 1236 5093 qui
1257 5032 1515 5076 votoscse
1536 5020 1840 5075 obstrinxe-

248 5127 364 5181 rinl
414 5140 426 5175 :
484 5120 716 5175 advertit
764 5128 919 5172 tetate
950 5132 1043 5171 sua
1074 5115 1311 5185 virgines
1339 5131 1455 5181 quat
1486 5128 1544 5167 se
1569 5113 1678 5166 Deo
1708 5126 1840 5166 con-

248 5216 577 5279 secrabant,
609 5210 949 5265 votum‘illud
993 5208 1305 5275 solemniter
1335 5220 1672 5273 nuncupasse
1695 5244 1708 5269 ,
1751 5219 1842 5272 ea,-

249 5324 488 5379 rumque
533 5306 695 5376 eapiti
728 5304 959 5358 tnilellas
988 5302 1269 5371 impositas
1319 5300 1481 5353 fuisse
1505 5340 1519 5364 ,
1545 5297 1687 5367 quod
1734 5298 1840 5351 voti

249 5405 322 5458 ab
374 5402 506 5469 ipsis
535 5398 721 5453 emissi
772 5395 1031 5449 indicium
1059 5404 1196 5447 erat.
1241 5393 1449 5459 Quanta
1498 5394 1839 5445 veneratione

250 5494 370 5548 suis
392 5489 727 5559 temporibus
757 5486 1083 5541 Sanctorum
1117 5484 1354 5552 reliquia:
1381 5484 1691 5558 colerentur
1710 5526 1727 5556 ,ἢ
1755 5499 1842 5538 sa-

255 5587 325 5640 tis
352 5591 585 5636 testatur
612 5594 735 5633 cntn
781 5578 861 5631 de,
889 5578 1092 5629 tumulo
1124 5577 1399 5629 beatorum
1433 5574 1574 5628 Petri
1605 5585 1658 5627 et
1686 5574 1840 5629 Pauli

254 5678 421 5733 verba
468 5675 627 5738 facit,
687 5670 815 5725 dttm
870 5669 1086 5723 anillae
1147 5668 1344 5722 factum
1416 5670 1683 5737 improbat
1722 5686 1842 5739 qua:

256 5764 727 5840 pseudomartyris
766 5772 857 5815 aut
904 5762 1096 5815 saltem
1127 5760 1362 5838 nandum
1414 5762 1665 5815 vindicati
1699 5778 1839 5818 mar-

256 5862 395 5938 tyris
424 5879 483 5919 os
516 5860 692 5915 libare
722 5855 1026 5937 dicebatur,
1073 5863 1129 5910 et
1165 5869 1286 5910 cum
1313 5852 1380 5911 de
1410 5854 1476 5911 iis
1503 5870 1636 5926 quos
1660 5856 1837 5913 Dona-

1940 4748 2155 4815 clesiam
2181 4756 2637 4810 calumniarentur
2653 4761 2705 4804 et
2727 4759 2926 4802 sectam
2951 4760 3101 4800 suam
3122 4740 3515 4798 collaudarcnt.

1945 4852 2125 4907 Videri
2151 4826 2384 4919 possunt
2401 4844 2702 4901 testimonia
2726 4856 2753 4894 a
2782 4832 3139 4894 Parmeniano
3164 4839 3215 4889 in
3238 4835 3340 4889 huc
3357 4845 3522 4899 opere

1943 4931 2155 4997 laudata
2182 4982 2196 5007 ,
2230 4946 2379 5010 quat’
2408 4939 2460 4990 in
2511 4948 2727 4988 sensum
2759 4932 2982 4985 omnino
3026 4930 3269 4984 alienum
3310 4924 3378 4978 ab
3404 4924 3523 4990 ipso

1942 5035 2349 5101 detorquentur.
2403 5030 2496 5087 llis
2536 5023 2959 5086 animadversis,
3003 5030 3172 5077 restat
3198 5029 3256 5073 ut
3284 5017 3409 5088 quid
3462 5016 3517 5068 in

1948 5127 2048 5183 hac
2081 5127 2314 5191 editione
2343 5121 2521 5191 Optati
2551 5134 2580 5171 a
2606 5117 2761 5173 nobis
2797 5114 3099 5186 praestitum
3150 5112 3311 5166 fuerit
3357 5120 3524 5177 expo-

1948 5232 2159 5274 namus.

1949 5352 2142 5409 lll.‘-—
2179 5364 2244 5404 ne
2283 5363 2384 5403 una
2424 5341 2563 5402 novit
2602 5361 2797 5401 οΡτΑτι
2839 5357 3137 5405 Ltnnonuu,
3183 5348 3525 5398 ALIORUNQUE

2014 5461 2079 5500 AD
2118 5454 2437 5497 DONATISTAS
2474 5442 2867 5495 PERTINENTIUE
2907 5444 3337 5490 HONUHENTORUM
3404 5441 3521 5480 Ευι-

2017 5548 2195 5592 TIONB;

2022 5668 2158 5737 Quid
2203 5684 2234 5720 α
2274 5667 2420 5721 nobis
2462 5666 2764 5740 prtestitum.
2789 5692 2858 5702 —
2891 5660 2947 5714 ln
2977 5664 3205 5727 quatuor
3258 5661 3528 5719 prtempus

1949 5770 2194 5816 versatus
2225 5772 2308 5815 est
2341 5762 2492 5814 labor
2537 5767 2757 5820 uoster;
2804 5756 2856 5808 in
2885 5745 3222 5805 emendando
3252 5750 3431 5804 textu;
3478 5743 3528 5792 in

1952 5858 2103 5913 novis
2163 5856 2305 5912 notis
2358 5853 2739 5921 conﬁciendis,
2791 5859 2892 5905 aut
2926 5845 3150 5903 aliorum
3194 5834 3530 5895 observatio-

2516 6026 2537 6049 ᾖ
