3822 6220
248 231 352 289 767

1213 229 1268 283 S.
1330 222 1577 284 ΟΡΤΑΤΙ
1622 227 1912 287 OPERUM
1963 187 2521 294 PROLEGOMENA.‘

3406 238 3519 292 768

248 346 406 403 nibus
436 344 689 408 edendis;
737 342 788 396 in
819 339 1138 409 adiiCiendiS
1168 336 1438 394 veteribus
1489 355 1813 397 mmlumen-
1842 348 1892 404 Λ
1923 348 2076 419 isque
2116 352 2524 421 antiquissimus
2562 358 2644 405 est
2683 320 2858 405 codex.
2890 350 2948 406 S.
3000 348 3329 405 Theodorici
3372 352 3521 418 apud

253 440 323 493 tis
370 436 436 491 ad
491 435 765 489 historiam
825 433 1219 486 Donatistarum
1281 432 1715 500 pertinentibus;
1766 435 1819 489 in

251 527 473 584 texendo
505 525 739 579 breviter
771 523 927 591 hujus
952 520 1262 595 schismatis
1292 523 1359 578 ab
1380 523 1497 594 ejus
1518 525 1728 596 origine
1756 527 1822 580 ad

254 623 411 675 linem
444 632 611 687 usque.
643 616 887 671 historia.
1094 671 1099 677 ν

322 709 509 764 Texta:
538 708 714 780 Optati
761 709 862 763 huc
912 726 1069 779 usque
1107 712 1546 780 corruptissimum
1606 713 1828 789 Enume-

247 804 379 857 ratio
432 801 825 873 pra’cedentium
883 802 1182 856 editionum.
1238 803 1583 873 Manuscripti
1627 807 1827 861 codices

247 897 424 965 quibus
470 895 551 947 usi
578 910 776 946 sumus.
810 924 876 934 -—
905 892 1082 964 Optati
1125 905 1303 951 textus
1354 900 1455 951 hnc
1495 914 1662 968 usque
1710 916 1829 955 cor-

247 980 587 1057 ruptissimus
619 986 735 1038 fuit.
767 984 931 1057 Typis
965 986 1194 1055 primum
1225 1004 1458 1043 excusus
1483 1001 1566 1043 est
1612 990 1830 1059 Mogun-

249 1081 338 1135 tiaa
363 1094 504 1133 anno
531 1078 693 1143 1549,
726 1093 856 1132 cura
888 1078 1112 1133 Joannis
1141 1079 1398 1134 Cochlmi.
1442 1081 1602 1134 Plura
1646 1085 1696 1134 in
1730 1082 1831 1137 hac

249 1174 485 1229 editione
514 1172 743 1237 menda,
800 1188 957 1241 quam
1000 1187 1187 1227 versus
1233 1173 1401 1228 fuisse
1447 1173 1679 1227 afﬁrmat
1709 1175 1833 1231 Bal—

248 1268 444 1324 duinus
470 1310 486 1335 ι
512 1269 601 1339 qui
642 1285 834 1324 novam
886 1270 1043 1339 hujus
1072 1272 1257 1340 operis
1278 1270 1568 1326 editionem
1609 1273 1832 1326 Parisiis
1878 1304 1888 1312 -

245 1358 526 1414 adornavit
554 1377 698 1415 anno
733 1361 891 1428 1565,
937 1362 1149 1432 adjutus
1175 1363 1467 1416 collatione
1506 1364 1831 1432 exemplaris

252 1452 599 1520 manuscripti
640 1453 781 1523 quod
813 1453 911 1523 ipsi
965 1446 1821 1523 communicaveratESpens:etts,

250 1543 572 1600 Parisiensis
628 1522 934 1614 Thetilogus
993 1545 1132 1599 haud
1170 1546 1440 1616 ignobilis.
1485 1522 1592 1603 Seix
1629 1522 1830 1600 tantum

251 1638 421 1693 libros
448 1638 654 1709 priores
675 1637 986 1694 continebat
1012 1639 1197 1694 isthmc
1211 1640 1409 1705 editio;
1441 1640 1533 1695 sed
1548 1641 1830 1708 septimum

1930 442 2164 498 Rhemos
2194 455 2654 513 septingentorum
2694 443 2758 498 ad
2790 444 2964 496 minus
2991 457 3276 495 annorum.
3309 441 3524 497 Secon-

1926 516 2027 588 dus
2060 552 2161 589 non
2210 537 2423 604 quidem
2468 538 2707 606 ejusdem
2758 534 3120 605 antiquitatis,
3154 535 3247 587 sed
3298 536 3523 604 optimm

1929 638 2070 681 none
2100 639 2181 683 est
2209 631 2607 696 manuscriptus
2652 629 2822 682 codex
2860 629 2913 684 S.
2950 626 3205 682 Germani
3241 642 3270 679 a
3302 626 3483 680 Pratis
3504 668 3521 691 ,

1928 719 2016 787 qui
2047 735 2175 773 sane
2206 720 2675 774 emendatissimus
2708 733 2810 773 est.
2838 717 3076 773 Tertium
3099 760 3113 782 ,
3145 720 3234 786 qui
3266 718 3363 771 fuit
3387 717 3520 771 olim

1930 810 2171 863 Macertei
2215 810 2472 887 Theologi
2516 811 2869 875 Parisiensis,
2913 809 3039 863 mihi
3087 809 3521 883 subministravit

1930 900 2207 969 Philippus
2219 903 2437 963 Silvius,
2454 918 2620 979 Sacra!
2637 904 2924 957 Facultatis
2946 902 3261 957 Parisiensis
3285 894 3517 969 Docto‘r,

1934 995 1983 1046 in
2015 993 2167 1061 cujus
2198 1009 2386 1048 manus
2434 995 2669 1062 pervenit
2693 996 3025 1058 ,kreceutiori
3066 1011 3222 1052 manu
3261 1006 3524 1050 exaratos

1932 1102 1995 1141 ac
2022 1086 2176 1157 Valde
2201 1086 2507 1141 mendosus.
2543 1087 2777 1154 Quartus
2807 1098 2888 1141 est
2917 1090 3313 1157 manuscriptus
3344 1088 3521 1142 codex

1933 1176 1989 1229 S.
2027 1160 2175 1229 Pauli
2202 1176 2629 1231 Cormariccusis
2660 1193 2827 1244 prope
2858 1178 3127 1242 Turnnes,
3174 1180 3263 1245 qui
3291 1194 3433 1232 nunc
3465 1178 3521 1231 in

1937 1264 2262 1323 l3ib!iotheca
2300 1268 2608 1323 Colliertina
2640 1284 2865 1322 numero
2903 1269 3033 1324 1931
3065 1312 3078 1333 ,
3107 1270 3379 1340 ascriptus
3410 1277 3543 1324 est.~

1933 1360 2323 1431 Sexcentorutn
2356 1368 2409 1412 et
2454 1360 2683 1427 amplius
2720 1373 2980 1430 annorum
3013 1370 3096 1416 est
3136 1360 3236 1416 iste
3266 1361 3434 1415 codex
3467 1367 3527 1413 et

1935 1455 2152 1519 Optima:
2182 1463 2341 1517 noue,
2368 1460 2529 1521 atque
2561 1451 2763 1504 utinam
2796 1466 2987 1505 onmes
3009 1450 3190 1519 Optati
3220 1452 3342 1506 libri
3375 1452 3427 1505 in
3455 1464 3528 1504 eo

1936 1545 2225 1601 etiamnum
2251 1545 2671 1599 liabet't'nturzat
2694 1544 2834 1613 quod
2859 1543 3148 1598 dolendum
3173 1541 3524 1607 intercidere,

1939 1637 2060 1691 folia
2086 1652 2206 1706 qua:
2229 1638 2436 1705 priores
2463 1637 2701 1704 quinque
2732 1636 2897 1705 libros
2922 1635 3271 1689 continebant
3291 1649 3353 1688 ac
3384 1633 3529 1688 sexti

252 1729 412 1798 paulo
439 1743 569 1797 posr
584 1729 961 1785 minutioribus
988 1731 1351 1785 caracteribus
1376 1739 1657 1785 exaratum
1682 1730 1832 1800 adje-
1865 1738 1909 1795 Β
1940 1731 2171 1784 initium.
2211 1728 2412 1782 Prarter
2441 1728 2557 1783 inec
2598 1727 2863 1781 habentur
2907 1728 2957 1779 in
3009 1726 3109 1779 hoc
3156 1725 3532 1793 manuscripto

240 1830 467 1875 -cerunt.
515 1822 584 1876 At
611 1824 1032 1876 emendatiorem
1082 1824 1304 1876 alteram
1343 1818 1641 1878 editionem
1694 1824 1831 1877 idem

252 1925 395 1967 anno
419 1913 580 1977 1569,
601 1913 824 1974 Parisiis
848 1913 962 1967 fieri
985 1916 1195 1968 curavit
1220 1916 1426 1969 duobus
1454 1917 1833 1985 manuscriptis

254 2018 417 2071 usus,
449 2020 676 2075 quorum
723 2022 883 2060 unum
916 2006 1145 2063 debebat
1182 2005 1541 2063 .IoanniTilio
1577 2010 1832 2080 episcopo

254 2092 552 2160 Meldensi,
601 2098 831 2154 alterum
874 2099 1134 2155 Macerzeo
1174 2100 1450 2172 Theologo
1496 2101 1782 2172 Parisiensi
1816 2096 1843 2157 ξ’

254 2185 445 2241 horum
474 2203 576 2258 ope
607 2189 773 2244 multa
820 2190 935 2246 loca
974 2191 1242 2259 restituit;
1300 2192 1497 2249 fatetur
1548 2205 1721 2249 tamen
1778 2194 1829 2248 in

254 2277 577 2336 Praefatione
600 2282 762 2337 multa
794 2283 970 2340 adhuc
996 2285 1214 2353 menda,
1248 2287 1446 2341 multas
1481 2287 1698 2343 lacunas
1742 2304 1833 2342 su-

253 2385 493 2442 peresse.
536 2372 694 2429 Juxta
723 2375 1013 2431 editionem
1047 2377 1193 2432 illam
1224 2377 1649 2434 Commeliniana
1692 2379 1832 2435 facta

249 2473 331 2518 est
361 2479 503 2520 anno
543 2466 702 2522 1599.
750 2468 960 2524 Saeculo
1007 2480 1268 2540 sequente
1312 2463 1834 2544 Albaspina‘us'cpi-

250 2557 445 2626 seopns
467 2558 871 2616 Aurelianensis
890 2605 903 2627 ,
935 2564 1022 2633 qui
1050 2563 1162 2620 fere
1189 2566 1391 2634 primus
1414 2582 1442 2619 e
1471 2567 1671 2621 nosuis
1697 2569 1835 2621 anti-

255 2664 374 2716 qua:
403 2648 655 2706 Ecclesiae
686 2653 983 2724 disciplinae
1012 2656 1346 2713 illustrandae
1374 2660 1519 2713 serio
1554 2660 1793 2717 incubuit
1818 2703 1831 2726 ,

254 2742 510 2798 librorum
538 2738 715 2815 Optati
756 2764 948 2803 novam
977 2733 1271 2807 editionem
1305 2754 1524 2808 molitus
1554 2766 1635 2810 est
1660 2796 1673 2817 .
1715 2772 1834 2826 qua:

255 2836 473 2893 Parisiis
505 2842 687 2905 statim
716 2843 783 2899 ab
808 2845 925 2914 ejus
952 2854 1124 2913 morte
1156 2847 1356 2917 prodiit
1396 2862 1537 2903 anno
1572 2850 1835 2907 l63l..At

253 2934 661 3005 tantumabest
687 2946 743 2991 ut
785 2940 855 2991 in“
887 2937 987 2994 liae
1014 2941 1252 2997 editione
1296 2952 1473 2998 textus
1517 2945 1837 3003 emendatus

262 3024 462 3094 fuerit,
506 3038 616 3084 ute
646 3039 831 3085 contra
875 3042 1074 3088 seateat
1105 3036 1401 3093 innmneris
1438 3040 1644 3095 mendis
1687 3050 1839 3112 typo-

1936 1822 2123 1876 codice
2161 1831 2509 1874 monumenta
2537 1819 2601 1872 ad
2633 1830 2873 1873 veterum
2915 1819 3312 1872 Donatistarum
3353 1817 3532 1869 histo-

1937 1914 2067 1967 riam
2098 1913 2415 1981 pertinentia
2438 1953 2451 1977 ,
2485 1926 2604 1979 qua:
2634 1912 2684 1964 in
2715 1912 2860 1964 nullo
2890 1910 2996 1964 alio
3026 1910 3393 1979 manuscripto
3432 1924 3534 1963 co-

1934 2007 2051 2060 dice
2083 2006 2325 2073 reperire
2363 2015 2460 2059 est.
2503 2004 2610 2060 Hoc
2642 2013 2820 2059 autem
2851 1998 2993 2059 circa
3030 2005 3161 2059 istos
3191 2004 3406 2059 codices
3431 2004 3535 2058 ob-

1934 2099 2281 2167 servandum,
2306 2099 2550 2153 codicem
2576 2097 2810 2169 Philippi
2836 2097 2985 2153 Silvii
3008 2098 3174 2151 videri
3208 2108 3529 2165 excerptum

1934 2208 1961 2245 a
2016 2191 2205 2247 codice
2263 2191 2319 2248 S.
2372 2191 2734 2257 Theudorici,
2782 2200 2835 2245 et
2879 2190 3121 2247 codicem
3153 2191 3257 2247 San
3301 2192 3536 2246 Germa—

1934 2300 2158 2340 nensem
2185 2301 2252 2339 ex
2287 2284 2707 2339 Cormaricensi.
2761 2284 2962 2339 Horum
3006 2299 3108 2354 ope
3148 2273 3393 2340 codicum
3437 2285 3533 2338 vix

1934 2378 2037 2433 dici
2076 2387 2254 2449 potest
2292 2387 2423 2449 quot
2446 2379 2571 2433 loca
2601 2378 3030 2443 restitu’erimus;
3060 2386 3311 2447 corrupta
3340 2392 3534 2432 emen-

1934 2471 2199 2535 davimus,
2231 2471 2409 2525 luxata
2446 2470 2557 2525 suis
2594 2471 2928 2537 restituimus
2956 2469 3091 2525 locis
3116 2514 3129 2537 ,
3162 2470 3359 2525 emissa
3400 2484 3532 2540 sup-

1935 2565 2235 2632 plevimus,
2270 2549 2509 2619 .ascititia
2552 2565 2950 2628 resecavimus;
3001 2578 3107 2616 uno
3139 2562 3307 2617 verbo
3348 2570 3534 2616 textus

1934 2656 2116 2729 Optati
2156 2658 2336 2711 nativo
2375 2656 2648 2724 splendori
2694 2658 2974 2711 restitutos
3006 2655 3213 2725 integer
3243 2664 3297 2709 et
3345 2670 3503 2709 einen

1935 2752 2090 2806 datus
2121 2751 2331 2821 'pt‘udit.
2367 2750 2703 2820 Coojecturis
2752 2752 2837 2804 vix
2882 2750 3169 2820 quidquam
3207 2748 3537 2805 indulsimus

1938 2845 2036 2898 nisi
2092 2844 2477 2914 manuscriptis
2523 2843 2800 2897 codimbus
2847 2842 3036 2897 innixi.
3085 2842 3366 2902 Variantes
3412 2843 3533 2897 lec-

1939 2940 2113 2993 tiones
2132 2941 2420 3007 separatim
2445 2955 2474 2992 a
2506 2939 2645 2992 nctis
2666 2938 2717 2991 in
2745 2940 2849 2991 line
2872 2937 3296 3007 uniuscujusque
3319 2936 3533 3007 pagina:

1938 3031 2284 3100 asciipsimus
2308 3072 2321 3094 ,
2364 3046 2431 3083 ex
2459 3028 2671 3099 'quihus
2719 3029 3034 3098 intelligitur
3061 3037 3191 3098 quot
3235 3037 3286 3082 et
3315 3037 3520 3096 quanta

258 3121 530 3190 graphicis
552 3165 566 3189 ,
589 3136 719 3194 quas
740 3126 964 3182 editoris
990 3126 1192 3192 incuria
1224 3146 1409 3197 parum
1436 3132 1597 3191 cavit.
1628 3132 1828 3188 Eodem

1979 3123 2145 3178 nblata
2177 3123 2284 3178 sint
2323 3139 2350 3175 a
2392 3124 2546 3196 nobis
2574 3122 2765 3176 menda
2809 3131 2861 3186 et
2884 3130 3064 3175 errata
3088 3163 3103 3187 ,
3134 3129 3188 3175 et
3230 3132 3359 3190 quot
3412 3121 3534 3174 loca

260 3227 403 3267 anno
458 3214 687 3272 Mericus
736 3215 1089 3275 Casaubonus
1121 3221 1286 3276 edidit
1340 3222 1571 3279 Loudini
1628 3237 1835 3294 septeni

260 3306 441 3377 Optati
473 3309 668 3377 libros,
701 3313 795 3368 sed
844 3315 895 3367 in
923 3316 1259 3371 emendando
1287 3317 1388 3372 hoc
1418 3330 1638 3376 auctore
1692 3323 1839 3376 nullo

260 3416 388 3456 usus
410 3411 491 3458 est
525 3405 710 3459 codice
737 3408 1101 3478 manuscripto
1121 3451 1134 3475 ,
1172 3417 1227 3463 et
1256 3424 1320 3465 ex
1359 3410 1682 3481 conjectnris
1725 3425 1843 3468 tan—

258 3495 536 3550 tummodo
562 3497 677 3552 loca
709 3498 878 3552 multa
903 3539 917 3565 ,
959 3515 1051 3555 seu
1084 3508 1265 3569 recte,
1304 3518 1396 3557 seu
1429 3518 1707 3572 perperam
1741 3505 1841 3559 im-

261 3592 505 3645 mntavit.
546 3592 955 3647 Eruditissimns
996 3594 1291 3665 Rigaltius,
1338 3596 1673 3654 Tertulliano
1699 3640 1712 3661 ,
1749 3600 1843 3654 Mi-

258 3684 408 3737 nutio
446 3694 494 3737 et
540 3683 811 3756 Cypriane
870 3689 921 3741 in
963 3688 1132 3742 lucem
1175 3689 1371 3755 editis,
1396 3690 1647 3760 Optatum
1681 3694 1839 3747 etiam

258 3776 454 3832 addere
484 3788 780 3841 statuerat,
809 3791 861 3833 et
892 3782 1162 3851 conjicere
1204 3784 1324 3838 licet
1358 3799 1477 3838 eum
1497 3827 1509 3849 ,
1548 3799 1667 3839 cum
1700 3796 1842 3840 esset

257 3869 389 3923 artis
420 3871 620 3925 critica:
670 3873 1023 3941 peritissimus
1068 3887 1130 3929 ac
1179 3876 1229 3929 in
1279 3878 1598 3946 antiquitate
1640 3887 1693 3931 et
1733 3893 1844 3931 ma-

260 3963 657 4032 uuscriptorum
687 3965 931 4021 codicum
972 3968 1160 4021 notitia
1203 3969 1637 4031 versatissimns,
1675 3970 1839 4023 multa

261 4047 436 4125 magni
480 4059 738 4112 momenti
786 4060 976 4113 menda
1010 4058 1413 4131 abstersurum,
1466 4072 1631 4130 atque
1670 4064 1740 4125 ab
1776 4078 1840 4117 eo

260 4147 439 4215 Optati
499 4144 700 4203 textum
749 4149 801 4203 in
850 4149 1112 4229 integrum
1162 4155 1469 4208 restitutum
1506 4155 1615 4207 iri:
1653 4171 1840 4208 verum

262 4250 550 4308 antequam
578 4257 713 4312 Opus
753 4242 883 4297 illud
928 4244 1311 4314 aggrederetur
1340 4264 1370 4303 e
1417 4248 1551 4301 vivis
1591 4248 1839 4302 excessit.

262 4337 502 4405 Denique
524 4335 763 4391 Priorius
795 4352 942 4393 novae
966 4339 1221 4394 librorum
1244 4340 1421 4408 Optati
1446 4342 1691 4405 editioni,
1725 4358 1843 4409 qua:

264 4429 485 4484 Parisiis
536 4430 792 4498 impensis
833 4430 1051 4486 Joannis
1099 4434 1295 4503 Itupuis
1346 4435 1655 4505 Bibliopohe
1711 4436 1840 4489 facta

1943 3216 2174 3271 obscura
2222 3230 2284 3269 ac
2314 3230 2507 3271 sensus
2558 3216 2711 3284 plane
2753 3228 2918 3268 vacua
2970 3213 3147 3266 lucem
3200 3208 3537 3282 acceperint;

1943 3309 2068 3363 Haec
2098 3309 2273 3378 quoad
2314 3290 2750 3362 emendationem
2794 3316 2970 3362 textus
2991 3348 3007 3373 ,
3037 3290 3120 3361 cui
3164 3317 3436 3376 praeterea,
3464 3308 3537 3362 il-

1944 3404 2222 3459 lustrando
2265 3419 2368 3459 non
2400 3418 2588 3473 parum
2617 3401 2871 3457 conducit
2898 3401 3015 3470 ejus
3058 3401 3110 3455 in
3147 3401 3403 3456 articulos
3443 3412 3538 3456 aut

1946 3500 2306 3571 paragraphos
2338 3499 2628 3561 distinctio,
2664 3509 2784 3552 cum
2814 3474 3069 3551 brevibus
3101 3486 3433 3567 argumentis
3467 3496 3538 3560 ad

1944 3596 2254 3664 marginem.
2292 3592 2581 3662 appositis,
2617 3590 2757 3661 quod
2810 3575 3053 3645 nondum
3100 3605 3129 3644 a
3162 3604 3430 3660 quoquam
3482 3591 3537 3642 in

1944 3687 2121 3758 Optati
2152 3688 2303 3740 libris
2334 3686 2631 3756 praestitum
2666 3683 2858 3738 fuerat.
3098 3681 3101 3683 ’

2016 3780 2166 3846 Quod
2202 3786 2401 3847 spectat
2429 3776 2494 3830 ad
2522 3787 2697 3841 notas,
2726 3790 2920 3845 paucas
2953 3790 3105 3840 sane,
3134 3773 3327 3827 breves
3356 3781 3410 3827 et
3441 3788 3543 3829 ne—

1944 3873 2207 3927 cess:trias
2251 3871 2318 3925 dc
2365 3886 2521 3924 now»
2548 3869 2920 3932 eonfeeimus,
2966 3884 3029 3922 ac
3061 3867 3283 3937 singuiis
3329 3867 3546 3936 paginis

1945 3978 2065 4036 post
2097 3966 2363 4043 variantes
2409 3964 2670 4018 lectiones
2700 3979 2799 4015 una
2833 3976 2954 4014 cum
2998 3960 3138 4013 notis
3168 3959 3497 4027 AlliaSpinzei
3527 4002 3542 4023 ,

1946 4052 2128 4113 Μετ’ἰοί
2154 4057 2481 4119 Casanhoni,
2505 4055 2791 4119 Barthii,et
2822 4052 3013 4106 incerti
3043 4051 3332 4119 Scriptoris
3354 4051 3547 4119 subje-

1946 4152 2119 4206 citnus
2160 4170 2171 4202 :
2205 4127 2448 4203 Balduini
2492 4162 2620 4201 vero
2660 4144 3070 4200 observationes
3116 4154 3170 4196 et
3211 4144 3545 4212 Albaspina-i

1946 4244 2263 4315 appendicis
2295 4244 2411 4297 loco
2437 4242 2593 4295 libris
2614 4239 2795 4309 Optati
2824 4238 3061 4306 integras
3084 4233 3410 4305 adjecitnns;
3444 4236 3549 4290 sed

1949 4345 2260 4407 repurgatas
2292 4337 2358 4389 ab
2390 4333 2687 4387 innumeris
2729 4330 2937 4384 mendis
2981 4330 3381 4399 typographicis
3421 4345 3545 4398 qua:

1953 4432 2004 4485 itt
2034 4430 2359 4485 editiouibus
2380 4427 2703 4496 Albaspiuaei
2730 4436 2783 4479 et
2806 4421 2995 4477 PriOI'ii
3023 4426 3372 4493 irrepserunt.
3391 4423 3546 4476 Priu-

263 4532 374 4585 est,
411 4522 641 4590 prmiuit.
680 4525 725 4577 Is
767 4527 819 4578 in
863 4526 1067 4580 monito
1094 4526 1158 4579 ad
1190 4523 1470 4580 Leetorem
1511 4518 1705 4581 fatetur
1728 4543 1840 4581 cor-
1876 4517 1927 4575 D
1954 4526 2016 4579 rii
2052 4537 2205 4579 notas
2229 4539 2333 4577 non
2362 4514 2928 4592 praetermisissemtts,
2960 4518 3001 4573 si
3029 4519 3153 4587 quid
3189 4519 3238 4570 iu
3269 4524 3348 4571 eis
3374 4532 3545 4586 quan-

264 4617 631 4683 ruptissiinum
665 4631 786 4671 esse
814 4624 1017 4671 textum
1043 4618 1216 4687 Optati
1253 4636 1264 4670 :
1299 4632 1350 4671 at
1379 4633 1481 4672 non
1520 4629 1722 4674 tantum
1756 4620 1847 4676 ille

262 4708 394 4761 nihil
425 4709 717 4779 quidquam
746 4710 997 4778 preestitit
1022 4720 1077 4763 ut
1107 4710 1439 4765 emendatior
1462 4712 1720 4780 prodiret,
1752 4714 1843 4767 sed

262 4812 316 4855 et
338 4802 661 4873 negligentia
696 4817 788 4855 sua
822 4817 961 4856 nova
986 4802 1221 4872 irrepere
1243 4805 1367 4857 sivit
1396 4805 1444 4857 in
1470 4816 1668 4859 textum
1693 4809 1851 4882 σφάλ-

262 4918 432 4967 ματα,
485 4895 609 4964 quid
653 4895 853 4965 facias,
913 4896 1110 4964 inquit.
1171 4898 1254 4951 ubi
1290 4898 1729 4969 meliorissnotw
1765 4920 1849 4955 co—

260 4990 432 5044 dicum
462 4990 689 5043 maxime
720 4990 937 5059 penuria
965 4999 1055 5043 est.
1104 4988 1249 5042 Nihil
1277 4990 1522 5059 equidem
1567 4994 1609 5045 si
1661 4996 1726 5046 ita
1760 5011 1846 5049 res

260 5094 425 5138 esset.
474 5086 540 5137 At
584 5084 712 5137 licet
758 5084 862 5136 rari
896 5083 1004 5136 sint
1043 5083 1331 5138 admodum
1378 5087 1723 5157 inanu<eripti
1754 5104 1846 5142 co-

262 5175 408 5231 dices
446 5174 661 5244 Optati,
700 5192 803 5229 non
856 5186 1028 5228 tamen
1078 5177 1300 5231 Omnino
1350 5178 1480 5233 nulli
1507 5190 1666 5241 sunt;
1702 5192 1753 5234 et
1804 5183 1846 5235 si

262 5275 345 5328 vel
396 5275 668 5343 paululum
717 5274 1011 5344 diligentia:
1052 5276 1416 5344 adhibuisset,
1463 5281 1548 5333 vix
1594 5280 1707 5336 ﬁeri
1756 5297 1851 5351 po-

264 5372 454 5425 tuisset
499 5372 626 5440 quin
688 5371 738 5425 in
774 5386 937 5425 unum
984 5380 1076 5423 aut
1116 5371 1343 5428 alterum
1386 5373 1561 5442 Optati
1602 5374 1844 5429 codicem

265 5466 561 5521 incidisset.
617 5467 729 5538 Ego
781 5467 993 5521 Priorio
1045 5467 1124 5520 vel
1173 5460 1377 5522 felicior
1438 5469 1520 5522 vel
1570 5471 1850 5525 sollicitior

263 5557 497 5629 quinque
524 5561 736 5615 codices
758 5562 933 5632 Optati
961 5564 1358 5632 manuscriptos
1381 5564 1558 5619 inveni
1584 5580 1847 5635 ,jqnorum

269 5666 371 5722 ope
398 5653 679 5709 innumera
713 5671 849 5725 pene
890 5659 1080 5711 menda
1125 5658 1336 5712 sublata
1380 5669 1532 5723 sunt,
1579 5673 1638 5711 ac
1678 5668 1853 5714 textus

268 5747 320 5802 in
374 5747 638 5819 integrum
686 5750 881 5823 ubique
920 5752 1086 5809 feriae
1146 5752 1425 5811 restitutus
1480 5758 1581 5807 est.
1640 5750 1852 5807 Primus

1954 4619 2075 4672 tivis
2111 4618 2268 4687 pretii
2302 4616 2598 4670 iuvenlum‘
2634 4612 2827 4683 fuisset
2867 4611 3009 4681 quod
3032 4608 3374 4664 abaliis'non
3400 4623 3545 4664 esset

1949 4711 2291 4765 ObServatutn
2321 4726 2332 4772 ;
2382 4707 2503 4775 sed.
2531 4707 2617 4775 qui
2662 4706 2886 4759 aliorum
2922 4703 3081 4759 habet
3120 4704 3499 4760 annotationcs
3529 4748 3544 4772 ,

1952 4806 2047 4859 Itas
2073 4805 2265 4858 frustra
2301 4797 2618 4873 requireret.

2026 4897 2363 4951 Monnmenta
2404 4894 2465 4946 ab
2508 4894 2621 4959 ipso
2656 4892 2843 4961 Optato
2878 4890 2982 4944 suis
3029 4889 3169 4955 libris
3203 4890 3428 4961 adjecta.
3474 4923 3545 4932 —

1954 4994 2235 5048 Variurum
2268 5000 2422 5043 notas
2462 4988 2737 5054 excipiunt
2762 4995 3104 5039 monumenta
3131 4994 3310 5040 vetera
3335 4988 3399 5039 ad
3436 4987 3538 5040 his-

1954 5068 2145 5139 toriam
2174 5082 2565 5136 Donatistarum
2584 5079 2920 5147 pertinentia,
2944 5078 3133 5132 ordine
3155 5077 3543 5149 chronologico

1955 5178 2159 5247 digesta
2189 5187 2237 5229 et
2266 5175 2329 5228 ad
2379 5174 2771 5242 tnaouseriptos
2798 5172 3010 5226 Codices
3043 5188 3105 5246 ac
3144 5173 3397 5228 meliores
3430 5174 3546 5230 edi-

1955 5270 2189 5325 ditiones
2237 5274 2444 5323 exacta.

2028 5365 2233 5419 Novum
2264 5370 2469 5417 nonest
2491 5358 2796 5429 hujusmodi
2823 5372 3166 5414 monumenta
3189 5360 3370 5428 Optati
3393 5361 3544 5432 glihris

1955 5480 2193 5527 assuere.
2218 5464 2320 5517 hoc
2350 5464 2523 5531 ipsum
2552 5446 2871 5531 praestiterat
2892 5462 3118 5530 Optatus
3140 5464 3227 5530 qui
3253 5458 3317 5512 ad
3346 5456 3545 5512 faeien~

1958 5558 2079 5613 dam
2139 5557 2297 5611 fidem
2348 5570 2533 5609 eorum
2575 5570 2694 5622 quae
2746 5555 2812 5609 de
2868 5554 3269 5608 Donatistarum
3316 5550 3545 5605 historia

1959 5652 2274 5722 scripserat.
2308 5661 2424 5705 acta
2451 5649 2563 5718 ipsa
2594 5658 2649 5703 et
2678 5661 3022 5704 monumenta
3057 5648 3120 5701 ad
3169 5648 3326 5700 linem
3376 5645 3544 5699 lihro-

1956 5763 2074 5804 rum
2117 5750 2334 5801 auorum
2377 5750 2738 5815 appbsuerat,
2768 5754 2823 5799 ut
2879 5745 3110 5796 testatur
3164 5739 3303 5793 libro
3345 5734 3542 5808 primo,
