3822 6220
253 236 348 291 760

254 354 424 423 §‘.3.

253 449 387 500 nium
419 447 636 503 adducit
662 450 860 519 scripta
894 452 1209 506 Nundinarii
1259 453 1469 506 diaconi
1503 463 1556 507 ct
1593 463 1834 507 vetustas

250 550 479 594 actorum
515 540 672 612 hujus
700 545 917 612 concilii
946 534 1315 613 membranas,
1341 563 1491 613 quas,
1516 546 1711 615 inquit,
1736 549 1835 615 du-

251 632 516 689 bitantibus
558 634 789 706 proferre
841 639 1120 713 poterimus
1142 682 1154 702 ,
1187 638 1371 706 haram
1419 656 1638 709 namque
1668 640 1835 708 pleni-

248 725 464 779 tudinem
507 743 678 780 rerum
727 728 782 781 in.
812 730 1086 783 novissima
1110 741 1254 799 parte
1280 732 1492 785 istorum
1540 730 1833 786 libellorum

249 814 311 867 ad
339 818 651 886 implendam
675 819 826 883 ﬁdem
851 820 1211 886 adiunximus.
1241 822 1373 877 Item
1396 824 1464 878 de
1496 823 1724 894 cpistola
1750 839 1835 878 or-

246 908 545 964 dinatorum
596 911 839 989 Majoriui
901 914 1161 989 adversus
1202 895 1544 971 Caeciliani,tm
1603 906 1849 987 tuquens

246 1001 426 1056 eodem
480 1004 530 1055 in
563 1003 721 1067 libro,
750 1002 777 1075 §
804 1004 897 1069 20,
920 1007 1029 1061 ait.
1055 1022 1113 1061 se
1144 1023 1253 1061 eam
1283 1008 1415 1061 inter
1451 1018 1656 1063 cwteros
1686 1002 1831 1063 actus

244 1094 295 1146 in
327 1105 581 1161 posterum
607 1096 812 1165 habere.
850 1097 1107 1153 Volumen
1134 1116 1346 1170 quoque
1374 1102 1615 1156 aetorum
1648 1102 1831 1156 Euno-

248 1185 332 1238 mii
362 1194 417 1239 ct
460 1184 695 1258 Olympii
726 1189 776 1242 in
803 1191 1112 1245 novissimis
1140 1194 1220 1245 sui
1251 1194 1430 1260 operis
1464 1195 1705 1260 partibus
1733 1196 1828 1247 de-

245 1281 531 1359 scripsisse
567 1296 627 1336 se
675 1292 899 1337 testatur
947 1285 1165 1345 ibidem,
1214 1285 1240 1357 §
1286 1288 1376 1340 26.
1410 1286 1537 1359 Et§
1581 1289 1825 1356 sequenti

243 1385 353 1428 acta
402 1358 736 1443 purgationis
783 1376 979 1430 Felicis
1007 1379 1207 1445 pariter
1252 1379 1318 1430 ab
1352 1380 1466 1447 ipso
1513 1358 1826 1446 laudantur,

244 1480 355 1535 qua:
403 1464 455 1518 in
513 1456 981 1522 monumentorum
1030 1482 1249 1521 suorum
1303 1470 1668 1538 congerieab
1713 1451 1829 1540 ipso

244 1562 432 1616 omissa
462 1560 626 1617 fuisse
654 1578 758 1616 non
792 1570 877 1617 cst
907 1562 1218 1617 verisimile.
1286 1628 1289 1629 ν
1500 1615 1503 1617 ι

311 1656 386 1709 Ex
418 1657 502 1710 his
534 1655 832 1711 lorteactis
861 1672 979 1724 qua:
1016 1655 1073 1708 S.
1108 1655 1331 1725 Optatus
1358 1656 1423 1710 ad
1453 1656 1611 1711 linem
1644 1659 1837 1727 operis,

958 240 1048 297 DE
1088 226 1364 297 OPTA-TO
1407 240 1491 295 ET
1516 198 1701 297 iEJUS
1739 241 1960 297 LIBRIS
2000 197 2337 302 VETERUll
2378 242 2813 303 TESTIMONIA.

475 354 562 407 ubi
598 354 824 425 loquens
868 356 935 413 de
962 359 1193 413 concilio
1233 358 1465 414 Cirtensi
1501 361 1552 411 in
1589 348 1833 412 testimo-
1864 360 1914 420 Α
1942 358 2405 419 Miscellaneorum
2435 381 2654 419 suorum
2681 365 2776 421 lib.
2802 381 2861 432 tt,
2897 364 3188 423 eum'nOtis
3210 381 3342 437 quas
3363 371 3522 425 etiam

3417 251 3521 310 770

1942 452 2287 522 subjecimus.
2322 457 2444 512 Post
2479 459 2593 513 haec
2644 459 2829 529 legere
2867 468 2951 515 est
2997 470 3347 516 monumenta
3374 478 3530 533 qna:-

1918 544 2058 599 ‘dam
2078 545 2141 599 ad
2167 547 2377 602 initium
2400 549 2709 604 schismatis
2739 551 3133 606 Donatistarum
3163 554 3523 623 pertinentia:

1937 634 2230 692 succedunt
2269 641 2510 710 cpistola:
2551 640 2884 708 Constantini
2919 659 3037 714 qua:
3076 644 3142 700 ad
3173 643 3441 702 Caeciliani
3472 656 3528 702 et

1935 730 2338 798 Donatistarum
2370 734 2588 789 causam
2620 744 2909 805 spectant,
2942 753 3149 794 necnon
3186 755 3246 797 ea
3266 756 3385 812 qua:
3406 741 3525 813 ipso

1935 824 2236 894 imperante
2265 842 2326 880 ea
2352 825 2421 881 de
2442 841 2501 882 re
2524 827 2741 882 deereta
2766 838 2911 883 sunt.

2009 918 2306 991 Donatistae
2334 918 2465 973 nihil
2490 917 2830 989 frequentit'ts
2854 920 3150 978 Catholicis
3176 924 3524 996 objiciebant,

1933 1025 2090 1078 quam
2134 1026 2195 1066 ea
2242 1027 2361 1081 qua:
2393 1013 2536 1081 passi
2569 1021 2723 1087 erant
2766 1014 2867 1068 sub
2895 1013 3121 1070 Leontio
3148 998 3401 1081 ,Ursatio
3424 1061 3440 1085 ,
3474 1028 3532 1076 ct

1932 1103 2189 1160 Macario.
2236 1107 2315 1160 Ad
2362 1106 2414 1161 id
2448 1117 2661 1178 spectat
2704 1108 2998 1164 Donatista:
3028 1109 3310 1180 cujusdam
3349 1127 3530 1169 sermo

1932 1188 2334 1266 nunc.primum
2359 1216 2385 1252 a
2416 1201 2571 1257 nobis
2593 1202 2773 1257 editus
2794 1219 2824 1258 e
2849 1203 3038 1260 codice
3063 1207 3429 1277 manuscripto
3449 1207 3531 1261 bi-

1929 1291 2219 1349 bliothecae
2273 1294 2629 1371 illustrissimi
2686 1305 2743 1364 et
2793 1298 3229 1355 reverendissimi
3287 1286 3527 1372 episcopi

1929 1383 2346 1442 Catalauneusis
2371 1428 2387 1453 ,
2417 1390 2831 1459 quingentorum
2861 1390 3075 1446 circiter
3102 1407 3396 1467 annorum,
3424 1393 3519 1449 scd

1932 1493 2069 1545 opus
2112 1480 2462 1534 vetustissimi
2493 1481 2781 1536 admodum
2827 1484 3128 1554 scriptoris.
3164 1486 3314 1542 llunc
3343 1487 3517 1558 sequi-

1934 1581 2022 1625 tur
2055 1573 2232 1639 passio
2256 1572 2472 1627 Marculi
2506 1575 2805 1632 sacerdotis
2828 1577 3144 1642 Douatistm,
3170 1579 3323 1650 cujus
3359 1582 3517 1636 etiam

1937 1664 2138 1718 mentio
2172 1665 2226 1717 tit
2267 1666 2403 1735 apud
2430 1666 2704 1736 Optatum,
2737 1670 2856 1740 quae
2879 1672 2989 1740 jam
3021 1672 3160 1726 edita
3184 1672 3355 1730 fuerat
3376 1676 3522 1730 Aua-

243 1750 318 1803 Sui
344 1756 689 1820 appusuerat.
722 1749 963 1803 derivata
989 1759 1112 1803 sunt
1144 1764 1205 1803 ea
1233 1765 1350 1818 qum
1373 1748 1425 1801 in
1458 1751 1826 1839 maunSCi-iptp
1860 1759 1905 1819 Β
1933 1754 2193 1810 lectorum
2226 1756 2521 1814 Maliillonii
2552 1771 2680 1815 tom.
2715 1779 2788 1828 tv,
2818 1780 2959 1819 nunc
2990 1765 3167 1833 prodit
3192 1768 3523 1825 emendatio:

243 1844 423 1898 Codice
444 1842 511 1903 S.
536 1843 683 1897 Pauli
714 1842 1137 1905 Cormariccnsis
1170 1841 1441 1896 habentur
1460 1851 1605 1912 gesta
1638 1858 1829 1912 purga-

243 1934 395 1989 tionis
424 1932 698 1989 Casciliani
742 1944 795 1990 et
825 1934 1020 2012 Felicis
1051 1934 1401 2005 Aptungitani
1426 1976 1440 2000 ,
1474 1929 1683 1989 necnon
1734 1944 1853 1988 va»

242 2030 438 2083 riarnm
472 2030 823 2098 epistularum
867 2028 1212 2084 Constantini
1253 2029 1599 2099 imperatoris
1628 2030 1694 2083 ad
1726 2029 1832 2083 Do-

242 2129 464 2176 natisms
514 2108 893 2191 pertinentium
936 2122 1179 2193 sylloge,
1224 2136 1343 2191 quae
1386 2132 1731 2175 monumenta
1776 2121 1826 2179 in

244 2213 571 2269 editionibus
598 2214 929 2283 Albaspitnci
954 2229 1016 2268 ac
1035 2212 1229 2267 Priorii
1253 2229 1353 2266 una
1385 2228 1515 2289 cum
1538 2213 1829 2267 collatione

232 2294 643 2379 Carthaginiensi
670 2308 920 2379 adjuncta
945 2318 1067 2362 sunt
1096 2307 1275 2377 thati
1307 2307 1458 2360 libris
1487 2348 1501 2372 ,
1525 2322 1645 2360 cum
1673 2306 1825 2376 prius

241 2417 269 2457 a
300 2402 544 2458 Massono
594 2389 820 2458 fuissent
847 2405 1137 2473 separatim
1187 2402 1329 2457 edita
1360 2416 1505 2456 anno
1548 2399 1725 2467 1589,
1776 2411 1827 2457 et

241 2496 495 2566 deinceps
528 2512 556 2550 a
583 2495 810 2566 Pitham.
886 2494 889 2497 ’

309 2590 387 2646 Ad
426 2591 657 2645 istorum
698 2589 1006 2660 exemplum
1031 2630 1046 2656 ,
1082 2590 1132 2644 in
1161 2600 1341 2645 nostra
1364 2587 1603 2643 editione
1646 2597 1827 2643 vetera

241 2682 413 2737 omnia
460 2693 806 2747 monumenta
851 2699 972 2754 quae
1013 2682 1081 2737 ad
1111 2683 1390 2737 historiam
1426 2682 1826 2750 Donatistarum

242 2775 547 2845 pertinent,
581 2785 697 2830 acta
724 2760 935 2831 scilicet
982 2776 1333 2829 conciliorum
1373 2759 1430 2829 et
1479 2774 1845 2831 collationums

241 2868 649 2938 episcopalinm,
672 2868 934 2938 epistolas
961 2869 1365 2937 episcoporum,
1398 2866 1570 2919 edicta
1625 2877 1677 2920 et
1710 2868 1826 2933 epi-

240 2960 405 3015 stolas
461 2953 850 3031 imperatorum
877 3002 897 3033 ,δ
944 2970 1205 3032 gestaque
1252 2958 1655 3033 proconsularia
1678 2959 1830 3013 exhi-

242 3053 477 3112 buhnus.

1932 1863 1995 1901 cx
2026 1849 2321 1906 collatione
2367 1852 2432 1905 ad
2485 1853 2723 1908 codicem
2772 1856 3157 1919 Corbeiensem
3186 1900 3201 1925 ,
3254 1860 3342 1930 qui
3376 1860 3530 1917 nobis

1930 1939 2091 1993 etiam
2116 1940 2478 2010 suppeditavit
2506 1944 2772 2016 integram
2817 1947 3122 2007 Maximiani
3154 1962 3206 2003 et
3234 1950 3380 2006 Isaac
3424 1952 3526 2007 Do-

1931 2033 2251 2090 natistarum
2287 2040 2590 2103 passionem
2611 2083 2623 2098 .
2659 2041 2816 2111 cujus
2846 2050 3055 2112 partem
3088 2052 3290 2099 tantum
3319 2046 3517 2103 ibidem

1931 2126 2175 2181 ediderat
2216 2129 2574 2187 Mabillonins.
2605 2131 2734 2187 lude
2765 2132 2831 2187 ad
2857 2132 3332 2212 Carthaginensem
3360 2140 3525 2212 colla-

1935 2218 2133 2279 tionem
2164 2235 2331 2291 usque
2356 2235 2642 2279 occurrent
2668 2226 2810 2309 leges
2838 2217 2948 2281 tum
2973 2208 3364 2287 Ecclesiaslicaa
3411 2208 3522 2288 tum

1941 2312 2136 2391 civiles
2162 2314 2215 2369 in
2250 2316 2556 2393 Donatistas
2586 2318 2724 2393 latae.
2756 2319 3018 2376 Civilibus
3047 2338 3107 2376 ex
3140 2323 3323 2379 codice
3348 2322 3527 2379 Theo-

1947 2391 2562 2475 dosiano-depromptis,
2598 2391 2947 2465 eiutlitiSsimi
2985 2411 3080 2466 viri
3108 2411 3292 2468 Jacobi
3323 2413 3525 2471 Gotho-

1936 2494 2081 2551 fredi
2124 2500 2569 2555 commentarium
2599 2500 2949 2577 subjecitnus.
3298 2548 3301 2550 .
3342 2498 3345 2500 ’

2014 2591 2145 2642 Acta
2173 2584 2943 2663 collationis‘Carthaginensis
2973 2604 3099 2649 cura
3127 2582 3391 2654 etstudiis
3416 2598 3528 2658 cla-

1942 2676 2142 2744 rissimi
2167 2692 2327 2751 atque
2355 2683 2700 2763 eruditissimi
2731 2687 2829 2741 viri
2852 2686 3050 2744 Balnzii
3074 2690 3354 2747 emendata
3378 2691 3527 2761 juxta

1934 2772 2051 2841 ejus
2082 2774 2374 2830 editionem
2407 2792 2504 2830 suo
2527 2777 2645 2832 loco
2672 2774 3001 2834 inseruntur.
3033 2782 3207 2837 Novas
3248 2782 3532 2839 adornavi-

1936 2882 2053 2919 tnus
2082 2875 2235 2921 notas
2268 2869 2563 2936 przrscrtim
2610 2869 2752 2925 circa
2791 2871 2948 2931 sedes
2970 2873 3351 2943 episcOporum
3382 2874 3525 2949 Afri-

1934 2972 2190 3014 canorum
2234 2961 2323 3030 qui
2360 2963 2635 3016 collationi
2668 2963 2974 3019 adfuerunt.
3009 2966 3170 3021 Multa
3194 2965 3307 3037 jam
3344 2966 3412 3023 de
3458 2967 3526 3023 iis

1860 3048 1861 3051 “
1930 3051 2316 3108 observaverat
2339 3053 2622 3122 Baluzius,
2653 3056 2747 3110 sed
2778 3072 2891 3111 rem
2922 3066 3048 3128 post
3074 3073 3196 3114 eum
3224 3059 3531 3123 accuratius,

310 3151 547 3205 Primum
569 3151 710 3206 inter
737 3166 797 3206 ea
821 3150 998 3206 locum
1032 3159 1259 3219 occupat
1283 3151 1517 3206 cdiclum
1566 3153 1615 3205 in
1642 3134 1827 3206 Chiis-
1854 3140 1898 3201 (ξ
1932 3144 2182 3197 tractavit
2204 3144 2448 3199 eruditus
2475 3146 2635 3201 Pater
2660 3146 3030 3204 TDOOdOI‘lCUS
3054 3150 3279 3205 Ruinart
3306 3150 3358 3205 ill
3382 3152 3526 3207 notis

242 3244 410 3299 tianos
436 3246 601 3298 latum
624 3260 652 3299 a
683 3244 1015 3315 Diocletiano
1034 3255 1088 3325 et
1115 3245 1457 3309 Maximiano,
1489 3245 1646 3313 cujus
1675 3253 1827 3297 teno-

242 3351 347 3390 rem
400 3336 682 3390 Lactantio
712 3329 764 3390 et
796 3326 1035 3390 Eusebio
1058 3334 1344 3391 referimus
1368 3378 1382 3401 ,
1429 3337 1568 3405 quod
1606 3336 1729 3391 licet
1762 3335 1827 3389 ad
1851 3398 1889 3419 ’ν

240 3428 549 3505 Donatistae
576 3445 681 3484 non
710 3429 975 3505 pertineat
1001 3471 1016 3494 ,
1044 3429 1295 3499 quoniam
1333 3428 1610 3482 schismati
1643 3416 1826 3497 postea

240 3520 411 3577 locum
441 3504 594 3578 dedit
619 3534 675 3577 et
704 3523 771 3576 ab
797 3504 1223 3577 eo-Donatiante
1252 3532 1418 3576 sectae
1445 3523 1652 3592 epocha
1676 3536 1826 3590 repe-

238 3604 364 3670 titur
387 3659 401 3681 ,
448 3618 503 3670 in
546 3616 721 3688 capite
750 3623 993 3670 actorum
1023 3614 1087 3669 ad
1114 3614 1394 3669 historiam
1428 3614 1828 3669 Donatistarum

236 3710 619 3778 pertinentium
648 3708 1169 3778 apponendnmesse
1197 3706 1498 3785 doximus._

274 3802 621 3871 .chnnutur
645 3810 761 3854 acta
801 3800 1093 3870 Martyrum
1120 3798 1495 3853 Africanorum
1522 3838 1535 3861 ,
1590 3804 1709 3866 qua)
1761 3795 1826 3849 ad

238 3892 543 3946 traditionis
574 3890 791 3945 crimen
839 3889 1127 3945 Catholicis
1156 3890 1472 3943 intentatum
1500 3888 1556 3958 6
1582 3903 1610 3939 a
1654 3888 1833 3942 Dona-

239 3985 377 4038 tistis
407 3991 677 4052 Spectant.
719 3982 842 4037 Hmc
872 3983 1143 4051 excipiunt
1165 3996 1314 4051 gesta
1343 3980 1682 4051 purgationis
1728 3977 1832 4034 Fe-

239 4075 351 4130 licis
379 4087 432 4131 et
462 4073 771 4136 Crociliani,
805 4090 927 4145 quite
966 4074 1093 4128 licet
1132 4074 1429 4143 posteriora
1471 4074 1579 4126 sint
1603 4114 1617 4137 ,
1652 4080 1853 4140 tamen,

241 4176 522 4235 exponunt
542 4182 604 4220 ea
633 4181 752 4235 qua:
776 4164 1451 4235 temporepersecutionis
1495 4164 1827 4218 acciderunt.

237 4259 418 4316 Secuti
446 4275 637 4315 sumus
666 4259 718 4314 iu
751 4261 817 4315 iis
844 4258 1136 4315 editionem
1163 4257 1451 4314 clarissimi
1473 4259 1571 4312 viri
1604 4257 1835 4323 Baluzii,

239 4336 323 4421 qui
377 4351 496 4407 haec
528 4360 647 4406 acta
690 4367 808 4404 cum
850 4351 1211 4420 manuscripto
1246 4350 1434 4405 codice
1463 4349 1723 4403 Tlntaneo
1747 4351 1839 4418 qui

239 4461 381 4502 nunc
425 4458 511 4503 est
558 4444 910 4501 Biblimhecae
940 4445 1269 4501 Colbertinte
1298 4485 1313 4509 ,
1365 4443 1559 4498 collata
1606 4443 1835 4498 inseruit

1933 3236 1999 3289 ad
2039 3237 2282 3313 notitiam
2328 3238 2713 3310 Episcopornm
2759 3240 3133 3315 Africanorum
3164 3243 3263 3299 sub
3297 3244 3521 3300 llunne-

1935 3331 2068 3386 rico.
2118 3331 2203 3386 Ab
2233 3331 2316 3387 his
2338 3375 2351 3398 ,
2385 3349 2451 3399 ne
2480 3335 2605 3404 quid
2639 3335 3041 3391 dissimulemus
3064 3378 3081 3403 ,
3132 3340 3359 3393 mutuati
3408 3337 3522 3393 fere

1933 3437 2116 3478 sumus
2142 3426 2319 3479 omnia
2346 3442 2462 3495 quae
2490 3426 2559 3481 de
2588 3427 2692 3482 illis
2722 3427 2944 3482 sedibus
2972 3428 3227 3483 diximus.
3261 3430 3442 3501 Atque
3472 3437 3533 3484 ut

1935 3516 2218 3570 materiam
2264 3517 2682 3572 exhauriremus
2707 3560 2721 3584 ,
2757 3515 3148 3589 Geographiam
3180 3516 3391 3575 sacram
3428 3536 3525 3575 seu

1886 3624 1889 3625 '
1942 3611 2188 3664 notitiam
2260 3610 2655 3686 provinciarum
2735 3619 2789 3665 et
2857 3611 3261 3680 episcOpatuum
3329 3609 3529 3685 Africa:

1941 3697 2691 3779 tcxuimustqnamsequitur
2721 3703 2897 3757 tabula
2931 3702 3352 3774 GeOgraphicaa
3380 3704 3525 3774 peri-

1941 3793 2149 3848 tissimo
2174 3794 2482 3863 geOgrapho
2526 3793 2790 3849 delineata
2818 3821 2832 3857 ,~
2864 3794 2915 3848 in
2947 3810 3049 3882 qua
3082 3804 3190 3848 tum
3225 3791 3527 3865 provincia-

1940 3903 2058 3941 rum
2091 3884 2469 3940 Africanarum
2503 3886 2727 3953 divisio,
2755 3898 2865 3939 tum
2898 3886 3291 3957 pracipuarum
3320 3887 3528 3942 Sedium

1939 3979 2325 4050 episcopalium
2354 3979 2489 4033 situs
2520 3980 2691 4035 oculis
2717 3978 3096 4048 subjiciuntur.

2021 4071 2257 4140 Denique
2278 4068 2547 4125 universo
2594 4072 2745 4139 Operi
2778 4079 2900 4141 post
2944 4067 3081 4126 hanc
3121 4071 3489 4142 prml'ationem
3515 4109 3531 4137 ,

1944 4162 2227 4216 Donatiani
2250 4162 2563 4217 schismatis
2591 4160 2873 4229 historiam
2905 4162 3320 4233 prmposuimus,
3347 4160 3400 4216 in
3432 4177 3533 4232 qua

1946 4271 2050 4309 non
2078 4255 2282 4310 diserte
2324 4258 2378 4310 et
2422 4263 2614 4310 ornate
2633 4295 2648 4319 ,
2678 4254 2774 4310 sed
2803 4262 3053 4310 accurate
3080 4264 3136 4309 et
3155 4251 3535 4325 chronologico
3618 4250 3621 4251 ⁷

1945 4364 2097 4404 more
2122 4348 2331 4418 singula
2358 4357 2702 4418 exponuntur
2724 4349 2943 4417 suisque
2972 4348 3303 4419 temporibus
3323 4345 3535 4416 consig-

1948 4450 2164 4495 nantur.

1189 4703 1244 4775 ,7
1291 4700 1397 4762 DE
1448 4699 1772 4783 Oprn‘o
1829 4701 1931 4763 ET
1995 4699 2180 4763 EJUS
2227 4653 2489 4763 LIBRIS

577 4920 611 4960 ,
1038 4821 1739 4943 VETERUM
1837 4834 2747 4985 TEST‘IMONI‘A.

241 5158 308 5215 ι).
336 5158 710 5240 llieronymus,
737 5157 793 5210 in
815 5155 944 5210 libro
974 5154 1036 5215 de
1058 5153 1193 5210 Viris
1218 5154 1531 5223 illustribus,
1563 5168 1680 5221 cap.
1717 5150 1840 5205 121.

311 5336 710 5408 Optatus‘Ater
748 5337 1033 5404 episcopus
1080 5335 1417 5391 Milevitanus
1447 5350 1512 5389 ex
1545 5342 1695 5403 parte
1751 5347 1843 5411 ea-

247 5431 441 5487 tltolica
492 5431 711 5497 scripsit
741 5430 840 5481 sub
876 5429 1255 5483 Valentiniano
1286 5439 1339 5481 ct
1373 5428 1595 5480 Valente
1639 5425 1843 5495 princi-

243 5520 395 5593 pibus
423 5522 715 5575 adversum
757 5520 1071 5595 Dunatiante
1104 5521 1271 5588 partis
1310 5518 1632 5573 calumniam
1664 5517 1833 5571 libros

243 5632 361 5684 sex,
392 5619 445 5670 in
474 5614 674 5685 quibus
712 5612 910 5668 asserit
950 5612 1153 5667 crimen
1187 5612 1608 5666 Donatianorum
1643 5607 1697 5663 in
1737 5625 1837 5664 nos

248 5708 376 5767 falso
403 5706 730 5777 retorqueri.
790 5708 794 5712 ’

1954 5148 2014 5203 S.
2050 5146 2384 5217 Augustinus,
2411 5144 2501 5199 lib.
2526 5160 2565 5200 tt
2588 5144 2650 5200 de
2680 5138 2933 5201 Doctrina
2962 5144 3275 5215 Christiana,
3308 5164 3425 5220 cap.
3450 5150 3539 5219 40,

2344 5251 2348 5255 ’
2538 5240 2539 5243 “
2604 5255 2747 5294 num.
2783 5240 2913 5303 61.,
2982 5250 3043 5311 ι’

2016 5330 2203 5386 Nonne
2233 5330 2528 5399 aspicimus
2574 5341 2778 5401 quanto
2814 5348 2948 5388 auro
2977 5343 3030 5389 et
3063 5344 3287 5405 argento
3312 5344 3366 5389 et
3391 5346 3542 5392 veste

1946 5423 2323 5479 suffarcinatus
2365 5424 2556 5478 exierit
2598 5424 2668 5479 de
2714 5424 2955 5495 Egypto
2998 5424 3299 5497 Cyprianus
3349 5427 3547 5484 doctor

1942 5517 2290 5571 siiavissimus
2328 5528 2383 5571 et
2408 5528 2615 5590 martyr
2660 5518 3039 5585 bestiasimus;
3079 5529 3281 5589 quanto
3306 5520 3544 5578 Lactan-

1941 5610 2084 5671 tius,
2114 5619 2318 5677 quanto
2356 5608 2698 5680 Victorinus,
2754 5608 3015 5681 Optatus,
3069 5610 3328 5682 Hilarius,
3380 5625 3438 5670 ut
3481 5615 3552 5672 de

1939 5700 2073 5755 vivis
2102 5708 2333 5757 taceam.
