3822 6220
346 197 444 269 iit
498 194 501 195 ί

1408 206 1464 262 s.
1490 186 1737 260 om“
1773 194 2056 262 omnem
2100 204 2629 266 ruowcouam.

3515 203 3626 259 772

338 327 508 395 Mein,
534 327 627 381 lib.
667 343 683 382 ι
728 334 907 381 contra
930 323 1209 393 epistolam
1256 308 1587 374 Parmenioni
1615 361 1629 387 ,
1675 319 1792 392 capi
1838 322 1924 389 15,
1955 331 2001 389 Α
2032 327 2316 400 potuisset,
2354 322 2777 394 jussitcognitor
2800 330 2964 376 totam
3002 320 3246 389 paginam
3281 321 3527 388 recitari,
3566 334 3627 375 ut

1004 430 1145 466 num.
1199 413 1252 468 5.

410 508 611 576 Legam
634 506 722 577 qui
756 506 935 559 volunt
963 520 1083 576 quae
1114 512 1299 558 narrat
1325 512 1380 558 et
1407 504 1606 574 quibus
1634 504 1923 577 documen-
1961 533 1967 537 -

341 599 410 652 tis
436 614 592 667 quam
625 598 791 652 multa
833 597 1154 668 persuadeat
1182 592 1512 652 venerabilis
1536 576 1815 652 memoria:~
1831 593 1930 647 Mi-

332 690 597 743 icvitanus
623 691 911 761 episcopus
938 690 1231 765 Catholica!
1245 689 1644 745 communionis
1673 687 1924 759 Optatus,

295 822 303 825 .
338 781 453 836 sive
491 781 559 849 de
587 781 800 853 Lucilla
838 784 1278 853 pecuniosissima
1313 794 1437 839 tunc
1472 790 1527 838 et
1551 765 1926 835 tactiosissima

334 875 573 942 (centius;
599 893 760 948 quam
783 893 879 948 pro
909 874 1169 933 Ecclesiae
1204 877 1486 946 disciplina
1513 884 1733 929 sanctus
1760 870 1927 927 Carci-

336 970 516 1026 lianus
542 972 717 1028 adhuc
744 972 1005 1030 diaconus
1038 966 1278 1038 iusserat,
1305 970 1386 1024 vel
1417 969 1485 1024 de
1511 967 1720 1022 ceteris
1742 965 1927 1018 factio-

304 1066 417 1125 nis
458 1065 975 1135 ejuseonsortibus,
1022 1068 1135 1121 sive
1166 1064 1386 1119 furibus
1428 1059 1789 1115 Ecclesiastici
1833 1064 1925 1111 ar-

335 1161 509 1232 genti,
539 1161 654 1215 sive
676 1159 741 1215 ad
772 1160 1139 1232 episcopatum
1168 1172 1225 1211 se
1258 1170 1363 1209 non
1398 1138 1709 1223 pervenisse
1722 1150 1924 1230 dolen-

337 1253 479 1308 tibus
494 1261 561 1308 -et
587 1253 687 1307 sibi
710 1253 987 1322 praelatum
1017 1248 1357 1304 Czeciliauum
1388 1240 1595 1299 insidiis
1611 1241 1804 1312 quibus
1831 1254 1926 1310 po-

340 1354 521 1403 terant
549 1346 957 1408 insectantibus,
985 1344 1102 1398 sive
1127 1340 1194 1395 de
1224 1326 1467 1393 Numidis
1494 1335 1762 1408 episcopis
1790 1346 1927 1403 quos

259 1435 262 1438 ’
337 1437 438 1495 ista
468 1437 1053 1493 factio'convocaverat
1093 1433 1158 1488 ad
1200 1431 1499 1503 perniciem
1542 1426 1838 1491 Cmciliani,
1866 1433 1927 1481 ut

342 1530 438 1585 illo
469 1531 715 1600 deposito
745 1528 880 1585 alter
910 1530 989 1584 eis
1016 1508 1377 1586 ordinaretur.
1421 1522 1547 1578 Haec
1580 1521 1831 1577 habentur
1860 1520 1927 1573 li-

335 1622 428 1677 bro
457 1624 540 1693 ρι’-ί
548 1639 626 1676 mo
660 1621 833 1694 Ορωιὶ
841 1662 854 1677 .
1058 1611 1068 1617 ’

2029 419 2095 473 de
2124 418 2507 496 superioribus,
2542 427 2597 471 et
2628 414 2971 470 inferioribus
3001 412 3178 467 verbis
3214 412 3463 465 voluntas
3500 414 3626 481 ejus

2029 512 2116 582 qui
2161 512 2468 582 scripserat,
2508 517 2852 571 nosceretur;
2911 516 2964 561 ct
3000 520 3063 560 ex
3101 503 3282 579 officio
3330 504 3622 559 recitatum

2028 614 2109 659 est
2143 622 2156 656 :
2188 604 2493 658 Caecilianus
2537 601 2765 655 omnium
2807 606 3364 670 supramemoratorum
3392 607 3625 652 senten-

2030 696 2111 750 tiis
2130 696 2367 749 innocens
2398 694 2796 762 pronuntiatus;
2837 691 2975 761 quod
3004 706 3123 747 cum
3155 680 3485 746 recitaretur
3510 689 3624 745 Do-

2030 787 2236 865 natista:
2259 785 2509 845 dixerunt
2550 786 2651 840 hoc
2682 802 2741 841 se
2771 802 2875 840 non
2912 785 3131 855 petiisse
3158 780 3379 838 recitari
3416 792 3625 839 stoma-

2023 878 2250 932 chantes
2292 878 2549 933 adversus
2589 893 2683 932 eos
2724 879 2814 946 qui
2864 877 3030 931 risum
3067 886 3251 931 tenere
3281 891 3389 930 non
3431 885 3627 945 potue-

2028 981 2172 1037 runt,
2205 985 2325 1025 cum
2359 970 2636 1025 audissent
2662 984 2820 1040 quam
2848 978 3088 1039 apertam
3130 974 3318 1022 contra
3364 967 3627 1036 semetip-

2027 1076 2117 1116 sos
2164 1061 2407 1131 paginam
2437 1060 2813 1130 protulissent.‘
2846 1058 2977 1114 Vide
3002 1060 3066 1113 de
3094 1060 3277 1113 eadem
3308 1074 3363 1113 re
3394 1059 3629 1131 capitula

1998 1146 2323 1207 collationis
2354 1152 2772 1229 Cartltaginensis
2804 1153 2907 1207 diei
2954 1142 3116 1206 tertia:
3156 1150 3288 1220 575,
3327 1149 3433 1229 471
3465 1162 3511 1204 et
3538 1166 3626 1203 se-

2028 1246 2232 1313 quentia
2271 1262 2431 1315 usque
2468 1244 2674 1300 ad'484
2712 1255 2758 1298 et
2793 1244 3278 1314 posteacapitulum
3320 1240 3445 1307 552,
3477 1250 3624 1294 etsc-

2015 1332 2238 1407 "quentia
2276 1336 2529 1416 usquead
2572 1337 2696 1400 559,
2744 1347 2790 1391 et
2819 1336 3086 1407 epistolam
3124 1335 3330 1389 concilii
3369 1332 3629 1387 Zerteusis

2030 1430 2172 1500 apud
2200 1430 2264 1507 S1
2296 1431 2631 1504 Augustinum
2661 1428 2783 1497 Mi,
2831 1446 2973 1483 num.
3000 1430 3054 1485 9.

2122 1546 2178 1627 8
2209 1545 2269 1601 S.
2310 1544 2637 1617 Fulgentius,
2671 1547 2759 1600 lib.
2792 1562 2827 1599 ll
2853 1545 2920 1598 ad
2955 1528 3259 1607 Monimuin,
3293 1558 3407 1611 cap.
3446 1540 3534 1595 l3.

2106 1658 2335 1713 Sanctus
2370 1668 2546 1713 autem
2586 1657 2922 1713 Milevitauus
2955 1657 3241 1725 episcopus
3266 1653 3320 1707 in
3353 1652 3509 1706 sesto
3539 1648 3639 1703 ad-

381 1758 622 1826 Idem,itt
643 1759 770 1813 libro
798 1757 862 1812 de
892 1758 1083 1811 unitate
1106 1754 1501 1824 Ecclesiw,€ap.
1532 1752 1772 1818 19mm".
1800 1746 1890 1803 50-
1963 1720 2005 1777 Β
2041 1768 2227 1807 vorsus
2272 1751 2683 1806 Parmenianum
2731 1749 2868 1803 libro
2911 1720 3194 1802 consilium
3235 1745 3302 1800 de
3332 1742 3637 1813 virginibus

406 1872 515 1927 Nec
545 1888 643 1929 nos
681 1880 970 1941 ‘propterea
1005 1870 1234 1929 dicimus
1262 1869 1419 1938 nobis
1464 1865 1609 1919 credi
1650 1871 1927 1933 oportere,

335 1964 457 2033 quia
489 1962 657 2033 ipsam
689 1978 849 2032 quam
889 1972 1137 2017 tenemus
1161 1957 1560 2023 commendavit
1587 1955 1930 2013 Milevitanus

333 2057 559 2127 Optatus
589 2057 674 2111 vel
694 2056 1110 2113 Mediolanensis
1138 2054 1481 2110 Ambrosius.

406 2173 576 2238 Idem,
602 2174 656 2228 in
685 2172 952 2227 Breviculo
971 2171 1296 2239 Collatiouis,
1324 2188 1441 2240 cap.
1468 2168 1561 2234 ‘20,
1592 2184 1733 2222 num.
1764 2167 1855 2222 58.

405 2289 509 2345 Sed
539 2289 664 2343 hinc
705 2288 903 2357 repulsi
943 2287 1219 2360 (episcopi
1263 2282 1604 2353 Donatistae)
1646 2282 1797 2358 velut
1824 2257 1963 2334 ali-i

332 2387 456 2456 quid
488 2376 872 2440 validissimum
905 2383 1167 2452 prolaturi
1214 2382 1476 2450 petierunt
1512 2379 1766 2448 Optatum
1800 2376 1927 2445 legi,

332 2477 475 2549 quod
519 2486 573 2532 et
597 2485 724 2531 ante
753 2478 1077 2546 petiverant,
1128 2476 1268 2535 unde
1311 2488 1370 2528 se
1415 2471 1737 2542 probaturos
1783 2470 1932 2523 dice-

333 2571 462 2625 bant
492 2570 837 2625 Caecilianum
874 2569 942 2631 ab
974 2568 1302 2637 imperatore
1333 2565 1716 2619 damnatum...
1767 2559 1931 2630 Opta-

333 2671 445 2717 tum
471 2678 599 2717 vero
633 2661 740 2732 legi
771 2662 940 2716 multo
969 2659 1260 2714 instantius
1288 2656 1668 2729 ﬂagitabant...
1715 2653 1931 2709 Recita-

332 2764 414 2808 tus
446 2764 528 2808 est
555 2739 783 2825 Optatus
818 2753 1175 2807 recitantibus
1215 2749 1509 2804 Donatistis
1542 2738 1635 2802 tibi
1667 2747 1743 2800 ait
1777 2762 1789 2797 :
1818 2743 1957 2798 Eo-—

340 2848 457 2900 dem
477 2840 702 2914 tempore
740 2844 970 2899 Donatus
998 2845 1138 2914 petiit
1166 2852 1218 2898 ut
1246 2843 1293 2896 ei
1322 2841 1504 2895 reverti
1541 2839 1768 2893 licuisset
1794 2846 1839 2890 et
1862 2834 1930 2889 ad

332 2936 701 3011 Carthaginem
724 2936 1017 3001 accederet,-
1072 2944 1192 2988 tunc
1227 2951 1255 2986 a
1291 2932 1600 2986 Philumena
1640 2938 1930 3001 suggestore

332 3031 445 3100 ejus
472 3028 769 3099 imperatori
798 3036 1089 3100 suggestum
1130 3036 1224 3090 est,
1265 3036 1316 3079 ut
1350 3025 1479 3078 bono
1513 3022 1652 3090 pacis
1695 3019 1931 3074 Caecilia-

332 3136 427 3175 nus
455 3120 649 3177 Brixiae
675 3131 931 3177 teneretur
961 3129 1006 3174 et
1036 3124 1231 3191 factum
1262 3130 1403 3173 est...
1439 3117 1495 3171 ln
1528 3116 1722 3187 quibus
1749 3112 1930 3168 verbis
1959 3112 2007 3174 C

331 3215 512 3284 Optati
556 3230 677 3269 cum
711 3216 930 3269 omnino
980 3213 1123 3269 nulla
1160 3203 1439 3267 Cmciliaui
1478 3207 1750 3264 damnatio
1791 3207 1929 3260 sicut

332 3307 407 3363 illi
468 3308 932 3364 demoustraturos
986 3323 1045 3363 se
1104 3321 1227 3363 esse
1281 3305 1642 3376 promiserant
1700 3300 1926 3372 reperiri

2038 1849 2263 1902 Paulum
2313 1859 2731 1915 supererogasse
2771 1850 2994 1896 testatur
3023 1841 3110 1895 his
3140 1840 3321 1894 verbis
3350 1856 3365 1892 :
3406 1836 3638 1909 Virgini-

2036 1950 2115 1993 lus
2141 1918 2275 1993 enim
2302 1938 2575 1991 voluntatis
2606 1952 2685 1988 res
2716 1943 2809 1998 est,
2857 1950 2958 1986 non
2986 1931 3304 1997 necessitatis
3329 1971 3344 1994 ,
3375 1940 3419 1983 et
3450 1938 3640 1983 cratera

2036 2048 2150 2102 qua:
2168 2030 2415 2084 habentur
2453 2029 2612 2099 infra,
2638 2027 2726 2081 lib.
2760 2041 2833 2087 vt,
2871 2024 2979 2098 ξι,
3013 2041 3133 2098 pag.
3177 2022 3269 2089 9t,
3295 2029 3342 2076 et
3383 2036 3501 2091 cap.
3546 2018 3637 2074 15.

2034 2125 2220 2195 Neque
2250 2125 2392 2178 enim
2424 2121 2706 2177 a'veritate
2753 2119 3032 2175 receditur
3053 2118 3107 2171 in
3146 2117 3245 2171 hac
3274 2126 3636 2184 supereroga-

2038 2220 2187 2274 tione
2216 2216 2480 2287 Apostoli,
2531 2216 2643 2269 sive
2672 2211 2816 2281 quod
2860 2220 3077 2265 sanctus
3130 2208 3478 2271 Ambrosius,
3524 2206 3643 2259 sive

2036 2311 2181 2382 quod
2230 2321 2448 2364 sanctus
2488 2306 2847 2377 Augustinus,
2878 2304 2995 2361 sive
3025 2302 3165 2373 quod
3224 2314 3445 2355 sanetus
3474 2297 3645 2367 Opta-

2041 2416 2127 2459 tus
2170 2409 2460 2457 senserunt
2497 2417 2528 2455 a
2568 2398 2722 2455 nobis
2774 2382 2986 2475 quoque
3040 2396 3189 2470 salva
3235 2392 3466 2450 veritate
3515 2389 3645 2471 lidei

2040 2500 2327 2555 sentiatur.

2045 2617 2313 2671 Hortarius
2331 2611 2828 2685 Augustodunensis,
2846 2610 2900 2663 in
2915 2608 3047 2663 libro
3074 2608 3135 2661 de
3151 2604 3507 2675 Scriptoribus
3531 2598 3643 2653 Et:-

2532 2702 2832 2758 clesiasticis
2854 2742 2867 2767 ,
2891 2718 3006 2770 cap.
3040 2715 3118 2754 tit.

2112 2799 2513 2873 OptatusAi’er
2555 2799 2887 2853 Milevitanus
2936 2797 3224 2864 episcopus
3268 2791 3371 2845 sub
3412 2789 3643 2845 Valente

2039 2895 2261 2965 scripsit
2290 2892 2574 2951 adversum
2603 2890 2912 2944 Donatianm
2942 2887 3107 2957 partis
3138 2876 3493 2940 calumniam.

2186 2982 3049 3083 MartyrologiumRomanum,ad
3080 3001 3213 3054 diem
3235 3014 3288 3054 tv
3321 2995 3494 3052 Junii.

2116 3126 2290 3180 Milevi
2333 3096 2383 3179 in
2422 3123 2669 3179 Numidia
2697 3119 2871 3177 sancti
2905 3117 3086 3189 Optati
3118 3114 3363 3185 episcopi
3394 3108 3643 3167 doctrina

2040 3234 2096 3278 et
2128 3222 2415 3277 sanctitate
2443 3218 2740 3289 conspicui.

375 3407 3597 3470 Μ

501 3640 557 3715 ιι
604 3568 1579 3721 HISTORIA
1687 3549 3298 3712 DONATISTARUM

1785 3769 2167 3827 damma-{cc

402 3914 562 3985 Origo
620 3909 929 3966 Christiana:
986 3908 1271 3978 Religionis
1315 3908 1371 3960 in
1424 3906 1626 3974 Africa.
1679 3903 1929 3956 Persecu-

324 4007 486 4060 tiones
512 4007 564 4059 in
594 4004 931 4058 Christianos.
968 4001 1262 4055 Persecutio
1293 3998 1618 4052 Diocletiani.
1652 3995 1927 4049 Sacrorum

328 4099 566 4153 codicum
601 4094 831 4150 traditio.
864 4125 934 4134 ——
961 4093 1319 4147 Christianam
1376 4089 1711 4154 Religionem
1759 4091 1862 4142 non
1896 4102 1926 4142 a

329 4191 594 4262 principio
635 4189 704 4242 ab
753 4187 1024 4257 Aposwlis
1054 4185 1186 4254 ipsis
1229 4185 1436 4253 accepit
1476 4183 1656 4239 Africa
1707 4182 1784 4259 (l)
1829 4184 1923 4237 sed

326 4286 479 4351 lapsu
500 4282 625 4351 jam
646 4282 847 4335 saeculo
883 4295 911 4333 a
954 4279 1237 4345 Romanis,
1266 4287 1324 4332 ut
1366 4277 1658 4335 verisimile
1695 4286 1778 4332 est
1818 4276 1921 4347 (2),

329 4377 501 4448 prima
535 4376 812 4445 Evangelii
843 4368 1052 4428 semina
1079 4373 1351 4442 suscepit;
1386 4389 1505 4442 qua:
1535 4353 1790 4441 paulatim
1826 4391 1925 4429 cx-

2033 3916 2207 3983 cuita,
2270 3916 2415 3970 brevi
2470 3928 2715 3983 magnam
2777 3916 3078 3967 sementem
3134 3906 3413 3975 protulere
3450 3907 3649 3977 :cujus

2036 4016 2242 4075 partem
2270 4008 2398 4062 licet
2443 4006 2880 4076 persecutionum
2915 4002 3064 4055 furor
3105 3997 3398 4067 aliquando
3428 3996 3649 4051 demes-

2032 4102 2221 4163 suerit,
2260 4101 2327 4155 ab
2360 4098 2487 4165 ipsis
2533 4097 2817 4152 iormentis
2860 4103 2914 4148 et
2957 4092 3194 4161 caedibus
3241 4090 3645 4143 incrementum

2033 4196 2264 4264 accepit,
2299 4203 2353 4247 ut
2380 4209 2505 4248 vere
2541 4192 2763 4245 otnnino
2809 4205 2837 4241 a
2878 4186 3215 4241 Tcrtuiliauo
3242 4226 3256 4249 ,
3298 4182 3648 4241 Chrisaiano—

2041 4305 2159 4343 rum
2202 4290 2289 4358 qui
2333 4288 2385 4341 iu
2437 4287 2613 4342 Africa
2659 4294 2815 4357 erant
2854 4282 3071 4338 nomine
3111 4280 3312 4333 dictum
3363 4276 3531 4331 fuerit
3576 4275 3646 4329 ad

2040 4382 2301 4437 Ethnicos
2336 4400 2347 4434 ε
2384 4380 2565 4436 Plures
2596 4379 2874 4452 efﬁcimur,
2904 4376 3099 4447 quoties
3148 4373 3387 4429 metimur
3416 4360 3450 4425 a
3478 4372 3643 4427 vobis.

510 4512 631 4567 Non
648 4530 685 4594 _a
707 4511 971 4594 Principio
994 4512 1054 4565 ab
1080 4512 1337 4594 Apostolis
1360 4513 1483 4594 ipsis
1499 4514 1691 4594 accepit
1719 4514 1919 4585 Africa.

2077 4523 2291 4590 pustulis
2338 4520 2504 4576 fuisse
2555 4521 2877 4594 institutam.
2932 4515 3048 4594 Sed
3089 4515 3267 4594 minor
3316 4514 3362 4567 ei
3411 4512 3648 4594 tlebctur

326 4587 618 4642 Petilianus
648 4586 697 4636 in
726 4586 951 4649 epistola
976 4601 1135 4653 quam
1160 4585 1419 4637 relellitS.
1442 4588 1795 4652 Augustinus,
1824 4590 1916 4643 lib.

331 4660 398 4714 de
440 4656 585 4712 Uuit.
622 4648 878 4709 Ecclesia:
909 4670 955 4709 c.
1110 4655 1177 4709 de
1208 4656 1413 4717 origine
1443 4648 1718 4725 religionis
1748 4648 1921 4713 chris-

333 4732 491 4784 tiante
537 4729 589 4780 in
634 4726 811 4780 Africa
842 4727 919 4779 sic
954 4728 1223 4797 loquitur.
1270 4726 1344 4780 De
1381 4727 1523 4780 nobis
1552 4730 1568 4797 (
1597 4728 1924 4784 Christianis

326 4800 511 4865 Afris)
547 4800 737 4851 dictum
776 4808 847 4849 est
876 4812 893 4850 :
926 4796 1087 4850 Erunt
1131 4799 1279 4857 primi
1324 4799 1409 4864 qui
1450 4796 1592 4851 erant
1635 4802 1915 4855 nouissimi.

329 4872 410 4925 Ad
445 4871 672 4941 Afrimm
694 4868 827 4921 enim
851 4866 1187 4941 Evangelith
1215 4869 1533 4935 postmodum
1559 4870 1713 4931 venit,
1741 4882 1785 4924 et
1806 4872 1923 4925 ideo

328 4940 579 5013 nusquam
607 4942 893 5013 litterarum
925 4940 1331 5013 Apostolicm'nnt
1374 4941 1619 5008 scriptum
1657 4951 1729 4994 est
1783 4946 1919 5013 Afri-

328 5010 448 5066 cani
468 5012 768 5065 credidisse.
792 5010 887 5064 Cui
907 5012 1238 5079 respondens
1266 5010 1621 5080 Augustinus,
1658 5028 1760 5066 non
1787 5010 1917 5066 con-

328 5083 500 5140 tendit
533 5086 690 5138 Afros
717 5083 785 5135 ab
814 5084 1085 5150 Apostolis
1117 5082 1245 5148 ipsis
1281 5093 1333 5135 et
1374 5096 1403 5139 a
1434 5084 1699 5151 principio
1741 5082 1921 5138 Even-

328 5156 525 5227 getium
556 5155 853 5223 accepisse,
878 5154 975 5227 sed
1009 5163 1225 5227 tantum
1236 5155 1513 5227 nonnullus
1556 5154 1798 5208 barbaras
1824 5173 1917 5209 ua-

328 5224 489 5280 t'ioues
518 5227 671 5279 etiam
702 5234 815 5293 post
853 5224 1078 5292 Africani
1107 5224 1399 5277 credidisse.
1432 5224 1581 5279 Unde
1610 5234 1816 5280 certum
1850 5229 1920 5280 sit

330 5298 563 5352 Atricam
615 5298 665 5350 in
716 5295 907 5349 ordine
951 5295 1203 5350 credendi
1254 5310 1359 5349 non
1390 5312 1510 5350 esse
1546 5299 1914 5351 novissimam.

329 5369 699 5439 Tertullianus
750 5381 966 5435 quoque
1015 5369 1065 5421 iu
1116 5367 1253 5431 libro
1294 5368 1360 5420 de
1404 5367 1919 5439 Prmseriptiouibus

330 5446 585 5497 adversus
623 5438 909 5500 hmreticos,
956 5442 1149 5493 fatetur
1180 5438 1449 5493 Ecclesias
1500 5438 1778 5495 Africanas
1806 5458 1916 5496 non

330 5526 449 5566 esse
495 5512 819 5582 apostolicas
842 5551 855 5574 ,
887 5507 988 5564 hoc
1030 5520 1134 5576 est,
1169 5525 1266 5563 nec
1288 5511 1354 5582 ab
1386 5510 1637 5577 apostolis
1659 5552 1674 5579 ,
1724 5516 1829 5566 nec
1850 5513 1919 5566 ab

333 5581 644 5651 apostolicis
673 5581 804 5635 viris
834 5582 923 5651 qui
955 5592 1075 5635 cum
1106 5581 1361 5649 apostolis
1411 5586 1916 5649 perseveraverint,

335 5652 493 5723 luisse
541 5652 810 5723 fundatas.
859 5652 1147 5708 Salvianus
1177 5668 1207 5705 e
1242 5664 1429 5707 contra
1455 5653 1682 5723 videtur
1714 5656 1919 5709 sentire

336 5722 369 5774 ι.
404 5738 472 5777 vn
502 5723 570 5779 de
599 5722 977 5795 Providentia,
1009 5723 1487 5786 Carthaginiensem
1526 5724 1821 5782 Ecclesium
1850 5726 1918 5782 ab

2038 4585 2173 4648 ﬁdes
2200 4604 2457 4649 extraneo
2488 4604 2541 4648 ct
2564 4585 2851 4647 recentiori
2878 4604 2941 4643 ac
2961 4589 3082 4642 aliis
3114 4586 3255 4640 Afris
3284 4594 3337 4643 et
3364 4585 3647 4654 antiquio-

2032 4667 2205 4721 ribus.
2274 4714 2278 4718 .
3482 4656 3490 4661 ’

2061 4736 2082 4809 ’ν
2110 4736 2187 4809 (2)
2208 4743 2244 4790 Α
2273 4737 2520 4791 Romanis
2542 4745 2593 4787 ut
2617 4732 2886 4809 verisimile
2916 4731 3081 4788 επις.
3100 4727 3443 4809 :Augustiuus
3471 4727 3639 4795 epist.

2029 4798 2185 4860 oliin'.
2217 4824 2381 4872 cun,
2411 4823 2551 4861 nunc
2582 4822 2714 4860 XLlll
2744 4805 2808 4857 de
2836 4805 3076 4856 liomaua
3099 4798 3335 4872 Ecclesia
3366 4800 3594 4872 loquens
3621 4815 3638 4852 :

2036 4878 2206 4941 Unde,
2261 4869 2451 4946 inquit,
2500 4877 2835 4943 Erangrlium
2883 4874 2950 4925 ad
2998 4875 3165 4946 ipsum
3195 4870 3428 4946 {lp'icnnt
3467 4869 3636 4946 uenit.

2030 4948 2310 5003 iunocent.
2336 4942 2386 5015 ’1,
2421 4942 2578 5017 epist.
2611 4942 2673 5000 ad
2708 4948 3017 5017 Decentium
3051 4942 3391 5017 Eugubiuum
3427 4942 3646 5017 aitesse

2026 5011 2381 5089 manifestum
2412 5011 2466 5073 in
2512 5036 2708 5073 omnem
2742 5016 2992 5089 iltuliam,
3046 5014 3267 5089 Gallius,
3318 5011 3639 5078 Hispanias,

2027 5085 2288 5159 Africam,
2311 5100 2459 5214 utilite
2478 5090 2711 5145 Siciliam
2728 5088 2757 5140 Ι
2761 5090 3033 5155 nsulasque
3050 5088 3410 5156 interiacentes
3429 5085 3642 5137 nullum

2034 5164 2316 5214 instituisse
2412 5162 2653 5214 cclrsias.
2689 5162 2788 5214 nisi
2831 5177 2915 5213 eos
2944 5175 3069 5214 auos
3108 5157 3413 5211 venerabilis
3446 5154 3642 5210 Petrus

2034 5154 2316 5216 instituisse
2359 5154 2653 5227 Ecclesias,
2689 5162 2788 5214 nisi
2812 5177 2915 5228 Aeas
2944 5154 3069 5228 quos
3108 5154 3413 5211 venerabilis
3446 5154 3643 5210 Petrus

2031 5233 2311 5301 Apostolus
2351 5244 2437 5286 aut
2469 5236 2578 5305 ejus
2623 5224 3338 5305 success'orcs'colistitueriut
3392 5228 3646 5305 sacerdo—

2035 5299 2128 5369 in,
2163 5314 2217 5360 et
2244 5306 2307 5358 D.
2337 5299 2561 5375 Gregor.
2596 5306 2688 5359 lih.
2720 5320 2813 5365 vn,
2846 5306 3001 5375 epist.
3034 5302 3123 5363 52,
3171 5300 3237 5353 ad
3290 5299 3643 5375 Dominicum

2025 5372 2511 5441 (Jartliagiueuse'm
2564 5372 2923 5446 episcopum:
2958 5374 3187 5429 Scientes
3228 5382 3506 5446 praue-rea,
3553 5372 3643 5424 iu-

2026 5448 2168 5518 quit,
2196 5448 2339 5509 unde
2384 5450 2435 5501 in
2466 5443 2724 5515 Africanis
2753 5443 2983 5519 partibus
3003 5446 3276 5519 smnpserit
3304 5443 3645 5519 sacerdotale

2034 5514 2323 5602 (sordium,
2352 5514 2683 5602 laridabititer
2712 5514 2864 5602 agitis
2890 5518 3040 5602 quod
3066 5516 3235 5602 sedent
3286 5514 3645 5597 Apostolicam

2029 5587 2295 5662 diligendo
2325 5592 2393 5645 ad
2418 5593 2580 5662 ofﬁcii
2627 5587 2781 5647 vestri
2822 5587 3072 5661 originem
3102 5587 3345 5657 prudenti
3389 5592 3647 5641 recorda-

2008 5664 2170 5717 -tione
2200 5664 2481 5717 recurritis.
