3822 6220
306 242 416 297 775

1518 251 1837 310 HISTORIA
1877 255 2463 345 DONATISTARUM.‘

3503 273 3608 330 77$

306 353 505 412 Semen
535 366 609 413 est
654 361 864 443 sanguis
896 359 1328 417 Christianorum.
1376 364 1441 423 At
1482 366 1631 420 nulla
1662 381 1913 436 umqmm
1947 374 1987 427 A
2022 386 2127 425 non
2160 381 2364 428 tantum
2398 373 2587 439 laicos,
2637 375 2731 431 sed
2765 384 2818 431 et
2860 377 3087 434 clericos
3138 395 3201 436 ac
3254 381 3398 452 ipsos
3448 355 3607 441 etiam

304 448 362 504 in
380 448 719 509 Christianos
749 457 942 509 ειυνὶοι
964 465 1256 516 tempestas
1278 458 1507 511 excitata
1531 470 1616 514 est
1644 461 1695 512 in
1715 459 1884 515 Africa
1901 502 1915 525 ,

305 560 474 615 quam
511 548 847 603 Diocletiano
886 559 941 605 et
991 550 1325 606 Maximiano
1373 553 1759 624 imperantibus
1798 566 1916 623 post

310 640 591 709 proposita
624 642 820 710 ubique
854 649 1120 696 terrarum
1151 646 1277 697 anni
1320 644 1426 700 303
1466 645 1618 700 initio
1651 648 1701 701 in
1736 645 1918 701 Chris-

270 799 278 803 _
314 729 498 787 tianos
519 732 710 788 edicta.
743 723 893 788 Tunc
926 736 977 789 in
1022 736 1299 804 provincia
1345 736 1721 794 Proconsulari
1768 743 1918 795 Anu-

316 823 484 886 linus.
505 833 559 879 et
580 826 631 879 in
662 824 905 881 Numidit
935 825 1125 882 Florus
1150 829 1347 884 bellum
1375 828 1685 889 Christiano
1712 833 1919 889 nomini

313 915 654 995 intulerunt,
715 919 857 989 quod
918 920 997 975 sic
1046 921 1307 978 describit
1344 923 1643 995 Oppotatus
1689 910 1943 993 nium,"

312 1006 341 1079 ξ
369 1009 406 1065 8
432 1029 445 1065 :
473 993 723 1075 Omnibus
748 1021 926 1066 notum
962 1022 1057 1076 est,
1086 1015 1209 1084 quid
1237 993 1415 1072 eorum
1449 1029 1662 1089 aperata
1700 1020 1764 1073 sit
1793 1019 1920 1073 arti-

313 1106 499 1172 ﬁciosa
522 1107 838 1163 crudelitas:
861 1112 1093 1168 serviebat
1108 1112 1299 1168 bellum
1323 1114 1918 1187 Christianisindictum;

313 1201 370 1249 lu
396 1198 597 1266 templis
627 1200 999 1257 dwmoniorum
1024 1205 1261 1260 diabolus
1282 1208 1665 1280 triumphabat;
1699 1212 1923 1266 immun-

315 1286 403 1341 dis
434 1288 702 1357 fumabant
726 1308 831 1347 ara?
866 1294 1152 1363 nidoribus,
1182 1306 1227 1352 et
1255 1300 1374 1367 quia
1421 1302 1488 1375 ad
1523 1302 1796 1372 sacrilegia
1839 1319 1922 1357 ve-

314 1379 436 1437 nire
460 1398 560 1436 non
591 1394 843 1449 poterant.
875 1387 1175 1457 ubicumque
1213 1390 1331 1445 thus
1361 1408 1549 1459 ponere
1589 1396 1917 1465 cogebantur.

318 1472 507 1529 Omnis
536 1476 678 1530 locus
717 1480 961 1550 templum
1000 1491 1106 1544 erat
1155 1484 1223 1537 ad
1267 1486 1450 1539 scelus.
1504 1486 1921 1558 lnquinabantur

315 1584 485 1637 prope
513 1572 784 1627 morientes
820 1579 1005 1629 senes:
1026 1576 1272 1649 ignorans
1304 1580 1628 1646 polluebatur
1666 1584 1923 1651 infantia;

313 1677 349 1717 a
380 1662 634 1719 matribus
666 1666 867 1735 parvuli
899 1670 1236 1746 portabantur
1265 1671 1334 1725 ad
1362 1675 1547 1742 nefas;
1579 1684 1819 1749 parentes
1841 1676 1923 1729 in-

2019 468 2302 539 episcopos
2346 477 2488 521 metu
2536 477 2923 525 tormentorum
2955 488 3017 527 ac
3047 474 3255 539 mortis,
3291 486 3397 530 tum
3429 490 3613 532 sacros

2018 559 2255 621 codices.
2294 568 2402 612 tum
2433 561 2534 614 alia
2562 575 2711 615 sacra
2747 577 2871 616 vasa
2904 574 2993 618 aut
3041 565 3399 621 instrumenta
3450 567 3618 622 tradi-

2019 647 2183 705 disse.
2220 650 2301 712 Hi,
2332 651 2644 708 Traditores
2675 654 2832 723 vulgo
2863 654 2988 710 dicti
3020 668 3163 711 sunt.
3212 660 3313 713 Alii
3356 674 3386 714 e
3418 668 3615 714 contra

2017 744 2197 798 studio
2232 744 2522 816 ﬂagrantes
2568 748 2926 803 immoderato
2958 749 3158 819 palam,
3188 753 3350 805 etiam
3376 752 3420 829 si
3454 743 3615 807 nemo

2021 837 2072 906 2
2092 834 2409 907 inquireret,
2438 838 2830 907 proﬁtebantur
2853 855 2911 895 se
2934 840 3149 896 codices
3176 857 3361 897 saeros
3386 844 3615 911 habere,

2022 944 2157 996 quos
2184 930 2476 985 tradituros
2500 928 2787 1002 negarent,
2821 944 2982 1004 atque
3031 948 3152 989 sese
3184 936 3342 993 morti
3394 936 3618 1006 objicie-

2022 1020 2167 1076 bant.
2200 1024 2413 1090 Quanto
2447 1026 2522 1078 illi
2556 1026 2931 1094 prudentiores
2977 1028 3135 1082 simul
3167 1038 3221 1083 et
3247 1024 3617 1099 religiosiores

2021 1114 2112 1183 qui
2148 1115 2363 1170 codices
2392 1131 2577 1171 saeros
2609 1118 2827 1174 silentio
2856 1134 2956 1173 suo
2978 1122 3579 1196 tectos_ct)nservabattt
3600 1162 3616 1188 ,

2020 1204 2093 1259 ita
2127 1214 2303 1261 tanien
2338 1220 2394 1263 ut
2423 1209 2742 1279 apprehensi
2776 1222 2828 1266 et
2861 1214 3196 1284 interrogati,
3228 1230 3400 1284 neque
3436 1214 3617 1270 trade-

2024 1309 2163 1363 rent,
2191 1316 2363 1371 neque
2386 1304 2678 1359 tradituros
2700 1320 2759 1360 se
2783 1321 2905 1362 esse
2935 1308 3334 1376 proﬁterentur.

2097 1392 2147 1446 Μ
2156 1396 2391 1448 ensurius
2413 1394 2836 1467 Carthaginensis
2865 1400 2990 1469 quid
3011 1400 3074 1453 de
3095 1401 3327 1455 codicum
3352 1417 3617 1457 sacrorum

2022 1478 2294 1539 traditione
2332 1489 2599 1542 censuerit.
2639 1488 2776 1553 Quid
2821 1491 3094 1563 Secundus
3133 1490 3451 1564 Tigisitanus
3498 1496 3620 1550 Nu-

2022 1578 2197 1633 midia:
2220 1577 2446 1634 Primas.
2470 1609 2541 1621 -—
2564 1582 2637 1636 Ex
2672 1582 2755 1637 his
2783 1580 2880 1637 fuit
2900 1584 3202 1660 Mensurius
3226 1586 3620 1661 Carthaginien-

2024 1673 2101 1725 sis
2133 1675 2383 1738 antistes,
2419 1674 2506 1740 qui
2535 1676 2897 1729 antecessoris
2928 1678 3009 1731 sui
3038 1678 3291 1749 Cypriani
3320 1679 3621 1737 doctrinam

309 1766 532 1810 cruenta
559 1760 837 1828 parricidia
884 1765 1053 1833 facere
1096 1768 1445 1836 cogebantur:
1475 1768 1567 1821 alii
1613 1770 1920 1839 cogebantur
1949 1758 1997 1818 Β
2025 1776 2281 1829 sequens,
2311 1770 2407 1819 eos
2438 1765 2527 1835 qui
2570 1781 2629 1821 se
2657 1784 2758 1822 non
2803 1771 3157 1841 comprehensi
3188 1775 3621 1846 persecutionibus

310 1851 511 1920 templa
546 1852 640 1907 Dei
668 1855 767 1909 vivi
799 1856 1116 1923 subvertere;
1144 1859 1237 1913 alii
1284 1858 1540 1915 Christum
1589 1881 1792 1934 negare,
1831 1865 1920 1919 alii

312 1946 456 2017 leges
496 1947 693 2005 divinas
740 1952 1047 2022 incendere;
1087 1956 1179 2008 alii
1217 1954 1367 2010 thura
1410 1973 1617 2026 ponere.
1676 1957 1739 2011 Et
1778 1958 1919 2012 idem

308 2038 546 2120 Auctor,
572 2042 663 2097 lib.
708 2042 803 2115 t,§
848 2044 915 2098 15
947 2063 957 2097 :
995 2044 1165 2119 Hujus
1212 2049 1576 2117 persecutionis
1617 2066 1706 2118 per
1755 2061 1915 2113 totam
1958 2054 1961 2056 ’

308 2132 551 2203 Africam
582 2136 819 2209 divagata
858 2149 1152 2209 tempestas,
1182 2143 1313 2196 alios
1339 2143 1457 2209 fecit
1478 2144 1754 2215 )nartyres,
1789 2146 1921 2201 alios

309 2228 657 2297 confessores,
691 2233 965 2286 nonnullos
995 2235 1252 2304 funestam
1283 2236 1557 2304 prostravit
1593 2237 1645 2288 in
1677 2240 1913 2303 mortem,

299 2318 538 2375 latentes
566 2320 759 2376 dimisit
779 2324 991 2380 illtesos.
1036 2326 1173 2393 Quid
1206 2343 1591 2382 commemorem
1616 2329 1798 2395 laicos,
1835 2330 1922 2399 qui

310 2423 443 2467 tunc
475 2415 529 2468 in
555 2413 787 2473 Ecclesia
828 2420 972 2472 nulla
1009 2422 1214 2491 fuerant
1241 2422 1487 2492 dignitate
1514 2420 1759 2488 stt/fulti?
1798 2422 1922 2490 quid

310 2508 584 2583 ministros
632 2509 922 2578 plurimos?
974 2512 1097 2577 quid
1159 2514 1405 2566 diaconos
1453 2504 1537 2566 ini"
1556 2514 1752 2566 tertio?
1797 2513 1922 2582 quid

311 2600 662 2671 pra'sbyteros
684 2603 736 2655 in
759 2604 983 2659 secundo
1000 2605 1283 2661 sacerdotio
1310 2607 1613 2662 constitutas
1626 2608 1653 2662 ?
1669 2607 1693 2660 Ι
1702 2610 1781 2677 psi
1810 2608 1924 2677 api-

309 2708 409 2748 ces
426 2704 472 2747 et
498 2695 751 2766 principes
774 2697 1020 2762 omnium,
1037 2699 1195 2767 aliqui
1222 2700 1446 2767 episcOpi
1477 2688 1579 2754 illis
1593 2702 1920 2768 temporibus,

314 2796 381 2839 ut
413 2785 600 2840 damno
636 2796 839 2843 (etenim
860 2790 995 2853 vitae,
1021 2792 1169 2845 istius
1198 2793 1406 2865 incerta:
1436 2792 1563 2847 lacis
1608 2809 1778 2847 moras
1810 2794 1923 2847 bre-

309 2879 559 2933 uissimas
606 2888 959 2953 compararent
989 2884 1321 2937 instrumenta
1371 2885 1560 2939 diuina:
1599 2886 1723 2955 legis
1766 2886 1921 2956 impie

311 2969 670 3024 tradiderunt.
723 2972 836 3027 Hoc
880 2974 1023 3028 enim
1066 2984 1184 3031 erat
1223 2979 1491 3046 peculiare
1542 2978 1922 3033 Diocletianete

312 3067 725 3133 persecutionis
765 3068 963 3122 malum
1005 3070 1145 3139 quod
1191 3068 1481 3125 Christiani
1530 3069 1694 3141 libros
1739 3085 1923 3125 sacros

2022 1847 2271 1921 dﬂ’errent
2292 1866 2338 1910 et
2367 1858 2502 1911 ultro
2526 1860 2749 1914 dicerent
2775 1877 2829 1915 se
2856 1862 3038 1917 habere
3056 1864 3347 1940 scripturas
3367 1884 3490 1936 quas
3517 1884 3619 1923 non
3646 1902 3647 1905 η

2024 1947 2307 2014 traderent,
2341 1950 2459 2003 licet
2485 1951 2548 2002 ab
2572 1951 2642 2004 eis
2673 1952 2770 2006 hoc
2794 1970 2938 2007 nemo
2967 1957 3246 2023 quaesisset,
3276 1958 3617 2028 intprobaVit,

2022 2046 2077 2092 et
2108 2046 2377 2109 tamquam
2423 2050 2689 2114 martyres
2733 2045 2986 2101 honorari
3020 2050 3205 2103 vetuit.
3254 2048 3377 2115 Ipse
3420 2067 3536 2107 vero
3568 2068 3621 2107 se

2022 2146 2198 2185 sacros
2228 2134 2447 2197 codices,
2470 2152 2531 2188 ne
2554 2152 2584 2188 a
2614 2137 3024 2207 persecutoribus
3051 2142 3412 2210 invenirentur,
3446 2145 3621 2197 abstu-

2026 2221 2147 2276 lisse
2170 2234 2319 2292 atqne
2346 2229 2642 2292 amovisse,
2674 2240 2721 2283 et
2738 2234 2930 2285 'horum
2961 2233 3076 2287 loco
3107 2235 3160 2288 in
3188 2222 3398 2289 basilica
3426 2240 3617 2305 scripta

2021 2312 2376 2375 haereticorum
2413 2320 2707 2389 reliquisse,
2739 2333 2948 2378 testatus
2981 2334 3057 2379 est
3082 2327 3133 2379 in
3160 2323 3377 2399 epistola
3406 2332 3475 2381 ad
3517 2330 3615 2385 Se-

2025 2410 2247 2463 cundum
2279 2426 2297 2474 ;
2326 2427 2441 2481 qua;
2471 2429 2585 2466 cum
2618 2415 2925 2470 invenissent
2954 2430 3319 2485 persecutores,
3364 2432 3411 2475 et
3446 2422 3619 2476 abstu-

2027 2487 2224 2570 lissent,
2257 2507 2390 2561 nihil
2418 2509 2641 2577 amplius
2668 2526 2775 2564 esse
2821 2512 3155 2580 postulatum.
3195 2514 3326 2582 Quia
3376 2518 3620 2583 quamvis

2026 2597 2238 2665 quidam
2293 2608 2468 2667 postea
2530 2598 2957 2673 Carthaginensis
3002 2605 3197 2658 ordinis
3257 2607 3622 2676 suggessisscnt

2026 2686 2358 2752 Proconsuli,
2407 2692 2545 2761 quod
2610 2693 2753 2747 illusi
2795 2695 3011 2763 fuissent
3050 2698 3135 2764 qui
3174 2698 3316 2752 missi
3364 2710 3505 2753 erant
3552 2699 3621 2753 ad

2028 2780 2438 2836 Christianorum
2481 2786 2767 2852 scripturas
2814 2790 3119 2858 auferendus
3160 2802 3208 2844 et
3255 2791 3617 2859 incendendas,

2027 2877 2150 2944 quia
2178 2893 2276 2930 non
2322 2879 2617 2933 invenerunt
2649 2881 2750 2934 nisi
2794 2884 2962 2936 nescio
2991 2900 3104 2953 qua:
3129 2880 3197 2937 ad
3224 2900 3307 2941 eos
3334 2902 3434 2938 non
3464 2887 3622 2957 perti-

2029 2962 2220 3034 nentia,
2249 2970 2388 3038 ipsas
2439 2980 2613 3025 autem
2644 2973 2696 3025 in
2728 2973 2879 3027 domo
2912 2972 3157 3046 Episcopi
3195 2978 3471 3045 custodire,
3504 2977 3623 3033 inde

2029 3061 2262 3117 deberent
2292 3067 2515 3134 proferri
2541 3076 2585 3119 et
2616 3066 2842 3133 incendi,
2870 3066 3163 3124 Proconsul
3187 3070 3370 3124 adhoc
3400 3070 3471 3125 eis
3501 3086 3623 3123 con-

302 3157 439 3228 igni
463 3158 857 3215 comburendos
887 3162 1101 3225 tradere
1126 3174 1471 3232 cogeremur.
1503 3165 1710 3232 Quippe
1739 3164 1926 3219 existi-
1952 3143 1995 3207 Ο
2029 3155 2214 3207 sentire
2241 3157 2424 3210 noluit.
2443 3156 2515 3210 lta
2542 3144 2825 3225 prudentia
2847 3159 3095 3215 Μιξηειιιὶἰ
3126 3161 3325 3215 servati
3349 3173 3470 3216 sunt
3493 3162 3626 3217 Car-

313 3250 551 3304 mabant
578 3250 822 3306 homines
855 3252 985 3307 vafri
1018 3255 1115 3308 hac
1148 3255 1485 3323 poussimum
1520 3256 1728 3310 ratione
1756 3252 1929 3309 chris-

318 3343 533 3399 tianam
555 3343 889 3414 Religionem
914 3361 978 3399 ex
1002 3346 1196 3425 animis
1216 3347 1489 3401 hominum
1513 3347 1715 3403 aboleri
1747 3360 1926 3416 posse,

312 3436 373 3490 si
408 3434 528 3489 libri
552 3436 746 3506 quibus
770 3437 1017 3493 doctrina
1045 3438 1335 3494 christiana
1359 3441 1668 3495 continetur
1688 3456 1719 3495 e
1751 3439 1931 3510 medio

316 3528 672 3586 tollerentur.
694 3531 825 3585 llinc
843 3531 1159 3588 Diocletiani
1185 3544 1240 3588 et
1261 3534 1563 3588 Maximiani
1588 3533 1767 3596 edicto
1786 3549 1927 3604 pra:-

315 3612 491 3691 cipue
520 3625 831 3691 cavebatur,
862 3636 918 3680 ut
946 3626 1089 3681 saeti
1130 3628 1347 3682 codices
1397 3629 1628 3683 llammis
1676 3630 1929 3683 absume-

318 3724 555 3781 rentur;
581 3726 740 3787 atque
769 3729 826 3771 ιιι
852 3718 903 3772 id
936 3721 1237 3773 executioni
1269 3724 1635 3783 mandaretur,
1669 3720 1934 3791 Principi-

319 3815 431 3862 lms
465 3819 513 3862 et
542 3812 922 3879 magistratibus
950 3828 1041 3866 suo
1070 3814 1247 3883 cuique
1277 3816 1388 3867 loco
1418 3815 1702 3884 injunctuin
1728 3816 1849 3885 fuit,
1880 3824 1934 3869 ut

319 3899 496 3954 libros
533 3900 743 3968 dei/icos
779 3913 1129 3970 extorquerent
1170 3921 1197 3958 e
1224 3903 1456 3957 manibus
1498 3896 1851 3976 episcOporunt
1886 3913 1933 3959 et

317 3995 765 4067 presbyterorum,
802 4002 857 4045 ιιι
900 3992 1133 4047 refertur
1183 3995 1237 4050 in
1288 3996 1421 4050 actis
1470 3996 1663 4049 Felicis
1693 3996 1932 4065 episcopi

322 4084 758 4155 'l'ubyzacensis.
779 4085 915 4140 Huic
942 4086 1120 4141 edicto
1147 4099 1397 4158 parentes
1428 4090 1760 4160 singulorum
1784 4091 1943 4172 Ioco-_

321 4199 459 4240 rum
494 4185 857 4255 magistratus,
888 4186 1142 4252 lectores,
1186 4188 1540 4259 presbyteros
1572 4199 1625 4243 et
1650 4189 1934 4257 episcopos

320 4292 524 4333 coram
552 4294 609 4333 se
635 4278 752 4334 sisti
793 4277 1075 4347 jubebant,
1110 4279 1419 4350 Scripturas
1467 4280 1536 4334 ab
1564 4281 1626 4334 iis
1674 4290 1932 4348 expostu—

321 4360 563 4428 lahani:
595 4370 805 4425 tradere
829 4381 1114 4426 renuentes
1146 4371 1431 4426 tormentis
1462 4371 1600 4425 allici
1633 4382 1685 4425 et
1724 4372 1775 4437 in
1815 4385 1934 4425 car—

322 4476 523 4516 cerem
551 4462 743 4531 conjici
771 4462 1029 4530 jubebant
1050 4504 1065 4528 ,
1102 4464 1152 4516 in
1205 4464 1477 4532 proposito
1509 4457 1888 4533 permanentes
1910 4503 1926 4528 ,

322 4551 407 4607 ad
440 4554 812 4621 proconsulem
856 4564 945 4606 aut
992 4554 1055 4607 ad
1086 4555 1246 4608 alium
1277 4556 1608 4622 superiorem
1640 4559 1924 4624 magistra-

324 4656 458 4700 tum
509 4645 673 4705 missi.
726 4646 900 4713 capite
952 4645 1339 4713 plectebantur.
1404 4646 1788 4701 Discnrrobant
1837 4663 1993 4719 per'_

324 4734 774 4792 ChriStianorum
815 4735 958 4788 :rdcs
989 4735 1323 4805 apparitores
1355 4746 1407 4789 et
1454 4727 1650 4790 milites
1673 4779 1686 4801 ,
1720 4748 1931 4791 scruta-

325 4828 539 4883 bamur
568 4828 859 4881 secretiora
887 4827 1097 4891 domus,
1134 4843 1237 4882 non
1270 4838 1472 4882 tantum
1519 4829 1685 4883 libros
1722 4838 1946 4896 s’acros,,

327 4921 438 4977 sed
464 4936 584 4975 vasa
615 4935 770 4976 sacra
817 4936 977 4975 aurea
1023 4932 1075 4976 et
1101 4935 1374 4992 argentea.
1410 4923 1631 4986 calices,
1659 4923 1934 4991 lucernas,

327 5014 567 5084 aliaque
593 5023 911 5069 ornamenta
959 5015 1193 5085 undique
1221 5016 1522 5084 conquisita
1560 5016 1933 5085 aspot‘tahant,

328 5123 411 5163 ne
445 5110 760 5179 prasparatis
809 5109 1024 5179 quidem
1080 5110 1132 5163 in
1183 5126 1477 5179 pauperum
1522 5126 1649 5165 usus
1696 5112 1937 5165 vestibus

326 5200 669 5273 parcebant;
702 5217 765 5254 ac
793 5200 1029 5268 demum,
1079 5212 1136 5256 ut
1184 5202 1303 5257 ﬁeri
1350 5203 1489 5258 solet
1531 5204 1583 5257 in
1629 5202 1935 5273 hujusmodi

326 5293 588 5357 casibus,
626 5293 970 5359 perditissimi
1026 5294 1268 5350 homines
1302 5295 1538 5363 pretiosa
1578 5310 1799 5364 quaeque
1830 5304 1938 5349 tam

328 5401 497 5442 sacra
524 5402 685 5457 quam
718 5387 940 5456 profana
982 5390 1370 5455 compilabant.
1405 5390 1460 5443 ln
1495 5390 1676 5445 Africa
1712 5406 1943 5459 praeser-

332 5479 438 5534 tim
465 5479 535 5532 ita
566 5488 865 5547 grassatam
894 5496 1014 5535 esse
1042 5492 1445 5549 persecuturum
1480 5481 1682 5536 rabiem
1710 5523 1723 5545 ,
1780 5482 1939 5537 [idem

332 5571 547 5624 faciunt
594 5580 775 5625 vetera
808 5554 1196 5637 monumenta,
1250 5587 1370 5639 qua:
1413 5572 1591 5641 Optati
1641 5573 1791 5627 libris
1837 5589 1932 5628 an-

336 5664 655 5717 nexuimus.
691 5662 795 5717 Sed
841 5663 982 5732 quod
1032 5663 1323 5718 dolendum
1367 5665 1533 5733 magis
1582 5674 1699 5726 est,
1757 5680 1818 5719 ex
1871 5666 1937 5721 iis

336 5756 513 5811 etiam
544 5753 895 5829 intelligimus
916 5754 1097 5823 plures
1127 5753 1486 5823 Christianos,
1520 5764 1576 5810 ut
1602 5756 1678 5810 ait
1704 5755 1933 5825 Optatus

2033 3247 2247 3319 thagine
2277 3250 2532 3324 przecipui
2564 3252 2782 3308 codices
2811 3269 3089 3309 sacrorum
3121 3256 3402 3311 librorum.
3528 3326 3529 3329 η

2105 3341 2604 3419 NumidicePrlmas
2636 3345 2915 3401 Secundus
2943 3346 3265 3417 Tigisitanus
3290 3348 3471 3403 verbis
3498 3349 3622 3420 qui-

2032 3434 2153 3490 dem
2198 3434 2410 3505 jactans
2439 3438 2662 3507 gloriam
2688 3480 2700 3498 ,
2735 3438 2812 3492 rei
2843 3451 3010 3509 gestae
3046 3440 3259 3509 ignaros
3314 3439 3537 3508 fefellit;
3574 3450 3628 3496 at

2035 3528 2244 3582 virtutis
2272 3544 2485 3595 expers,
2511 3531 2706 3594 quibus
2728 3532 2851 3599 quid
2876 3531 3073 3600 egisset
3097 3533 3331 3602 ignotum
3360 3551 3461 3586 non
3485 3544 3623 3602 erat,

2033 3618 2231 3675 derisui
2287 3620 2401 3673 luit.
2431 3621 2510 3675 Ad
2563 3621 2891 3675 Mensurium
2946 3622 3140 3691 quippe
3194 3622 3341 3675 dedit
3392 3623 3621 3688 litteras,

2033 3712 2227 3779 quibus
2258 3712 2455 3777 aiebat,
2489 3730 2507 3763 ι
2547 3713 2735 3766 MiSsos
2771 3713 2836 3767 ad
2865 3729 2927 3785 se
2974 3728 3004 3767 a
3056 3722 3303 3770 curatore
3343 3724 3396 3769 et
3435 3716 3627 3770 ordine

2032 3802 2415 3858 Centurionem
2443 3815 2495 3858 et
2528 3804 2935 3858 Beneticiarium
2984 3806 3074 3875 qui
3121 3817 3369 3875 peterent
3416 3807 3628 3862 divinos

2034 3896 2249 3950 codices
2277 3898 2607 3963 exurendos,
2640 3898 2797 3968 eique
2825 3916 2854 3952 a
2895 3914 2954 3953 se
2985 3901 3325 3967 respbnsum,
3370 3899 3625 3954 Christia-

2034 4004 2128 4040 nus
2166 4002 2275 4041 sunt
2312 3996 2357 4038 et
2403 3985 2727 4058 EpiscOpus,
2762 4005 2862 4042 non
2906 3990 3140 4043 traditor.
3189 3993 3433 4058 (Lutnq’ue
3463 3990 3528 4043 ab
3560 4005 3627 4045 eo

2036 4083 2238 4138 vellent
2275 4083 2448 4149 aliqua
2482 4084 2667 4137 ecbola
2697 4095 2787 4139 aut
2817 4083 3194 4152 quodcumque
3241 4084 3508 4153 accipere,
3538 4099 3631 4139 ue-

2034 4190 2138 4244 que
2170 4174 2271 4229 hoc
2298 4174 2374 4229 eis
2405 4175 2639 4241 dedisse,
2687 4177 2943 4244 exemplo
2992 4176 3235 4231 Eleazari
3283 4177 3629 4244 Macchnbeei,

2034 4266 2123 4335 qui
2156 4281 2257 4321 nec
2288 4266 2489 4341 lingere
2517 4267 2685 4321 voluit
2713 4268 2924 4321 suillam
2944 4283 3161 4323 carnem
3197 4284 3257 4323 se
3282 4269 3629 4333 manducare,

2037 4373 2104 4412 ne
2144 4358 2261 4413 aliis
2310 4358 2577 4428 praeberet
2625 4361 3088 4429 praevaricationis
3126 4361 3453 4430 exemplum.
3493 4380 3510 4413 ι
3563 4362 3635 4415 At
3658 4414 3669 4419 ,.

1999 4438 2001 4441 I
2028 4441 2333 4520 'Purpurins
2365 4452 2663 4522 Episcopus
2693 4452 3014 4508 Limatensis
3040 4456 3121 4507 vir
3147 4454 3410 4522 pet-fricta:
3443 4452 3632 4508 frontis
3670 4478 3675 4483 -

2032 4546 2344 4616 iactantiam
2402 4547 2545 4601 illam
2611 4547 2846 4603 Secundi
2904 4532 3159 4617 sequenti
3218 4548 3631 4621 exprobratione

2036 4640 2388 4709 compescuit,
2420 4656 2541 4693 cum
2574 4652 2855 4695 accusatus
2884 4641 2952 4695 ab
2996 4658 3063 4695 ιιο
3094 4641 3362 4694 homicidii
3398 4641 3477 4693 his
3504 4634 3628 4693 eum

2034 4734 2195 4789 dictis
2244 4732 2597 4788 subsannavit
2628 4749 2641 4786 :
2673 4731 2754 4785 Tu
2800 4732 2926 4799 quid
2970 4732 3137 4802 egisti.
3184 4732 3270 4795 qui
3309 4739 3471 4782 tentus
3513 4747 3565 4783 es
3599 4746 3632 4782 a

2038 4821 2288 4877 Curatore
2322 4833 2368 4877 et
2412 4823 2594 4878 ordine
2639 4833 2692 4877 ut
2730 4824 3010 4895 scripturas
3057 4821 3254 4875 dares?
3288 4820 3553 4897 Quomodo
3582 4831 3632 4873 te

2042 4917 2363 4989 liberasti'ab
2406 4918 2562 4984 ipsis,
2599 4906 2697 4969 nisi
2744 4916 2862 4984 quia
2909 4914 3095 4978 dediin
3143 4922 3231 4969 aut
3259 4913 3465 4984 jussiin
3514 4914 3630 4966 dari

2042 5012 2414 5081 quodcumque,
2442 5023 2560 5060 nam
2590 5025 2690 5061 non
2715 5017 2760 5060 te
2783 4996 3097 5082 dimittebant
3128 5004 3337 5074 possint.
3368 5003 3478 5058 Hoc
3501 5020 3632 5058 con-

2046 5104 2177 5158 vitio
2209 5116 2450 5169 repressa
2480 5113 2557 5154 est
2583 5098 2812 5154 Secundi
2834 5097 3073 5161 audacia,
3098 5093 3188 5165 q'ui
3221 5112 3282 5148 ex
3312 5104 3629 5152 accusatore

2046 5212 2168 5251 reus
2198 5194 2365 5253 factus
2391 5194 2491 5245 sibi
2523 5191 2717 5244 timens
2747 5180 2943 5257 utpote
2978 5187 3307 5243 Tr'aditionis
3349 5187 3631 5252 COHSCillS,

2047 5286 2271 5343 Consilio
2298 5283 2531 5342 Secundi
2561 5282 2743 5336 fratris
2784 5282 2863 5335 sui
2914 5280 3003 5335 lilii
3035 5290 3203 5334 totum
3251 5281 3518 5350 negotium
3557 5281 3628 5335 ad

2046 5385 2139 5439 Dei
2163 5381 2420 5451 judicium
2445 5374 2669 5440 remisit,
2701 5385 2753 5430 et
2777 5373 3128 5443 coepiscopos
3151 5389 3278 5429 suos
3301 5373 3631 5429 Traditionis
3661 5438 3665 5441 _

2044 5475 2324 5531 manifeste
2352 5485 2415 5524 ac
2444 5469 2661 5540 propria
2691 5467 3036 5523 confessione
3066 5469 3363 5531 convictos,
3394 5466 3461 5519 ab
3484 5466 3635 5521 tnnni

2043 5581 2197 5637 ptena
2230 5565 2640 5617 immnnesesse
2670 5575 2861 5629 passus
2888 5568 3001 5623 est;
3043 5574 3109 5614 ne
3139 5570 3191 5613 et
3232 5560 3341 5627 ipse
3386 5557 3632 5626 ejusdem

2040 5654 2281 5712 criminis
2314 5668 2438 5708 reus
2466 5660 2837 5724 perageretur.

2111 5747 2326 5803 Traditi-
2348 5747 2547 5802 codices
2573 5746 2704 5802 sacri
2735 5764 2765 5799 (ε
2789 5743 2957 5799 Paulo
2987 5742 3203 5799 Cirtcnsi
3233 5754 3278 5799 et
3309 5743 3539 5819 Silvano.
3567 5772 3633 5787 —-
3709 5746 3713 5751 ’
