3822 6220
363 337 468 392 7Ἰὸ

1373 324 1430 381 S.
1479 316 1726 378 OPTATI
1781 314 2056 372 OPERUM
2101 310 2631 369 PROLEGOMENA.

3529 310 3639 365 776

358 443 618 500 Cirtensis
670 439 898 498 civitatis
937 452 1055 506 qua:
1086 435 1404 502 Metropolis
1439 436 1610 488 civilis
1657 431 1944 497 provinciae
1973 433 2017 487 Α
2049 426 2228 480 Zama}
2261 427 2446 486 fuisse,
2477 440 2584 495 quo
2605 439 2724 478 cum
2754 425 3027 479 venissent
3075 422 3368 477 Christiani
3419 425 3638 492 quidam

360 539 624 594 Numidia:
671 535 786 598 fuit,
832 531 1118 598 episcopus
1161 536 1278 581 erat
1320 528 1540 580 Paulus.
1575 525 1650 579 Ad
1685 538 1805 576 eum
1852 534 1943 574 vc-

363 629 442 683 nit
477 643 558 681 xtv
579 621 842 679 Kalendas
893 619 1078 673 lunias
1109 618 1376 672 Munatius
1416 617 1564 670 Felix
1598 616 1785 674 flainen
1821 625 1942 678 per-

361 731 548 790 petuus
599 723 814 768 curator
838 710 1064 764 coloniae
1093 710 1356 763 Cirtensis
1382 725 1396 772 ;
1427 704 1791 774 interpellavit
1825 699 1945 768 epi-

360 826 577 878 sc0pum
613 818 664 859 ut
698 803 964 874 proferret
994 806 1289 872 scripturas
1319 803 1559 869 lcgis,,et
1579 801 1621 852 si
1647 797 1770 867 quid
1793 795 1943 855 aliud

359 905 598 975 haberet.
626 900 674 954 Is
705 897 984 966 respondit
1010 899 1307 964 scripturas
1336 909 1456 949 esse
1488 907 1651 962 penes
1682 892 1942 950 lectores;

358 995 498 1066 quod
534 1002 710 1047 autem
755 990 986 1044 habebat
1033 989 1122 1066 hic
1166 1003 1287 1042 sese
1333 987 1462 1040 dare
1509 993 1748 1054 paratum
1801 995 1941 1035 esse.

359 1062 588 1144 Rursum
628 1082 996 1152 interpellatus
1016 1062 1088 1137 χιιι
1114 1079 1427 1133 ostenderet
1458 1078 1688 1130 lectores
1715 1115 1727 1137 ,
1760 1083 1849 1126 aut
1875 1071 1944 1124 ad

361 1177 480 1231 illos
509 1174 767 1239 mitteret,
794 1170 1037 1239 reposuit
1059 1185 1153 1224 eos
1172 1184 1294 1223 esse
1318 1176 1475 1221 notos
1501 1165 1763 1219 Edesioet
1786 1162 1946 1217 Junio

362 1267 759 1338 cxceplbribus.
789 1265 922 1318 Dein
954 1263 1152 1316 Paulus
1183 1271 1234 1314 et
1264 1261 1379 1330 ejus
1401 1259 1582 1313 clerici
1616 1258 1834 1322 calices,
1866 1256 1948 1309 lu-

361 1375 575 1424 cernas,
607 1367 783 1412 vestes
812 1369 1102 1424 pauperum
1133 1367 1195 1405 ac
1241 1354 1546 1404 universam
1583 1347 1836 1401 Ecclesirc
1859 1360 1948 1399 su-

362 1450 683 1522 pellecnilem
699 1463 904 1503 necnon
932 1461 1092 1500 unum
1108 1443 1350 1498 codicem
1384 1441 1760 1511 indagantibus
1782 1438 1945 1492 tradi-

360 1548 574 1603 derunt:
599 1543 724 1599 inde
745 1557 865 1597 sese
883 1540 1228 1610 magistratus
1244 1537 1309 1591 ad
1328 1537 1519 1590 domos
1538 1536 1796 1589 lectorum
1820 1546 1948 1586 con—

363 1641 616 1704 tulerunt,
650 1638 737 1706 qui
773 1636 1125 1690 nonmultum
1144 1640 1504 1700 repugnantes
1522 1642 1705 1682 sacros
1733 1618 1968 1680 codices'

361 1733 649 1790 tradidere.
678 1730 1086 1799 lmprimisvero
1100 1725 1386 1795 Sylvanus,
1419 1733 1541 1776 tunc
1569 1721 1944 1781 subdiaconus,

2049 519 2354 586 inquisitum
2396 533 2519 569 num
2569 516 2633 568 ad
2659 517 2829 584 ipsum
2875 515 3210 585 pervenisset
3257 529 3468 568 sacrum
3501 533 3644 584 prm-

2045 623 2279 679 ceptum,
2317 609 2661 675 respondisse
2705 610 2971 674 nondum;
3021 608 3115 663 sed
3166 606 3376 660 vidisse
3416 622 3475 661 se
3519 609 3642 676 ejus

2046 701 2288 769 exempla
2329 711 2382 756 et
2414 701 2591 755 Zama:
2623 712 2674 755 et
2707 702 2918 758 Furmis
2969 702 3218 758 basilicas
3247 711 3298 756 et
3343 701 3644 768 scripturas

2045 793 2205 854 dirui,
2232 804 2558 863 quaprOptcr
2579 797 2881 865 proferrent
2911 799 3208 867 scripturas
3233 797 3278 850 si
3307 810 3443 880 quas
3474 794 3644 848 habe-

2048 895 2190 950 rent,
2232 896 2356 939 tunc
2385 887 2596 940 misi~se
2626 902 2720 941 eos
2759 889 2824 942 ad
2874 889 3068 944 Felicis
3106 889 3325 943 domum
3384 898 3437 940 et
3482 884 3648 941 Gala-

2049 980 2178 1032 tinm
2224 995 2404 1032 secum
2435 981 2521 1033 ubi
2582 979 3010 1036 Christianorum
3043 981 3324 1036 orationes
3365 981 3480 1035 ﬁeri
3511 995 3646 1033 con-

2050 1080 2358 1135 sueverant,
2391 1073 2695 1141 perrexisse
2725 1083 2779 1127 et
2812 1076 2937 1129 inde
2966 1074 3276 1129 cathedram
3306 1082 3361 1128 et
3385 1071 3648 1142 epistolas

2049 1164 2390 1220 salutatorias
2417 1164 2620 1217 ablatas
2648 1173 2701 1218 et
2733 1166 2870 1218 ostia
2897 1167 3073 1220 omnia
3098 1165 3404 1231 combuSta,
3437 1172 3492 1219 et
3519 1171 3665 1218 cum“

2051 1258 2114 1311 ad
2143 1256 2359 1311 domum
2396 1253 2590 1308 Felicis
2616 1256 2851 1324 episcopi
2887 1257 3120 1311 misisset
3159 1256 3421 1311 olliciales
3469 1255 3651 1326 publi-

2053 1364 2167 1410 cos,
2200 1350 2266 1402 ab
2298 1349 2362 1400 iis
2389 1349 2752 1401 renuntiatum
2796 1362 2915 1401 esse
2947 1349 3094 1400 illum
3124 1349 3431 1402 ahsentem.
3463 1345 3540 1400 Ita
3570 1344 3625 1398 ni

2057 1441 2130 1494 hil
2162 1457 2186 1493 a
2214 1440 2390 1494 Felice
2419 1439 2668 1492 traditum
2698 1453 2818 1492 esse
2868 1438 3024 1508 hujus
3058 1439 3372 1493 testimonio
3401 1452 3653 1508 comper-

2055 1543 2186 1587 ttun.
2220 1521 2288 1586 At
2317 1532 2581 1601 ingentius
2619 1531 2707 1599 qui
2759 1541 2943 1599 postea
2990 1529 3087 1583 fuit
3134 1529 3370 1586 Decurio
3413 1530 3651 1600 Ziquen-

2054 1631 2222 1692 sium,
2263 1629 2426 1683 Felici
2459 1627 2698 1681 infensus
2727 1627 2866 1696 quod
2915 1625 3153 1680 Maurum
3185 1627 3503 1695 episcopum
3531 1624 3652 1681 Uti-

2055 1738 2269 1777 censem
2298 1726 2524 1777 amicum
2559 1735 2611 1775 et
2639 1722 2902 1788 hospitem
2936 1736 3090 1774 suum
3119 1722 3189 1775 ob
3212 1731 3455 1788 emptum
3515 1721 3650 1791 Epi-

363 1827 452 1896 qui
479 1827 752 1880 lucernam
779 1831 831 1876 et
858 1819 1198 1889 capitulalam
1217 1825 1521 1884 argenteam
1544 1830 1660 1883 qua!
1683 1812 1940 1874 latebant,
1973 1816 2020 1875 B
2049 1825 2325 1882 seopatum
2357 1815 2894 1879 excornmnnicasset,
2915 1812 3261 1867 Caecilianum
3293 1813 3573 1877 convenit,
3599 1821 3655 1866 ct

365 1921 505 1973 ultro
535 1916 790 1987 protulit,
825 1914 1008 1968 dicens
1038 1927 1098 1966 se
1145 1925 1281 1978 pone
1329 1924 1506 1961 arcam
1535 1923 1626 1960 eas
1659 1905 1948 1960 invenisse.

433 2008 798 2078 Comprehensi
842 2005 1122 2059 Christiani
1155 2002 1433 2054 incivitate
1481 1998 1760 2050 Abitinensi
1806 2007 1851 2048 et
1900 1995 1951 2047 in

363 2119 613 2158 carcerem
641 2100 878 2168 conjecti.
914 2095 1196 2150 Consilium
1231 2091 1492 2145 Caeciliani
1532 2099 1575 2142 et
1608 2087 1854 2142 Mensurii
1891 2087 1954 2138 de

360 2195 630 2250 visitandis
679 2201 827 2245 caute
888 2185 1317 2256 martyribus.-——
1347 2182 1611 2236 Fervente
1658 2184 1949 2234 etiamnum

363 2285 738 2357 persecutione
769 2281 943 2353 pridie
973 2279 1095 2333 ldus
1125 2275 1398 2330 Februarii
1435 2273 1562 2326 :in'ni
1590 2271 1716 2338 504,
1749 2274 1797 2324 in
1823 2271 1956 2324 civi-

366 2366 801 2434 tate‘Abitiuensi
831 2374 1091 2429 Saturnus
1115 2369 1406 2437 Presbyter
1428 2381 1547 2420 cum
1576 2364 1699 2419 filiis
1729 2372 1956 2431 quatuor

364 2472 656 2528 Saturnino
681 2468 897 2538 juniore
927 2475 982 2520 et
1013 2464 1191 2518 Felice
1221 2459 1562 2522 Lectoribus,
1592 2458 1755 2511 Maria
1791 2455 1956 2510 Sanc-

362 2561 643 2625 timOniali,
676 2559 946 2613 Hilarione
971 2554 1196 2618 infante,
1227 2560 1432 2613 etcum
1472 2567 1538 2604 eo
1568 2550 1808 2612 Dativus,
1849 2547 1954 2600 Fe-

360 2657 458 2722 lix,
492 2654 790 2724 Ampelius,
818 2652 1016 2720 aliique
1041 2648 1348 2718 complures
1380 2656 1484 2698 tam
1516 2643 1613 2697 viri
1646 2658 1805 2713 quam
1833 2657 1953 2695 mu-

361 2730 523 2804 lieres
551 2746 890 2801 celebrantes
929 2743 1196 2796 dominica
1243 2746 1604 2802 sacramenta,
1653 2751 1683 2789 a
1729 2734 1954 2789 colonia:

363 2841 761 2912 Magistratibus
784 2837 1161 2904 comprehensi
1191 2843 1315 2887 sunt
1339 2841 1393 2887 et
1440 2847 1542 2885 una
1576 2828 1956 2898 Carthaginem

363 2934 630 3005 perducti,
662 2932 842 2999 ibique
871 2939 992 2999 post
1020 2929 1306 2998 gloriosam
1334 2923 1732 2980 confessionem
1758 2923 1809 2973 in
1834 2934 1954 2972 car-

362 3042 543 3084 cerem
593 3024 844 3094 conjecti.
882 3021 962 3076 Ad
990 3036 1083 3076 eos
1123 3017 1522 3073 conveniendus
1555 3025 1607 3069 et
1635 3010 1954 3074 visitandos,

367 3121 446 3175 uti
473 3135 568 3189 par
598 3126 682 3171 cst
709 3115 950 3180 credere,
982 3113 1194 3167 incaute
1223 3117 1278 3164 et
1298 3107 1639 3180 glomeratim
1668 3117 1960 3158 concurre-

367 3213 498 3268 bant
529 3208 841 3273 Christiani,
873 3222 937 3261 ex
967 3221 1071 3275 quo
1100 3204 1301 3258 invidia
1324 3200 1717 3279 concitabatur,
1738 3196 1955 3265 ,plures-
1984 3195 2027 3260 Ο

364 3319 470 3376 que
521 3302 679 3358 morti
728 3298 1141 3367 objiciebanlur.
1177 3294 1329 3362 Quod
1363 3304 1587 3347 cernens
1615 3288 1953 3349 Mensurius,
2006 3315 2011 3320 ·

365 3397 656 3452 Creciliano
687 3393 1069 3448 archidiacono
1103 3392 1154 3444 in
1199 3387 1466 3443 mandatis
1494 3386 1642 3440 dedit
1690 3394 1748 3439 ut
1776 3385 1956 3437 incon-

365 3491 561 3546 sultam
595 3489 737 3544 illam
772 3487 980 3542 turbam
1010 3500 1038 3537 a
1090 3483 1295 3536 foribus
1334 3480 1568 3534 carceris
1613 3483 1843 3539 arceret,
1893 3487 1974 3526 ue'

367 3581 629 3644 tumultus
658 3583 831 3646 fieret,
860 3587 914 3633 ct
941 3575 1139 3632 invidia
1169 3574 1554 3628 concitaretur.
1591 3570 1724 3635 lliuc
1770 3580 1955 3646 ansam

373 3685 552 3760 postea
580 3671 849 3727 Czeciliani
882 3666 1243 3724 calumniandi
1290 3664 1636 3731 arripuerunt
1681 3659 1840 3726 hujus
1866 3657 1960 3709 ad-

364 3749 594 3826 versarii
625 3781 689 3821 ac
717 3763 952 3834 ﬁngendi
980 3763 1147 3833 ipsum
1189 3759 1299 3812 lora
1329 3768 1376 3811 et
1407 3758 1574 3827 ﬂagra
1604 3770 1717 3807 cum
1751 3749 1960 3804 armatis

363 3873 482 3917 ante
505 3867 641 3932 {ores
671 3859 891 3912 carceris
922 3855 1171 3927 posuisse,
1198 3863 1245 3923 et
1275 3853 1336 3903 ab
1364 3850 1594 3919 ingressu
1618 3856 1773 3916 atque
1817 3843 1959 3897 aditu

367 3965 574 4010 cunctos
622 3955 709 4024 qui
755 3953 940 4007 victum
996 3959 1270 4021 potumque
1321 3942 1632 4013 martyribus
1682 3937 1961 4005 offerebant

367 4050 510 4120 gravi
541 4048 734 4120 injuria
772 4043 1101 4116 propulsasse
1128 4057 1146 4094 :
1173 4054 1292 4110 qua:
1321 4037 1589 4090 calumnia
1620 4048 1648 4086 a
1677 4030 1958 4086 verisimili

369 4141 595 4198 omnino
623 4140 878 4193 abhorret
909 4151 1007 4190 nec
1043 4135 1199 4188 aliam
1234 4131 1432 4184 habere
1459 4128 1672 4182 videtur
1697 4124 1958 4193 originem

369 4249 529 4305 quam
555 4232 698 4303 quod
727 4230 981 4304 Cypriani
1006 4227 1286 4284 consilium
1346 4231 1562 4278 secutus
1592 4215 1961 4273 commendarit

370 4335 428 4380 ut
448 4336 594 4381 caute
620 4335 664 4380 et
691 4341 789 4379 non
825 4319 1342 4395 glomeratim(verba
1367 4311 1761 4385 suntCypriani
1786 4325 1875 4377 ep.
1901 4307 1960 4377 γ)

371 4438 465 4476 nec
493 4436 582 4493 per
608 4394 981 4472 multitudinem
1010 4413 1102 4467 sibi
1121 4394 1356 4484 junctam
1387 4409 1453 4463 ad
1475 4404 1883 4462 conservandum
1912 4411 1960 4453 et

371 4513 685 4568 uisitandum
720 4514 1060 4578 confessores,
1083 4504 1365 4558 Christiani
1394 4508 1772 4563 concurrerent,
1812 4508 1963 4565 atque

371 4615 427 4660 ut
455 4621 570 4659 cum
598 4607 990 4674 temperamento
1019 4595 1114 4650 hoc
1135 4598 1370 4667 ageretur
1401 4610 1490 4663 per
1521 4591 1857 4662 Presbyteros
1883 4588 1963 4641 al-
1986 4596 2039 4656 1)

372 4701 531 4756 ternis
555 4699 746 4753 vicibus
773 4711 830 4750 eo
857 4693 1129 4758 venientes,
1159 4701 1214 4746 ut
1250 4689 1437 4743 scilicet
1468 4687 1775 4756 temporibus
1801 4683 1961 4737 servi-

375 4804 536 4859 retur,
569 4792 726 4866 quieti
751 4789 1126 4863 prospiceretur
1149 4784 1353 4850 et-plebi
1375 4781 1745 4853 provideretur.

454 4885 591 4954 Quid
634 4884 698 4937 de
750 4881 937 4936 Felicis
987 4877 1322 4950 Aptungitaui
1376 4891 1528 4927 causa
1571 4871 1962 4926 constiterit.—

373 4980 610 5039 Feliccm
643 4975 1057 5046 Aptungitanum
1087 4969 1412 5040 Episcopum
1442 4964 1733 5022 Cmciliani.
1763 4973 1819 5016 ut
1839 4977 1959 5015 mox

373 5074 641 5138 dicemus,
674 5068 1062 5130 ordinatorem,
1093 5059 1584 5116 traditionisetiam
1626 5056 1853 5110 crimine
1882 5055 1962 5107 in-

374 5167 646 5224 famarunt
689 5160 1001 5216 Donatistae.
1035 5156 1103 5211 At
1129 5171 1191 5209 ex
1223 5153 1542 5227 testimoniis
1572 5166 1757 5205 eorum
1787 5148 1878 5217 qui
1903 5163 1964 5202 ea

370 5261 441 5316 de
469 5275 549 5325 re,
595 5255 938 5327 postmodum
982 5249 1328 5320 inquisitione
1377 5246 1510 5299 facta
1542 5259 1684 5298 anno
1715 5242 1854 5309 5M,
1899 5242 1966 5296 ab

371 5354 590 5412 Atiliano
655 5345 978 5423 proconsule
1029 5343 1184 5414 jussu
1239 5339 1572 5396 Constantini
1627 5327 1967 5405 imperatoris

372 5447 537 5503 auditi
575 5456 722 5509 sunt,
756 5444 1052 5497 immunem
1082 5436 1149 5489 ab
1177 5449 1243 5487 co
1281 5432 1508 5486 crimine
1537 5430 1770 5485 Felicem
1802 5428 1967 5481 fuisse

369 5539 634 5596 caiistiiit.
658 5539 867 5606 Quippe
890 5532 1209 5588 Caecilianus
1233 5528 1322 5598 qui
1340 5526 1597 5580 Duumvir
1615 5533 1729 5576 erat
1754 5521 1960 5590 Aptun-

370 5631 563 5703 gitana!
599 5630 848 5694 coloniae,
881 5641 1002 5682 cum
1039 5621 1374 5694 pr0positum
1408 5627 1492 5673 est
1517 5616 1752 5703 edictum
1791 5613 1859 5667 de
1884 5613 1965 5666 di-

371 5725 592 5793 mendis
622 5723 877 5780 Ecclesiis
904 5731 961 5778 et
1000 5716 1390 5776 comburendis
1437 5713 1588 5768 libris
1612 5695 1965 5764 'Chrisiiano-

373 5833 513 5884 rum,
570 5826 793 5874 testatus
846 5827 929 5871 est
982 5829 1074 5881 sc,
1126 5827 1248 5869 cum
1302 5809 1524 5866 missum
1575 5815 1658 5860 est
1709 5802 1965 5864 edictum,

2056 1909 2123 1961 ab
2149 1923 2214 1961 eo
2240 1907 2390 1975 ριιῑῐίι
2416 1907 2564 1974 quasi
2600 1906 2792 1960 Felicis
2823 1905 3058 1966 nomine,
3083 1915 3138 1957 ut
3180 1907 3386 1974 scripto
3415 1915 3652 1959 testare-

2057 2011 2143 2055 tur
2173 2003 2388 2056 codices
2414 2017 2598 2057 sacros
2625 2002 2932 2056 combustos
2964 2016 3084 2055 esse
3113 2010 3356 2070 tempore
3395 2000 3560 2054 duum
3574 2000 3657 2053 via

2055 2104 2203 2147 ratus
2231 2095 2333 2147 sui.
2379 2095 2512 2159 Cum
2558 2096 2607 2147 id
2660 2095 2760 2164 ipsi
2801 2095 3122 2164 denegasset
3149 2093 3508 2152 Czecilianus.
3543 2096 3657 2145 Au-

2054 2188 2292 2255 gcntium
2339 2192 2569 2240 amicum
2597 2196 2650 2242 et
2695 2187 2953 2257 collegam
2999 2185 3269 2241 Cmciliani
3306 2186 3359 2239 in
3398 2185 3658 2239 tedilitatc

2056 2278 2304 2332 adhibuit
2338 2280 2774 2344 intercessorem,
2809 2280 2873 2334 ad
2903 2278 3054 2350 cujus
3087 2293 3274 2347 preces
3318 2277 3647 2332 Caecilianus

2056 2371 2337 2438 epistolam
2369 2371 2586 2440 scripsit
2612 2371 2798 2437 Felici,
2831 2387 2932 2440 qua
2962 2373 3260 2425 testabatur
3290 2384 3435 2423 anno
3460 2369 3658 2423 duum-

2057 2464 2263 2518 viratus
2309 2465 2392 2520 sui
2425 2475 2694 2533 praesente
2725 2466 2935 2521 Galatio
2966 2466 3221 2534 quasdam
3256 2464 3519 2534 epistolas
3566 2478 3658 2517 sa-

2060 2556 2340 2614 lutatorias
2368 2575 2396 2614 c
2421 2558 2638 2614 basilica
2669 2558 2831 2612 fuisse
2878 2559 3104 2625 ablatas,
3137 2566 3189 2614 et
3226 2557 3502 2627 lngentins
3533 2557 3659 2612 huic

2059 2652 2302 2721 epistotm
2343 2652 2547 2705 addidit
2595 2652 2823 2707 Felicem
2870 2653 3072 2707 dixisse
3102 2669 3115 2705 :
3145 2650 3292 2706 Tolle
3341 2653 3537 2705 clavem
3561 2693 3577 2716 ,
3609 2661 3659 2705 et

2060 2759 2188 2813 quos
2231 2743 2283 2796 in
2329 2743 2570 2796 cathedra
2611 2743 2767 2797 libros
2813 2753 2859 2797 et
2885 2761 3038 2811 super
3069 2744 3240 2813 lapide
3283 2744 3487 2796 codices
3535 2743 3663 2796 tolle

2061 2839 2200 2903 illos,
2224 2831 2320 2917 sed
2363 2839 2476 2891 vide
2515 2838 2766 2907 ofﬁciales
2796 2855 2858 2892 ne
2883 2839 3070 2891 tollant
3097 2837 3264 2891 oleum
3308 2848 3356 2890 et
3404 2838 3659 2890 triticum.

2061 2934 2157 2986 (lui
2192 2949 2313 2988 cum
2342 2924 2716 3004 respondisSet
2737 2932 3055 2990 chilianus
3080 2952 3091 2986 :
3123 2933 3203 2987 Tu
3231 2935 3393 2987 nescis
3426 2933 3546 2998 quia
3570 2934 3664 2986 ubi

2061 3025 2329 3093 scripturae
2356 3028 2680 3079 inveniuntur
2709 3028 2820 3090 ipsa
2847 3027 2898 3097 3
2929 3027 3111 3079 domus
3140 3025 3387 3079 diruitur.
3419 3024 3662 3079 Felicem

2052 3118 2128 3170 ad
2183 3119 2295 3172 hrec
2341 3119 2540 3173 dixisse
2573 3138 2584 3173 :
2622 3120 2760 3184 Quid
2792 3137 2924 3190 ‘ergo
2968 3119 3262 3188 facimus?
3307 3117 3665 3174 Caecilianum

2064 3215 2407 3282 respondisse
2443 3232 2457 3269 :
2490 3213 2663 3266 Tollat
2685 3213 2871 3282 aliquis
2898 3211 2962 3266 de
2988 3213 3179 3270 vestris
3192 3212 3256 3266 in'
3272 3229 3394 3266 area
3422 3210 3510 3264 ubi
3541 3227 3667 3264 ora-

2066 3307 2227 3360 tiones
2255 3305 2425 3372 facitis
2453 3316 2497 3359 et
2521 3306 2627 3358 illic
2653 3315 2929 3376 ponantur,
2959 3314 3004 3358 et
3025 3321 3116 3378 ego
3138 3304 3281 3358 venio
3309 3315 3425 3356 eum
3451 3303 3680 3375 officiat

2063 3397 2194 3450 libus
2222 3407 2266 3450 et
2291 3397 2436 3462 tollo,
2465 3404 2627 3468 atque
2649 3395 2774 3451 huic
2797 3395 3025 3452 consilio
3049 3397 3288 3466 paruisse
3313 3396 3571 3460 Felicem,
3607 3405 3669 3451 ct

2062 3489 2116 3543 in
2143 3504 2268 3555 area
2297 3490 2509 3544 codices
2536 3505 2721 3544 sacros
2768 3491 2893 3559 poni
2941 3490 3230 3544 mandasse
3263 3507 3277 3542 :
3312 3488 3442 3543 illuc
3487 3487 3668 3543 Carci-

2065 3581 2265 3636 lianum
2294 3598 2414 3636 cum
2460 3583 2780 3638 officialibus
2805 3585 3018 3639 venisse
3059 3593 3113 3638 et
3138 3583 3317 3636 omnia
3348 3583 3540 3638 tulisse
3569 3597 3666 3638 se-

2064 3674 2296 3729 cundum
2346 3689 2555 3730 sacrum
2605 3684 2952 3747 praeceptum.
2991 3675 3314 3730 Caecilianus
3360 3676 3412 3730 in
3459 3676 3668 3746 judicio

2064 3774 2234 3821 totum
2279 3768 2418 3821 istud
2467 3769 2708 3837 epistolae
2763 3757 2873 3825 sua:
2917 3769 3186 3839 adjectum
3219 3784 3342 3824 esse
3386 3769 3672 3825 contendit

2064 3869 2224 3928 atque
2270 3859 2572 3930 lugentium
2623 3862 2741 3915 falsi
2773 3863 3065 3932 redarguit,
3098 3863 3185 3931 qui
3217 3877 3517 3931 suspensus
3563 3863 3668 3916 im-

2066 3957 2380 4009 minentium
2440 3963 2826 4011 tormentorum
2869 3965 3013 4011 metu
3060 3956 3232 4010 fassus
3271 3968 3353 4010 est
3381 3957 3500 4012 lucc
3546 3957 3669 4025 epi-

2066 4050 2218 4102 stolrc
2235 4065 2293 4105 se
2324 4047 2679 4122 a’ddidissefin
2706 4034 3171 4119 vindictamhlatiri
3198 4049 3533 4119 hospitis'sui
3556 4091 3569 4116 ,
3607 4059 3671 4105 ut

2065 4140 2230 4196 Felici
2265 4142 2564 4196 traditionis
2594 4153 2772 4212 notam
2801 4142 3062 4197 inureret.

2139 4253 2367 4310 Nomina
2410 4255 2785 4324 Episcoporum
2812 4254 3033 4307 'concilii
3077 4252 3344 4308 Cirtensis.
3370 4282 3442 4293 —
3467 4252 3665 4308 Perse-

2065 4350 2282 4404 cutione
2313 4349 2556 4404 codicum
2589 4347 2968 4402 tradendorum
3003 4347 3221 4416 paulum
3251 4345 3493 4400 relaxata
3524 4353 3670 4400 anno

2066 4458 2191 4497 atrae
2233 4442 2468 4511 vulgaris
2508 4439 2644 4506 505,
2685 4457 2746 4495 ιιι
2782 4455 2952 4495 nonas
2989 4439 3162 4493 Martii
3206 4437 3319 4508 (l),
3360 4438 3546 4492 dccem
3575 4449 3671 4493 aut

2065 4535 2316 4589 undecim
2368 4535 2605 4603 episcopi
2657 4533 2920 4587 Numidia:
2968 4542 3342 4586 convenerunt
3394 4527 3560 4584 Cirta:
3612 4531 3667 4583 in

2065 4626 2281 4680 domum
2321 4625 2526 4681 Urbani
2571 4623 2767 4678 Donati
2800 4624 2866 4680 ad
2901 4623 3261 4678 ordinandum
3300 4622 3353 4676 in
3395 4622 3497 4677 hac
3536 4622 3670 4678 urbe

2065 4721 2393 4791 EpiscOpum
2413 4720 2463 4773 in
2491 4720 2663 4774 locum
2688 4719 3132 4774 PauliCirtensis.
3151 4718 3389 4772 Primum
3411 4717 3554 4772 inter
3572 4732 3672 4772 eos

2064 4815 2398 4885 antiquitatis
2422 4815 2542 4884 jure
2569 4815 2744 4869 locum
2768 4813 2990 4868 tenebat
3012 4811 3293 4868 Secundus
3313 4811 3670 4880 Tigisitanus,

2066 4925 2187 4965 cum
2233 4925 2338 4980 quo
2381 4909 2678 4964 consedere
2726 4903 2962 4962 Donatus
3007 4905 3433 4980 Masculitanus,
3481 4904 3674 4959 Victor

2067 5003 2513 5065 Russicadensis,
2551 5002 2786 5055 Marinus
2824 5000 2891 5054 ab
2917 4999 3085 5068 Aquis
3114 4997 3458 5062 Tibilitanis,
3493 4997 3674 5051 Dona.

2068 5107 2152 5149 tus
2177 5095 2542 5156 Calamensis,
2579 5094 2876 5162 Purpurius
2913 5091 3275 5155 Limatensis,
3309 5088 3502 5144 Victor
3536 5089 3674 5144 Car-

2070 5190 2281 5251 bensis,
2313 5170 2464 5243 Felix
2495 5188 2809 5249 aRotario,
2849 5185 3029 5239 Nahor
3076 5201 3105 5238 a
3147 5183 3528 5248 Centurionis,
3574 5183 3674 5239 Sc-

2070 5282 2273 5336 cundus
2297 5283 2474 5335 minor
2503 5281 2639 5333 illius
2666 5279 2846 5332 fratris
2865 5275 3423 5344 Secundi'l‘igisitani.
3463 5274 3670 5329 Cirtam

2070 5390 2283 5442 quoque
2320 5382 2541 5428 venerat
2574 5371 2834 5425 Menalius
2865 5371 3127 5423 incertum
3156 5369 3310 5434 cujus
3341 5369 3392 5419 in
3424 5351 3673 5421 Numidis

2071 5465 2215 5521 sedis
2241 5466 2545 5536 episcopus,
2565 5463 2659 5519 sed
2690 5462 2780 5530 qui
2806 5476 2873 5516 ne
2900 5475 2928 5514 a
2958 5460 3070 5514 suis
3090 5459 3301 5513 civibus
3328 5456 3674 5513 thurilicasse

2064 5779 2066 5782 i
2145 5702 2222 5774 (t)
2277 5705 2423 5758 Anno
2470 5702 2609 5767 505,
2655 5715 2712 5754 ιιι
2753 5697 2937 5752 Nonas
2964 5693 3169 5750 Martii.
3221 5693 3299 5749 De
3329 5693 3438 5750 hac
3467 5694 3672 5765 epocbs

2075 5799 2198 5856 vide
2229 5798 2632 5855 annotationem
2664 5794 2769 5863 62,
2806 5794 2858 5850 in
2890 5792 2986 5847 lib.
3019 5807 3034 5847 ι
3066 5790 3273 5862 Optati.
