3822 6220
172 244 268 297 777

169 361 505 430 probaretur,
532 368 809 427 oculorum
839 375 1083 435 dolorem
1113 386 1313 456 fingens

166 463 379 509 suormu
410 461 708 527 procedere
737 470 1041 536 trepidavit.

229 546 551 608 Accusantur
572 557 745 626 plures
771 560 1088 623 Traditiouis
1111 587 1141 622 a
1170 574 1429 633 Secundo.
1462 582 1756 654 Purpurius

167 636 429 696 homicidii
452 658 728 704 accusatus
777 653 1020 721 ferociter
1070 668 1355 731 respondit.
1410 673 1756 733 Absolvuntur

163 746 329 789 omnes
361 737 469 794 Deo
492 757 694 800 seruata
715 766 896 805 eorum
922 771 1184 811 causa.—
1205 760 1273 815 ln'
1289 762 1530 824 Concilio
1556 787 1749 842 prom-

161 827 316 883 sitmn
339 842 425 888 est
444 851 473 889 a
496 836 771 909 Secundo,
799 854 855 900 ut
874 858 1163 921 antequam
1190 856 1504 929 episcopum
1529 866 1748 921 ordina-

160 933 297 991 rent,
326 929 621 994 probarent
646 949 767 1009 sese
792 939 1086 1009 adstantes,
1120 946 1222 1004 hoc
1245 961 1350 1017 est,
1376 967 1669 1025 purgarent
1691 976 1753 1017 se

162 1014 225 1068 ab
248 1022 681 1081 accusationibus
705 1038 800 1083 aut
834 1036 1234 1103 suspicionibus
1271 1044 1580 1102 criminum.
1615 1050 1749 1107 Tum

162 1103 203 1157 is
229 1106 490 1167 Donatum
514 1115 918 1179 Masculitannm
943 1128 1316 1203 interrogavit,
1347 1154 1473 1192 unm
1505 1142 1755 1199 tradidis-

159 1207 269 1259 set;
296 1199 384 1255 llic
405 1220 582 1275 neque
608 1209 804 1270 factum
830 1217 1057 1289 ingenue
1079 1199 1254 1282 fassus
1271 1240 1376 1296 est,
1392 1248 1573 1303 neque
1595 1237 1754 1304 plane

160 1291 364 1357 negavit
386 1334 401 1357 ,
427 1296 523 1351 sed
550 1305 827 1369 restiondit
853 1324 914 1364 se
942 1315 1226 1380 qumsitum
1251 1335 1279 1373 a
1303 1291 1465 1377 Floro
1489 1291 1553 1379 'ut
1579 1291 1755 1384 t-huri-

485 1389 741 1447 traditum
782 1414 894 1453 non
936 1401 1109 1462 fuisse
1153 1406 1205 1461 in
1252 1426 1447 1469 manus
1477 1417 1627 1485 ejus:
1659 1421 1753 1475 ad-

158 1468 320 1539 dens,
365 1476 491 1543 quia
536 1478 676 1537 Deus
720 1489 848 1542 mihi
888 1492 1121 1562 dimisit,
1160 1517 1284 1572 ergo
1327 1513 1373 1559 et
1410 1517 1466 1559 tu
1497 1526 1644 1564 serva
1672 1529 1754 1566 me

156 1561 291 1631 Deo,
325 1565 396 1620 ita
428 1572 643 1629 veniam
675 1578 919 1638 criminis
948 1590 1352 1669 quasi‘admissi
1393 1610 1620 1669 petens;
1664 1606 1751 1660 cui

155 1663 389 1726 reposuit
430 1663 750 1726 Secundus:
789 1674 928 1739 Quid
951 1695 1070 1750 ergo
1091 1659 1281 1751 facturi
1310 1705 1487 1746 sumus
1517 1696 1579 1748 de
1609 1714 1750 1750 mar-

155 1750 477 1824 tyribusquia
500 1774 602 1813 nou
624 1763 974 1834 tradiderunt,
1003 1781 1048 1825 et
1072 1750 1187 1829 ideo
1199 1784 1433 1835 coronati
1452 1797 1571 1839 sunt
1587 1788 1613 1840 1’
1637 1789 1743 1842 Do-

155 1850 308 1897 natus
345 1860 564 1904 rursum
596 1853 705 1906 ait:
740 1855 891 1913 Mitte
919 1878 999 1915 me
1025 1865 1093 1919 ad
1122 1865 1326 1936 Deum,
1356 1884 1407 1926 et
1436 1876 1506 1929 ibi
1535 1879 1748 1934 reddant

149 1935 417 1994 rationem.
438 1940 579 1999 Tum
605 1945 1077 2022 Secundus-jussit
1104 1975 1229 2017 eum
1255 1968 1514 2025 recedere
1543 1973 1594 2027 in
1621 1991 1746 2043 par-

152 2036 251 2082 tem
295 2032 525 2091 alteram
572 2050 630 2094 et
670 2052 816 2099 stare
843 2049 997 2114 quasi
1028 2068 1201 2107 reum.
1247 2057 1454 2116 Deinde
1483 2063 1748 2124 Marinum

147 2120 210 2175 ab
236 2122 405 2194 Aquis
436 2127 748 2190 Tibilitanis
779 2141 1128 2210 compellavit
1169 2147 1252 2204 his
1281 2153 1498 2209 verbis:
1544 2156 1748 2221 Dicitur

145 2221 191 2265 et
218 2222 265 2268 te
291 2218 587 2277 tradidisse.
622 2223 921 2295 Respondit
949 2234 1190 2294 Marinus
1219 2255 1278 2297 se
1318 2244 1536 2305 dedisse
1579 2218 1748 2309 Paulo

145 2304 408 2379 Cartulas,
438 2317 658 2374 codices
691 2337 824 2378 vero
850 2340 979 2383 suos
1010 2332 1189 2388 salvos
1214 2352 1373 2405 esse;
1409 2341 1554 2397 hunc
1580 2348 1744 2401 etiam

145 2396 193 2451 in
216 2411 425 2469 partem
451 2408 677 2476 alteram
703 2417 962 2475 secedere
983 2422 1147 2492 jussit
1172 2426 1474 2488 Secundus.
1506 2435 1747 2495 Donatus

142 2487 466 2555 Calamensis
493 2503 562 2559 ab
584 2520 650 2561 eo
674 2506 924 2567 similiter
953 2511 1350 2589 interrogatus,
1382 2529 1660 2596 respondit
1687 2546 1747 2588 se

143 2585 350 2645 dedisse
393 2594 611 2652 codices
654 2602 1042 2671 medieinales,
1085 2619 1141 2665 et
1180 2612 1281 2668 hoc
1322 2632 1583 2687 responso
1622 2623 1749 2681 dato

141 2680 282 2735 stetit
308 2682 363 2737 in
396 2687 599 2743 medio.
632 2689 820 2749 Victor
847 2711 876 2750 a
908 2698 1206 2759 Russicade
1244 2721 1531 2768 accusatus
1570 2730 1600 2769 a
1643 2718 1743 2773 Se-

142 2775 308 2829 cundo
333 2780 479 2846 quod
509 2784 827 2845 tradidisset
852 2802 1086 2861 quatuor
1112 2797 1401 2871 Evangelia
1424 2846 1440 2871 ,
1469 2819 1656 2878 aperte
1681 2827 1745 2868 ac

140 2864 251 2919 sine
282 2868 407 2923 ullis
444 2874 768 2946 ambagibus
807 2880 1011 2940 crimen
1051 2886 1229 2946 fassus
1269 2904 1385 2948 est:
1422 2896 1745 2958 Valentinia-

142 2970 231 3009 nus
252 3000 267 3023 ,
299 2960 512 3031 inquit,
544 2964 766 3024 Curator
802 2972 938 3041 fuit,
970 2978 1079 3047 ipse
1107 2998 1186 3037 me
1215 2989 1378 3057 coegit
1407 3000 1463 3043 ut
1492 2993 1745 3051 mitterem

141 3047 259 3115 illa;
289 3051 387 3106 hoc
402 3047 649 3113 delictum
676 3063 805 3117 mihi
833 3065 1063 3139 indulge,
1095 3082 1143 3125 et
1171 3047 1404 3150 indulget
1432 3080 1559 3135 nti/ti
1582 3047 1737 3141 Deus.

140 3138 248 3197 Hoc
277 3161 547 3217 responso
575 3152 703 3209 dato
731 3159 914 3214 statim
946 3176 1068 3218 cum
1103 3169 1216 3223 reis
1247 3179 1392 3228 stare
1416 3174 1602 3244 jussus
1631 3190 1733 3236 est.
1766 3165 1809 3225 C
1846 3180 1895 3226 1³

140 3230 267 3289 Tum
283 3237 993 3310 PurpuriumLimatensem
1022 3272 1128 3311 non
1160 3262 1485 3330 traditionis,
1514 3270 1610 3325 sed
1642 3272 1737 3326 ho-

140 3330 333 3386 micidii
366 3335 699 3395 insimulavit
730 3342 1012 3402 Secundus
1036 3392 1049 3417 ,
1084 3353 1153 3406 ita
1197 3370 1321 3410 eum
1360 3364 1733 3431 cetnpellans:

141 3420 333 3477 Dicitur
361 3436 410 3482 te
434 3446 639 3486 necasse
659 3435 796 3504 ﬁlios
818 3443 1005 3496 sororis
1031 3454 1133 3499 tua:
1160 3448 1290 3503 duos
1320 3451 1485 3508 tllilei.
1517 3456 1614 3512 llic
1639 3461 1733 3515 ho-

139 3530 221 3569 mo
240 3515 391 3574 ferox
417 3532 474 3577 et
498 3523 800 3595 impudens,
822 3534 1026 3589 crimen
1050 3536 1256 3593 illatmn
1285 3542 1337 3596 in
1359 3557 1729 3607 accusatorem

144 3612 386 3667 retorsit:
418 3613 585 3671 Putas
607 3662 622 3686 ,
649 3620 823 3692 inquit
853 3625 1128 3699 Secundo,
1156 3651 1237 3688 me
1264 3642 1446 3693 terreri
1470 3659 1501 3695 a
1525 3655 1572 3698 te
1598 3648 1731 3701 sicut

140 3712 182 3752 et
209 3702 343 3759 alii?
370 3705 453 3760 Tu
480 3710 608 3776 quid
638 3714 822 3785 egisti,
853 3721 942 3787 qui
972 3730 1145 3777 tentus
1171 3743 1226 3779 es
1252 3747 1283 3781 α
1310 3743 1544 3788 curatore
1571 3748 1618 3788 et
1649 3755 1731 3791 or.

140 3791 250 3849 dine
277 3806 328 3850 ut
357 3803 647 3872 scripturas
676 3808 871 3865 dares?
902 3813 1173 3878 Quomodo
1203 3832 1251 3874 te
1280 3823 1509 3880 liberasti
1549 3829 1611 3882 ab
1653 3834 1733 3899 ip-

138 3885 233 3948 sis,
264 3890 366 3945 nisi
394 3895 517 3961 quia
553 3898 771 3966 dedisti,
817 3914 907 3957 aut
932 3906 1141 3976 jussisti
1180 3913 1295 3966 dari
1338 3921 1734 3993 quodcumque?

138 3992 250 4031 nam
277 3999 380 4036 non
409 3994 457 4039 te
484 3987 806 4047 dimittebant
839 4000 1050 4064 passim.
1085 4001 1218 4058 Tum
1252 4007 1303 4060 in
1336 4012 1512 4069 minus
1544 4033 1735 4084 prorn-

138 4074 240 4138 pit:
278 4075 390 4148 Ego
411 4120 427 4146 ,
458 4070 673 4153 inquit,
704 4090 906 4154 occidi,
940 4097 1189 4151 etoccido
1218 4117 1303 4155 eos
1331 4107 1420 4175 qui
1446 4121 1626 4163 contra
1657 4130 1736 4168 me

139 4167 327 4233 faciunt
348 4190 366 4225 :
397 4182 453 4243 (υ
482 4175 713 4234 ferinam
742 4183 1205 4264 immanitatem!)
1234 4195 1347 4250 ideo
1374 4200 1482 4253 noli
1508 4219 1586 4258 me
1612 4222 1734 4272 pro-

136 4272 309 4314 vocare
340 4274 395 4317 ut
422 4267 540 4335 plus
570 4270 741 4331 dicant
765 4316 779 4341 ,
809 4279 911 4331 scis
940 4296 1019 4333 me
1044 4283 1106 4337 de
1137 4279 1336 4342 nemine
1366 4301 1608 4349 tractare.
1642 4296 1732 4352 Si-

139 4356 238 4409 mul
268 4373 463 4416 omnes
495 4366 571 4419 rei
603 4366 819 4425 statues
852 4391 1190 4437 murmurare
1229 4399 1514 4455 cmperunt
1542 4392 1733 4449 adver-

138 4461 223 4502 sus
265 4450 599 4512 Secundum.
643 4461 798 4529 Quod
836 4466 1029 4525 videns
1075 4450 1355 4532 Secundus
1396 4482 1537 4537 alter
1571 4483 1730 4554 hujus

138 4538 312 4599 fratris
354 4548 497 4603 liltu:
519 4593 533 4615 ,
578 4564 827 4621 patruum
869 4562 948 4615 sie
977 4564 1246 4622 allocutus
1274 4581 1393 4625 est:
1426 4575 1587 4629 Audis
1616 4593 1731 4645 qua:

137 4636 265 4689 dicat
289 4640 342 4693 in
372 4643 460 4695 te?
487 4658 700 4713 paratus
728 4662 800 4706 est
828 4660 1061 4711 recedere
1085 4669 1132 4712 et
1158 4663 1378 4716 schismu
1405 4668 1729 4737 facere,.non

488 4710 495 4713 _
1044 4710 1047 4711 ,
1092 4710 1125 4712 ,_
1405 4710 1729 4737 ,.--...,-......

138 4710 328 4793 lanium
360 4734 490 4803 ipse,
523 4739 611 4790 scd
639 4748 684 4792 et
713 4758 885 4797 omnes
912 4740 1035 4815 quos
1064 4754 1279 4822 arguis;
1317 4772 1442 4825 quos
1461 4760 1567 4813 scio
1609 4762 1729 4829 quia

139 4822 388 4885 dimittere
413 4844 459 4886 te
486 4835 675 4889 habent
715 4848 761 4891 et
812 4841 936 4897 dare
965 4846 1016 4899 ir:
1047 4856 1095 4901 te
1120 4853 1421 4907 sententiam
1443 4897 1456 4919 ,
1489 4869 1535 4909 et
1564 4876 1730 4913 remu—

140 4918 270 4973 nebis
311 4925 454 4978 solus
498 4925 813 4986 haereticus:
850 4935 963 4990 ideo
1004 4941 1129 5008 quid
1167 4944 1235 4995 ad
1275 4954 1323 4998 te
1361 4949 1578 5015 pertinet
1617 4955 1731 5020 quis

138 5012 253 5073 quid
278 5016 421 5086 egit?
444 5016 552 5072 Deo
581 5021 726 5077 habet
753 5028 961 5083 reddere
986 5034 1259 5087 rationem.
1287 5038 1422 5092 Tum
1450 5040 1731 5100 Secundus

140 5099 462 5172 Tigisitanus
494 5112 544 5165 id
580 5128 823 5173 metuens
846 5162 861 5186 ,
892 5126 1156 5180 censultis
1185 5127 1401 5186 Victore
1431 5134 1692 5192 Garbensi
1715 5181 1729 5207 ,

142 5192 312 5253 Felice
351 5217 381 5255 a
421 5202 676 5271 Rotario,
721 5219 773 5263 et
814 5211 1025 5270 Nalmre
1064 5232 1092 5271 a
1134 5220 1512 5290 Centurionis,
1562 5230 1731 5285 trilms

140 5288 340 5345 scilicet
360 5292 633 5362 jndicibns
661 5305 1043 5371 superstitibus
1069 5312 1158 5380 qni
1188 5311 1243 5365 in
1272 5318 1597 5372 sententiam
1627 5321 1727 5375 Se-

142 5382 291 5435 cundi
335 5386 561 5444 minoris
607 5390 1010 5455 descenderunt
1047 5412 1102 5455 et
1144 5405 1303 5459 talem
1348 5423 1565 5464 eausam
1618 5413 1731 5468 Deo

141 5476 336 5529 servari
387 5477 590 5537 debere
640 5499 1006 5555 censuerunt,
1062 5510 1278 5551 reorum
1328 5502 1725 5560 absolutionem

144 5570 537 5635 pronuntiavit,
570 5588 775 5645 eosque
804 5580 997 5637 sedere
1021 5584 1203 5653 jussit.
1235 5589 1385 5646 ’l‘nnc
1413 5593 1614 5657 dictum
1647 5610 1731 5652 est

145 5656 204 5707 ab
231 5660 479 5714 ltlllltiblls
509 5662 618 5717 Dco
640 5671 840 5735 gratias
861 5713 874 5735 ,
907 5687 954 5725 et
984 5677 1263 5731 Sederunt.

212 5749 479 5807 Ordinatio
524 5755 743 5810 Silvttni.
799 5760 1117 5822 Nundinarii
1161 5770 1368 5828 diaconi
1407 5777 1654 5836 dissensio
1694 5800 1727 5837 tt

561 5850 832 5913 ιἈῖιιυι..
885 5857 992 5918 λι.

1353 273 1680 333 HISTORIA
1719 281 2281 348 DONA'l'lSTAllL'M.

1345 393 1410 448 ad
1428 412 1750 457 censi-ssnon
1780 411 1835 467 Λ
1861 406 2096 462 Silvano.
2124 440 2195 449 —
2224 412 2348 467 Hcce
2396 418 2546 484 prior
2599 439 2721 491 pars
2772 432 2984 500 synodi.
3038 436 3080 491 Ρ

3353 330 3457 389 778

3082 443 3315 497 ostcrior
3362 450 3459 505 fuit

2762 520 2772 572 i
2825 523 2876 577 in
2931 526 3107 584 locum
3160 533 3452 595 demortui.

1860 590 2114 647 Silvanus
2159 595 2205 649 is
2252 598 2318 652 de
2367 617 2477 670 quo
2522 609 2671 674 prius
2716 610 2957 686 dictum,
3004 626 3094 691 qui
3143 627 3244 681 sub
3289 590 3458 688 Paulo

1855 682 2118 753 episcopo
2163 687 2438 748 lucernam
2480 707 2532 750 et
2572 702 2918 769 capitulatam
2960 727 3271 777 argenteam
3312 724 3456 780 ultro

1855 775 2190 843 tradiderat,
2222 785 2532 853 prepositus
2560 800 2643 845 est
2673 804 2730 847 ut
2760 798 3104 859 ordinaretur
3134 812 3185 863 in
3216 813 3335 882 ejus
3372 818 3456 872 lo-

1855 877 2011 918 cum:
2054 879 2181 926 tunc
2219 888 2246 925 λ
2290 880 2488 946 populo
2516 884 2872 942 acclamatum
2912 904 3027 949 est:
3065 877 3306 957 Traditor
3339 919 3447 971 est,

3190 953 3290 957 .--ν
3341 953 3414 962 ςν-
3431 953 3447 971 .

1852 953 1989 1008 alius
2017 958 2147 1027 fiat;
2174 981 2361 1030 parum
2387 980 2435 1021 et
2462 971 2714 1046 integrum
2742 978 2901 1034 civem
2933 997 3162 1043 nostrum
3190 996 3447 1054 volumus.

1854 1048 2131 1107 Adversus
2153 1056 2311 1126 hujus
2338 1064 2663 1125 electionem
2689 1075 3038 1133 reclamatum
3066 1096 3147 1139 est
3173 1104 3200 1141 a
3226 1092 3373 1147 clero
3399 1105 3455 1151 et

1853 1138 1923 1190 ab
1959 1142 2238 1205 honoratis
2273 1154 2514 1222 civibus;
2554 1163 2647 1218 sed
2686 1172 2920 1225 arenarii
2961 1178 3146 1233 rustici
3182 1182 3381 1254 aliique
3421 1204 3452 1243 e

1854 1229 1944 1254 ..211
1990 1235 2096 1254 -Ιᾼι
2132 1253 2138 1254 γ
2223 1242 2236 1254 ⁸
2516 1251 2526 1254 “

3109 1229 3145 1233 __
3183 1229 3381 1254 -.,-..,..υ
3422 1229 3451 1243 υ

1854 1229 1945 1282 vili
1989 1235 2269 1300 plebecula
2312 1251 2563 1306 mercede
2601 1258 2855 1314 conducti
2901 1264 2954 1318 in
2991 1284 3118 1322 arca
3156 1287 3451 1347 martyrum

1856 1323 2079 1347 l.----—--
2226 1337 2235 1346 '
2366 1343 2377 1347 ‘
2456 1344 2467 1347 ‘

1855 1323 2150 1387 honoratos
2189 1337 2335 1394 cives
2363 1343 2728 1416 incluserunt,
2761 1370 2826 1409 ac
2857 1360 3129 1417 sublataet
3176 1366 3451 1427 Silvanum

1852 1428 1883 1467 a
1912 1415 2058 1472 Muto
2083 1430 2334 1484 arenario
2358 1434 2675 1506 episcopum
2704 1448 3106 1511 proclamarunt
3127 1498 3142 1521 ,
3170 1473 3327 1528 quem
3354 1463 3454 1521 Se-

1857 1508 1993 1528 mw,
2045 1527 2053 1528 ί
2125 1524 2138 1528 _
2366 1525 2375 1528 -

2704 1508 2715 1511 _
3128 1508 3141 1521 ι
3175 1508 3327 1528 Ί*⁷’”
3354 1508 3427 1521 ν’·

1852 1508 2062 1565 cundns
2087 1524 2145 1568 et
2171 1516 2261 1571 alii
2292 1525 2531 1596 episcopi
2562 1533 2649 1600 qui
2679 1534 2879 1591 Cirtam
2909 1556 3280 1606 convenerant
3306 1557 3454 1612 ordi-

1855 1612 2073 1657 navere.
2118 1608 2158 1661 A
2210 1609 2435 1669 Silvano
2479 1619 2706 1691 deinde,
2753 1638 3109 1698 praesentibus
3147 1642 3453 1720 episcOpis,

1855 1687 2041 1720 Vh“..-
2084 1701 2228 1720 ,μηΑ
2622 1713 2656 1720 --

1855 1687 2041 1747 Via"?
2084 1701 2372 1774 PTCSbyter
2408 1720 2497 1764 est
2540 1687 2855 1786 ordinatus,
2885 1727 2989 1793 qui
3019 1741 3074 1784 ut
3114 1687 3271 1791 fiei‘e't
3301 1687 3457 1808 pilos:

1855 1779 2006 1808 In“..-
2044 1788 2092 1808 --ε
2135 1789 2146 1808 9
2195 1794 2227 1808 .-
2273 1794 2296 1808 ιι
2332 1796 2364 1808 ι.
2473 1801 2543 1808 .-..

1862 497 2058 552 electio
2107 513 2162 555 ct
2212 506 2483 564 ordinatio
2536 516 2752 585 cpiscop

1775 1779 1820 1838 Β
1847 1779 2007 1853 bytcr
2044 1788 2229 1858 viginti
2271 1794 2430 1853 folles
2468 1801 2687 1861 Silvano
2717 1779 3064 1886 detlit,.qtios
3105 1833 3230 1879 ante
3268 1779 3457 1888 ciithe—

1848 1876 2005 1934 dram
2033 1884 2415 1958 episcoporum
2446 1899 2684 1967 positos,
2719 1903 2825 1973 ipsi
2857 1908 3158 1969 diviserunt
3198 1918 3335 1975 inter
3370 1939 3451 1981 se.

1852 1968 1979 2026 llzec
2008 1978 2189 2032 otnnia
2234 1984 2489 2050 patefecit
2534 1988 2900 2054 Nundinarius
2943 2002 3149 2063 Silvani
3192 2010 3454 2073 diaconus

1848 2060 2018 2121 iratus
2056 2068 2318 2130 adversus
2353 2080 2674 2151 episcopum
2716 2102 2873 2144 suum
2917 2108 2945 2146 a
2991 2112 3097 2167 quo
3126 2100 3304 2159 fuerat
3333 2106 3454 2164 loco

1848 2166 2048 2212 motus.
2094 2160 2228 2230 Qum
2271 2184 2361 2224 res
2410 2171 2735 2243 Purpurioni
2780 2182 3152 2245 Limatensem
3188 2205 3242 2250 et
3282 2199 3449 2256 alium

1848 2247 2095 2317 ejusdem
2129 2255 2381 2317 factionis
2410 2267 2727 2340 episcopum
2771 2280 2987 2335 noutine
3031 2282 3247 2343 Fortem
3278 2292 3454 2362 impu-

1850 2337 1912 2362 ιε.
1978 2352 2030 2362 μ.
2067 2361 2078 2362 κ
2108 2346 2125 2362 ι
2155 2347 2229 2362 η·-

2604 2337 2613 2340 -
3116 2337 3122 2339 τ
3146 2337 3247 2343 ηπ·
3278 2337 3424 2362 ""r“

1848 2337 1945 2405 lit,
1977 2352 2035 2397 ttt
2059 2346 2125 2399 ad
2154 2347 2434 2410 Silvanum
2461 2370 2513 2413 et
2543 2362 2609 2416 ad
2640 2365 2917 2425 Cirtenses
2941 2376 3242 2434 scriberent
3267 2388 3454 2454 quavis

3233 2433 3238 2434 ,
3271 2433 3451 2454 1--....

1848 2433 2061 2491 ratione
2085 2436 2404 2502 Nundinarii
2434 2449 2645 2508 diaconi
2675 2461 3043 2520 exulceratum
3070 2472 3307 2529 animum
3336 2479 3451 2547 pla-

3203 2525 3206 2526 ν
3336 2525 3421 2547 τ--

1830 2525 1959 2585 ,cari
1999 2539 2290 2604 oportere,
2331 2554 2401 2594 ne
2437 2559 2555 2611 qtae
2584 2548 2785 2604 sciebat
2820 2552 2996 2621 palam
3026 2557 3225 2617 faceret
3263 2584 3276 2617 :
3307 2570 3450 2636 quod

1847 2629 1970 2701 cum
1999 2620 2198 2679 factum
2227 2644 2333 2684 non
2362 2633 2584 2703 fuisset,
2617 2640 2868 2698 Silvanus
2900 2646 3094 2705 harum
3128 2670 3305 2711 rerum
3354 2660 3451 2715 do—

1847 2719 2099 2772 cumenta
2128 2731 2181 2775 et
2210 2720 2378 2780 testes
2405 2731 2650 2788 exhibuit
2677 2751 2860 2793 coram
2890 2741 3190 2814 Zenopbilo
3219 2740 3449 2820 procon-

1847 2804 1965 2859 sule
1984 2848 1998 2871 ,
2032 2817 2091 2862 ut
2118 2811 2315 2870 habent
2339 2830 2514 2889 gesta.

1922 2898 2081 2971 Origo
2103 2906 2413 2964 schismatis.
2440 2913 2659 2972 Lucilltc
2683 2923 2925 2980 adversus
2942 2926 3276 2987 Ca'ciliauum
3298 2939 3445 2995 ria‘a'.

1848 3016 1916 3026 -—
1946 2989 2306 3056 Quantumvis
2358 3004 2654 3064 Secundus
2675 3012 3005 3083 Tigisitanus
3045 3035 3097 3077 et
3147 3025 3451 3088 Mensurius

1847 3080 2295 3155 Carthaginensis
2327 3110 2435 3149 non
2471 3099 2607 3155 bene
2638 3109 3031 3165 concordarent
3055 3156 3067 3172 .
3100 3116 3450 3180 nihilominus

1903 3190 2023 3229 meu
2060 3182 2317 3248 quamdiu
2351 3188 2481 3244 vixit
2529 3192 2863 3263 Mensurins,
2914 3205 3115 3261 nullum
3165 3209 3305 3267 inter
3352 3232 3447 3271 eos

1843 3269 2082 3325 schisma
2109 3280 2319 3345 erupit:
2364 3294 2419 3336 at
2450 3300 2515 3340 eo
2547 3301 2792 3357 mortuo,
2835 3294 2903 3347 ab
2941 3296 3132 3354 iisdem
3175 3306 3446 3378 episcopis

1841 3362 1933 3428 qui
1962 3366 2193 3421 concilio
2218 3369 2454 3429 Cirtensi
2484 3379 2801 3448 adfuerant,
2830 3387 3174 3449 ordinatione
3202 3396 3449 3468 Majorini

1842 3467 2000 3521 quem
2040 3456 2335 3518 Cteciliano
2384 3470 2535 3537 pritis
2579 3474 2828 3531 ordinato
2866 3488 3270 3554 oppesuerunt,
3310 3491 3446 3546 Car-

1844 3544 2178 3617 thagincnsis
2217 3559 2445 3624 primum
2485 3563 2762 3632 Ecclesia,
2801 3586 2865 3625 ac
2904 3586 3239 3642 postea-tota
3268 3584 3445 3640 Africa

1844 3637 1897 3691 in
1943 3639 2078 3697 duas
2120 3658 2303 3712 partes
2342 3653 2511 3708 scissa
2554 3669 2658 3712 est.
2694 3661 2855 3731 Cujus
2895 3666 3179 3725 divisionis
3210 3676 3361 3744 origo
3391 3690 3446 3732 et

1840 3746 2020 3790 causa:
2054 3745 2359 3799 accuratius
2398 3757 2452 3801 et
2486 3750 2787 3820 elegantius
2816 3756 3051 3815 describi
3082 3779 3186 3817 non
3221 3782 3446 3835 possunt

1839 3838 1998 3892 quam
2044 3828 2175 3897 ipsis
2218 3834 2398 3902 Optati
2449 3842 2652 3897 verbis.
2699 3845 2841 3915 Hoc,
2888 3850 3093 3921 inquit,
3150 3856 3442 3933 (schisma)

1838 3918 1981 3985 apud
2009 3918 2370 3993 Carthaginem
2401 3944 2513 4000 post
2543 3936 2919 3992 ordinationem
2952 3943 3220 4001 Ca’ciliani
3248 3955 3440 4019 factum

1828 4022 1976 4075 esse,
2008 4028 2157 4067 nemo
2183 4028 2256 4069 est
2279 4021 2364 4087 qui
2396 4026 2627 4079 nesciat:
2656 4046 2748 4095 per
2777 4029 3033 4088 Lucillum
3066 4039 3292 4107 scilicet,
3350 4062 3439 4097 tte-

1836 4100 1943 4152 scio
1982 4117 2136 4170 quam
2174 4110 2436 4176 fwntinam
2487 4116 2790 4184 factiosum:
2837 4140 2951 4191 qua:
2998 4138 3117 4181 ante
3144 4146 3443 4188 concussum

1838 4199 2208 4261 persecutionis
2248 4206 2535 4263 turbinibus
2573 4228 2781 4279 pacem,
2828 4218 2949 4270 dum
2986 4221 3157 4274 adhuc
3197 4225 3251 4278 in
3300 4238 3446 4282 trau-

1837 4288 1999 4354 quillo
2036 4303 2164 4346 esset
2201 4293 2466 4365 Ecclesia,
2513 4320 2629 4358 cum
2668 4312 3040 4379 correptionem
3069 4319 3442 4392 archidiaconi

1838 4376 2107 4438 chiliani
2136 4390 2271 4458 ferre
2300 4408 2401 4445 non
2433 4408 2632 4461 posset:
2666 4417 2780 4469 qua:
2808 4416 2926 4457 ante
2953 4408 3238 4476 spiritalem
3270 4414 3439 4469 cibum

1835 4480 1884 4524 et
1906 4486 2112 4546 potum,
2142 4497 2198 4533 os
2226 4487 2393 4539 nescio
2414 4490 2563 4555 cujus
2589 4496 2852 4562 martyris,
2882 4498 2928 4550 si
2956 4508 3123 4553 tamen
3173 4511 3438 4578 martyris,

1758 4564 1807 4622 υ
1833 4564 1995 4621 libare
2020 4571 2316 4630 dicebatur:
2346 4592 2391 4631 et
2428 4598 2543 4634 cum
2583 4600 2901 4654 pra'poneret
2941 4594 3092 4647 calici
3127 4599 3438 4672 salutarifos

1839 4659 2006 4711 nescio
2033 4665 2183 4732 cujus
2211 4667 2431 4724 hominis
2462 4679 2667 4743 mortui,
2686 4681 2780 4732 etsi
2812 4687 3071 4754 martyris,
3104 4692 3196 4742 sed
3225 4697 3440 4750 necdum

1837 4748 2110 4818 vindicati,
2147 4770 2413 4831 correpta,
2469 4782 2587 4819 cum
2634 4772 2967 4839 confusione,
3014 4778 3246 4835 discessit
3278 4786 3433 4842 irata.

1838 4839 2091 4898 lrascenti
2115 4859 2161 4901 et
2190 4851 2383 4908 dolenti
2404 4898 2418 4921 ,
2452 4874 2514 4912 ne
2541 4860 2828 4931 disciplime
2854 4871 3226 4940 succumberet,
3259 4894 3439 4934 occur-

1840 4935 1909 4988 rit
1938 4938 2106 4993 subito
2136 4950 2501 5012 persecutionis
2531 4964 2681 5006 enata
2710 4966 2998 5027 tempestas.

1910 5028 2212 5090 Mensurius
2241 5040 2308 5093 ad
2348 5046 2552 5098 curiam
2594 5046 2790 5102 citatus
2830 5066 3140 5110 ornamenta
3185 5060 3438 5123 Ecclesia:

1838 5118 2005 5176 Botro
2033 5136 2087 5179 et
2115 5126 2349 5186 Celestin
2368 5127 2808 5192 comtnendat.—
2834 5142 2888 5213 4
2911 5143 3102 5200 Iisdem
3127 5158 3438 5223 temporibus

1841 5210 1993 5271 Felix.
2035 5222 2246 5286 quidant
2296 5228 2563 5295 diaconus,
2613 5235 2699 5299 qui
2745 5250 2953 5307 propter
2982 5246 3233 5310 famosam
3265 5257 3435 5309 nescio

1833 5327 1986 5380 quam
2014 5357 2027 5377 ,
2059 5315 2121 5369 de
2150 5328 2364 5386 tyranno
2396 5322 2695 5389 imperatore
2736 5337 2857 5381 tunc
2889 5335 3080 5401 factant
3120 5341 3388 5408 epistolam
3418 5392 3432 5411 ,

1832 5405 2121 5475 appellatus
2172 5421 2271 5470 est,
2323 5414 2607 5481 periculum
2659 5421 2867 5481 timens,
2922 5432 3064 5495 apud
3114 5430 3435 5495 Jlensurtum

1832 5500 2124 5568 episcopum
2177 5505 2441 5558 delituisse
2488 5509 2695 5563 dicitur.
2752 5516 2913 5578 Quem
2958 5539 3070 5573 cum
3119 5534 3431 5594 pastu/utam

1839 5590 2130 5646 .llensurius
2161 5597 2361 5663 publice
2415 5601 2720 5670 denm/aret.
2758 5610 2936 5660 relatio
2990 5615 3142 5666 missa
3192 5633 3295 5686 est,
3349 5644 3431 5679 re-

1832 5688 2075 5755 scriptum
2107 5691 2255 5755 venit,
2279 5706 2327 5743 ut
2360 5696 2404 5746 si
2440 5695 2730 5751 illensurius
2766 5700 2986 5755 Felicem
3020 5709 3289 5766 diaconum
3331 5738 3432 5776 non

1836 5781 2177 5848 reddidisset,
2219 5788 2287 5840 ad
2326 5790 2578 5861 palatium
2618 5793 2941 5860 diriperetur.
2997 5801 3283 5861 (Iouecntus
3336 5830 3438 5871 non

2842 5890 2917 5951 2215
