3848 6220
177 218 270 273 73.1

1367 218 1688 279 HISTORIA
1727 215 2283 275 DONATIS'I‘ARUM.

3339 231 3444 288 782

188 340 373 397 litteris
402 342 456 397 in
485 342 831 422 Cmciliannm
863 340 1003 397 datis
1029 360 1042 395 :
1077 340 1201 396 hinc
1229 354 1333 394 non
1367 349 1573 394 tantum
1619 339 1746 394 Car-
1773 334 1827 396 Α
1848 334 2284 406 judiceseGallia
2314 336 2429 392 dari
2456 338 2817 407 postulabant,
2845 354 3007 411 quem
3031 342 3197 399 refert
3217 344 3441 417 Oplalus

177 433 521 506 tbaginensis,
543 436 636 491 sed
655 446 708 492 et
735 436 981 491 universa
1002 432 1248 488 Africana
1273 430 1516 486 Ecclesia
1541 431 1591 485 in
1614 430 1749 485 duas

177 536 349 597 partes
394 528 731 599 estidivisa;
781 529 902 583 aliis
937 525 1203 582 Cmciliani
1236 524 1604 581 innocentiam
1653 524 1750 579 de-

172 619 547 689 fendentibus,
588 631 652 685 et
702 636 825 677 cum
868 635 934 676 eo
981 619 1423 675 communionem
1470 616 1751 672 retinenti-

172 714 301 781 bus;
340 717 466 771 aliis
509 714 778 771 stantibus
807 728 836 767 τι
870 721 1020 783 parte
1050 712 1289 783 Maiorini
1331 718 1386 766 et
1413 726 1441 764 a
1472 702 1751 764 Carciliani

172 807 551 863 communione
595 801 1017 862 discedentibus.
1069 807 1139 859 At
1188 802 1434 869 cunrad
1477 799 1753 857 Ecclesias

172 902 554 957 transmarinas
596 916 810 957 causam
859 899 997 956 hanc
1025 898 1236 959 deferre
1264 895 1557 953 adversarii
1587 893 1755 950 Caeci-

170 991 291 1046 liani
332 1003 460 1047 tunc
507 993 766 1065 temporis
806 994 922 1047 ausi
964 1008 1071 1047 non
1102 1000 1319 1053 essent,
1348 988 1671 1064 Czecilianus
1698 986 1753 1041 in

169 1086 544 1140 communione
587 1086 750 1140 totius
785 1085 935 1139 orbis
961 1084 1328 1141 Ecclesiarum
1360 1081 1693 1161 permansit,
1723 1094 1754 1136 e

168 1184 350 1230 contra
383 1192 515 1230 vero
544 1176 838 1247 Majorinus
865 1177 1072 1232 nullum
1105 1177 1295 1231 habuit
1326 1185 1479 1231 extra
1521 1174 1756 1228 Africam

169 1269 409 1339 quicum
440 1284 506 1324 eo
535 1272 1001 1335 communicaret,
1045 1281 1135 1325 aut
1164 1271 1315 1325 illum
1363 1285 1460 1338 pro
1500 1268 1759 1338 episcopo

169 1348 576 1432 Caribaginensi
621 1362 862 1420 haberet.
894 1363 975 1419 Ad
1000 1350 1348 1421 Caecilianum
1398 1364 1465 1418 ab
1507 1357 1758 1430 o'mnibus

168 1452 540 1509 transmarinis
570 1454 831 1511 Ecclesiis
861 1454 1358 1511 communicatoria:
1386 1452 1758 1519 mittebantur,

168 1562 272 1604 non
308 1555 493 1603 autem
522 1546 588 1601 ad
618 1547 963 1616 Majorinum.

254 1638 625 1696 Constantinus
681 1638 1012 1696 Caecilianum
1064 1656 1158 1709 pro
1229 1639 1455 1711 legitimo
1525 1634 1763 1704 episcopo

1853 438 2174 496 conceptum
2190 427 2272 481 bis
2297 429 2501 483 verbis:
2526 430 2785 500 Rogamus
2805 441 2873 499 te,
2887 432 3236 505 Constantine,
3250 441 3438 510 Optime

1851 517 2150 585 imperator,
2168 520 2413 588 quaniam
2439 521 2691 590 degenere
2707 527 2852 596 justo
2878 543 2951 593 es,
2972 531 3122 601 cujus
3149 540 3296 599 pater
3314 531 3447 587 inter

1852 618 2061 663 catleros
2086 610 2417 680 imperatores
2443 615 2860 683 persecutionem
2889 634 2991 672 non
3031 622 3278 688 exercuit,
3309 632 3356 676 et
3381 623 3444 677 ab

1854 698 1952 754 hoc
1978 703 2233 773 facinore,
2258 704 2502 758 immunis
2530 715 2603 759 est
2624 703 2816 761 Callia.
2850 706 2987 763 Nam
3027 713 3083 766 in
3106 713 3287 785 Africa
3308 715 3447 771 inter

1854 813 1947 852 uos
1990 808 2039 853 et
2086 809 2296 855 caeteros
2334 801 2603 873 episc0pos
2645 805 2989 859 contentiones
3017 817 3174 874 sunt;
3229 811 3459 881 petimus,

1856 899 1908 943 ut
1934 892 1998 946 de
2023 891 2198 948 Gallia
2241 894 2385 950 nobis
2416 895 2629 972 judicavit.
2652 896 2767 949 dari
2816 899 3083 970 praecipiat
3133 901 3297 973 pietas
3328 914 3440 958 tua.

1857 983 2057 1041 Danaa
2086 986 2336 1053 Luciano,
2368 988 2560 1061 Digna,
2594 989 2815 1068 Nasutia
2836 1034 2850 1060 ,
2893 972 3171 1064 Capitone,
3202 994 3446 1055 Fidentio

1859 1086 1903 1129 ct
1950 1080 2145 1133 ueteris
2190 1072 2445 1151 episcopis
2486 1084 2646 1152 partis
2679 1077 2893 1149 Ponati,
2939 1093 3032 1141 aut
3059 1088 3238 1157 potius
3267 1088 3445 1163 Majo-

1859 1169 1962 1222 rini
1981 1212 1997 1236 ,
2023 1182 2081 1225 ut
2109 1171 2516 1230 observavimus
2550 1175 2652 1230 hoc
2683 1176 2821 1231 loco.

1876 1271 1881 1277 '
1932 1261 2295 1323 Constantinus
2322 1265 2409 1321 dat
2442 1267 2647 1339 judices
2692 1278 2793 1324 tres
2815 1287 2841 1325 e
2866 1269 3040 1327 Gallia
3067 1273 3332 1345 episcopos
3366 1274 3453 1346 qui

1861 1351 2043 1408 Romae
2097 1372 2305 1410 causam
2358 1358 2605 1428 deﬁniant
2666 1378 2769 1416 una
2836 1380 2950 1417 cum
3004 1362 3243 1420 Miltiade
3293 1366 3451 1427 Romi.

1845 1445 2125 1518 pepiscOpo.
2156 1478 2228 1489 -—-
2252 1449 2642 1530 Constantinus
2663 1454 2980 1525 imperator,
3008 1466 3227 1527 accepta
3250 1459 3301 1514 in
3325 1460 3453 1517 Gal-

1864 1535 1975 1601 liis,
2009 1538 2098 1594 ubi
2127 1549 2237 1595 tum
2265 1544 2601 1610 versabatur,
2646 1547 2910 1603 relatione
2961 1549 3182 1606 Anulini
3225 1569 3456 1627 procon-

1866 1628 2325 1695 sulis,'etlibcllis
2375 1634 2549 1689 eidem
2593 1637 2841 1693 relationi
2885 1639 3189 1709 adiunctis,
3237 1659 3455 1714 permo-

166 1732 705 1809 agnoscit.—5Quin
730 1733 895 1789 etiam
918 1731 1306 1789 Constantinus
1335 1734 1646 1802 imperator,
1669 1725 1763 1798 qui
1792 1717 1839 1779 B
1867 1718 2002 1776 lesle
2033 1724 2257 1778 omnino
2287 1724 2438 1791 tulit,
2472 1736 2529 1781 ut
2560 1728 2675 1797 ipse
2706 1731 2780 1785 ait
2816 1730 2868 1785 in
2912 1733 3139 1800 epistola
3172 1734 3236 1789 ad
3266 1736 3458 1792 Miltia-

164 1836 419 1897 supcrato
445 1842 591 1882 anno
617 1828 727 1884 512
751 1826 1045 1891 Maxentio,
1081 1826 1288 1882 Italiam
1314 1837 1368 1882 et
1386 1824 1623 1881 Africam
1654 1825 1757 1879 im-

168 1919 318 1988 perio
338 1918 811 1988 suo‘adjunxerat,
842 1921 1101 1989 pecunias
1119 1933 1250 1990 quas
1281 1918 1332 1973 in
1366 1927 1618 1990 sumptus
1659 1916 1759 1972 mi-

167 2011 464 2065 nistrorum
496 2009 759 2066 Ecclesia:
787 2010 1084 2066 Catholica:
1105 2012 1504 2081 provinciarum
1533 2009 1757 2077 Africus,

166 2102 437 2158 Numidia:
488 2114 541 2158 et
581 2106 867 2175 utriusque
895 2104 1227 2159 Mauritaniae
1265 2119 1333 2160 ex
1377 2105 1513 2159 fisco
1558 2104 1754 2175 largie-

165 2197 346 2265 batur,
390 2198 681 2254 Caeciliano
734 2208 1003 2270 tamquam
1055 2199 1296 2271 legitimo
1349 2197 1762 2268 Carthaginiensi

170 2290 434 2361 episcopo
460 2290 862 2347 distribuendas
888 2293 1190 2358 commisit;
1220 2303 1271 2347 et
1314 2291 1597 2347 litterisad
1635 2306 1758 2347 eum

167 2381 306 2436 datis
339 2382 717 2438 schismaticos
765 2383 960 2440 acerbe
988 2382 1342 2454 perstringit,
1374 2379 1647 2454 tam‘quam
1680 2382 1763 2436 in-

168 2476 485 2548 compositae
534 2478 731 2531 mentis
760 2477 1009 2532 homines
1031 2517 1046 2543 ,
1078 2476 1131 2531 id
1172 2484 1396 2545 agentes
1428 2483 1487 2529 ut
1535 2475 1766 2529 sanctis-

168 2567 320 2622 sima:
349 2584 415 2625 ac
436 2560 724 2625 catholica:
752 2569 1011 2640 Ecclesia:
1039 2569 1296 2640 pepulum
1328 2569 1573 2639 improba
1603 2578 1766 2637 atque

169 2659 475 2717 adulterina
509 2660 743 2728 falsitate
771 2638 1182 2733 'corrumpant;
1224 2638 1417 2731 aitque
1453 2677 1512 2717 se
1550 2660 1768 2717 dedisse

169 2752 232 2808 in.
249 2748 527 2809 mandatis
553 2753 789 2809 Anulino
832 2752 1146 2825 proconsuli
1191 2763 1245 2807 et
1295 2753 1521 2824 patricio
1565 2754 1768 2807 vicario

174 2844 585 2916 praefectorum,
617 2855 676 2901 ut
696 2845 857 2916 hujus
886 2847 963 2901 rei
987 2860 1173 2901 curam
1200 2853 1430 2915 gerant;
1477 2854 1530 2899 et
1558 2845 1601 2898 si
1632 2858 1768 2913 quos

169 2936 552 3013 hujuscemodi
593 2939 843 2997 homines
875 2940 928 2995 in
987 2940 1090 2995 hac
1137 2941 1371 2995 amentia
1419 2932 1769 3010 perSeverare

170 3032 486 3106 contigerit,
533 3030 823 3090 Caeciliano
849 3034 1070 3101 scribit,
1101 3042 1159 3088 ut
1197 3034 1403 3105 absque
1430 3032 1770 3088 haesitatione

1830 1810 2025 1890 .dem':
2059 1815 2129 1870 In
2164 1817 2276 1871 istis
2305 1820 2581 1889 prouinciis
2623 1839 2751 1891 quas
2786 1823 2959 1879 divina
2985 1824 3319 1883 Providentia
3354 1846 3460 1886 suae

1862 1904 2120 1961 deuotioni
2146 1919 2428 1980 spontaneo
2457 1912 2716 1968 deditione
2750 1915 3031 1972 tradidere.
3053 1958 3068 1983 ,
3116 1928 3164 1973 et
3187 1920 3241 1976 in
3268 1921 3452 1992 quibus

1862 1999 2222 2086 ntaxirnaerat
2252 2004 2433 2075 pepuli
2473 2006 2771 2074 multitudo,
2824 2010 3020 2080 plebem
3064 2016 3212 2084 quasi
3251 2015 3459 2072 induas
3494 2018 3497 2019 ⁷

1863 2101 2034 2161 partes
2064 2092 2283 2148 divisam
2329 2096 2398 2149 ad
2449 2097 2707 2154 deteriora
2759 2102 3049 2172 deﬂectere,
3094 2116 3142 2162 et
3194 2109 3461 2181 episcOpos

1861 2185 1996 2240 inter
2020 2204 2074 2241 se
2103 2187 2387 2245 dissentire.
2414 2191 2485 2248 Ut
2512 2192 2675 2264 igitur
2699 2195 2927 2252 dissidio
2954 2199 3115 2255 linem
3155 2202 3464 2272 imponeret

1865 2276 2271 2347 Constantinus,
2301 2291 2414 2337 tres
2444 2285 2731 2357 episcopos
2758 2303 2790 2344 e
2814 2289 2987 2345 Gallia
3023 2291 3234 2361 judiccs
3273 2295 3454 2363 dedit,

1864 2368 2165 2427 Maternum
2192 2374 2662 2447 Agrippinensem,
2698 2380 2963 2437 Reticium
2997 2383 3455 2456 Augustodunen-

1867 2476 1984 2520 sem
2007 2507 2023 2532 ,
2050 2474 2122 2529 ,ει
2167 2468 2429 2524 Marinum
2486 2472 2895 2543 Arelatensem,
2946 2479 3035 2546 qui
3066 2494 3191 2538 cum
3223 2482 3464 2540 Miltiade

1869 2555 2117 2615 Romano
2175 2563 2435 2635 episcopo
2486 2566 2672 2623 Romae
2724 2585 2838 2625 rem
2905 2571 3233 2643 iudicarent.
3293 2576 3469 2636 Simul

1868 2646 2108 2707 Anulino
2130 2654 2422 2718 mandavit,
2447 2664 2506 2711 ut
2527 2656 2872 2715 Caecilianum
2894 2677 3014 2717 cum
3042 2664 3230 2732 decem
3253 2669 3468 2737 episco-

1836 2814 1843 2833 Ι
1872 2744 1955 2810 pis
1978 2745 2310 2817 partis-sum,
2340 2749 2758 2807 etadversarios
2785 2753 3062 2812 Caeciliani
3090 2758 3316 2816 totidem
3359 2761 3470 2818 Ro-

1872 2849 2014 2889 mam
2046 2838 2298 2909 navigare
2328 2842 2665 2911 prmcipel'el,
2713 2846 2850 2901 intra
2876 2847 3018 2903 diem
3049 2860 3264 2909 sextum
3296 2868 3469 2924 nonas

1872 2928 2144 2996 octobris;
2177 2938 2236 2984 ut
2266 2931 2375 2987 illic
2395 2935 2686 3003 episcoiiali
2711 2935 2919 3005 judicio
2946 2954 3107 3002 causa
3139 2956 3328 2997 eorum
3360 2944 3471 3001 dis—

1872 3032 2201 3093 ceptaretur.
2225 3025 2401 3096 Atque
2424 3038 2482 3083 ιιι
2506 3028 2716 3098 judices
2736 3031 2848 3087 dati
2873 3035 3074 3104 negotii
3092 3036 3467 3104 plenissimam

168 3124 514 3201 supradictos
552 3125 767 3195 jndices
790 3125 970 3194 adeat,
1004 3128 1164 3197 idque
1204 3128 1337 3197 ipsis
1364 3129 1595 3207 referat,
1628 3138 1684 3188 ut
1716 3127 1756 3182 ir

1878 3113 2550 3207 haberentcognitioncm,
2592 3125 2844 3194 exempla
2885 3125 3193 3184 libellorum
3226 3127 3295 3185 ab
3324 3131 3473 3187 Anu-

80 3282 81 3285 η
174 3231 297 3277 reos
341 3217 795 3290 quemadmodum
820 3219 886 3275 iis
922 3234 1103 3274 coram
1140 3219 1773 3288 mandaverat,animad—

184 3318 488 3365 verterent.
1119 3308 1127 3313 ’

240 3402 541 3456 Adversarii
571 3400 837 3457 chiliani
866 3402 1066 3481 libellos
1095 3404 1220 3457 dant
1259 3404 1551 3475 proconsuli
1590 3404 1774 3459 adver-

169 3500 276 3555 sus'
304 3512 449 3552 eum.
498 3494 686 3555 Petunt
711 3496 776 3549 ab
804 3497 1115 3569 imperatore
1156 3497 1251 3551 sibi
1287 3496 1405 3551 dari
1443 3496 1672 3569 judices.
1704 3526 1776 3539 ——

172 3591 317 3649 Idem
349 3591 653 3665 imperator
672 3589 741 3645 ad
762 3591 1054 3666 Anulinum
1081 3590 1148 3646 de
1177 3590 1521 3647 immunitate
1550 3591 1777 3647 clerico-

172 3702 289 3742 rum
318 3687 377 3743 in
410 3686 593 3744 Africa
622 3688 871 3749 scribens
895 3730 910 3754 ,
941 3703 1038 3743 eos
1079 3696 1286 3751 tantum
1317 3704 1347 3743 a
1374 3688 1607 3760 publicis
1653 3686 1778 3742 l‘nn-

173 3779 458 3837 CIionibus
498 3781 721 3854 eximit,
768 3781 855 3848 qui
896 3783 950 3835 in
991 3778 1229 3835 Ecclesia
1267 3781 1521 3835 catholica
1546 3781 1628 3834 cui
1659 3779 1777 3834 Ca:-

170 3872 404 3929 ciliauus
429 3884 612 3943 praeest
631 3873 972 3928 sanctissima:
1012 3874 1293 3945 religionis,
1323 3875 1641 3928 ministrant.
1675 3875 1781 3928 Ac-

171 3966 349 4037 ceptis
393 3965 479 4020 bis
503 3965 695 4021 litteris
746 3964 1015 4020 Anulinus
1044 3962 1397 4020 Caecilianum
1443 3975 1500 4020 et
1546 3965 1780 4020 clericos

171 4056 625 4127 Carthaginiensis
647 4057 907 4112 Ecclesia:
936 4056 1254 4122 accersivit,
1279 4058 1622 4128 perlectoque
1652 4058 1783 4127 ipsis

173 4147 448 4219 imperiali
465 4148 733 4219 prmcepto
745 4165 839 4205 eos
856 4149 1101 4205 hortatus
1117 4160 1281 4216 est,ut
1296 4152 1501 4205 unitate
1512 4166 1781 4207 consensu

172 4240 426 4294 omnium
468 4239 628 4305 facta,
669 4241 1009 4317 immunitate
1027 4241 1412 4311 ,sibicotfcessa
1445 4242 1777 4308 fruerentur,

171 4345 228 4389 et
275 4336 491 4405 absque
535 4335 927 4406 impedimento
967 4335 1233 4413 deinceps
1262 4336 1458 4392 divinis
1506 4338 1667 4392 rebus
1696 4337 1781 4390 in-

174 4428 471 4484 servirent.
505 4427 704 4484 Verum
736 4441 856 4500 post
894 4444 1092 4499 paucos
1131 4431 1249 4485 dies
1296 4430 1510 4501 quidam
1565 4446 1631 4486 ex
1681 4430 1780 4484 ad-

1877 3205 1991 3262 lino
2012 3207 2304 3265 missorum
2333 3210 2400 3265 ad
2425 3211 2665 3283 singulos
2695 3229 2884 3273 eorum
2908 3220 3209 3277 transmisit
3230 3236 3351 3277 cum
3388 3222 3476 3279 lit-

1880 3301 2010 3376 teris
2035 3303 2230 3371 quibus
2256 3319 2351 3360 eos
2382 3304 2717 3369 hortabatur,
2748 3317 2807 3363 ut
2831 3324 3048 3366 causam
3088 3311 3229 3369 hanc
3254 3326 3478 3373 accUra-

1880 3395 2089 3453 tissime
2124 3409 2519 3469 cognoscerent
2547 3409 2601 3455 et
2631 3416 2693 3455 ex
2728 3405 3045 3475 prmscripto
3080 3406 3306 3476 justitire
3331 3409 3474 3480 judi-

1879 3496 2087 3544 carent.
2142 3488 2332 3545 Exstat
2377 3490 2495 3559 ejus
2545 3492 2768 3561 epistola
2838 3494 2903 3549 ad
2962 3495 3255 3555 Miltiadem
3304 3501 3469 3570 data,

1881 3595 2004 3649 qua:
2025 3581 2199 3663 ipsum
2214 3582 2450 3651 iudicem
2474 3583 2591 3654 ejus
2608 3599 2929 3642 consuesse
2952 3589 3067 3643 vult
3091 3578 3191 3645 una
3215 3606 3336 3647 cum
3363 3593 3475 3649 Re-

1884 3672 2031 3739 licio,
2057 3674 2296 3741 Materno
2310 3685 2363 3729 et
2384 3676 2610 3743 Marino,
2626 3678 2848 3748 collegis
2870 3679 3007 3749 ejus.

1957 3766 2172 3820 Romam
2192 3785 2255 3822 ea;
2285 3778 2497 3839 utraque
2534 3781 2677 3842 parte
2721 3773 3009 3829 mittuntur.
3040 3774 3328 3835 Concilium
3370 3784 3477 3839 Ro-

1884 3875 2091 3912 manum
2103 3861 2192 3913 sub
2208 3860 2464 3927 Miltiade.
2492 3862 2795 3941 Caecilianus
2812 3866 3055 3925 innocens
3077 3877 3439 3942 pronuntiatus
3464 3895 3482 3945 ;

1884 3953 1937 4005 in
1963 3951 2224 4007 Donatum
2269 3958 2516 4010 sententia
2556 3958 2680 4011 lata.
2717 3988 2789 3998 -—
2827 3959 3096 4017 Anulinus
3122 3966 3275 4035 juxta
3324 3984 3479 4025 man-

1885 4043 2065 4098 datum
2121 4044 2467 4114 imperatoris
2522 4045 2813 4104 Greciliano
2869 4062 2923 4107 et
2973 4056 3295 4114 adversariis
3358 4062 3478 4132 ejus

1888 4147 2207 4216 praecipitut
2236 4147 2360 4202 deni
2390 4164 2453 4203 ex
2478 4157 2702 4219 utraque
2732 4162 2886 4221 parte
2915 4151 3141 4209 Romam
3178 4156 3335 4213 irent.
3371 4159 3472 4217 Cui

1886 4239 2222 4295 mandatose
2252 4242 2517 4310 parituros
2557 4257 2679 4298 cum
2708 4244 2922 4315 utrique
2965 4249 3361 4319 promisissent,
3395 4255 3477 4309 rei

1886 4333 2171 4387 certiorem
2188 4332 2312 4388 fecit
2332 4334 2732 4403 imperatorem.
2752 4336 2890 4408 Ergo
2906 4336 3225 4398 Caecilianus
3239 4359 3338 4399 una
3354 4360 3479 4403 cum

1885 4424 2076 4481 decem
2108 4428 2373 4496 episcopis
2404 4428 2569 4498 partis
2599 4444 2711 4484 suae
2733 4431 3026 4487 ettotidem
3054 4449 3120 4489 ex
3150 4438 3267 4506 ejus
3290 4440 3481 4496 adver-

177 4522 445 4578 versariis
473 4520 780 4591 Cmciiiani,
809 4523 1060 4593 adjuncta
1083 4524 1183 4580 sibi
1215 4524 1396 4595 populi
1416 4524 1777 4589 multitudine,
1807 4507 1862 4569 D
1886 4518 2043 4573 sat-iis
2078 4518 2325 4591 (quorum
2365 4522 2750 4591 antesignanus
2777 4533 2895 4580 erat
2926 4526 3162 4584 Donatus
3188 4527 3473 4605 ϐαδοιιεὶε)

177 4617 565 4688 proconsulem
603 4618 893 4673 adiverunt
912 4626 1072 4689 atque
1096 4618 1232 4673 duos
1255 4618 1473 4674 libellos
1496 4618 1744 4677 obtulere
1764 4662 1779 4687 ,

178 4728 351 4766 unum
380 4712 435 4765 in
452 4711 593 4767 aluta
607 4711 898 4783 signatum,
925 4712 1077 4781 cujus
1095 4710 1210 4767 hzec
1224 4722 1339 4767 erat
1360 4712 1780 4787 superscriptio:

178 4804 417 4860 Libellus
442 4803 690 4861 Ecclesite
732 4804 1001 4860 catholica:
1024 4806 1299 4860 criminum
1328 4801 1593 4860 chiliani
1622 4804 1785 4858 tradi-

178 4910 259 4955 tus
282 4917 314 4954 a
346 4910 492 4973 parte
525 4900 775 4975 .llajorini
805 4918 822 4956 :
852 4901 1088 4957 alterum
1131 4900 1248 4956 sine
1294 4900 1471 4972 sigillo
1503 4900 1788 4955 cohaeren-

180 4986 288 5051 tem
342 4993 525 5049 eidem
570 4994 772 5049 alutae:
808 4995 1189 5066 petieruntque
1239 5002 1293 5048 ut
1334 5008 1429 5050 eos
1472 4994 1688 5050 libellos
1719 4994 1785 5049 ad

177 5088 502 5151 comitatum
533 5086 811 5157 dirigeret.
842 5088 915 5143 Ita
949 5104 1063 5145 rem
1091 5086 1256 5144 refert
1283 5090 1398 5160 ipse
1427 5088 1698 5143 Anulinus
1730 5088 1783 5143 in

180 5180 452 5235 relatione
498 5179 565 5234 ad
598 5180 978 5250 imperatorem
1009 5180 1133 5236 data
1162 5180 1475 5253 Carthagini
1524 5184 1636 5235 x'vu
1678 5180 1787 5236 kal.

178 5274 351 5328 Maias
390 5268 748 5329 Constantino
775 5277 1017 5345 Augusto
1048 5272 1115 5327 Ill
1163 5274 1313 5339 Cos.,
1356 5276 1444 5345 qui
1476 5274 1788 5329 consulatus

178 5366 375 5421 incidit
427 5367 479 5419 in
511 5381 709 5422 annum
742 5381 863 5421 aera:
913 5366 1153 5437 vulgaris
1210 5369 1335 5423 515.
1396 5367 1633 5422 Libellos
1688 5368 1790 5427 sibi

181 5461 399 5514 oblatos
448 5459 608 5512 simul
669 5474 789 5513 cum
836 5460 1101 5515 relatione
1147 5460 1213 5515 ad
1267 5461 1686 5529 imperatorem,
1734 5472 1791 5517 ut

181 5562 382 5604 cuncta
418 5556 607 5617 posset
634 5548 946 5618 dignoscere
970 5593 986 5619 ,
1034 5551 1181 5607 misit
1228 5552 1516 5608 Anulinus.
1550 5554 1789 5609 Caecilia-

183 5660 313 5698 num
357 5642 589 5726 interim
621 5642 672 5695 in
702 5657 798 5698 suo
827 5652 971 5700 statu
1009 5644 1245 5717 reliquit.
1296 5645 1535 5702 Libellus
1558 5648 1677 5704 sine
1715 5647 1789 5703 si-

183 5754 289 5808 gno
322 5751 581 5793 annexus
610 5735 790 5807 alutae,
826 5755 930 5796 non
964 5738 1103 5797 alius
1130 5750 1245 5797 erat
1273 5756 1433 5813 quam
1476 5740 1522 5799 is
1548 5757 1655 5815 quo
1683 5742 1786 5799 sibi

1892 4611 2117 4667 Romam
2145 4623 2445 4669 venerunt:
2478 4629 2711 4686 cumque
2743 4615 2845 4671 huc
2880 4618 3040 4673 etiam
3071 4621 3343 4678 venissent
3373 4635 3482 4682 tres

1894 4708 2132 4780 episcopi
2179 4708 2441 4765 Gallicani
2483 4710 2695 4779 jutlices
2722 4727 2748 4764 a
2780 4710 3138 4769 Constantino
3172 4719 3429 4774 nominati
3460 4763 3477 4787 ,

1896 4799 1946 4854 hi
1980 4816 2085 4855 una
2113 4816 2233 4875 cum
2280 4802 2516 4856 Miltiade
2548 4813 2601 4857 ct
2633 4803 2941 4872 quindecim
2972 4805 3240 4877 episcopis
3288 4808 3437 4866 Italis
3461 4854 3477 4879 ,

1892 4907 2119 4963 quorum
2152 4888 2366 4947 nomina
2388 4902 2441 4947 et
2466 4892 2623 4947 sedes
2656 4894 3087 4968 relertOptatus,
3113 4898 3207 4955 lib.
3240 4915 3290 4968 ι,
3336 4900 3481 4974 §25,

1893 4990 1947 5045 in
1980 4991 2143 5047 domo
2173 4990 2385 5047 Faustze
2429 4994 2479 5047 in
2511 4991 2807 5062 Laterano,
2843 4995 2966 5067 (hoc
2995 5008 3076 5053 est
3126 4999 3176 5054 in
3225 5016 3286 5057 ea
3331 5014 3485 5073 parte

1894 5083 2146 5139 Laterani
2189 5085 2370 5154 palatii
2410 5100 2531 5154 qua:
2590 5083 2803 5142 Fausta:
2858 5088 3180 5159 imperatrici
3220 5092 3486 5153 destinata

1893 5180 2030 5247 erat)
2063 5175 2421 5231 Constantino
2467 5176 2533 5231 IlI
2577 5189 2628 5232 et
2676 5178 2886 5234 Licinio
2926 5182 3119 5238 iterum
3160 5184 3309 5241 Coss.
3344 5203 3489 5243 anno

1894 5271 2021 5335 515,
2054 5279 2206 5323 sexto
2235 5284 2405 5323 nonas
2433 5271 2671 5324 octobris
2712 5272 2821 5339 die,
2868 5286 3018 5330 sexta
3050 5275 3180 5333 feria
3220 5295 3491 5337 convt-ne-

1896 5374 2039 5418 runt.
2074 5363 2165 5416 llis
2196 5362 2569 5417 novemdecim
2600 5365 3003 5423 considentibus
3033 5372 3301 5442 epiScOpis
3327 5389 3489 5430 causa

1896 5455 2165 5514 Cmciliani
2207 5468 2260 5511 et
2301 5457 2487 5510 Donati
2526 5461 2693 5527 coepit
2725 5461 2935 5531 agitari.
2986 5464 3091 5521 Res
3120 5483 3215 5537 per
3254 5470 3489 5526 triduum

1895 5560 2016 5608 acta
2056 5562 2160 5620 est,
2203 5551 2582 5606 assistentibus
2614 5552 2847 5609 Notariis
2874 5557 2963 5627 qui
2984 5569 3102 5613 acta
3133 5564 3488 5622 conﬁcerent.
3566 5550 3571 5556 ’

1898 5646 2079 5702 ἶ)τὶωο
2126 5644 2213 5699 die
2242 5644 2564 5699 C'JIC'IliaIIUS
2614 5654 2667 5700 et
2706 5658 3052 5707 accusatores
3080 5653 3200 5723 ejus
3225 5668 3497 5715 steterunt

1897 5754 1954 5797 se
1981 5754 2159 5798 coram
2203 5737 2491 5808 iudicibus.
2540 5738 2615 5795 De
2654 5751 3027 5800 accusatorum
3078 5749 3323 5816 personis
3355 5758 3496 5807 trac-
