3848 6220
333 263 440 321 783

1534 255 1847 312 HISTORIA
1891 254 2444 314 DONATIS'I‘ARUM.
2502 245 2504 247 ’

3528 259 3638 316 784

330 388 505 448 talum
543 385 658 442 est,
689 385 740 430 et
770 348 984 446 quidam
1013 388 1226 438 eorum,
1267 389 1496 444 quorum
1542 377 1648 431 vita
1700 376 1924 431 maculis
1951 380 2001 437 A
2103 377 2240 444 Quid
2267 390 2381 448 post
2422 378 2676 450 synodum
2708 380 2993 434 Romanam
3025 380 3076 432 in
3110 380 3286 448 Africa
3313 391 3534 450 gestum.
3563 412 3640 421 —

332 473 605 543 inquinata
651 474 807 531 erat;
846 468 1141 524 secundum
1183 469 1327 540 leges
1355 470 1426 524 ab
1473 474 1684 526 actione
1725 473 1924 541 repulsi

329 574 475 622 sunt.
500 564 782 633 A-catteris
809 565 1094 632 quaesitum
1130 575 1185 618 ut
1214 574 1380 619 testes
1403 575 1455 620 et
1487 565 1839 635 probationes
1870 567 1924 620 in

330 656 674 714 C;rcilianum
721 656 1112 726 producerent,
1151 666 1261 712 tum
1294 656 1367 735 illi
1408 658 1537 712 nihil
1569 659 1621 712 in
1652 674 1773 713 eum
1804 674 1927 729 pro-

330 754 474 811 ferre
505 761 828 824 potuerunt;
865 753 958 808 sed
1005 751 1056 806 id
1092 763 1296 807 tantum
1333 753 1640 824 allegavere
1684 751 1928 809 Caecilia-

331 865 461 905 num
522 848 590 904 ab
631 846 883 903 universa
940 847 1096 916 plebe
1151 844 1560 918 Carthaginiensi
1613 857 1925 903 accusatum

304 940 518 996 'l'uisse.
545 938 614 994 At
631 937 843 1009 iudices
885 937 1045 1008 hujus
1076 938 1438 994 accusationis
1462 953 1583 1010 quae
1630 939 1927 995 tumultuo-

328 1037 407 1089 sis
426 1034 598 1088 solum
622 1032 952 1088 clamoribus
973 1074 990 1099 ,
1033 1033 1187 1102 nulla
1213 1032 1666 1089 documentorum
1701 1043 1927 1090 attesta-

333 1127 496 1191 tione,
521 1125 666 1181 nulla
697 1126 915 1182 testium
944 1125 1050 1181 lide
1083 1125 1376 1191 nitebatur,
1420 1126 1686 1182 rationem
1720 1125 1927 1183 haben-
1952 1195 1957 1200 l

330 1219 456 1275 dam
493 1235 616 1276 esse
658 1233 997 1290 nequaquam
1041 1226 1390 1290 censuerunt.
1425 1218 1810 1289 Requisiernnt
1858 1219 1927 1276 ab

331 1313 420 1380 iis,
451 1323 507 1366 ut
530 1321 708 1368 certos
741 1320 1084 1367 accusatores
1100 1297 1157 1367 et
1181 1319 1349 1368 testes
1368 1312 1703 1378 inducerent,
1735 1304 1829 1382 qui
1855 1311 1928 1365 si-

333 1408 446 1460 mul
486 1419 610 1460 cum
639 1404 704 1460 iis
732 1420 800 1461 ex
848 1405 1032 1460 Africa
1070 1417 1351 1472 venerant,
1393 1413 1596 1461 etcum
1626 1396 1934 1477 praesentes

332 1497 580 1563 fuissent,
608 1513 637 1552 a
672 1499 880 1552 Donato
899 1498 1161 1554 subtracti
1200 1487 1545 1566 dicebantur,
1574 1499 1699 1569 quia
1734 1485 1927 1554 testiﬁ-

329 1593 436 1648 cati
463 1601 621 1647 erant
664 1591 797 1647 nihil
835 1592 1035 1660 habere
1056 1607 1115 1647 se
1139 1593 1282 1664 quod
1313 1592 1368 1662 in
1401 1590 1752 1648 Czecilianum
1781 1591 1928 1648 dicc-

332 1692 478 1739 rent.
522 1683 629 1739 Eos
674 1700 736 1741 se
782 1684 1148 1740 esbibiturum
1195 1684 1287 1740 ille
1323 1685 1609 1754 promisit,
1651 1694 1814 1755 atque
1853 1685 1925 1738 ita

2034 469 2159 526 Post
2211 470 2352 526 istnd
2400 471 2662 541 judicium
2703 472 3010 542 contugisse
3061 481 3218 541 puto,
3274 472 3416 542 quod
3447 483 3640 527 narrat

2029 560 2290 633 Optatos,
2344 563 2438 618 lib.
2495 562 2605 636 r,§
2651 563 2743 628 26,
2791 566 2872 619 his
2894 565 3117 619 verbis:
3171 561 3369 623 Eodem
3406 576 3640 636 tempore

2033 653 2169 708 idem
2203 654 2439 710 Donatus
2484 658 2625 726 petiit
2651 698 2667 721 ,
2714 665 2766 709 ut
2795 659 2837 710 ei
2869 656 3047 710 rererti
3078 655 3325 721 licuisset,
3371 666 3419 710 et
3446 673 3539 710 nec
3564 657 3638 709 ad

2032 747 2396 822 Carthaginem
2422 751 2705 806 accederet.
2744 749 2887 806 Tunc
2916 767 2947 804 a
2973 748 3258 815 Filumino,
3291 747 3639 822 suﬁragatore
3663 815 3669 819 Α

2030 844 2162 914 ejus,
2197 846 2492 914 imperatori
2523 857 2816 917 suggestum
2844 855 2939 912 est,
2963 854 3018 899 ut
3053 843 3185 899 bono
3226 845 3370 914 pacis
3395 843 3639 904 Ca'cilia-

2029 956 2127 994 nus
2156 937 2352 994 Brixite
2391 940 2692 994 retineretur
2719 955 2739 994 :
2768 950 2815 994 et
2856 939 3052 1010 factum
3077 948 3170 994 est.
3201 938 3348 993 Tunc
3391 939 3497 993 duo
3524 939 3639 1008 epi-

2028 1032 2169 1102 scopi
2212 1033 2280 1085 ad
2321 1032 2550 1103 Africam
2575 1033 2719 1086 missi
2742 1042 2884 1097 sunt,
2928 1030 3218 1086 Eunomius
3247 1039 3295 1086 et
3335 1029 3633 1102 Olympius.

2037 1122 2317 1190 Venerunt,
2346 1133 2393 1179 et
2421 1124 2564 1195 apud
2607 1123 2970 1195 Carthaginem
3016 1129 3224 1194 [uerunt
3253 1140 3345 1192 per
3372 1125 3482 1179 dies
3505 1140 3638 1194 qua-

2031 1214 2309 1286 draginta,
2339 1224 2394 1268 ut
2437 1217 2830 1286 pronuntiarent
2871 1217 2954 1270 ubi
3000 1225 3127 1271 esset
3175 1213 3463 1272 Catholica.
3518 1215 3640 1271 Hoc

2031 1309 2276 1363 seditiosa
2302 1327 2424 1380 pars
2467 1307 2661 1365 Donati
2689 1311 2802 1379 ﬁeri
2847 1326 3001 1380 passa
3054 1327 3156 1367 non
3195 1318 3271 1365 est
3297 1327 3317 1365 :
3346 1310 3412 1365 de
3462 1309 3639 1364 studio

2029 1404 2256 1473 partium
2284 1405 2525 1475 strepitus
2551 1403 2841 1475 quotidiani
2860 1414 2978 1458 sunt
2997 1395 3158 1458 habiti
3179 1419 3199 1458 :
3215 1405 3493 1459 novissima
3518 1420 3640 1458 sen-

2037 1495 2193 1549 tentia
2215 1495 2512 1550 earumdem
2535 1497 2888 1568 episcOporum
2919 1495 3161 1550 Eunomii
3180 1507 3229 1551 et
3258 1497 3488 1568 Olympii
3516 1495 3638 1550 talis

2030 1589 2238 1661 legitur;
2275 1608 2294 1640 ι
2316 1599 2372 1642 ut
2383 1589 2610 1644 dicerent
2629 1590 2775 1643 illam
2789 1606 2900 1646 esse
2915 1588 3254 1657 Catholicam,
3279 1605 3398 1660 qua:
3423 1599 3551 1644 esset
3577 1592 3637 1643 in

2038 1699 2058 1734 ι
2082 1691 2186 1736 toto
2213 1681 2334 1737 orbe
2362 1692 2613 1737 terrarum
2641 1681 2855 1748 diJusa,
2882 1692 2928 1737 et
2955 1684 3256 1737 sententiam
3276 1684 3450 1738 decem
3468 1693 3518 1738 et
3540 1699 3641 1737 no.

333 1778 536 1832 mansit
571 1777 624 1832 in
655 1762 889 1847 pendqu
930 1777 1204 1834 Czeciliani
1243 1793 1430 1833 causa.
1482 1779 1717 1833 Donatus
1747 1787 1925 1856 autem
1958 1780 2005 1840 B
2038 1794 2058 1828 ‹
2093 1792 2200 1829 vem
2255 1778 2614 1846 episcoporum
2641 1775 2958 1846 jamdudum
3007 1777 3181 1829 datam
3209 1818 3225 1843 ,
3263 1776 3475 1831 dissolui
3531 1792 3638 1830 non

332 1867 592 1924 Casensis
653 1879 939 1924 accusatus
1005 1879 1062 1924 et
1124 1871 1404 1926 convictus
1452 1879 1582 1936 est,
1622 1868 1927 1926 .Czcciliano

332 1959 627 2014 etiamnum
661 1959 1062 2024 archidiacono,
1092 1961 1326 2027 schisnia
1361 1961 1551 2017 fecisse
1578 1959 1923 2034 Carthagine,

345 2062 401 2109 ct
419 2053 703 2111 confessus
748 2070 807 2110 se
834 2056 1198 2126 rebaptizasse
1233 2065 1288 2111 et
1324 2057 1591 2126 episcopis
1629 2057 1792 2126 lapsis
1815 2070 1928 2111 ma-

337 2166 468 2205 num
499 2150 840 2220 imposuisse.
869 2149 1114 2206 Secunda
1142 2150 1229 2205 die
1261 2165 1291 2204 a
1317 2148 1635 2220 quibusdam
1667 2165 1836 2205 novus
1863 2150 1928 2222 li—

340 2244 518 2301 bellus
539 2243 961 2300 denuntiationis
981 2243 1238 2299 adversus
1264 2245 1609 2300 Caecilianum
1637 2244 1794 2300 datus
1811 2256 1924 2310 est;

239 2345 242 2348 ‘
339 2351 448 2405 quo
478 2334 621 2391 iacto
650 2337 849 2407 agitata
898 2351 1111 2390 rursum
1158 2334 1415 2405 cognitio,
1461 2345 1527 2398 et
1569 2345 1748 2390 tamen
1793 2335 1929 2390 nihil

330 2430 622 2500 quidquam
655 2430 708 2484 in
757 2430 1100 2485 thcilianum
1134 2428 1304 2499 potuit
1335 2427 1572 2499 probari.
1604 2427 1807 2482 Eadem
1835 2428 1929 2482 die

337 2529 518 2576 actum
561 2520 774 2576 videtur
800 2521 870 2577 de
893 2520 1123 2576 concilio
1166 2520 1502 2592 septuaginta
1551 2519 1928 2590 episcoporum

332 2616 426 2687 qui
450 2613 800 2671 Cmcilianum
830 2615 1238 2681 damnaverant,
1267 2630 1498 2685 quorum
1531 2600 1680 2684 quasi
1725 2617 1933 2684 gravis-

330 2711 470 2764 sima
515 2711 892 2780 opponebatur
927 2710 1238 2764 auctoritas.
1288 2709 1566 2764 Adversus
1616 2708 1736 2762 illos
1767 2711 1930 2763 multa

334 2804 476 2859 dicta
509 2813 668 2858 sunt:
699 2802 1012 2858 'I‘raditorcs
1041 2816 1134 2857 eos
1160 2801 1326 2856 fuisse
1343 2799 1623 2855 Caeciliani
1656 2800 1929 2865 inimicos,

337 2898 660 2952 ambitiosos
688 2897 957 2961 homines,
999 2894 1219 2950 Lucillzc
1248 2895 1513 2950 obnoxios
1545 2904 1599 2948 ct
1625 2895 1740 2965 ejus
1773 2910 1934 2964 pecu-

329 2991 420 3044 nia
451 2999 757 3060 corruptosg
799 2989 1011 3059 aliaque
1041 2985 1301 3058 ejusmodi
1331 3005 1344 3039 :
1376 2987 1636 3041 adversus
1687 2985 1929 3041 Caecilia.

339 3096 467 3135 num
509 3080 651 3151 quod
682 3095 710 3134 a
741 3080 921 3135 Felice
942 3078 1308 3151 Aptungitano
1339 3070 1670 3133 Traditionis
1698 3093 1793 3134 reo
1841 3094 1932 3132 or-

2037 1887 2056 1920 ι
2093 1885 2255 1938 posse.
2299 1888 2318 1920 ›
2357 1869 2447 1924 Sic
2468 1862 2965 1922 communicauerunt
2987 1868 3123 1921 clero
3145 1856 3444 1933 Ctecilinni,
3478 1877 3525 1921 et
3553 1884 3642 1922 re-

2013 1961 2168 2016 .rersi
2193 1971 2334 2016 sunt.
2368 1959 2449 2014 De
2475 1963 2558 2015 iiis
2586 1961 2742 2015 rebus
2768 1961 3024 2026 habemus
3067 1963 3327 2016 volumina
3357 1973 3592 2015 actorum
3618 2003 3636 2028 ,
3705 2035 3713 2041 _

2028 2055 2164 2122 quod
2186 2054 2364 2123 siquis
2385 2054 2625 2119 voluerit,
2659 2054 2712 2106 in
2751 2054 3038 2107 novissimis
3059 2054 3287 2130 partibus
3319 2052 3476 2124 legat.
3505 2052 3639 2108 Cum

2029 2146 2138 2198 haec
2179 2145 2379 2214 ﬁerent,
2422 2144 2653 2200 Donatus
2709 2147 2845 2199 ultro
2885 2146 3027 2216 prior
3054 2147 3124 2198 ad
3148 2146 3510 2218 Carthaginem
3559 2165 3642 2203 re-

2029 2240 2124 2294 dit.
2159 2239 2271 2302 Hoc
2297 2239 2472 2291 audito
2493 2280 2509 2303 ,
2539 2236 2848 2294 chiliantts
2874 2240 2941 2293 ad
2981 2254 3128 2292 suam
3157 2239 3354 2307 plebem
3383 2257 3641 2312 propera-

2031 2335 2118 2389 vit.
2150 2334 2262 2388 Hoc
2289 2335 2441 2388 modo
2465 2335 2650 2389 iterum
2679 2335 3004 2390 renovellatte
3027 2317 3145 2390 sunt
3171 2348 3367 2403 partes.

2107 2426 2246 2481 Novi
2268 2428 2516 2480 tumultus
2538 2425 2844 2481 Donatiunte
2870 2428 3109 2496 {actionis
3137 2428 3382 2483 adversus
3395 2427 3640 2505 Ctecilia-

2032 2538 2171 2577 num.
2205 2552 2273 2563 -—
2306 2523 2485 2593 Itaque
2514 2523 2823 2578 Donatianm
2863 2522 3111 2578 factionis
3137 2522 3388 2580 homines
3417 2511 3470 2578 in
3506 2541 3636 2596 per-

2034 2615 2233 2671 vicaria
2273 2630 2368 2671 sua
2401 2625 2779 2686 permanentes
2804 2658 2819 2682 ,
2860 2611 3040 2670 novos
3057 2615 3219 2670 etiam
3247 2618 3509 2673 tumultus
3539 2634 3640 2687 per

2037 2711 2271 2765 Africam
2297 2710 2571 2765 concitare
2597 2718 2895 2779 coeperunt,
2920 2719 2976 2764 et
2998 2725 3066 2765 ex
3095 2711 3159 2766 iis
3185 2712 3433 2773 nonnulli
3465 2715 3639 2785 impc-

2036 2815 2272 2858 ratoretn
2306 2804 2454 2858 adire
2484 2804 2775 2866 ausi-sunt,
2809 2817 2872 2857 ac
2897 2802 2964 2858 de
2996 2818 3139 2858 novo
3167 2801 3517 2860 Ctecilianum
3545 2822 3639 2862 ac-

2035 2909 2242 2950 cusare.
2271 2895 2476 2963 Quibus
2497 2910 2619 2951 cum
2653 2896 3020 2966 respondisset
3045 2898 3376 2974 imperator:
3411 2898 3639 2954 Frustra

2035 2988 2090 3041 id
2110 3006 2194 3043 eos
2209 2991 2411 3061 jactare
2440 3005 2554 3043 cum
2585 3005 2664 3042 res
2711 2988 2925 3056 fuissent
2945 2991 3083 3059 apud
3113 2990 3282 3044 urbem
3324 2991 3546 3045 Romam
3568 2992 3636 3045 ab

2035 3083 2228 3136 idoneis
2279 3099 2339 3135 ac
2406 3083 2773 3149 probatissimis
2816 3084 2938 3137 viris
2984 3082 3238 3153 episc0pis
3293 3086 3584 3139 terminata:
3618 3128 3636 3151 ,

336 3172 558 3227 dinatus
599 3171 808 3226 fuisset.
839 3170 934 3226 Hae
975 3170 1304 3240 quaestiones
1334 3169 1515 3239 plures
1546 3177 1600 3224 et
1641 3169 1931 3224 intriCatis-
1956 3173 2001 3236 C
2035 3175 2216 3230 obnixe
2237 3193 2296 3229 ac
2314 3176 2638 3246 pertinaciter
2663 3175 3060 3247 responderunt,
3086 3169 3222 3248 quod
3250 3193 3427 3232 eorum
3457 3172 3628 3233 omnis

336 3264 487 3318 sima:
514 3270 690 3329 erant,
723 3277 753 3316 a
798 3263 997 3332 quibus
1042 3261 1420 3316 abstinendum
1449 3276 1570 3317 esse
1613 3262 1713 3317 sibi
1761 3261 1955 3317 dum--

335 3366 469 3412 runt
494 3358 708 3412 concilii
733 3355 963 3412 Romani
997 3367 1196 3426 patres,
1225 3371 1283 3410 ac
1314 3355 1383 3411 de
1405 3356 1695 3412 Caeciliano
1722 3365 1928 3430 tantum

335 3462 391 3507 et
432 3453 637 3507 Donato
661 3452 921 3524 judicium
955 3451 1096 3506 ferre
1127 3450 1434 3516 voluerunt.
1463 3449 1562 3505 Hic
1593 3450 1785 3505 iterum
1818 3450 1930 3519 pol-

333 3547 515 3602 licitus
544 3557 625 3602 est
657 3563 716 3602 se
743 3547 830 3602 die
870 3546 1112 3618 sequenti
1165 3545 1389 3600 idoneos
1426 3553 1591 3598 testes
1642 3545 1928 3598 criminum

334 3639 606 3696 Czeciliani
639 3640 1000 3694 exhibiturum
1029 3655 1040 3690 :
1067 3647 1123 3692 at
1160 3654 1283 3692 cum
1332 3636 1611 3706 promissis
1647 3643 1793 3690 stare
1823 3651 1930 3690 non

334 3741 553 3805 posset,
584 3733 649 3787 ad
670 3732 929 3803 judicium
961 3731 1219 3788 accedere
1249 3730 1481 3800 amplius
1518 3728 1711 3784 noluit.
1745 3729 1930 3799 Itaque

327 3828 484 3883 tertia
515 3827 605 3881 die
642 3825 970 3881 Caecilianus
1000 3826 1237 3880 omnium
1271 3839 1366 3879 ore
1404 3824 1663 3878 innocens
1693 3836 1932 3893 pronun-

335 3918 498 3974 tiatus
521 3927 623 3984 est,
651 3925 706 3971 et
735 3918 1044 3972 communio
1073 3933 1194 3972 cum
1222 3904 1294 3972 eo.
1319 3927 1530 3972 servata
1565 3936 1576 3972 ε
1609 3931 1639 3972 e
1688 3927 1873 3971 contra
1899 3931 1930 3968 a

336 4011 565 4081 singulis
594 4011 648 4065 in
673 4011 935 4066 Donatum
979 4012 1192 4082 propria
1238 4011 1580 4067 confessione
1609 4012 1928 4067 convictum

338 4103 620 4158 sententia:
673 4103 792 4156 latae
835 4113 981 4157 sunt.
1021 4103 1078 4158 In
1127 4115 1353 4159 cmteros
1410 4115 1590 4158 autem
1643 4105 1928 4173 episcopos

339 4194 431 4264 qui
459 4193 798 4247 Caecilianum
841 4193 1258 4261 damnaverant,
1310 4194 1441 4250 nihil
1485 4195 1885 4264 pronuntiatum
1912 4235 1926 4258 ,

338 4302 438 4342 nec
454 4285 596 4340 ullus
613 4301 798 4341 eorum
821 4301 850 4339 a
874 4288 1249 4341 communione
1270 4287 1524 4342 Ecclesiae
1552 4289 1806 4358 expulsus
1824 4295 1927 4352 est;

339 4382 435 4438 sed
465 4380 673 4436 cunctis
687 4379 954 4450 episc0pis
977 4379 1143 4447 partis
1156 4378 1395 4451 Majorini
1424 4381 1480 4450 6
1504 4382 1651 4449 optio
1681 4381 1802 4435 data
1825 4391 1930 4444 est,

347 4474 479 4528 utsi
525 4471 591 4526 ad
622 4472 879 4525 unitatem
921 4469 1097 4524 redire
1139 4470 1360 4533 vellent,
1393 4470 1444 4523 in
1493 4471 1604 4524 suis
1638 4472 1932 4526 honoribus

2034 3285 2190 3322 causa
2226 3286 2326 3322 non
2374 3270 2550 3339 fuisset
2586 3269 2802 3335 audita;
2857 3269 3152 3338 sedpotius
3202 3259 3354 3323 iidem
3400 3271 3638 3340 episcopi

2032 3363 2254 3430 quodam
2285 3362 2396 3416 loco
2422 3379 2474 3416 se
2499 3363 2825 3430 clausissent,
2854 3373 2900 3417 et
2920 3374 3072 3434 prout
3100 3355 3274 3434 aptum
3301 3365 3428 3436 ipsis
3461 3370 3636 3437 fuerat

2025 3454 2366 3524 judicassent.

2109 3547 2270 3600 Noote
2295 3564 2472 3601 eorum
2506 3549 2576 3601 ad
2612 3550 2974 3631 imperatorem
3007 3551 3246 3619 querela).
3291 3550 3449 3605 Gesta
3488 3552 3635 3622 apud

2033 3638 2528 3711 AtilianumAfricae
2582 3641 2934 3710 proconsulem
2979 3642 3042 3694 de
3091 3642 3394 3704 innocentia
3435 3641 3634 3697 Felicis

2033 3733 2467 3806 Aptungitani.—
2483 3735 2577 3790 His
2604 3745 2877 3803 permotus
2899 3733 3285 3791 Constantinus
3309 3737 3632 3808 imperator,

2033 3832 2091 3880 nt
2131 3825 2556 3882 dissensionibus
2598 3828 2816 3882 tandem
2863 3827 3150 3899 aliquando
3180 3828 3342 3884 linem
3385 3830 3635 3900 intponev

2034 3930 2136 3992 ret,
2175 3933 2388 3972 causam
2435 3918 2630 3974 Felicis
2665 3919 3016 3988 Aptungitani
3064 3900 3136 3974 in~
3163 3920 3381 3990 publico
3431 3920 3635 3976 Africa:

2029 4010 2232 4080 judicio
2250 4012 2546 4066 examinari
2567 4013 2845 4082 przecepit,
2879 4024 2933 4067 et
2958 4013 3249 4068 concilium
3276 4013 3446 4083 priori
3470 4014 3635 4084 longe

2035 4105 2374 4160 numerosius
2423 4103 2613 4159 indixit
2660 4105 2711 4160 in
2757 4104 2942 4159 urbem
2990 4104 3388 4169 Arelatensem,
3429 4101 3635 4160 ut'tota

2033 4196 2304 4252 Cmciliani
2359 4212 2523 4252 causa
2580 4199 2778 4253 iterum
2837 4197 2904 4251 ad
2954 4213 3180 4252 examen
3250 4208 3632 4254 revocaretur.

2034 4293 2263 4371 scripsit
2311 4291 2474 4363 igitur
2527 4291 2592 4345 ad
2648 4291 2847 4346 Verum
2901 4306 2997 4346 seu
3056 4291 3313 4347 Verinum
3368 4292 3635 4346 vicarium

2033 4384 2247 4450 Africce,
2284 4392 2339 4437 ut
2365 4383 2432 4438 de
2460 4384 2564 4437 vita
2597 4382 2796 4438 Felicis
2817 4382 3169 4454 Aptungitani
3202 4393 3258 4438 et
3295 4383 3363 4438 de
3405 4385 3638 4439 crimine

2034 4477 2362 4532 Traditionis
2381 4477 2533 4547 cujus
2553 4476 2984 4550 insimulabatur,
3004 4477 3216 4547 publice
3239 4477 3633 4547 inquireretur.

299 4596 306 4603 -
336 4576 744 4637 permanerent,
775 4565 986 4620 etiamsi
1015 4574 1165 4619 extra
1201 4563 1494 4619 Ecclesiam
1523 4565 1753 4619 ordinati
1799 4566 1930 4620 luis-
1955 4572 2008 4632 D
2033 4568 2165 4623 Cum
2197 4581 2371 4623 autem
2407 4567 2578 4624 Verus
2601 4568 2938 4623 incommoda
2968 4569 3272 4634 valetudine
3321 4577 3630 4636 terreretur,

337 4667 517 4713 senta
547 4657 838 4727 Majorino;
876 4659 946 4710 ita
989 4667 1046 4712 ut
1085 4657 1411 4726 ubicumque
1450 4655 1556 4710 duo
1588 4667 1771 4712 essent
1818 4662 1931 4727 epi-

338 4753 487 4823 scopi
512 4796 525 4819 ,
555 4769 691 4806 unus
721 4771 749 4804 a
781 4751 1095 4816 Caeciliano,
1125 4752 1262 4807 alter
1290 4767 1318 4804 a
1344 4751 1605 4821 Majorino
1630 4752 1928 4818 ordinatus,

337 4845 385 4901 is
433 4844 849 4898 confirmaretur
887 4845 975 4914 qui
1036 4845 1186 4914 prior
1237 4857 1381 4900 esset
1427 4844 1728 4908 ordinatus,
1774 4845 1929 4898 alteri

340 4954 469 4993 vero
493 4937 644 5007 plebs
671 4936 772 4990 alia
795 4936 1025 5005 regenda
1041 4937 1433 5006 provideretur.
1467 4937 1592 4990 llazc
1615 4952 1680 4990 ex
1713 4937 1925 5006 Optato,

338 5030 436 5085 lib.
477 5047 515 5096 ι,
542 5028 682 5100 δολί,
710 5038 762 5082 et
784 5029 1102 5097 Augustino,
1123 5044 1219 5099 ep-
1237 5045 1368 5084 mn
1390 5071 1406 5094 ,
1432 5037 1486 5083 et
1513 5028 1794 5083 Breviculo
1821 5028 1931 5083 col-

340 5123 564 5178 lationis
594 5122 697 5176 diei
727 5122 762 5176 5
791 5119 1125 5189 collegimus.
1156 5105 1248 5175 llis
1277 5125 1530 5192 peractis,
1582 5120 1849 5176 Miltiades
1879 5132 1933 5175 et

336 5216 528 5286 reliqui
560 5214 798 5283 episcopi
828 5228 1178 5282 qttmcuntqne
1208 5216 1257 5266 in
1285 5215 1513 5268 concilio
1534 5224 1681 5285 gesta
1698 5213 1929 5280 fuerant,

337 5309 438 5361 una
469 5321 593 5361 cum
625 5306 762 5370 actis
809 5305 978 5374 ipsius
1023 5305 1236 5358 concilii
1263 5305 1327 5359 ad
1363 5307 1742 5374 imperatorem
1789 5308 1929 5360 (Ion-

343 5383 991 5459 starrtittuntdirexerurit,
1021 5396 1357 5449 verboetiam
1407 5394 1737 5450 allirmantes
1783 5395 1927 5465 quod

301 5547 305 5551 ,
339 5489 592 5558 judicium
643 5506 800 5544 suum
850 5488 1040 5542 fuisset
1065 5502 1161 5557 pro
1189 5503 1367 5542 rerum
1396 5490 1649 5556 mquitate
1677 5489 1928 5558 deprom-

339 5591 526 5648 ptum,
570 5596 769 5652 eosque
815 5582 993 5650 potius
1043 5595 1198 5634 noxae
1237 5579 1502 5634 obnoxios
1532 5595 1651 5635 esse
1686 5581 1928 5636 dicentes

339 5672 430 5737 qui
459 5682 641 5727 contra
669 5671 1014 5730 Cmoilianum
1046 5680 1369 5744 putaverunt
1400 5669 1644 5742 quaedam
1688 5687 1929 5729 commo-

341 5776 489 5817 νοω.

2035 4658 2279 4714 )Elianus
2311 4660 2602 4729 proconsul
2641 4661 2996 4730 quaestionem
3034 4660 3220 4714 habuit
3251 4660 3374 4714 loco
3411 4660 3635 4729 Vicarii,

2035 4752 2228 4805 Alﬁum
2257 4751 2602 4807 C:eci|ianum
2633 4755 2724 4823 qui
2763 4763 3006 4823 tempore
3045 4754 3442 4823 persecutionis
3469 4770 3634 4809 cura-

2034 4852 2115 4898 tor
2141 4844 2314 4898 l'uerat
2337 4847 2611 4916 municipii
2629 4846 3161 4912 Autumnitanornm,
3188 4848 3448 4902 accersiri
3471 4847 3638 4917 jussit

2031 4951 2151 4989 cum
2182 4935 2421 5005 lugentia
2462 4938 2636 4991 scriba
2660 4979 2672 5002 ,
2711 4938 2969 5006 Claudio,
3005 4940 3334 5005 Saturnino,
3385 4937 3632 5006 Calidio,

2033 5026 2310 5091 Gratiano,
2338 5028 2564 5096 Superio
2595 5030 2908 5083 Stationario
2929 5072 2944 5096 ,
2973 5030 3172 5087 Solone
3199 5048 3356 5086 servo
3389 5033 3632 5102 publico,

2034 5120 2261 5189 aliisque
2301 5121 2526 5175 testibus
2565 5120 2631 5172 ad
2678 5124 3033 5190 quaestionem
3083 5125 3424 5180 necessariis.
3467 5125 3636 5180 Lecta

2034 5224 2158 5269 sunt
2188 5227 2301 5268 acta
2338 5213 2706 5282 municipalia,
2741 5215 3053 5283 interrogati
3092 5216 3418 5271 Saturninus
3446 5226 3502 5272 et
3531 5217 3638 5271 Ca-

2036 5307 2197 5362 lidius
2221 5307 2406 5375 junior
2421 5316 2722 5378 curatores,
2756 5305 3016 5374 Superius
3058 5306 3407 5361 stationarios
3434 5317 3490 5361 et
3515 5306 3639 5362 Cte-

2033 5398 2257 5452 cilianus
2323 5397 2604 5461 Duumvir,
2649 5397 2921 5464 lngentius
2967 5395 3256 5465 qnmstioni
3316 5396 3634 5463 applicitus,

2035 5489 2205 5560 iisque
2245 5489 2498 5545 omnibus
2551 5489 2769 5553 auditis,
2809 5488 2946 5542 hanc
2985 5488 3270 5557 proconsul
3298 5488 3636 5543 sententiam

2034 5582 2396 5652 pronuntiavit
2430 5599 2442 5634 :
2475 5579 2703 5636 Felicem
2747 5582 3037 5652 religiosum
3078 5583 3372 5651 episcopum
3413 5581 3639 5635 liberum

2035 5689 2143 5726 esse
2185 5674 2246 5726 ab
2294 5663 2558 5728 c.r.-ustione
2606 5675 3060 5730 instrumentorum
3109 5672 3423 5742 Deiﬁcorunt
3465 5674 3640 5726 muni-

2039 5765 2226 5833 festum
2257 5773 2350 5831 est,
2378 5781 2493 5818 cum
2525 5781 2670 5820 nemo
2703 5766 2889 5822 incum
2917 5766 3124 5839 aliquid
3161 5764 3378 5836 probare
3397 5758 3627 5836 potuerit
