3848 6220
310 373 420 430 78ἒὶ

1502 336 1823 427 tttsroant
1867 367 2414 427 DONATISTARUM.
2508 392 2513 396 -

3490 368 3595 422 786

305 492 447 561 quod
471 491 883 564 religiosissimus
904 489 1189 558 scripturas
1216 486 1489 541 tradiderit
1517 485 1591 539 vel
1627 484 1897 537 ea‘ttsset'il.
1934 490 1985 547 Α
2016 495 2173 553 rupto
2216 482 2502 553 Augustini
2543 481 2661 536 loco
2685 525 2698 546 ,
2748 482 2875 537 lib.t
2919 493 3104 538 contra
3142 483 3554 539 Parmenianuut
3582 525 3599 551 ,

311 585 558 637 (lintrium
603 588 740 637 enim
786 582 1122 649 interrogatio
1163 578 1515 651 suprascripta
1568 577 1899 646 manifestata

304 688 387 730 est
415 677 584 730 nullas
607 677 887 747 scripturas
903 674 1126 748 Dei/iens
1148 674 1225 725 vel
1239 673 1487 735 inventas,
1512 670 1586 723 vel
1612 678 1900 735 corruptus,

304 768 391 820 vel
419 767 648 821 incensas
697 768 874 839 fuisse.
920 764 1033 819 Iloc
1078 764 1533 818 actis'continetur
1578 762 1713 832 quod
1753 759 1907 816 Felix

304 861 582 931 episwpus
603 861 873 932 religiosus
901 858 1006 912 illis
1028 856 1339 927 (corporibus
1365 873 1523 926 neque
1543 871 1765 928 prmsens
1786 859 1903 926 [ue-

303 951 407 1014 rit,
453 968 611 1021 neque
650 952 1011 1005 conscientiam
1049 949 1506 1003 accommodaverit
1533 989 1548 1013 ,
1598 964 1761 1016 neque
1806 948 1907 1002 tale

304 1044 512 1113 aliquid
712 1046 947 1118 jusserit.
977 1043 1253 1113 lugentius
1302 1057 1332 1096 c
1383 1050 1569 1096 (:0ult'a
1620 1042 1901 1095 convictus

304 1134 459 1204 quod
480 1134 886 1190 AlliiCaeciliani
916 1137 1160 1203 epistola:
1190 1137 1443 1209 nonnulla
1463 1134 1901 1203 addidissctqui-

306 1226 417 1282 bus
440 1225 603 1282 Felici
631 1229 836 1282 crimen
868 1228 1201 1283 Traditionis
1245 1228 1645 1295 inurunt-batur,
1680 1226 1731 1278 itt
1784 1239 1906 1278 ear-

304 1333 495 1374 cerem
509 1319 784 1388 coniectus
815 1327 920 1383 est,
952 1330 1004 1374 et
1033 1320 1146 1373 illic
1169 1318 1422 1373 detentus
1448 1318 1621 1372 donec
1640 1316 1907 1372 Constan-

305 1412 460 1465 tinus
485 1425 628 1466 anno
644 1412 887 1482 sequenti
914 1410 1183 1467 Prehiano
1212 1410 1522 1480 proconsuli
1556 1408 1753 1463 IEIiani
1783 1414 1935 1463 διιίιο⁸

303 1504 517 1560 cessori
542 1504 759 1573 scripsit
798 1513 858 1557 ut
884 1519 1007 1559 eum
1034 1503 1100 1558 ad
1132 1505 1450 1558 comitatum
1482 1504 1742 1558 mitteret.
1773 1502 1906 1557 Acta

305 1598 408 1651 illa
451 1595 699 1651 confecta
727 1604 853 1649 sunt
896 1594 965 1650 ab
992 1593 1210 1650 IEliano
1238 1594 1531 1650 Volusiano
1574 1604 1630 1649 et
1659 1594 1908 1648 Anniano

303 1686 629 1743 consulibus
658 1702 724 1740 xv
745 1686 1005 1742 kalendas
1032 1687 1273 1751 martias,
1311 1686 1414 1740 hoc
1436 1696 1538 1750 est,
1574 1686 1662 1741 die
1690 1686 1905 1741 decima

302 1780 500 1851 quinta
528 1779 738 1835 mensis
760 1778 1039 1834 Februarii
1064 1777 1190 1833 anni
1217 1778 1319 1833 5H
1346 1775 1454 1850 (α),
1486 1786 1718 1849 quatuor
1755 1794 1907 1834 men—

303 1873 465 1929 sibus
488 1885 609 1944 post
629 1875 895 1946 synodum
919 1873 1241 1929 Romanam.

382 1965 638 2038 Epistolte
684 1965 1004 2022 Constantini
1050 1967 1235 2037 quibus
1294 1968 1590 2022 Arelatense
1637 1968 1909 2037 concilium

301 2062 516 2115 indicit.
540 2092 608 2102 --
642 2051 842 2116 Eadem
872 2078 1036 2128 anno,
1059 2077 1246 2117 mense
1271 2063 1534 2133 Augusto,
1560 2062 1799 2116 habitum
1828 2072 1911 2117 est

304 2152 633 2209 Arelatense
678 2154 990 2209 concilium.
1041 2154 1344 2223 Seripsrrat
1403 2151 1789 2209 Constantinus
1839 2154 1908 2209 ad

302 2244 570 2301 Idalium
599 2244 698 2317 (b),
724 2262 815 2302 seu
844 2247 1003 2301 utalii
1033 2246 1243 2315 legunt,
1270 2246 1579 2313 Ablavinm,
1603 2258 1694 2301 aut
1733 2247 1910 2317 potius

305 2338 589 2396 Elianum
620 2338 816 2396 Africae
850 2342 1225 2410 proconsulem
1251 2383 1268 2407 ,
1313 2352 1373 2396 ut
1399 2340 1745 2397 Caecilianum
1779 2358 1903 2396 cum

303 2433 440 2489 aliis
463 2436 908 2505 episcopisquos
954 2434 1071 2503 ipse
1102 2434 1391 2505 deligeret,
1444 2450 1653 2490 necnon
1700 2434 1909 2504 aliquos

302 2528 453 2582 alios
479 2542 544 2581 ex
583 2526 872 2596 provinciis
904 2526 1202 2597 Byzacena,
1232 2526 1563 2595 Tripolitana
1591 2567 1606 2591 ,
1659 2525 1908 2579 Numidia

302 2632 362 2675 et
393 2621 742 2684 Mauritaniis,
766 2630 926 2688 atque
952 2603 1116 2675 etiam
1150 2619 1363 2690 aliquos
1393 2635 1458 2674 ex
1489 2620 1607 2689 ejus
1651 2620 1908 2674 adversa-

302 2714 434 2775 riis,
462 2712 585 2767 data
627 2714 907 2767 evectione
939 2711 1150 2781 publica
1182 2726 1278 2781 per
1306 2710 1540 2766 Africam
1569 2722 1624 2766 et
1654 2712 1907 2766 Maurita-

305 2808 460 2861 niam
507 2805 629 2861 inde
668 2806 733 2860 ad
764 2804 1048 2876 Hispanias
1085 2806 1438 2877 transportari
1461 2806 1697 2876 juberet,
1731 2816 1786 2860 ut
1830 2807 1909 2877 in-

303 2909 395 2953 tra
428 2897 571 2951 diem
602 2895 953 2953 kalendarum
992 2898 1354 2968 Augustarum
1399 2898 1674 2953 Arelatem
1721 2913 1909 2968 perve-

302 2990 510 3045 nirent.
550 2989 782 3046 Dederat
808 2988 977 3046 etiam
1019 2990 1315 3061 imperator
1341 2990 1553 3046 litteras
1599 2990 1664 3045 ad
1697 2991 1909 3061 episco-

304 3098 434 3154 pos,
468 3097 604 3153 quos
629 3082 822 3137 adesse
842 3082 1079 3139 concilio
1099 3057 1352 3148 Vvolebdt,
1396 3057 1912 3152 quibusinandabat

303 3175 421 3240 eis,
460 3186 513 3231 ut
543 3184 766 3247 accepto
794 3177 1007 3247 publico
1046 3176 1317 3241 vehiculo,
1350 3176 1488 3238 intra
1521 3176 1779 3233 kalendas
1798 3179 1905 3232 Au-

2007 590 2057 632 c.
2077 578 2132 642 5,
2154 576 2241 632 ubi
2272 576 2548 632 mentione
2577 575 2711 629 facta
2745 576 2971 631 llnrnani
2990 576 3176 647 judicii
3203 577 3304 632 sub
3333 576 3592 641 Miltiade,

2005 683 2166 739 quem
2188 667 2514 723 Traditionis
2551 669 2602 739 7
2634 668 2954 722 accusabant
2988 670 3308 736 Donatistaz,
3333 676 3455 740 post
3476 684 3599 726 sen-

2007 760 2230 816 tentiam
2261 762 2328 817 ab
2378 779 2443 817 eo
2484 761 2644 815 latam
2692 762 2808 816 hare
2854 746 3231 817 habebantur:
3268 761 3444 835 Usque
3470 763 3601 817 adeo

2008 856 2262 912 dementes
2289 867 2406 911 sunt
2453 858 2701 922 homines,
2728 869 2782 911 ut
2809 857 3054 912 ducentos
3075 858 3284 931 judices
3313 859 3454 930 apud
3474 875 3600 930 quos

2008 951 2125 1004 victi
2153 961 2291 1017 sunt,
2334 952 2478 1007 victis
2523 950 2866 1021 litigatoribus
2905 952 3115 1005 credant
3142 968 3252 1006 esse
3289 962 3597 1024 postponen-

2009 1042 2126 1097 rios.
2156 1044 2493 1098 Existimavit
2534 1045 2741 1099 scilicet
2770 1042 3057 1107 BarOnius,
3086 1042 3231 1113 quod
3258 1043 3327 1097 de
3354 1044 3602 1100 ducentis

2004 1134 2276 1203 iudicibus
2307 1137 2391 1189 hic
2440 1135 2658 1201 dicitur,
2698 1135 2968 1205 pertinere
2997 1133 3063 1189 ad
3095 1135 3379 1190 concilium
3410 1136 3604 1191 Arela-

2012 1236 2193 1290 tense;
2235 1241 2358 1281 cum
2389 1236 2568 1283 tamen
2597 1228 2664 1282 de
2686 1229 2927 1282 lloutano
2956 1228 3041 1283 hic
3070 1236 3281 1297 agatur,
3320 1227 3465 1297 quod
3509 1244 3607 1282 nu-

2013 1319 2315 1373 venidccim
2345 1328 2548 1373 tantum
2582 1319 2723 1373 haud
2760 1319 2923 1373 dubie
2950 1319 3327 1390 episcoporum
3373 1320 3489 1374 luit.
3542 1322 3613 1374 At

2013 1413 2064 1467 in
2096 1414 2332 1484 genuino
2360 1414 2642 1486 Augustini
2683 1425 2834 1470 testu
2862 1414 2930 1470 de
2955 1414 3205 1470 ducentis
3236 1414 3505 1486 iudicibus
3528 1415 3609 1469 tti-

2013 1507 2085 1561 hil
2114 1507 2342 1562 habetur
2368 1525 2382 1571 ;
2436 1507 2530 1563 sed
2582 1518 2637 1562 ut
2668 1509 2977 1562 restitutum
3009 1518 3092 1563 est
3119 1522 3183 1562 ex
3214 1508 3382 1563 veteri
3422 1506 3608 1563 codice

2015 1601 2269 1656 ValiCano
2322 1602 2373 1656 in
2422 1612 2691 1671 postrema
2744 1602 2979 1657 editione
3030 1616 3256 1672 operum
3315 1602 3597 1671 Augustini

2010 1693 2116 1764 legi
2139 1693 2299 1748 debet
2328 1710 2341 1746 :
2371 1709 2529 1762 usque
2544 1693 2671 1748 adeo
2699 1693 2953 1747 denicales
2972 1703 3091 1747 sunt
3113 1693 3365 1757 homines,
3400 1702 3458 1746 ut
3482 1688 3607 1751 coite

2012 1795 2092 1839 tra
2124 1784 2331 1858 judices
2361 1785 2500 1856 apud
2545 1801 2670 1854 quos
2710 1785 2829 1838 victi
2876 1794 3034 1848 sunt,
3074 1784 3218 1837 victis
3262 1783 3607 1856 litigatoribus

1941 1881 2244 1949 Bcredant.
2285 1879 2455 1949 Quam
2488 1880 2777 1935 lectionem
2809 1879 2968 1949 hujus
3017 1878 3122 1933 loci
3160 1877 3446 1949 genuinam
3485 1891 3608 1933 esse

2016 1983 2160 2042 patet
2204 1990 2217 2025 :
2265 1988 2383 2027 nam
2441 1986 2638 2028 omnes
2688 1970 2904 2027 codices
2952 1969 3301 2040 manuseripti
3354 1969 3613 2025 omittunt

2017 2075 2289 2136 postrema
2318 2065 2481 2121 verba
2518 2081 2628 2120 esse
2666 2065 3063 2137 postponendos,
3095 2080 3216 2135 qua:
3246 2080 3277 2120 a
3306 2063 3609 2120 Lovanien-

2012 2159 2162 2214 sibus
2200 2157 2409 2227 adjecta
2437 2167 2583 2224 sunt,
2613 2169 2671 2212 ut
2708 2172 2926 2213 sensum
2956 2157 3188 2226 aliquem
3210 2156 3522 2212 efﬁcerent:
3555 2164 3611 2211 et

2012 2268 2134 2308 eum
2168 2268 2271 2307 vox
2318 2262 2496 2306 contra
2544 2252 2683 2307 forte
2712 2252 2781 2307 ab
2811 2253 3139 2307 Amanucnsi
3184 2266 3280 2321 per
3322 2249 3523 2320 duplex
3555 2266 3611 2303 cc

2013 2354 2104 2399 aut
2130 2361 2191 2398 ca
2230 2359 2486 2416 expreSsa
2509 2342 2718 2408 fuisset,
2754 2344 2877 2398 inde
2924 2344 3289 2413 exscriptores
3318 2356 3608 2397 numerum

2011 2438 2367 2492 ducentorum
2414 2435 2732 2492 ell'ecerunt.
2784 2436 2912 2490 Ruit
2951 2450 3081 2505 ergo
3126 2450 3192 2490 ex
3240 2434 3386 2489 omni
3426 2434 3604 2504 capite

2012 2529 2228 2584 Baronii
2277 2528 2609 2599 c0njectnra,
2642 2538 2697 2583 et
2745 2528 2959 2583 aliunde
3000 2541 3283 2583 numerum
3320 2527 3607 2595 episcopo-
3694 2522 3699 2525 ’

2014 2636 2130 2675 rum
2161 2620 2374 2676 concilii
2403 2620 2742 2676 Arelatensis
2775 2620 3031 2691 colligere
3073 2628 3309 2690 oportet.
3340 2616 3611 2673 Cousmn-

2013 2715 2155 2770 tinus
2203 2714 2256 2769 in
2294 2714 2522 2783 epistola
2555 2713 2621 2768 ad
2650 2714 2964 2780 Chrestum,
2997 2713 3075 2767 ait
3098 2712 3327 2783 iussisse
3355 2726 3416 2768 se
3443 2711 3611 2782 pluri-
3670 2738 3673 2741 -

2012 2823 2129 2861 mos
2151 2823 2216 2861 ex
2242 2807 2471 2862 diversis
2502 2821 2567 2862 ac
2593 2821 2760 2877 prOpe
2803 2806 3023 2861 inlinitis
3053 2805 3188 2861 locis
3232 2804 3517 2875 episcopos
3549 2806 3603 2860 in
3629 2858 3639 2868 ,

2013 2899 2198 2954 urbem
2219 2899 2588 2955 Arelatensem
2613 2901 2748 2955 intra
2766 2898 3034 2954 Kalendas
3047 2899 3277 2969 Augusti
3291 2898 3604 2963 convenire;

2010 3002 2129 3063 qua:
2158 2993 2321 3047 verba
2350 2992 2639 3047 concilium
2681 2991 2825 3047 istud
2857 2990 3012 3046 valde
3053 3005 3402 3047 numerosum
3435 2992 3601 3047 fuisse

2012 3082 2263 3147 videntur
2290 3084 2535 3138 innuere.
2586 3085 2654 3137 At
2684 3084 2916 3154 primum
2948 3082 3001 3137 in
3032 3081 3282 3138 confesso
3324 3092 3409 3138 est
3451 3084 3593 3151 apud

2014 3191 2202 3231 omnes
2232 3183 2454 3231 vocatos
2482 3184 2688 3230 tantum
2722 3166 2891 3231 fuisse
2920 3191 2989 3239 ex
3019 3173 3330 3230 Occidentis
3369 3174 3615 3244 partibus

301 3270 455 3341 gusti
484 3269 538 3324 iu
566 3269 753 3325 urbem
800 3270 1170 3326 Arelatensem
1216 3270 1599 3337 convenirent,
1651 3286 1760 3340 quo
1798 3270 1979 3333 sta-C
2012 3284 2132 3339 qua:
2180 3268 2535 3324 Constantino
2586 3269 2872 3339 parebant,
2920 3277 2975 3324 et
3012 3267 3154 3324 inter
3205 3267 3421 3340 triginta
3461 3278 3611 3336 tres,

304 3370 496 3418 luerat
531 3377 598 3418 ex
637 3362 870 3419 diversis
913 3377 977 3419 ac
1008 3377 1174 3433 prope
1203 3361 1426 3445 inﬁnitis
1456 3364 1589 3418 locis
1626 3364 1911 3435 episcenos

301 3458 530 3522 adesse,
561 3465 619 3511 ut
656 3472 818 3512 causa
844 3456 1117 3513 Czeciliani
1170 3466 1225 3511 et
1266 3456 1667 3511 Donatistarum
1692 3457 1802 3526 jam
1824 3457 1912 3526 ju-

302 3551 491 3604 dicata
527 3550 723 3607 auditis
755 3552 945 3606 iterum
1006 3551 1252 3621 partibus
1298 3548 1565 3604 ﬁniretur.
1592 3549 1910 3619 Exemplum

304 3642 481 3713 hujus
508 3645 753 3714 epistola:
791 3643 859 3698 ad
907 3642 1193 3699 Cbrestum
1243 3643 1642 3715 Syraeusanum
1695 3645 1913 3714 scriptae

304 3738 507 3795 retulit
534 3728 814 3802 Eusebius,
846 3740 932 3793 cui
975 3739 1172 3793 similia
1206 3738 1371 3793 fuisse
1399 3739 1644 3806 exempla
1677 3737 1742 3791 ad
1785 3737 1910 3793 reli-

303 3848 456 3904 quos
473 3835 758 3903 episcopos
780 3834 943 3887 missa
966 3848 1061 3903 par
1084 3844 1167 3889 est
1196 3834 1440 3889 credere.
1466 3832 1521 3887 lu
1563 3847 1628 3888 eo
1675 3832 1817 3903 quod
1847 3831 1913 3886 ad

301 3931 604 3987 Chrestum
644 3928 907 3984 directum
936 3941 1039 3992 est,
1073 3938 1395 3999 potestatem
1444 3928 1517 3982 illi
1556 3927 1682 3983 facit
1726 3928 1916 3998 adjun-

301 4020 482 4092 gendi
510 4021 608 4075 sibi
638 4020 778 4075 duos
806 4021 1026 4076 secundi
1055 4020 1283 4086 ordinis,
1311 4020 1413 4075 hoc
1442 4030 1544 4081 est,
1580 4029 1637 4073 ut
1663 4021 1915 4075 existimo

304 4112 689 4187 presbyteros,
739 4111 1018 4175 diaconos,
1072 4121 1162 4165 aut
1213 4112 1350 4165 alios
1402 4111 1650 4175 clericos,
1698 4122 1752 4165 et
1803 4119 1913 4165 tres

301 4206 569 4264 servulos
615 4206 827 4261 itineris
893 4206 974 4259 sui
1030 4200 1230 4259 socios.
1304 4203 1449 4259 Idem
1502 4206 1662 4257 etiam
1703 4204 1915 4258 cmteris

302 4298 594 4369 episeopis
635 4298 905 4353 indultum
955 4312 1078 4353 esse
1107 4316 1170 4352 ex
1213 4312 1279 4351 eo
1318 4306 1551 4360 constat,
1581 4298 1723 4365 quod
1753 4296 1914 4350 simul

302 4409 443 4449 cum
481 4394 750 4463 episcopis
792 4393 1025 4446 concilio
1078 4390 1348 4444 alfnerint
1398 4402 1452 4444 et
1494 4391 1917 4460 subseripseriut

304 4486 649 4559 presbyteri,
684 4485 889 4538 diaconi
917 4494 972 4538 et
997 4484 1087 4537 alii
1119 4484 1299 4537 clerici
1331 4484 1530 4550 plures.

392 4577 625 4632 Nomina
665 4585 712 4631 et
743 4592 982 4629 numerus
1013 4575 1366 4646 episcoporum
1397 4574 1599 4628 concilii
1649 4574 1917 4628 Arelaten—

2013 3376 2241 3433 quorum
2269 3348 2486 3417 nomina
2520 3363 2573 3417 iu
2605 3362 3095 3433 subscriptionibus
3126 3363 3399 3430 leguntur,
3430 3378 3617 3418 occur-

2014 3466 2141 3513 runt
2165 3458 2404 3527 episcopi
2431 3473 2498 3512 ex
2537 3457 2788 3512 omnibus
2809 3455 3121 3512 Occidentis
3153 3457 3414 3526 partibus,
3442 3456 3614 3521 Italia,

2016 3548 2234 3619 Apulia,
2267 3548 2549 3612 Dalmatia,
2579 3547 2791 3613 Galliis,
2845 3548 3160 3615 Britanniis,
3193 3548 3438 3605 Sardinia
3462 3588 3478 3614 ,
3527 3549 3614 3604 Si-

2018 3643 2162 3710 cilia,
2199 3643 2451 3712 llispania
2493 3652 2547 3698 et
2593 3640 2793 3698 Africa.
2823 3642 2970 3697 Nihil
3000 3653 3181 3698 autem
3211 3651 3357 3699 vetat
3404 3644 3617 3713 episco-

2016 3750 2116 3805 pos
2148 3745 2224 3790 tot
2252 3735 2586 3790 diversarum
2632 3736 2913 3805 regionum
2964 3735 3148 3791 dicere
3184 3752 3253 3791 ex
3290 3735 3523 3792 diversis
3548 3752 3615 3793 ac

2016 3842 2185 3897 prope
2232 3825 2461 3882 inlinitis
2528 3827 2662 3881 locis
2712 3836 3085 3899 congregatos.
3160 3810 3367 3883 Deinde
3434 3838 3615 3884 utrum

2017 3935 2206 3975 omnes
2235 3920 2473 3989 episcopi
2504 3934 2533 3973 a
2554 3920 2913 3976 Constantino
2938 3921 3113 3975 vocati
3136 3919 3412 3976 adfuerint
3439 3921 3618 3977 incer-

2019 4020 2129 4064 tum
2178 4020 2281 4065 est.
2319 4010 2521 4080 Duplex
2568 4013 2942 4066 tantummodo
2981 4022 3390 4068 monumentum
3438 4023 3522 4069 est
3549 4030 3616 4069 ex

2018 4118 2126 4173 quo
2150 4088 2557 4174 episcoporum,
2582 4106 2672 4174 qui
2699 4105 2765 4159 ad
2797 4105 3089 4160 cnncilium
3120 4106 3261 4161 istud
3289 4122 3616 4172 convenere,

2019 4210 2279 4251 numerus
2317 4203 2373 4251 et
2423 4199 2639 4251 nomina
2696 4198 2905 4267 possint
2931 4198 3133 4269 colligi,
3178 4216 3373 4269 nempe
3423 4216 3619 4271 super-

2019 4288 2242 4356 scriptio
2299 4288 2543 4357 epistolae
2586 4289 2805 4344 concilii
2860 4290 3027 4359 ipsius
3078 4301 3134 4346 et
3187 4292 3619 4363 subscriptiones

2019 4382 2257 4437 concilii.
2292 4386 2362 4441 At
2390 4384 2869 4453 superscriptionis
2895 4384 3098 4439 certior
3138 4386 3463 4454 auctoritas,
3494 4403 3616 4441 nam

2021 4477 2229 4531 variant
2277 4478 2726 4559 subscriptiones,
2769 4488 3003 4548 suntque
3048 4496 3153 4535 non
3187 4495 3373 4547 parum
3405 4492 3618 4547 pertur-

2020 4571 2161 4627 batae
2192 4581 2369 4641 atquae
2396 4581 2668 4641 corruptae
2695 4586 2710 4628 :
2744 4571 2842 4627 sed
2880 4586 2979 4642 par
3024 4573 3309 4643 utrobique
3337 4575 3621 4645 episcopo-

301 4676 412 4729 sis.
440 4703 511 4711 ——
536 4672 605 4725 De
644 4686 872 4724 numero
898 4669 1274 4738 episcoporum
1320 4669 1535 4722 concilii
1583 4668 1920 4722 Arelatensis
1947 4659 2002 4719 1)
2027 4683 2145 4723 rum
2171 4681 2431 4721 numerus
2453 4708 2467 4731 ,
2505 4667 2594 4735 qui
2626 4666 2839 4736 triginta
2871 4676 2980 4721 tres
3020 4680 3127 4721 non
3162 4667 3383 4721 excedit
3419 4676 3475 4722 et
3529 4681 3622 4723 ea:

301 4776 560 4822 certatur
614 4766 756 4818 inter
809 4765 1123 4830 scriptores.
1167 4762 1468 4816 Sescentos
1517 4762 1683 4817 fuisse
1732 4762 1921 4817 scribit

301 4856 474 4921 Ado;
500 4856 591 4911 sed
619 4854 757 4910 levis
784 4855 1071 4907 admodum
1112 4852 1234 4908 tidei
1265 4854 1497 4923 scriptor
1528 4854 1581 4908 in
1613 4855 1712 4909 hoc
1749 4869 1919 4925 nego-

303 4958 422 5012 tiu.
450 4950 718 5005 Ducentos
749 4948 915 5004 lnis~e
938 4947 1240 5017 suSpiealus
1270 4958 1351 5003 est
1394 4947 1658 5003 Barouius
1700 4964 1766 5004 ex
1798 4965 1921 5005 cor.

388 5116 474 5184 (a)
498 5113 591 5169 Die
643 5113 709 5167 15
758 5110 947 5184 mensis
996 5107 1304 5184 e_bruarii,
1337 5109 1461 5164 anni
1498 5109 1837 5184 3M.Docet
1871 5110 1924 5165 id

302 5181 657 5257 Augustinus
688 5184 740 5257 in
779 5182 919 5257 libro
964 5181 1042 5257 ad
1062 5182 1370 5257 Donatistas
1400 5191 1522 5252 p05t
1548 5183 1922 5257 collationem.

299 5265 390 5317 At
416 5250 477 5311 in
508 5257 644 5310 actis
686 5256 884 5308 dicitur
919 5253 1135 5307 auditus
1179 5250 1499 5307 Cmctliaitus
1545 5253 1806 5307 Dumnvir
1832 5269 1924 5308 xiv

300 5331 584 5389 kalendas
634 5326 970 5394 Septembris
1018 5324 1310 5378 Volusiano
1361 5336 1414 5379 et
1462 5326 1713 5379 Anniauo
1764 5324 1919 5379 Coss.

300 5408 460 5473 Quze
489 5410 548 5455 ut
571 5400 821 5473 conciliet
840 5396 1106 5473 Valesius,
1129 5397 1678 5473 censetqnaestioiiem
1706 5397 1921 5473 inclina-

305 5466 437 5534 tam
471 5486 654 5527 mense
686 5469 981 5524 Februario
1011 5478 1065 5522 et
1115 5482 1301 5520 mense
1334 5470 1573 5535 Augusto
1608 5466 1923 5533 perfectam.

304 5554 395 5607 Αι
422 5544 623 5599 tamdiu
654 5542 1018 5597 intermissam
1050 5538 1239 5602 fuisse,
1272 5548 1365 5591 aut
1394 5538 1496 5591 'sub
1518 5538 1700 5591 iudice
1727 5552 1926 5605 pepen-

306 5620 479 5677 disse
503 5616 1074 5684 cognittouetn,quam
1098 5612 1431 5684 _:_\_ugu.~tintts
1460 5621 1614 5662 went
1635 5608 1927 5684 diligentis-

309 5693 530 5748 simum
575 5679 833 5745 cxamen,
864 5682 947 5732 vix
980 5679 1241 5732 crmtiltile
1293 5690 1404 5744 est,
1449 5694 1572 5732 cum
1628 5683 1923 5745 pra'sertint

311 5770 473 5819 teste
501 5754 693 5818 Optato
724 5751 1030 5804 mandasset
1073 5750 1385 5819 imperator.
1421 5760 1477 5803 ut
1522 5752 1726 5801 remotis
1757 5769 1927 5804 neces-

311 5818 573 5888 sitatibus
603 5823 836 5894 publicis,
873 5822 941 5894 de
963 5823 1065 5873 vita
1098 5818 1286 5894 [felicis
1316 5821 1651 5894 Αρωηςὶιαηί
1675 5838 1928 5890 (μιανθη-

311 5914 450 5960 nar;
480 5890 671 5950 volens
694 5894 895 5948 scilicet
929 5890 1305 5957 huejudieiun:
1331 5890 1630 5948 Arelatensi
1665 5896 1920 5957 praevium

2026 4763 2149 4817 dem
2181 4760 2293 4816 lere
2334 4760 2584 4823 nomina,
2612 4770 2770 4827 atque
2807 4774 2970 4813 unum
3005 4774 3070 4813 ex
3117 4761 3287 4813 altero
3317 4758 3622 4816 illustratur

2028 4868 2083 4911 et
2127 4856 2467 4911 emendatur.
2522 4853 2581 4907 lu
2632 4852 3090 4923 superscriptioue
3144 4854 3350 4922 primus
3384 4857 3625 4911 occurrit

2030 4950 2267 5005 Marinus
2293 4948 2633 5004 Arelatensis
2652 4988 2668 5013 ,
2712 4949 2953 5017 sequitur
2979 4946 3225 5002 Acratius
3253 4989 3268 5015 ,
3307 4951 3398 5020 qui
3432 4952 3627 5009 melius

2032 5124 2174 5166 esse.
2206 5108 2687 5179 Verisimilius_est
2733 5105 2989 5179 mendum
3020 5120 3142 5161 esse
3170 5108 3221 5162 in
3268 5112 3464 5179 gestis,
3497 5130 3623 5171 eum

2031 5180 2352 5255 pr:r_sertim__
2380 5180 2430 5232 in
2464 5177 2538 5255 iis_
2577 5176 2810 5255 Licinius
2839 5178 3199 5255 μοι-πειθηξίηο
3243 5176 3620 5255 coniungatur,

2034 5248 2091 5306 itt
2144 5251 2354 5320 imperii
2406 5248 2712 5323 particeps,
2762 5249 2851 5316 qui
2899 5251 3043 5323 circa
3075 5249 3235 5305 linem
3283 5248 3470 5323 hujus'
3492 5248 3618 5312 auriti

2031 5339 2151 5377 cum
2174 5321 2529 5376 Constantino
2555 5320 2754 5373 bellum
2784 5320 2976 5390 gessit,
2996 5330 3052 5376 et
3078 5324 3255 5378 victus
3278 5320 3430 5380 estin
3457 5325 3620 5383 Ciba-

2033 5394 2165 5449 lensi
2210 5392 2392 5461 pnelio
2422 5393 2509 5446 die
2530 5399 2718 5445 octava
2748 5390 2998 5446 Octobris
3022 5393 3331 5449 commisso.

2104 5464 2179 5536 (b)
2209 5463 2490 5536 {ﬁla/ium.
2518 5462 2579 5536 In
2602 5465 2975 5536 manuscripto
3003 5466 3190 5521 codice
3231 5468 3421 5536 legitur
3464 5469 3623 5525 ίΕιιι-

2036 5534 2288 5607 βοέέσεᾱ
2347 5535 2493 5607 nulla
2546 5534 2707 5604 hujus
2772 5534 2914 5605 apud
2964 5546 3171 5607 veteres
3219 5534 3474 5594 utetunria
3521 5560 3533 5595 :
3592 5561 3623 5598 e

2034 5605 2219 5662 t-otttra
2245 5605 2455 5661 Altlavii
2485 5620 2682 5660 nomen
2731 5607 2960 5662 illustre.
2996 5606 3175 5661 Potuit
3200 5610 3452 5664 Ablavius
3494 5622 3622 5670 tunc

2034 5676 2573 5751 ti-ntporis_\iicarius
2614 5692 2735 5731 esse
2770 5678 2991 5751 Africae.
3038 5677 3285 5751 Baluzins
3337 5682 3620 5751 legendum

2034 5761 2220 5805 ceu-et
2262 5748 2536 5804 {Elimiam
2586 5764 2681 5817 pro
2736 5748 3031 5817 Elaﬁum,
3083 5752 3170 5819 qui
3217 5748 3462 5804 [Hamas
3495 5766 3623 5813 tunc

2037 5825 2323 5896 proconsul
2343 5819 2691 5896 egratAlricm,
2723 5831 2783 5896 ut
2805 5836 2874 5896 ex
2900 5821 3093 5896 gestis,
3125 5821 3193 5877 de
3224 5824 3415 5889 quibus
3436 5839 3622 5896 snpra',

2036 5891 2179 5957 quml
2203 5908 2309 5945 non
2333 5893 2589 5945 abhorret
2613 5913 2638 5941 a
2675 5891 2968 5944 verisimili.
3000 5922 3001 5925 η
