3848 6220
377 427 474 482 78Ἰ
720 428 725 457 ¹

1555 419 1873 477 HISTORIA
1920 414 2469 481 DONATISTARUM.

3560 420 3680 473 788

344 543 424 597 -ίιι
454 539 935 607 subscriptionihus
969 535 1232 604 rtgrmtius
1255 533 1617 599 Trevirensis,
1643 531 1967 587 Theudotus
1993 534 2044 592 Α
2070 534 2145 587 ita
2173 537 2387 606 respuit,
2418 548 2472 591 ut
2502 536 2648 591 nulla
2677 536 2727 589 in
2757 535 2862 589 illis
2906 544 2990 587 aut
3037 532 3238 585 dicendi
3283 531 3417 584 ratio
3464 532 3685 585 subsis-

374 630 756 702 Aquileiensis,
786 628 989 683 Natalis
1018 627 1304 698 presbyter
1331 626 1563 682 civitatis
1593 624 1964 681 Ursolcusium

373 725 513 778 forte
563 720 913 789 Urgelita'ue,
966 712 1245 773 Proterius
1290 717 1591 787 Capuensis
1642 716 1962 788 episcopus,

375 816 571 870 Vocius
604 811 998 882 Lugdunensis,
1035 810 1207 865 Vetus
1240 810 1584 876 Viennensis,
1610 808 1968 865 Probatianus

375 924 469 963 seu
510 905 794 961 Prohatius
823 904 1109 976 presbyter
1149 902 1606 969 Tarraconensis,
1652 901 1969 958 ()mcilianus

375 1000 862 1070 Carthaginiensis,
932 999 1223 1053 Faustinus
1281 998 1565 1070 presbyter
1620 997 1687 1053 de
1748 997 1970 1053 civitate

378 1092 795 1157 Arausicorum,
851 1089 1176 1161 Surgeutius
1205 1090 1491 1161 episcopus
1519 1088 1756 1144 civitatis
1797 1088 1972 1144 Poco-

372 1183 542 1248 fcitis,
588 1186 723 1237 forte
751 1182 852 1237 vici
883 1183 1140 1239 Bilteusis
1183 1183 1235 1237 in
1274 1177 1479 1247 Ait-ica,
1511 1180 1810 1251 Gregorius
1838 1181 1971 1238 Por-

377 1279 605 1346 tneusis,
629 1279 870 1334 Reticius
900 1277 1423 1349 Augustoduneusis,
1472 1277 1823 1331 Ambitausns
1875 1291 1971 1333 seu

380 1372 716 1430 lmbetausus
765 1370 1073 1437 Rcmensis,
1106 1370 1414 1425 Termatius
1456 1369 1737 1440 presbyter
1783 1370 1849 1423 de
1895 1370 1972 1425 ci-

384 1467 549 1521 vitate
577 1465 994 1537 BaStigensium,
1045 1464 1312 1520 Meruclcs
1359 1462 1800 1532 Mediolanensis,
1842 1462 1975 1519 Par-

382 1558 482 1614 dus
530 1558 844 1629 Arpitanus,
877 1558 1123 1615 Adellins
1153 1558 1220 1614 de
1250 1558 1463 1613 colonia
1505 1557 1933 1637 .Luitdinensium
1956 1600 1972 1626 ,

387 1651 681 1707 llibernius
727 1651 864 1708 forte
916 1653 1143 1708 Eborius
1189 1644 1546 1707 Eboracensis
1576 1694 1590 1719 ,
1646 1651 1977 1707 Fortunatus

384 1746 671 1815 episcopus
725 1743 1080 1816 Cmsariensis
1136 1746 1187 1800 in
1243 1745 1559 1800 Mauritania
1593 1787 1606 1810 ,
1682 1746 1979 1801 Aristasius

389 1846 524 1901 forte
574 1847 893 1900 Anastasius
932 1846 1337 1901 Beuevcutiuus
1387 1861 1481 1899 seu
1533 1843 1977 1911 Bcncventensis,

2075 636 2220 694 teret,
2280 637 2370 682 aut
2400 628 2681 683 accusandi
2726 627 2907 682 modus
2949 626 3224 693 ullus,aut
3272 622 3507 696 probatio
3549 640 3687 677 con—

2072 722 2280 776 ueniret.
2322 720 2586 778 lunocens
2642 725 2823 793 itaque
2874 722 2943 776 ab
2997 735 3185 776 eorum
3212 719 3499 775 calumniis
3546 735 3684 789 pro-

2073 815 2350 870 nuntiatus
2396 828 2479 871 est
2526 816 2882 879 Caicilianus,
2918 815 3018 884 ipsi
3060 829 3208 881 vero,
3234 814 3417 886 judice
3460 810 3577 867 Deo
3630 824 3684 867 et

2071 915 2231 960 matre
2257 904 2514 972 Ecclesia,
2543 906 2704 963 verba
2735 917 2859 961 sunt
2887 905 3132 977 epistola:
3162 904 3438 978 synodica:
3478 906 3684 961 conci-

2074 998 2152 1067 lii,
2178 1017 2291 1071 qua:
2316 1017 2436 1056 suos
2464 1003 2601 1056 novit
2648 1011 2694 1056 et
2737 1003 3050 1075 comprobat,
3108 1012 3201 1056 aut
3246 1001 3479 1055 damnati
3492 1022 3501 1030 ·
3527 1011 3682 1066 sunt,

2073 1103 2161 1148 aut
2187 1096 2380 1167 repulsi
2413 1111 2432 1151 :
2467 1094 2707 1152 damnati
2762 1098 2967 1154 scilicet
3017 1099 3361 1153 accusatores
3410 1097 3688 1169 ιιι-ςηείρυί

2075 1204 2137 1246 ac
2161 1189 2471 1246 schismatis
2497 1203 2768 1258 auctores,
2824 1193 3007 1249 caueri
3044 1207 3077 1247 a
3100 1192 3482 1247 communione
3529 1190 3688 1262 pulsi

2075 1281 2246 1339 donec
2270 1283 2333 1337 ad
2357 1283 2654 1339 Ecclesiam
2682 1283 3007 1340 catholicam
3034 1283 3301 1350 redirent,
3336 1298 3443 1351 quo
3472 1282 3527 1337 in
3548 1296 3689 1338 casu

2064 1375 2343 1431 indultum
2376 1386 2456 1431 est
2490 1376 2557 1431 iis
2584 1378 2674 1449 qui
2715 1376 2898 1432 clerici
2928 1385 3087 1432 erant
3142 1375 3287 1430 inter
3334 1374 3689 1442 Donatistas,

2077 1470 2207 1526 utin
2233 1470 2401 1542 gradu
2423 1487 2526 1554 suo
2550 1462 2863 1538 manerent,
2906 1481 2963 1528 et
3009 1472 3151 1530 circa
3191 1469 3478 1543 episcOpos
3538 1470 3693 1527 idem

2079 1574 2337 1622 Statntum
2361 1565 2503 1638 quod
2532 1568 2684 1639 prius
2714 1567 2768 1621 in
2792 1566 3021 1621 concilio
3051 1566 3295 1621 Romano
3315 1607 3331 1633 ,
3379 1575 3435 1620 ut
3463 1566 3519 1620 in
3545 1565 3694 1621 locis

2082 1658 2171 1713 ubi
2205 1675 2342 1713 unus
2370 1668 2487 1714 erat
2514 1666 2721 1713 tantum
2774 1649 3064 1728 episcopus
3112 1657 3277 1727 partis
3309 1642 3597 1726 Maiorini,
3644 1657 3697 1711 is

2081 1751 2152 1806 ibi
2184 1759 2550 1823 permaneret.
2585 1750 2685 1807 Ubi
2710 1765 2859 1817 vero,
2890 1765 3029 1804 unus
3052 1748 3451 1804 commniiionis
3501 1747 3693 1803 Cieri-

2084 1845 2235 1909 liani,
2265 1830 2403 1901 alter
2429 1845 2696 1915 Majorini,
2738 1845 2781 1899 is
2812 1844 2885 1899 ibi
2933 1844 3350 1899 confirmaretur
3394 1844 3484 1915 qui
3532 1844 3697 1914 prior

292 1972 295 1975 ν
385 1942 710 2010 Lampadius
733 1941 1029 2005 Utineusis,
1062 1940 1249 1995 Vitalis
1272 1939 1529 1995 Verensis
1562 1937 1614 1992 in
1646 1937 1825 1994 Africa
1856 1955 1980 2009 [ιι-ο·
2007 1927 2055 1987 Β
2086 1937 2225 1992 foret
2254 1936 2555 1999 ordinatus,
2592 1934 2748 1990 alteri
2788 1949 2919 1989 vero
2942 1934 3093 2004 plebs
3132 1934 3234 1988 alia
3267 1934 3500 2004 regenda
3536 1950 3697 1989 cont-

386 2034 682 2097 con5ulari,
734 2033 1007 2087 Maternus
1049 2030 1416 2096 Coloaiensis,
1468 2030 1715 2085 Liberius
1772 2031 1979 2085 Emeri-

387 2124 578 2189 tensis,
628 2123 921 2194 Gregorius
951 2124 1090 2178 alter
1119 2123 1272 2193 cujus
1323 2138 1519 2177 nomen
1565 2132 1617 2177 ct
1666 2125 1814 2177 locus
1870 2138 1979 2178 non

390 2225 603 2276 exstant
633 2219 683 2272 in
714 2209 1224 2287 sabscriptionibus,
1249 2214 1515 2270 Crescens
1547 2215 1635 2285 qui
1665 2216 1805 2269 lorte
1836 2214 1978 2270 idem

374 2326 514 2366 .cum
542 2308 773 2365 Chresto
800 2308 1143 2380 Syracusano
1166 2351 1179 2375 ,
1222 2307 1503 2363 Avitianus
1529 2307 1942 2376 Rotomagensis
1964 2350 1978 2372 ,

393 2403 593 2458 Dahius
614 2401 981 2466 Vasionensis,
1003 2402 1293 2457 Orientalis
1309 2401 1741 2472 Bnrdegalensis,
1758 2400 1982 2468 Quinta-

391 2500 502 2551 sius
530 2496 894 2560 Calaritanus,
930 2494 1115 2549 Victor
1138 2494 1407 2550 Uticensis
1425 2536 1437 2559 ,
1464 2501 1517 2549 et
1546 2494 1819 2564 Epictetus
1845 2494 1984 2547 Cen-

393 2586 785 2644 tumcellensis.
818 2586 1020 2642 ﬂorum
1050 2587 1289 2641 muttiant
1316 2587 1557 2653 nomina,
1606 2587 1983 2656 episcoporum

395 2696 516 2736 esse
557 2679 879 2737 existimans
912 2680 1189 2748 Valesius,
1223 2690 1333 2735 tres
1361 2694 1423 2734 ac
1455 2681 1671 2750 triginta
1700 2680 1987 2749 cpiscOpos

394 2775 604 2847 synodo
647 2774 951 2832 Arelatensi
998 2774 1233 2829 adfuisse
1286 2773 1412 2829 inde
1455 2774 1691 2845 collegit.
1742 2774 1812 2828 At
1867 2788 1986 2827 cum

395 2868 539 2923 inter
582 2869 715 2924 istos
754 2869 970 2939 triginta
1011 2876 1126 2926 tres
1166 2876 1401 2938 quatuor
1444 2868 1791 2939 presbyteros
1824 2866 1991 2922 fuisse

397 2968 611 3016 constet
640 2976 705 3016 ex
735 2961 1224 3033 subscriptionibus
1246 3003 1260 3029 ,
1318 2970 1512 3031 nempe
1558 2960 1823 3028 Natalem,
1857 2961 1991 3015 Pro-

398 3054 649 3119 hatium,
720 3052 1073 3118 Faustinum,
1144 3053 1518 3118 Termatium,
1597 3053 1797 3108 residui
1869 3061 1994 3107 sunt

400 3148 640 3220 episcopi
680 3156 887 3204 tantum
933 3146 1340 3219 vigintinovem,
1373 3148 1564 3219 quibus
1593 3149 1823 3204 addcndi
1869 3160 1996 3204 sunt

400 3259 466 3300 ex
515 3243 1004 3313 subscriptionibus
1051 3244 1272 3303 Oresius
1308 3244 1689 3311 Massiliensis,
1726 3244 1997 3298 Mamerti-

2084 2030 2413 2095 mitteretnr,
2447 2038 2538 2083 aut
2567 2037 2781 2083 servato
2804 2028 3055 2098 Episcopi
3086 2027 3291 2083 honore
3336 2038 3390 2084 et
3418 2028 3696 2098 dignitate

2083 2121 2136 2176 iu
2167 2121 2353 2176 eadem
2388 2121 2624 2176 Ecclesia
2650 2115 3016 2191 permaneret,
3046 2136 3109 2176 ac
3138 2120 3359 2193 Collega
3409 2122 3739 2178 deceden-'~

2086 2223 2137 2267 te
2166 2215 2217 2268 in
2248 2213 2362 2284 ejus
2392 2214 2564 2268 locum
2595 2214 2930 2269 succederet.
2969 2214 3037 2269 Ea
3084 2214 3151 2270 de
3182 2229 3346 2269 causa
3392 2216 3694 2270 concilium

2085 2306 2136 2360 in
2163 2305 2390 2375 epistola
2422 2305 2679 2377 synodica
2704 2305 2768 2361 ad
2796 2305 3135 2379 Sylvestrum
3187 2307 3365 2363 innuit
3392 2322 3451 2363 se
3498 2309 3697 2364 mitius

2091 2413 2214 2453 cum
2268 2396 2628 2455 schismaticis
2678 2399 2853 2469 egisse
2884 2441 2897 2463 ,
2956 2399 3033 2455 sic
3080 2384 3145 2454 ad
3211 2415 3336 2455 eum
3391 2400 3695 2456 scribens:

2094 2489 2340 2558 Utinam,
2394 2496 2553 2562 frater
2585 2492 2933 2557 dilectissime,
2993 2493 3061 2546 ad
3089 2493 3183 2547 hoc
3240 2503 3439 2548 tantum
3480 2505 3696 2566 specta-

2089 2585 2262 2637 culum
2280 2584 2518 2639 interesse
2548 2585 2673 2637 tanti
2701 2585 2904 2654 fecisses
2930 2600 2949 2639 .'
2981 2585 3205 2654 profecto
3228 2587 3621 2656 credimusquia
3641 2590 3697 2641 in

2089 2695 2174 2732 eos
2197 2680 2412 2732 severior
2432 2679 2613 2750 [uisset
2640 2680 2890 2733 sententia
2915 2679 3139 2749 prolata,
3156 2689 3200 2734 et
3229 2685 3276 2734 te
3296 2680 3491 2751 pariter
3517 2680 3699 2735 nobis-

2091 2788 2205 2824 cum
2228 2770 2529 2844 judicante,
2563 2780 2716 2825 cretus
2748 2780 2916 2824 noster
2938 2771 3136 2844 'majori
3178 2771 3367 2825 lwtitia.
3390 2772 3698 2828 exultasset.

2082 2878 2085 2879 '
2167 2863 2396 2918 Canoues
2445 2863 2649 2918 concilii
2705 2863 3039 2917 Arelatensis.
3091 2893 3161 2904 -—
3214 2863 3444 2919 Peracto
3488 2866 3704 2935 judicio

2096 2972 2273 3013 causa:
2302 2966 2519 3027 propter
2540 2971 2697 3027 quam
2722 2956 3011 3011 convocati
3060 2966 3217 3011 erant
3248 2957 3299 3011 in
3334 2958 3525 3013 urbem
3563 2962 3703 3016 Are-

2102 3051 2365 3106 latensem
2397 3051 2663 3121 episc0pi',
2696 3066 2801 3103 non
2851 3050 2963 3104 haec.
2995 3060 3200 3105 tantum
3254 3051 3357 3117 sibi
3413 3054 3704 3109 traeianda

2100 3160 2217 3200 esse
2248 3144 2625 3199 existimarunt
2668 3143 2731 3197 ad
2778 3160 2895 3215 qua!
2956 3144 3169 3198 fuerant
3213 3144 3455 3211 invitati,
3515 3146 3620 3202 sed
3651 3158 3705 3203 et

2102 3247 2443 3307 praetereant
2476 3236 2730 3292 Ecclesiis
2758 3237 2867 3290 suis
2897 3237 3262 3303 consulerent,
3288 3231 3435 3307 leges
3476 3238 3541 3302 in
3578 3255 3707 3309 prn-

400 3349 503 3390 uus
545 3329 885 3402 El05atiutn,
941 3335 1241 3392 Restitutus
1271 3334 1729 3401 Londinensium,
1765 3335 1995 3392 Faustus
2026 3323 2070 3385 C
2104 3331 2291 3386 vinciis
2341 3332 2452 3385 suis
2480 3330 2846 3385 observandas
2878 3331 3037 3386 edere
3068 3332 3443 3386 decreverunt.
3480 3331 3706 3390 Cnuditi

403 3420 829 3503 Tubdrbitanus,
870 3437 924 3483 et
953 3427 1135 3483 Victor
1158 3443 1188 3481 a
1219 3430 1435 3483 civitate
1456 3427 1875 3498 chisvolumini
1902 3445 1998 3483 seu

404 3511 665 3591 Legensis
696 3522 746 3578 in
778 3521 1055 3589 Numidia,
1113 3524 1341 3592 quorum
1385 3523 1602 3577 nomina
1639 3524 1998 3591 prtetermissa

326 3616 361 3660 ’.
401 3623 531 3671 sum
580 3614 630 3668 in
683 3614 1147 3684 Superscriptione
1213 3615 1463 3681 epistolae
1516 3614 1809 3686 synodicae.
1872 3615 1999 3671 Inde

390 3695 623 3786 exurgit.
648 3722 904 3763 numerus
931 3707 1309 3777 episcoporum
1360 3708 1575 3779 triginia
1604 3718 1853 3778 quatuor,
1885 3710 2003 3778 qui-

405 3797 507 3878 bus
540 3784 993 3877 “addendi'sunt
1047 3799 1353 3870 quindecim
1415 3801 1755 3871 presbyteri,
1813 3801 2001 3868 viginti

407 3888 646 3963 quinque
675 3890 897 3948 Diaconi
923 3934 937 3960 ,
969 3907 1063 3948 sex
1096 3893 1391 3947 Exercistte
1414 3935 1427 3960 ,
1466 3902 1520 3946 et
1568 3893 1673 3949 duo
1721 3892 1999 3959 Lectores,

409 3996 639 4054 quorum
663 3986 880 4042 nomina
906 3983 958 4040 in
982 3985 1468 4056 subscriptionibns
1496 3987 1764 4058 leguntur.
1787 3987 1913 4043 Hmc
1936 3988 2003 4044 de

414 4091 643 4153 numero
656 4075 878 4151 Patrum
904 4079 992 4150 qui
1020 4079 1247 4135 concilio
1276 4081 1578 4136 Arelatensi
1622 4081 1999 4138 interfuerunt.

486 4166 706 4224 Consilii
735 4168 989 4231 ‘Prteses,
1013 4169 1245 4246 :Degreta
1285 4170 1505 4227 Concilii
1576 4170 1910 4230 Arelatensis.
1935 4206 2007 4216 ——

414 4259 633 4316 Praefuit
656 4261 937 4323 censeasui
960 4255 1195 4318 Earinus
1224 4264 1577 4335 Arelatensis,
1619 4268 1773 4338 cujus
1806 4284 2001 4325 nomen

416 4354 651 4425 primum
680 4343 951 4424 legitu'rin
966 4359 1426 4426 superscriptione
1442 4360 1686 4429 epistolae
1710 4362 2003 4432 synodica}.

417 4445 658 4503 Adfuere
680 4445 771 4501 alii
800 4446 908 4501 duo
929 4444 1141 4516 iudices
1168 4449 1259 4518 qui
1307 4451 1357 4505 iu
1389 4452 1552 4520 priori
1588 4454 1792 4521 judicio
1847 4457 2005 4511 sede-

418 4548 538 4594 rant
586 4539 862 4595 Maternus
908 4548 964 4594 et
1007 4540 1597 4616 Agrzrtius.Sylvester
1645 4549 1733 4617 qui
1783 4548 2005 4605 Miltiadi

2101 3419 2226 3478 sunt
2253 3424 2432 3493 itaque
2454 3423 2522 3476 ab
2559 3422 2687 3493 ipsis
2714 3437 2948 3477 canones
2975 3424 3156 3494 viginti
3190 3423 3315 3488 duo,
3360 3433 3415 3479 et
3457 3424 3527 3479 ad
3582 3426 3707 3497 Syl-

2102 3528 2339 3573 vestrmn
2375 3533 2564 3587 papam
2594 3517 2915 3583 transmissi,
2948 3527 3004 3570 ut
3034 3534 3129 3585 per
3152 3532 3274 3572 eum
3301 3517 3390 3588 qui
3422 3519 3619 3587 pritna-
3645 3535 3706 3576 ac

2103 3613 2392 3681 pracipua:
2425 3609 2572 3665 orbis
2616 3609 2874 3664 Ecclesiae
2902 3619 3168 3680 prmerat,
3198 3610 3408 3665 caeteris
3441 3612 3707 3669 Ecclesiis

2104 3704 2525 3759 inno:escereut.
3218 3706 3225 3713 ‘

2176 3796 2409 3853 Canones
2440 3798 2657 3852 Concilii
2698 3799 2941 3856 adversus
2982 3799 3254 3853 truditorcs
3288 3809 3333 3853 et
3355 3799 3418 3853 de
3445 3799 3707 3869 baptismo

2105 3891 2481 3947 ltazreticorum.
2517 3922 2585 3931 —
2618 3890 2697 3945 Ex
2729 3890 2811 3945 his
2842 3890 3139 3947 canonibus
3182 3890 3289 3946 duo
3318 3902 3444 3947 sunt
3510 3895 3711 3961 pra-ei—

2106 4001 2210 4056 pue
2239 3988 2327 4056 qui
2358 3985 2423 4040 ad
2470 3996 2790 4056 prtescntem
2840 4000 3056 4041 causam
3108 3988 3396 4056 pertinent,
3425 3985 3709 4041 decimus-

2107 4083 2316 4147 tertius,
2360 4097 2466 4153 quo
2492 4091 2713 4137 cavetur
2734 4098 2746 4135 ;
2768 4082 2825 4153 8
2851 4091 2903 4135 ut
2940 4082 3026 4152 qui
3060 4083 3341 4150 scripturas
3365 4091 3577 4135 sanctas
3600 4093 3709 4135 tra-

2107 4176 2301 4230 didisse
2328 4176 2593 4239 dicuntur,
2620 4176 2698 4229 vel
2740 4191 2861 4228 vasa
2905 4174 3180 4238 dominica,
3226 4174 3305 4227 vel
3353 4174 3564 4227 nomina
3598 4178 3711 4243 fra-

2109 4279 2245 4323 trum
2274 4282 2510 4333 suorum,
2539 4267 2601 4320 ab
2627 4266 2807 4320 ordine
2850 4265 2973 4319 cleri
3023 4274 3398 4330 amoveantur;
3452 4264 3544 4317 sed
3585 4268 3712 4336 quia

2106 4360 2256 4415 multi
2282 4370 2399 4415 sunt
2420 4361 2503 4431 qui
2526 4370 2704 4414 contra
2728 4357 3139 4413 Ecclesiasticam
3180 4359 3407 4430 regulam
3457 4375 3711 4429 pugnan-

2111 4466 2180 4509 tes
2222 4471 2311 4526 per
2361 4464 2509 4508 testes
2560 4454 2849 4522 redemptos
2908 4462 3086 4522 putant
3108 4468 3163 4506 se
3209 4452 3276 4504 ad
3327 4452 3713 4506 accusationem

2109 4546 2312 4599 admitti
2340 4545 2540 4610 debere,
2595 4545 2836 4597 statuitur
2862 4552 2918 4596 ut
2957 4560 3058 4597 non
3095 4542 3451 4606 admittuntur,
3507 4543 3619 4596 nisi
3648 4560 3714 4597 ea:

418 4630 663 4687 Romano
718 4631 957 4702 pontiﬁci
1004 4642 1361 4701 successerat,
1416 4649 1538 4689 cum
1570 4629 1638 4691 ab
1672 4636 1807 4693 urbe
1858 4641 2005 4694 rece-
2038 4700 2047 4709 λ
2113 4641 2239 4694 actis
2272 4638 2485 4709 publicis
2508 4638 2794 4703 docuerint,
2822 4637 3013 4691 crimen
3042 4635 3360 4691 Traditionis
3396 4638 3459 4688 ab
3483 4636 3559 4689 eis
3583 4654 3714 4706 quos

422 4723 552 4801 dere
576 4725 800 4782 minime
832 4726 1118 4796 potuisset,
1175 4726 1300 4782 illuc
1329 4724 1683 4784 Claudianum
1727 4740 1781 4785 et
1828 4732 2004 4788 Vitum
2036 4708 2091 4770 D
2116 4742 2354 4785 accusant
2388 4732 2546 4800 fuisse
2572 4730 2917 4783 commissum.
2950 4727 3147 4783 Eorum
3173 4745 3290 4783 vero
3327 4729 3411 4798 qui
3456 4745 3487 4781 a
3518 4727 3717 4783 Tradi-

422 4816 772 4887 presbyteros
794 4817 1002 4888 legatos
1046 4819 1193 4873 misit
1232 4819 1319 4891 qui
1363 4819 1507 4875 vices
1556 4835 1680 4875 suas
1724 4822 2012 4890 implerent

423 4924 546 4964 cum
579 4909 786 4965 duobus
806 4910 1065 4967 diaconis.
1101 4911 1270 4968 Porro
1297 4914 1397 4969 etsi
1432 4928 1499 4969 ex
1559 4914 1810 4969 omnibus
1851 4916 2008 4972 Occi-

422 5003 602 5059 dentis
629 5004 871 5073 partibus
903 5004 970 5059 ad
1000 5006 1100 5060 hoc
1130 5006 1418 5062 concilium
1459 5006 1699 5077 episcopi
1738 5009 2009 5064 convene-

424 5099 556 5165 rint,
588 5096 762 5167 major
792 5106 968 5152 tamen
994 5113 1178 5173 eorum
1213 5115 1337 5170 pars
1369 5116 1433 5155 ex
1466 5099 1657 5156 Galliis
1689 5118 1703 5165 ;
1738 5117 1859 5155 nam
1892 5117 2015 5157 sex-

424 5189 599 5245 decim
652 5191 891 5260 episcopi
946 5189 1207 5246 Gallic'aui
1278 5195 1331 5248 in
1378 5193 1868 5264 subscriptionibus
1916 5211 2015 5250 utt-

430 5291 725 5338 tnertintur.
784 5279 1106 5353 Cougregati
1161 5285 1320 5354 igitur
1374 5286 1613 5357 episcopi
1688 5287 1740 5342 in
1795 5288 2015 5345 civitate

428 5375 731 5431 Arelatensi
750 5373 995 5431 kalendis
1014 5375 1259 5446 Augusti,
1288 5375 1577 5436 Volusiano
1604 5379 1667 5450 ll,
1697 5383 2016 5437 etAnuiano

428 5467 582 5522 Coss.
610 5484 755 5524 anno
787 5458 912 5535 3N,
943 5482 1160 5524 causam
1199 5468 1472 5525 Cmciliani
1498 5487 1705 5527 rursum
1730 5474 2016 5529 examina-

328 5580 345 5588 ο
429 5573 572 5616 runt.
606 5563 849 5634 Praesens
878 5571 995 5618 erat
1015 5576 1161 5629 reus,
1194 5572 1487 5632 prieseutes
1536 5576 1896 5633 accusatores,
1948 5567 2018 5623 de

432 5654 622 5718 quibus
669 5652 785 5731 huic
841 5653 917 5708 ait
964 5652 1250 5708 concilium
1316 5654 1368 5707 in
1423 5655 1650 5724 cpistola
1709 5653 2013 5729 Synodica:

438 5741 629 5798 Graves
678 5762 737 5799 ac
794 5747 1103 5817 perniciosos
1150 5748 1251 5819 legi
1300 5758 1488 5802 nostrw
1550 5761 1698 5820 atque
1754 5752 2019 5806 traditioni

436 5831 695 5898 effrenata?
759 5840 941 5893 utentis
998 5839 1227 5893 homines
1273 5840 1597 5911 pertulimus,
1656 5859 1780 5911 quos
1828 5854 1875 5897 et
1926 5844 2021 5897 Dei

359 5942 367 5952 υ
440 5926 598 5978 nostri
625 5943 846 5995 prtesens
874 5932 1155 5985 auctoritas
1183 5943 1228 5988 et
1258 5932 1467 5988 traditio
1494 5951 1554 5988 ac
1577 5935 1755 6007 regula
1794 5936 2018 5991 veritatis

2113 4823 2306 4876 toribus
2335 4819 2557 4875 ordinati
2587 4822 2789 4891 fuerant
2817 4823 3070 4877 ordinatio
3094 4823 3240 4876 irrita
3286 4839 3387 4876 non
3435 4837 3547 4875 esse
3591 4840 3717 4891 pro-

2115 4915 2417 4980 nuntiatur,
2446 4931 2536 4967 nec
2568 4916 2844 4986 quidquam
2894 4917 3146 4970 ordinatis
3193 4916 3386 4971 obesse.
3438 4914 3576 4983 Qua:
3607 4917 3717 4971 duo

2115 5007 2181 5061 ad
2212 5021 2429 5061 causam
2459 5005 2730 5060 Caeciliani
2763 5008 3052 5075 pertinent,
3084 5009 3312 5078 primum
3344 5009 3468 5077 quia
3516 5007 3718 5063 Tradi-

2116 5098 2279 5151 tionis
2305 5099 2506 5152 critncn
2539 5098 2677 5166 quod
2701 5098 2817 5165 ejus
2840 5099 3137 5154 adversarii
3188 5100 3379 5167 Felici,
3409 5099 3714 5169 Mensurio,

2120 5188 2346 5259 aliisque
2395 5187 2678 5242 catholicis
2730 5190 2999 5258 episc0pis
3045 5190 3402 5257 intentabant,
3458 5206 3523 5244 ex
3579 5195 3719 5248 actis

2123 5280 2349 5354 publicis
2375 5281 2606 5351 probare
2637 5281 2860 5335 minime
2889 5288 3159 5350 peterant,
3185 5282 3276 5336 sed
3328 5292 3530 5335 tantum
3564 5289 3719 5356 vulgi

2126 5366 2521 5433 ruinorem‘ant
2552 5370 2715 5428 testes
2744 5374 2973 5444 pecunia
3001 5386 3285 5443 corruptos
3324 5376 3390 5429 ad
3420 5391 3514 5430 eos
3578 5378 3720 5433 iul'a.

2125 5468 2349 5525 mandes
2377 5467 2701 5536 allegabant.
2732 5466 2996 5529 Alterum,
3026 5464 3150 5534 quia
3189 5464 3461 5519 Ca-ciliaui
3492 5470 3722 5527 ordina-

2125 5565 2322 5617 tiouetu
2376 5560 2714 5630 potissimum
2757 5557 3163 5627 impugnabant,
3218 5572 3284 5612 eo
3311 5559 3455 5627 quod
3508 5574 3719 5619 essein

2126 5653 2304 5709 Felice
2344 5652 2709 5721 Aptungitano
2747 5649 3075 5705 Traditionis
3103 5664 3194 5703 reo
3242 5649 3470 5719 aliisque
3497 5651 3718 5720 episco-

2130 5747 2210 5818 pis
2238 5745 2611 5801 Traditoribus
2642 5746 2917 5800 ordinatus
2947 5762 2959 5799 :
3011 5760 3130 5815 quzc
3185 5746 3322 5799 ratio
3352 5744 3555 5801 nullius
3606 5762 3723 5805 erat

2130 5842 2365 5904 roboriS,
2400 5842 2576 5893 statim
2610 5850 2769 5911 atque
2799 5839 3095 5895 Traditoris
3124 5840 3394 5894 ordinatio
3427 5840 3585 5896 irrita
3610 5859 3716 5900 non

2129 5942 2262 5991 erat.
2297 5932 2446 5989 Alter
2473 5945 2645 5987 canon
2676 5933 2766 6003 qui
2814 5946 3031 5988 oausam
3064 5931 3318 5988 Afrorum
3372 5943 3611 6004 spectat,
3641 5947 3721 5994 est
