3848 6220
271 309 396 365 789

1465 310 1781 367 HISTORIA
1821 310 2383 375 DONATISTARUM.

3481 327 3511 378 ’ἶ
3520 327 3585 379 90

268 437 532 496 octavus,
562 428 631 486 de
659 430 938 504 Baptismo
969 430 1368 495 luereticorum,
1397 428 1553 500 cujus
1575 427 1693 484 haec
1724 427 1886 484 verba
1913 433 1961 490 A
1991 446 2190 503 rogans
2252 445 2309 490 ut
2355 437 2605 508 exemplo
2651 436 2850 493 Christi
2901 439 3216 510 patientiam
3278 428 3613 507 adhiberent

268 530 419 576 sunt
447 539 460 576 :
492 519 573 601 θλ
596 523 761 595 Afris,
785 526 925 596 quod
953 523 1168 595 propria
1199 523 1309 595 lege
1332 539 1429 577 sua
1470 522 1767 577 utuntur'ut
1805 538 1887 578 re-

267 613 571 687 baptizent,
601 615 801 689 placuit
822 627 875 671 ut
895 617 941 671 si
969 616 1038 671 ad
1059 615 1342 677 Ecclesium
1386 615 1577 686 aliquis
1600 615 1665 670 de
1708 615 1889 671 hwresi

275 709 494 763 venerit
528 709 839 781 interrogent
884 698 1000 766 eum
1047 710 1356 783 symbolum,
1404 718 1453 764 et
1480 710 1526 765 si
1579 708 1892 780 perciderim

265 818 431 868 eum,
460 803 516 857 in
542 801 721 871 Patre,
752 814 800 859 et
840 802 1005 873 Filio,
1031 817 1081 862 et
1104 805 1306 877 Spiritu
1347 814 1525 859 sancto
1576 820 1685 859 esse
1723 802 1891 874 bapti-

266 904 491 960 zatum,
522 910 705 949 manus
731 897 779 949 ei
798 907 997 950 tantum
1030 898 1326 959 imponatur
1353 906 1408 950 ut
1449 895 1670 967 accipiat
1715 894 1891 966 Spiri-

266 994 401 1037 tum
420 996 676 1040 sanctum.
698 986 851 1053 Quod
875 989 920 1042 si
937 990 1273 1062 interrogatus
1288 1006 1389 1045 nou
1412 988 1732 1061 responderit
1754 986 1889 1042 hanc
1938 1012 1949 1015 ·

264 1073 633 1147 Trinitatem,
696 1082 1000 1150 baptizetur.
1051 1082 1172 1150 Quo
1228 1097 1435 1139 canone
1473 1098 1602 1139 usus
1654 1081 1888 1153 rebapti-

264 1166 450 1222 zandi
478 1184 576 1224 eos
599 1172 690 1240 qui
730 1172 797 1226 ad
829 1172 1127 1229 Ecclesiam
1166 1176 1457 1231 veniebant
1487 1176 1540 1230 in
1582 1173 1765 1230 Africa
1798 1189 1889 1229 re-

266 1270 479 1333 ceptus
528 1261 595 1317 ad
621 1278 719 1321 eos
756 1273 965 1321 tantum
1019 1266 1308 1323 haereticos
1361 1270 1740 1339 restringitur,
1795 1269 1887 1341 qui

264 1355 614 1414 Trinitatem
668 1373 774 1413 non
824 1361 1210 1430 agnoscebant,
1243 1376 1305 1417 ac
1346 1361 1572 1432 proinde
1618 1364 1669 1417 in
1702 1363 1883 1429 Patre,

265 1459 337 1506 et
372 1448 541 1514 Filio,
573 1457 629 1504 et
656 1448 860 1520 Spiritu
888 1462 1078 1507 sancto
1104 1468 1210 1507 non
1243 1463 1399 1508 erant
1443 1454 1721 1523 baptizati,
1781 1454 1886 1510 hoc

265 1550 393 1607 est,
428 1542 481 1595 in
508 1540 600 1595 illa
631 1540 735 1596 ﬁde
764 1541 1068 1598 Trinitatis.
1099 1544 1217 1599 Non
1244 1544 1387 1600 enim
1419 1544 1551 1600 dicit
1594 1545 1883 1601 concilium

267 1642 339 1689 ut
378 1634 785 1706 interrogentur
832 1634 902 1690 de
952 1633 1123 1690 forma
1155 1635 1430 1706 baptismi,
1491 1638 1587 1692 sed
1619 1636 1689 1692 de
1739 1636 1881 1692 ﬁde:

264 1730 602 1800 interrogent
640 1744 755 1782 eum
803 1728 1211 1800 symbolum.....
1268 1730 1421 1797 Quod
1467 1733 1513 1785 si
1542 1731 1885 1804 interrogatus

1989 524 2110 581 data
2139 529 2499 601 schismaticis
2528 530 2703 587 adhuc
2723 532 2949 601 cptione
2970 532 3205 603 eligendi
3237 538 3417 589 utrum
3455 532 3593 587 mal-

1988 617 2121 686 ient,
2154 621 2308 677 itaut
2335 625 2381 678 si
2409 626 2582 680 eosin
2609 627 2888 695 proposito
2941 638 3297 695 perseverare
3344 624 3591 682 animad-

1988 718 2285 777 verterent,
2346 714 2591 783 protinus
2618 716 2683 769 ad
2709 716 2957 786 preprias
2983 716 3141 772 sedes
3190 715 3456 773 redirent.
3490 714 3595 771 Dc-

1991 802 2156 873 niqne
2185 805 2237 858 in
2261 807 2450 861 eadem
2474 808 2701 877 epistola
2734 817 2919 863 monet
2941 824 3036 865 eos
3058 809 3275 866 misisse
3315 825 3379 867 se
3406 809 3595 866 Arela-

1995 903 2102 950 tem
2130 894 2393 953 olliciales
2420 914 2546 954 suos
2574 902 2662 970 qui
2688 901 2996 971 pertinaces
3029 902 3096 957 ad
3123 904 3435 976 comitatum
3466 916 3593 975 per-

2001 989 2283 1055 ducerent,
2308 999 2363 1045 et
2389 986 2603 1048 dedisse
2629 994 2929 1050 litteras'ad
2952 994 3226 1051 Vicarium
3277 996 3496 1061 Africae,
3530 1006 3592 1052 ut

2003 1092 2271 1155 quotquot
2293 1083 2412 1155 ejus
2440 1085 2665 1139 insaniae
2696 1078 2900 1142 similes
2926 1088 3197 1145 invenerit
3219 1130 3234 1155 ,
3286 1089 3468 1145 statim
3498 1104 3595 1145 eos

1990 1176 2059 1233 ad
2089 1178 2408 1233 comitatum
2438 1176 2657 1248 dirigat,
2686 1186 2744 1232 ut
2767 1180 2844 1234 sic
2866 1180 3082 1236 tandem
3106 1182 3398 1253 aliquando
3418 1179 3590 1238 turbis

1996 1282 2051 1331 et
2079 1272 2410 1328 dissensioni
2434 1271 2555 1325 linis
2588 1273 2979 1339 imponeretur.

2062 1358 2355 1437 Appellatio
2410 1363 2801 1420 Donatistarum
2872 1364 2941 1418 ad
2994 1366 3371 1435 imperatorem.
3428 1368 3593 1425 σωρί-

1990 1463 2163 1517 (ianus
2204 1469 2251 1516 et
2300 1463 2409 1533 ejus
2452 1458 2739 1513 adversarii
2770 1457 3040 1512 vocati.——
3069 1459 3161 1514 llis
3192 1462 3426 1532 acceptis
3451 1478 3590 1518 nun-

1991 1554 2081 1607 tiis
2106 1595 2121 1621 ,
2152 1551 2307 1606 multi
2341 1567 2407 1605 ex
2440 1562 2590 1620 parte
2636 1550 2829 1626 Donati
2872 1549 3217 1620 imperatoris
3260 1553 3395 1606 iram
3433 1556 3589 1608 veriti

1990 1659 2115 1700 cum
2145 1641 2439 1698 Caeciliano
2466 1640 2521 1719 in
2548 1640 2898 1696 concordiam
2926 1640 3161 1696 rediere.
3185 1640 3286 1709 Qui
3312 1657 3447 1698 vero
3470 1658 3593 1714 pero

1994 1735 2284 1793 tiaaciores
2316 1733 2500 1801 fuere,
2546 1732 2612 1788 ad
2668 1733 2985 1790 comitatum
3020 1732 3265 1803 perducti
3305 1744 3433 1790 sunt
3482 1752 3497 1792 :
3537 1735 3595 1795 hi

268 1842 391 1881 non
440 1825 761 1895 responderit
808 1825 944 1880 hanc
994 1825 1303 1881 Trinitatem
1391 1826 1696 1897 baptizetur.
1751 1826 1887 1883 Huic
1916 1840 1964 1901 Β
1994 1831 2188 1903 partim
2224 1843 2322 1899 per
2361 1843 2442 1894 se,
2485 1828 2680 1899 partim
2707 1843 2802 1898 per
2829 1826 3217 1899 suliragatores
3247 1844 3386 1899 quos
3411 1829 3465 1886 in
3492 1845 3591 1901 pa-

264 1919 595 1975 deﬁnitioni
616 1927 985 1975 consentanea
1037 1918 1251 1975 videtur
1291 1917 1473 1990 Optati
1504 1918 1572 1975 de
1614 1918 1887 1989 baptismo

264 2011 668 2068 hmreticorum
701 2013 993 2080 sententia,
1031 2011 1121 2083 qui
1150 2010 1371 2079 fatetur,
1415 2012 1508 2066 lib.
1546 2026 1585 2079 ι,
1620 2012 1648 2083 §
1699 2011 1786 2077 10,
1820 2028 1884 2069 ea

134 2100 137 2101 ⁷
205 2152 241 2182 ,ἡ
264 2094 468 2159 Omnia
494 2120 615 2175 quas
642 2104 1036 2177 Parmenianus
1065 2104 1276 2160 dixerat
1307 2104 1374 2160 de
1404 2104 1600 2159 vitioso
1649 2112 1704 2159 et
1729 2103 1886 2160 irrito

264 2198 576 2270 baptismo,
635 2198 702 2254 ad
739 2199 1068 2273 baptismum
1118 2213 1306 2254 eorum
1340 2197 1722 2253 bzereticorum
1764 2212 1886 2267 per—

268 2291 459 2346 tinere
487 2291 575 2361 qui
596 2290 927 2347 lalsaverunt
953 2291 1257 2363 symbolum
1271 2305 1333 2346 ac
1353 2290 1422 2346 de
1436 2290 1702 2347 Trinitate
1724 2305 1887 2361 prave

266 2385 564 2449 sentiunt;
591 2382 950 2454 eamdemque
970 2383 1251 2438 Trinitatis
1274 2383 1459 2452 iidem,
1485 2382 1581 2438 lib.
1606 2398 1660 2451 v,
1689 2382 1792 2455 §5,
1824 2382 1882 2451 4,

266 2488 332 2534 ct
362 2476 420 2543 8,
450 2478 502 2531 in
518 2476 847 2547 suscipiente
872 2475 1127 2547 requirit;
1155 2491 1219 2531 ac
1244 2476 1460 2532 demum
1494 2475 1693 2533 ibidem
1709 2476 1887 2533 Dona-

270 2571 444 2624 tistas
471 2566 821 2638 reprehendit
850 2566 991 2638 quod
1020 2576 1301 2639 postquam
1333 2568 1497 2623 homo
1525 2568 1887 2642 interrogatus

269 2664 333 2717 in
372 2662 697 2731 baptismate
723 2661 1080 2732 responderat
1117 2661 1278 2718 ﬁdem
1322 2661 1602 2718 Trinitatis
1626 2704 1641 2729 ,
1688 2664 1884 2720 iterum

268 2764 412 2827 post
443 2752 580 2809 illud
607 2768 766 2808 unum
788 2755 940 2808 credo
954 2744 1246 2827 exigerent
1273 2756 1493 2809 alterum
1519 2756 1692 2813 credo.
1719 2756 1887 2825 Quid-

267 2847 417 2919 quid
449 2846 520 2902 sit
542 2862 712 2903 canon
740 2846 1076 2904 Arelatensis
1104 2839 1174 2904 de
1199 2864 1306 2920 quo
1339 2849 1569 2920 agimus
1601 2850 1883 2920 speciatim

267 2956 397 2997 non
429 2950 511 2996 est
534 2941 782 2997 conditus
810 2941 1070 2997 adversus
1095 2941 1342 3012 Maiorini
1365 2952 1596 3013 partem,
1621 2943 1718 2999 sed
1741 2943 1884 2999 circa

267 3034 466 3104 legem
495 3032 639 3089 Afris
671 3035 944 3105 propriam
994 3033 1063 3089 de
1114 3033 1516 3104 rebaptizandis
1558 3034 1626 3089 iis
1674 3035 1763 3106 qui
1819 3036 1886 3091 ab

268 3127 846 3205 haereticisbaptizati
898 3125 1117 3183 fuerant
1161 3142 1285 3183 cum
1323 3128 1390 3182 ad
1443 3127 1740 3184 Ecclesiam
1796 3143 1887 3184 ve-

269 3223 533 3289 niebant,
566 3236 728 3293 quam
769 3222 1059 3279 concilium
1088 3222 1190 3279 hoc
1213 3238 1425 3280 canone
1468 3224 1807 3294 temperavit.

1994 1925 2127 1981 latio
2154 1923 2449 1988 habebant,
2491 1922 2871 1994 imperatorem
2902 1922 3257 1993 interpellare
3296 1939 3403 1979 non
3432 1923 3599 1980 desti-

1992 2028 2197 2084 terunt,
2224 2025 2284 2073 ut
2323 2017 2442 2089 ipse
2488 2017 2631 2072 inter
2676 2024 2860 2087 partes
2902 2016 3166 2088 judicium
3209 2016 3393 2074 ferret.
3440 2017 3594 2088 Quod

1990 2127 2110 2169 cum
2154 2111 2332 2182 primo
2376 2118 2656 2166 aversatus
2705 2121 2853 2167 esset
2894 2102 3320 2185 Constantinus,
3378 2112 3591 2170 tandem

1990 2205 2259 2263 continuis
2306 2204 2712 2260 Donatistarum
2776 2202 3106 2260 aditionibus
3161 2205 3337 2259 victus
3386 2205 3586 2269 cessit.

1990 2308 2158 2369 utque
2195 2297 2329 2370 ipsis
2364 2313 2424 2353 os
2458 2312 2683 2369 prorsus
2720 2296 3030 2353 oceluderet
3056 2339 3071 2365 ,
3110 2296 3176 2353 de
3203 2296 3481 2354 Cmciliani
3512 2298 3594 2354 in-

1992 2391 2240 2448 nocentia
2267 2391 2529 2462 judicium
2562 2390 2701 2446 l‘erre
2747 2389 3048 2445 constituit.
3091 2388 3169 2446 Ac
3198 2390 3433 2461 primum
3464 2390 3589 2461 qui-

1989 2485 2111 2541 dem
2132 2484 2483 2541 Caecilianum
2509 2499 2578 2538 ex
2609 2482 2789 2537 Africa
2818 2496 3101 2539 accersere
3130 2482 3466 2547 decreverat,
3497 2474 3591 2538 sed

1990 2580 2193 2632 mutata
2214 2618 2227 2641 ,
2274 2575 2340 2630 ad
2373 2575 2693 2647 petitionem
2731 2573 3133 2629 Donatistarum
3165 2552 3545 2644 episcoporum
3576 2615 3589 2638 ,

1992 2671 2260 2729 sententia
2289 2712 2305 2739 ,
2348 2672 2636 2742 episcopos
2676 2671 2844 2740 partis
2885 2667 3080 2723 Donati
3110 2666 3201 2738 qui
3234 2666 3288 2721 in
3332 2666 3590 2722 comitatu

1989 2778 2145 2828 erant
2173 2771 2226 2825 in
2252 2768 2490 2825 Africam
2520 2769 2719 2825 reverti
2760 2768 2953 2839 jussit,
2990 2776 3047 2823 ut
3073 2766 3181 2821 illic
3217 2778 3382 2821 causa
3418 2762 3594 2818 omnis

1988 2882 2107 2938 qua:
2140 2865 2270 2936 ipsis
2308 2864 2570 2920 adversus
2598 2863 2949 2919 Caecilianum
2981 2860 3327 2932 competebat
3360 2858 3429 2913 ab
3457 2857 3593 2912 a’mi-

1988 2958 2067 3013 cis
2098 2948 2193 3013 Seu
2236 2956 2512 3028 judicibus
2558 2970 2695 3028 quos
2738 2956 3034 3026 elegisset,
3078 2961 3499 3024 cognosceretur
3542 2952 3599 3003 'et

1992 3047 2261 3104 ﬁniretur.
2316 3048 2509 3103 Verum
2554 3045 2877 3117 imperatori
2909 3043 3069 3115 paulo
3100 3052 3219 3112 post
3258 3043 3312 3097 in
3360 3046 3611 3120 mentem.

1990 3142 2138 3197 venit
2178 3139 2478 3195 timendum
2522 3154 2643 3195 esse
2670 3180 2684 3205 ,
2730 3153 2798 3193 ne
2830 3136 2875 3192 si
2915 3136 2964 3189 in
2998 3132 3181 3190 Africa
3223 3147 3401 3189 causa:
3438 3130 3598 3202 hujus

1954 3232 2225 3304 cognitio
2274 3232 2687 3298 institueretur,
2742 3246 2770 3284 a
2823 3227 3148 3284 turbulentis
3198 3225 3515 3299 quibusdam
3566 3240 3599 3279 e

362 3313 600 3384 Epistola
625 3314 874 3386 synodica
902 3314 1119 3369 concilii
1157 3315 1492 3373 Arelatensis.
1518 3346 1591 3357 --
1614 3316 1715 3385 Qui
1755 3331 1873 3370 con‘

2010 3327 2395 3383 )ona'tistarum
2438 3319 3131 3396 factione’perturbaretur
3169 3323 3453 3395 judicium,
3496 3335 3597 3377 nec

270 3419 550 3466 venerant
574 3408 626 3465 in
652 3411 840 3466 urbem
870 3410 1244 3466 Arelatensem
1278 3401 1540 3482 episcopi,
1593 3421 1883 3482 antequam

272 3506 670 3585 discederent,
728 3505 1039 3574 synodicam
1097 3506 1379 3576 epistolam
1435 3508 1502 3562 ad
1549 3507 1883 3580 Sylvestrum

272 3601 581 3669 scripsere,
615 3615 719 3672 qua
754 3601 928 3672 ipsum
961 3618 1147 3657 eorum
1180 3617 1303 3674 qua:
1351 3615 1639 3675 gesserant
1688 3606 1887 3661 certio-

272 3709 409 3750 rem
441 3690 663 3763 faciunt,
720 3705 776 3750 et
825 3695 985 3750 simul
1007 3711 1254 3751 canones
1307 3710 1335 3751 a
1381 3712 1440 3753 se
1485 3698 1734 3754 conditos
1784 3696 1888 3769 ipsi

276 3790 691 3865 transmittunt,
744 3801 803 3846 ut
831 3806 927 3862 per
954 3805 1077 3848 eum
1105 3794 1320 3849 caeteris
1357 3793 1617 3850 Ecclesiis
1669 3796 1886 3850 innote-

276 3894 529 3941 scerent.
557 3884 637 3941 Ad
668 3886 1052 3955 imperatorem
1079 3901 1293 3957 quoque
1319 3888 1676 3958 scripserunt,
1709 3899 1765 3946 et
1819 3890 1887 3945 ab

274 3991 357 4032 eo
386 3976 660 4032 licentiam
714 3976 948 4037 abeundi
1005 3979 1228 4048 petiere.
1286 3979 1506 4035 Interim
1559 3981 1774 4052 quidam
1820 3998 1887 4039 ex

278 4078 450 4142 parte
475 4067 720 4139 Majorini
751 4071 1165 4127 Constantinum
1215 4071 1466 4130 adierunt
1508 4074 1577 4129 ad
1623 4075 1885 4146 judicium

278 4162 412 4234 ejus
442 4173 798 4233 provocantes
820 4162 919 4237 (a),
947 4176 1176 4235 quorum
1204 4166 1621 4237 appellationem
1655 4170 1887 4240 primum

280 4255 592 4311 detestatus
618 4265 701 4311 est
729 4255 1136 4326 Constantinus,
1185 4259 1239 4314 in
1282 4257 1399 4315 inec
1427 4260 1593 4321 verba
1638 4276 1889 4333 prorum-

282 4365 480 4422 pens:
531 4347 575 4402 Ο
613 4349 796 4404 rabida
861 4352 1054 4421 furoris
1099 4352 1363 4409 audacia!
1412 4354 1553 4411 sicut
1606 4357 1659 4411 in
1710 4358 1889 4415 causis

281 4440 587 4499 Gentilium
621 4442 733 4499 ﬁeri
760 4443 928 4512 solet,
974 4446 1390 4516 appellationem
1422 4448 1886 4522 interposuerunt.

280 4534 609 4608 Indignatus
621 4536 829 4594 scilicet
849 4552 944 4593 eos
968 4539 1350 4610 episcoporum
1368 4542 1575 4613 judicio
1591 4561 1696 4601 non
1720 4556 1884 4615 stare,

280 4640 344 4686 et
373 4629 441 4684 ad
467 4631 740 4687 stecularia
764 4631 965 4702 judicia
983 4647 1302 4703 provocare,
1330 4650 1597 4708 suumque
1620 4641 1890 4709 postulare

1991 3419 2291 3476 secundum
2316 3419 2599 3475 veritatem
2625 3418 2880 3484 ferretur,
2912 3428 3004 3471 aut
3026 3416 3071 3471 si
3096 3429 3181 3471 res
3202 3415 3341 3471 bene
3358 3412 3598 3485 judicata

1989 3524 2168 3582 esset,
2202 3522 2261 3569 ut
2295 3523 2452 3569 erant
2481 3512 2740 3568 obsdnati
2768 3510 2966 3576 animi,
3002 3507 3210 3579 judicio
3239 3507 3587 3578 acquiescere

1989 3617 2341 3676 recusarent;
2392 3616 2599 3663 mutato
2641 3606 2871 3662 consilio
2910 3604 3139 3671 statuit,
3173 3599 3590 3657 utCazcilianus

1989 3704 2168 3775 potius
2212 3710 2265 3757 et
2312 3701 2431 3772 ejus
2473 3699 2770 3755 adversarii
2818 3702 3228 3753 accerserentur
3256 3690 3325 3747 ad
3367 3689 3593 3746 comita-

1994 3805 2144 3864 tum;
2193 3805 2252 3851 ut
2278 3795 2395 3867 ipse
2424 3796 2568 3851 inter
2594 3793 2966 3866 eosjudicium
3013 3791 3198 3847 ferret.
3241 3788 3470 3858 Scripsit
3492 3786 3599 3857 igia

1993 3898 2081 3944 tur
2107 3897 2219 3943 tum
2245 3887 2312 3943 ad
2343 3885 2697 3942 Ctecilianum
2724 3927 2739 3953 ,
2774 3894 2884 3940 tum
2924 3883 2990 3938 ad
3034 3881 3319 3952 episcopos
3348 3880 3470 3950 ejus
3498 3878 3595 3933 ad-

1993 3981 2300 4048 versarios,
2344 3988 2403 4035 ut
2433 3980 2659 4035 Romam
2702 3976 2769 4032 ad
2809 3992 2867 4032 se
2900 3974 3183 4041 venirent,
3226 3987 3331 4043 qua
3377 3970 3431 4025 in
3456 3969 3590 4025 urbe

1992 4078 2308 4134 morabatur
2358 4090 2547 4131 mense
2587 4074 2829 4144 Augusto
2875 4070 2999 4123 anni
3031 4068 3135 4123 3'15
3160 4109 3173 4135 ,
3219 4075 3279 4121 ut
3305 4081 3372 4123 ex
3403 4064 3593 4120 codice

1990 4171 2378 4230 Tlieodosiano
2407 4170 2592 4240 liquet.
2627 4166 2789 4221 Extat
2815 4163 2974 4234 hujus
3007 4160 3238 4232 epistola
3274 4158 3343 4215 ad
3374 4160 3601 4229 episco-_

1993 4281 2095 4339 pos
2123 4262 2401 4322 Caeciliani
2443 4258 2813 4322 adversarios,
2841 4257 2894 4339 in
2937 4269 3040 4325 qua
3070 4263 3355 4323 postquam
3400 4248 3595 4305 mutati

1993 4338 2207 4416 consilii
2247 4356 2517 4413 rationem
2544 4350 2814 4417 reddidit,
2837 4338 3144 4417 'pollicetur
3190 4344 3321 4416 ipsis
3357 4342 3502 4415 quod
3545 4343 3594 4397 si

1995 4463 2264 4525 prmsente
2293 4448 2581 4523 Caeciliano
2610 4445 2693 4501 vel
2733 4459 2897 4498 unum
2929 4457 2961 4497 e
2990 4438 3309 4496 criminibus
3357 4450 3592 4509 quorum

1994 4567 2115 4608 eum
2145 4548 2472 4606 accusabant
2499 4546 2727 4616 probare
2755 4540 3070 4613 potuerint,
3114 4537 3340 4611 perinde
3367 4536 3420 4591 id
3447 4534 3591 4607 apud

1988 4640 2053 4704 se
2086 4646 2317 4702 futurum
2344 4660 2406 4700 ac
2433 4644 2478 4698 si
2508 4628 2755 4697 universa
2785 4654 2904 4709 qua:
2931 4639 2981 4693 ei
3003 4633 3593 4705 intenderantprobata

278 4723 582 4795 judicium.
616 4723 848 4796 Scripsit
881 4725 1045 4798 igitur
1069 4727 1136 4783 ad
1166 4730 1453 4801 episcopos
1495 4733 1709 4790 concilii
1752 4735 1892 4791 Arc—
1916 4737 1967 4798 D
1995 4749 2198 4798 essent.
2230 4737 2432 4794 Eodem
2472 4746 2717 4806 tempore
2762 4730 2975 4786 videtur
3023 4730 3313 4799 scripsisse
3361 4726 3429 4781 ad
3458 4725 3594 4779 Pro-

282 4818 519 4872 latensis
544 4816 735 4874 horum
788 4819 1067 4876 hominum
1120 4823 1475 4892 pervicaciam
1522 4827 1718 4884 acerbe
1764 4846 1889 4901 per-

282 4911 590 4982 suingens,
622 4912 855 4969 laudans
902 4915 1118 4971 concilii
1141 4915 1404 4988 judicium
1433 4962 1468 4990 ,Α
1500 4931 1553 4977 et
1601 4924 1887 4995 episcopos

368 5027 451 5101 (η)
489 5028 567 5083 Ad
598 5029 860 5108 judicium
885 5036 994 5108 ejus
1022 5044 1371 5108 provocantes.
1412 5036 1546 5094 Sunt
1576 5040 1666 5108 qui
1694 5042 1888 5096 existi-

284 5111 448 5158 ment
474 5104 1094 5183 pr-ovocationem_ista‘m
1140 5106 1535 5183 Donatistarum
1561 5104 1626 5183 ad
1655 5112 1887 5183 impera-

288 5184 471 5245 torem
510 5174 882 5243 interpositam
908 5174 1074 5231 fuisse
1107 5192 1134 5228 a
1158 5178 1360 5245 judicio
1390 5180 1640 5236 Miltiadis
1673 5174 1885 5240 et'con-

288 5245 404 5300 cilii
438 5243 683 5299 Romani.
719 5249 788 5300 At
824 5248 1036 5318 quoties
1064 5247 1131 5302 de
1155 5243 1360 5318 judicio
1390 5251 1633 5307 Montano
1663 5263 1717 5309 et
1752 5256 1887 5311 Are-

287 5317 489 5371 latensi
537 5318 769 5386 loquitur
814 5315 1186 5386 Augustinus,
1219 5322 1376 5377 toties
1412 5321 1543 5378 dicit
1578 5324 1886 5383 Donatistas

288 5396 770 5466 conqttesttis_esse
793 5387 932 5466 apud
958 5387 1340 5466 imperatorem
1367 5394 1435 5448 de
1464 5396 1638 5463 primo
1658 5399 1882 5466 judicio,

290 5471 347 5539 et
371 5474 399 5511 a
434 5457 684 5539 Secundo
707 5458 974 5539 ad_ipsum
998 5457 1379 5539 Imperatorem
1408 5457 1731 5539 appellasse.
1764 5457 1885 5539 ipse

290 5530 593 5604 imperator
624 5529 675 5581 in
706 5529 935 5604 epistola
965 5530 1032 5584 ad
1076 5530 1325 5604 {Elaﬁum
1366 5529 1607 5591 referens
1643 5529 1884 5604 quid'de

286 5599 493 5670 judicio
521 5598 780 5675 .llomauo
825 5600 1088 5675 dixissent
1130 5603 1231 5656 sibi
1282 5605 1607 5675 Donatistai,
1646 5598 1721 5663 ait
1764 5611 1889 5666 illos

292 5668 645 5750 respondisse
685 5670 1021 5750 :_Quo_dillio
1062 5675 1417 5750 omniscausa
1456 5695 1556 5731 non
1590 5668 1768 5750 fuisset
1796 5700 1891 5736 au—

295 5742 428 5816 dita,
457 5738 549 5793 sed
579 5742 730 5812 pauci
776 5743 987 5816 quidam
1022 5744 1251 5815 episcopi
1278 5749 1503 5816 quodam
1532 5738 1642 5803 ιοὶο
1667 5768 1719 5805 se
1748 5754 1892 5807 clau-

295 5812 529 5895 sissent;
561 5819 608 5864 et
644 5822 804 5895 prout
825 5814 951 5895 ipsis
988 5812 1165 5895 aptum
1189 5812 1376 5895 fuerat
1401 5862 1415 5883 ,
1441 5822 1779 5895 judicassent.
1826 5827 1893 5880 At

303 5884 449 5943 idem
488 5881 875 5963 Constantinus
911 5887 967 5945 in
1010 5881 1238 5960 epistola
1267 5891 1332 5949 ad
1362 5881 1647 5966 episcOpos
1675 5936 1690 5965 ,
1733 5902 1894 5969 quam

1997 4835 2213 4891 biamun
2245 4828 2441 4885 Africae
2469 4824 2845 4897 proconsulem
2875 4822 2975 4895 (ὑ),
3009 4830 3065 4877 ut
3092 4818 3393 4891 iungentium
3419 4816 3589 4871 decu-

1995 4920 2722 4995 rionemZiq‘uensiumsqni
2739 4918 2935 4973 Felicis
2962 4911 3596 4988 epistolamadulterasse

1992 5043 2059 5098 ad
2100 5038 2426 5097 Arelatensis
2471 5034 2663 5108 synodi
2695 5034 2885 5089 Patres
2937 5033 3133 5086 datam
3162 5025 3591 5111 es_se_‘vix_qni_s-

1992 5096 2153 5185 quam
2186 5096 2429 5167 dubitare
2465 5096 2641 5178 potest
2666 5149 2679 5173 ,
2707 5118 3034 5185 provocasse
3072 5096 3595 5185 eos_dici.t‘_ad‘judi-

1994 5169 2135 5245 cium
2161 5197 2338 5246 suum,
2362 5190 2415 5235 et
2444 5169 2884 5250 provocati-enen:
2916 5179 3053 5250 hanc
3077 5172 3260 5226 verbis
3283 5171 3390 5225 illis
3413 5169 3596 5250 detes-

1996 5239 2180 5311 tatur:
2214 5270 2243 5308 o
2286 5239 2467 5306 rabida
2507 5251 2698 5320 furoris
2740 5247 2998 5303 audacia!
3050 5253 3193 5307 etc.,
3242 5257 3367 5320 qtae
3426 5239 3594 5295 verba

1993 5328 2218 5397 Optatns
2248 5321 2412 5397 refert
2435 5313 2704 5397 tamquam
2732 5322 2934 5397 prolata
2968 5313 3306 5397 postosyinodi
3325 5313 3595 5397 .iiomana:

1992 5383 2272 5469 ju'diciun}.
2307 5394 2380 5469 At
2403 5410 2524 5469 cum
2561 5383 2762 5469 nullam
2797 5383 3401 5469 Arelatensis_‘_Con_cilii
3442 5397 3594 5469 men:

1993 5454 2193 5525 iioncm
2222 5466 2430 5528 fecerit,
2459 5464 2600 5519 haud
2629 5464 2820 5517 mirum
2853 5462 2909 5537 si.
2924 5460 3088 5537 verba
3112 5458 3201 5511 illa
3228 5457 3294 5511 ad
3325 5454 3595 5537 synodum

1987 5543 2286 5597 Romanam
2340 5526 2797 5604 retulerit,‘qua:
2845 5531 2914 5587 ad
2966 5532 3285 5586 Arelatense
3326 5526 3592 5598 judicium

2060 5614 2280 5665 rlinenl.

1988 5630 2369 5753 ρεξῖόηίὲἓᾶεηι
2402 5691 2626 5747 tempore
2648 5677 2849 5753 pidetur
2886 5674 3156 5753 scripsisse
3174 5670 3241 5726 ad
3276 5668 3593 5753 Drobianurn

1994 5742 2186 5827 Aﬁ-ica:
2226 5742 2613 5807 Proconsuienu
2644 5748 2782 5804 Sunt
2836 5748 2925 5816 qui
2966 5742 3252 5827 epistolam
3284 5742 3594 5827 illlam’scri-

2000 5811 2146 5901 piant
2174 5839 2296 5880 esse
2338 5831 2599 5901 censeant
2626 5833 2782 5901 anno
2822 5811 3089 5888 superiori
3138 5811 3595 5901 autetiam-ilium

1999 5892 2341 5958 Arelatense.
2373 5892 2823 5953 At‘verisimilius
2850 5901 2931 5951 est
2966 5892 3289 5949 accersitum
3316 5899 3424 5941 non
3473 5894 3593 5938 csse
