3848 6220
178 264 283 319 793

1355 267 1673 324 HISTORIA
1714 267 2277 324 DONATISTARUM.

3367 270 3465 323 T‘li

181 392 418 458 peritus,
452 388 711 461 eloquens
736 433 748 454 ,
783 390 1066 457 eruditus,
1118 405 1327 444 morum
1359 390 1663 460 integtitate
1707 406 1769 443 at:
1798 395 1846 451 Α
1872 392 3470 462 (ιτιιιιιιδιιιιςιςιίιιδυιτιῑοιιίδιιιιειιιιὶιίιιιειιιιςίιιιιιιτι1ιοιιτιμριιειι

180 481 531 551 temperantia
581 480 1052 547 commendabilis,
1094 480 1190 536 sed
1238 480 1367 536 elati
1411 480 1547 535 adeo
1587 479 1769 547 animi,

177 588 233 628 ut
281 574 491 627 nullum
536 573 811 628 hominem
856 574 957 628 sibi
1007 571 1430 643 comparandum
1482 571 1776 627 arbitrare-

178 679 290 735 tur,
323 684 437 723 sum
465 671 632 739 partis
675 669 961 740 episc0pos
1006 670 1125 724 loco
1168 668 1562 740 mancipiorum
1613 669 1775 725 habe-

175 772 257 817 ret
284 804 297 825 ,
327 777 391 816 ac
437 762 695 818 mortales
722 772 980 828 cunctos,
1024 762 1173 831 ipsos
1204 764 1365 818 etiam
1413 763 1772 833 imperatores
1822 814 1823 817 η

94 898 99 903 .
176 864 229 910 et
269 856 617 926 magistratus
664 858 732 911 ab
776 858 855 912 eis
905 859 1230 912 constitutos
1283 867 1675 913 contenmeret.
1722 856 1771 911 is

175 958 381 1003 tantum
414 950 554 1019 apud
585 963 713 1005 suos
743 949 1078 1005 auctoritatis
1116 949 1384 1018 obtinuit,
1414 960 1624 1017 uteum
1655 963 1767 1002 omo

174 1054 270 1096 nes
309 1042 554 1108 impense
583 1041 859 1107 colerent,
891 1056 989 1111 per
1017 1057 1139 1097 eum
1163 1041 1444 1111 jurarent,
1482 1051 1537 1097 et
1575 1041 1628 1096 in
1674 1055 1772 1097 ore

174 1133 355 1202 pepuli
398 1148 508 1187 non
539 1132 809 1189 diceretur
837 1133 1161 1203 episeOpus,
1203 1134 1299 1190 sed
1342 1133 1581 1189 Donatus
1632 1132 1793 1215 Cara

174 1225 431 1295 thaginis.
463 1224 652 1279 Totam
681 1225 773 1280 ille
797 1224 1033 1280 Africam
1066 1226 1118 1280 in
1159 1224 1295 1281 duas
1336 1236 1519 1296 partes
1548 1224 1763 1291 divisit,

178 1333 405 1389 quarum
440 1334 595 1373 unam
628 1327 833 1388 partem
871 1333 1024 1373 suam
1072 1320 1186 1388 ipse
1226 1319 1329 1374 diei
1362 1320 1558 1386 voluit,
1592 1319 1665 1374 ita
1710 1327 1770 1373 ut

177 1410 337 1467 abiis
364 1412 459 1481 qui
491 1426 555 1466 ex
582 1411 812 1467 diversis
839 1409 1035 1465 Africa:
1063 1411 1350 1481 provinciis
1378 1411 1764 1481 Carthaginem

176 1504 505 1587 veniebant,
558 1518 666 1559 non
713 1513 981 1574 quaereret
1028 1503 1159 1558 illud
1203 1505 1344 1573 quod
1388 1503 1619 1558 humana
1666 1503 1771 1558 fert

174 1596 513 1652 consuetudo
554 1597 620 1652 de
648 1597 879 1667 pluviis,
912 1598 980 1652 de
1011 1613 1140 1668 pace
1164 1639 1177 1663 ,
1207 1597 1273 1652 de
1313 1607 1574 1669 proventu
1588 1601 1727 1669 anni
1750 1640 1765 1663 ,

174 1688 268 1743 sed
300 1688 452 1744 illius
495 1688 561 1743 ad
594 1688 838 1759 singulos
864 1704 1108 1760 quosque
1134 1690 1417 1745 venientes
1446 1690 1560 1745 haec
1584 1700 1769 1745 essent

1880 487 1938 538 ut
1963 487 2176 540 nonnisi
2205 487 2255 540 in
2282 487 2399 556 ejus
2423 490 2802 543 cnmmunione
2834 489 3095 558 baptisma
3121 488 3323 542 Christi
3353 504 3473 542 esse

1878 577 2163 641 credatur,
2210 589 2398 633 contra
2438 595 2597 648 quam
2653 580 2847 635 libruut
2896 583 3190 650 scripserat
3220 581 3475 652 Augusti-

1880 685 2013 737 nus,
2052 671 2140 741 qui
2183 670 2293 741 jam
2343 685 2449 726 non
2488 683 2664 727 ex5tat
2690 714 2703 740 ,
2754 673 2850 728 sed
2894 675 3047 743 cujus
3089 687 3466 746 argumentum

1880 759 2049 816 refert
2089 762 2554 817 Retractationutu
2577 804 2592 828 ,
2628 763 2725 818 lib.
2750 780 2767 817 ι
2789 806 2803 830 ,
2834 781 2884 820 c.
2915 765 3006 819 21.

1950 853 2109 923 Leges
2149 853 2471 907 Constantini
2500 854 2563 907 de
2593 852 2897 908 Donatistis.
2928 886 2997 896 —-
3021 854 3312 913 Crescente
3365 859 3465 911 llo-

1877 950 2198 1003 natistarum
2227 964 2456 1003 numero
2494 957 2548 1003 et
2579 949 2796 1015 furore,
2824 947 3209 1004 Constantium
3241 952 3488 1021 impcra-_

1879 1050 1963 1097 tor
1992 1052 2183 1097 contra
2216 1044 2338 1098 illos
2377 1042 2776 1098 severissimant
2806 1042 2979 1113 legem
3008 1044 3165 1109 tulit,
3193 1058 3295 1114 qua
3329 1030 3469 1099 basi-

1873 1134 2004 1190 licas
2032 1146 2087 1190 et
2123 1135 2238 1190 loca
2281 1135 2334 1189 in
2375 1135 2570 1205 quibus
2616 1134 3115 1205 congregabantur,
3155 1135 3283 1205 ipsis
3308 1134 3470 1203 jussit

1871 1227 2070 1283 auferri
2117 1243 2179 1283 ac
2210 1227 2340 1282 ﬁsco
2385 1227 2669 1282 vindicari.
2718 1226 2825 1283 Sed
2879 1228 2977 1280 ista
3020 1227 3307 1281 severitate
3359 1240 3466 1280 non

1871 1324 2033 1378 modo
2062 1337 2166 1378 non
2195 1337 2477 1393 repressa,
2506 1322 2600 1377 sed
2628 1332 2680 1375 et
2710 1336 2935 1375 accensa
2967 1328 3051 1376 est
3076 1319 3292 1374 illorum
3326 1319 3469 1373 inso-

1871 1416 2032 1471 lentia
2053 1457 2069 1482 ,
2105 1424 2420 1485 tantumque
2450 1414 2617 1469 abfuit
2647 1414 2774 1483 quin
2805 1414 2871 1467 ad
2898 1413 3153 1469 Ecclesiae
3167 1410 3463 1467 Catholica:

1872 1508 2047 1562 sinum
2084 1507 2498 1571 reducerentur,
2553 1516 2609 1560 ut
2655 1521 2685 1561 e
2737 1515 2923 1559 contra
2970 1505 3023 1558 in
3054 1520 3172 1560 eam
3202 1504 3380 1559 acrius
3401 1518 3463 1558 ac

1873 1600 2202 1669 petulantius
2246 1599 2540 1652 sarrierint.
2611 1596 2765 1664 Quod
2817 1611 2938 1650 cum
2984 1596 3281 1666 accepisset
3319 1597 3464 1649 (Zon-

1874 1693 2144 1747 stantinus
2171 1734 2185 1757 ,
2217 1692 2283 1745 ad
2306 1692 2586 1746 universos
2612 1691 2897 1760 episcopos
2926 1699 2979 1743 et
3018 1688 3083 1742 ad
3114 1688 3327 1758 plebem
3358 1687 3460 1769 Ec-

171 1782 333 1837 verha
366 1799 379 1834 :
418 1781 559 1849 Quid
588 1783 728 1854 apud
748 1797 837 1836 vos
863 1784 1031 1855 agitur
1061 1785 1126 1838 de
1150 1794 1296 1855 parte
1324 1800 1432 1837 mea
1457 1784 1479 1835 .9
1508 1784 1587 1838 Ac
1614 1785 1767 1838 deiu-
1797 1792 1840 1851 B
1870 1790 2051 1843 etesia:
2091 1788 2381 1844 Catholica:
2424 1802 2518 1857 per
2545 1785 2780 1839 Africam
2824 1784 3105 1854 epistolam
3148 1782 3461 1853 prudentem

172 1891 298 1947 ceps
342 1876 451 1931 rion
500 1877 660 1931 modo
709 1876 1107 1933 communionis
1150 1878 1269 1949 ejus
1315 1878 1563 1933 homines
1610 1879 1768 1947 vulgo

106 1975 110 1978 '
173 1967 467 2027 Donatistae
496 1970 627 2025 dicti
664 1980 792 2026 sunt
815 2012 830 2035 ,
858 1971 952 2026 sed
996 1981 1049 2025 et
1088 1972 1187 2041 ipsi
1231 1971 1283 2026 in
1307 1956 1522 2042 judiciis
1553 1981 1606 2026 et
1634 1971 1767 2026 actis

174 2060 405 2130 publicis
437 2062 662 2133 professi
692 2074 812 2118 sunt
843 2079 902 2118 se
929 2079 1052 2119 esse
1080 2064 1149 2118 de
1181 2074 1334 2134 parte
1368 2066 1578 2119 Donati.
1611 2064 1766 2131 Quod

171 2169 293 2210 cum
325 2154 462 2225 ipsis
489 2156 876 2226 exprobratum
918 2156 1110 2212 fuisset
1140 2158 1190 2211 in
1222 2149 1523 2213 collatione
1539 2157 1768 2212 Cartha-

174 2247 420 2317 giliensi,
454 2248 580 2304 licet
624 2232 819 2304 nontctt
862 2250 1004 2304 istud
1051 2249 1422 2319 repudiarint,
1452 2249 1518 2303 de
1559 2250 1767 2307 Donato

176 2349 353 2395 tamen
382 2350 655 2411 tamquam
677 2350 898 2396 auctore
923 2357 1021 2396 suo
1048 2342 1126 2397 sic
1152 2341 1430 2411 magnifice
1460 2342 1620 2396 loeuti
1665 2342 1768 2414 ιο

171 2442 414 2503 ευηιιρρι·
444 2447 505 2494 os
534 2432 783 2487 Petiliani
813 2450 826 2485 :
860 2430 1122 2486 Donatum
1148 2442 1316 2485 autem
1354 2444 1545 2485 sancto:
1569 2448 1759 2485 memo-

172 2525 263 2578 ria:
315 2524 634 2595 martyrialis
684 2525 865 2596 gloria:
913 2526 1073 2578 virum
1099 2565 1113 2589 ,
1174 2541 1527 2594 pra’cessorem
1575 2526 1766 2579 scilicet

174 2627 403 2670 nostrum
447 2616 598 2688 (nota
628 2616 741 2671 lucc
770 2618 928 2672 verba
971 2617 1165 2687 quibus
1207 2634 1311 2672 non
1356 2619 1516 2673 unius
1556 2627 1761 2673 tantum

170 2707 613 2780 Carthaginensis
639 2703 907 2779 episcopi,
943 2710 1039 2765 sed
1077 2710 1317 2765 omnium
1348 2709 1505 2781 hujus
1532 2712 1762 2781 partiunt

173 2802 550 2871 episeoporum
581 2816 879 2875 prmcessor
905 2801 1254 2873 appellatur),
1281 2813 1636 2858 ornamentum
1663 2803 1760 2857 Ec-

174 2893 337 2948 clesia:
373 2895 521 2948 istius
566 2894 778 2949 civitatis
824 2895 937 2948 loco
979 2912 1074 2949 suo
1121 2896 1395 2965 meritoque
1439 2912 1757 2951 veneramur.

171 2985 277 3043 Nec
301 3002 435 3042 vero
465 2989 783 3043 auctoritate
808 3002 903 3043 sua
936 2998 1141 3042 tantum
1169 2998 1327 3057 atque
1376 2989 1602 3065 diversis
1631 2991 1762 3044 arti-

172 3080 268 3133 bus
310 3078 551 3134 schisma
601 3079 653 3133 in
698 3087 805 3133 tota
853 3081 1036 3134 Africa
1085 3081 1435 3150 prepagavit-,
1487 3096 1669 3135 verum
1707 3090 1763 3135 et

1869 1882 2158 1937 admodum
2190 1891 2238 1935 et
2268 1890 2602 1936 mansuetam
2631 1879 2888 1947 scripsit,
2919 1893 3022 1945 qua
3066 1876 3198 1931 dicit
3240 1893 3292 1931 se
3321 1876 3461 1946 quod

1868 1976 1995 2045 [ides
2026 1975 2229 2037 debuit,
2262 1984 2511 2043 quantum
2536 1972 2815 2041 prudentia
2842 1970 3002 2024 valuit
3026 2010 3041 2036 ,
3072 1978 3224 2037 prout
3264 1967 3463 2035 puritas

1868 2069 2032 2138 potuit
2072 2077 2286 2121 tentasse
2317 2083 2405 2135 per
2432 2066 2603 2119 omnia
2633 2065 2967 2118 humanitatis
3013 2072 3059 2117 et
3099 2061 3463 2115 moderationis

1866 2160 2080 2228 ofﬁcia,
2112 2171 2167 2212 ut
2209 2174 2311 2225 pax
2354 2158 2695 2211 sanctissitnte
2737 2155 3075 2225 fraternitatis
3121 2171 3208 2223 per
3255 2169 3463 2205 toncor—

1867 2253 2006 2305 diam
2044 2251 2270 2306 stabilita
2298 2260 2571 2304 teneretur.
2606 2248 2710 2304 Sed
2734 2249 2854 2318 quia
2882 2250 2959 2300 ob’
2972 2246 3311 2314 pervicaciam
3342 2240 3482 2312 quo?
3558 2256 3564 2263 ‘

1866 2344 2103 2398 rumdnm
2134 2361 2233 2397 non
2266 2344 2483 2409 potuerit
2513 2342 2567 2394 id
2602 2342 2801 2411 assequi
2838 2341 2911 2393 ita
2953 2355 3062 2394 esse
3099 2338 3313 2392 consilia
3352 2353 3458 2389 mo-

1866 2436 2113 2503 deranda,
2147 2446 2202 2488 ut
2230 2436 2389 2489 donec
2409 2433 2901 2501 cwlestismetlicina
2934 2430 3192 2500 procedat,
3211 2428 3459 2499 prtienter

1865 2531 2211 2584 sustineantur
2246 2545 2306 2582 ea
2349 2543 2462 2596 qtttt’
2498 2527 2790 2597 nequissimi
2828 2524 3056 2578 homines
3082 2533 3272 2576 tentant
3294 2532 3339 2575 et
3382 2522 3457 2590 {tt-

1864 2623 2033 2683 ciunt,
2067 2632 2112 2675 et
2135 2620 2266 2673 nihil
2290 2637 2351 2673 επ
2379 2620 2636 2689 reciproco
2661 2630 2934 2687 reponatur
2955 2617 3164 2690 injuria!
3184 2658 3198 2679 ,
3231 2614 3454 2669 uindicta

1864 2732 2039 2769 eorum
2072 2714 2176 2768 Deo
2216 2724 2435 2767 servata.
2470 2714 2619 2779 Quod
2664 2715 2707 2766 si
2731 2712 3039 2775 observetur,
3065 2727 3271 2781 sperare
3309 2724 3363 2764 se
3403 2720 3455 2761 nt

1864 2810 1966 2863 cito
2011 2824 2100 2877 per
2145 2808 2366 2881 gratiam
2412 2807 2598 2859 summi
2648 2805 2741 2859 Dei
2793 2805 3231 2875 languescentibus
3279 2818 3455 2855 eorum

1862 2890 2109 2954 institutis
2145 2899 2223 2953 vel
2270 2899 2495 2953 moribus
2536 2899 2622 2968 qui
2670 2913 2723 2950 se
2763 2899 3065 2971 miserrimte
3118 2894 3453 2949 contentionis

1865 2991 2155 3045 vexillarios
2193 2978 2451 3060 prwbent,
2484 2989 2643 3043 turba:
2685 2991 3045 3042 conticescunt.
3081 2988 3277 3043 Verum
3317 3000 3452 3055 quos

1863 3096 1970 3137 non
2003 3092 2336 3151 represserat
2365 3083 2626 3137 severitas
2652 3124 2665 3146 ,
2712 3096 2812 3135 nec
2841 3083 3059 3134 domare
3098 3079 3267 3147 potuit
3309 3092 3454 3132 man«

160 3164 391 3240 scriptis
422 3170 551 3225 illud
584 3187 923 3241 propugnare
971 3188 1257 3243 aggreSsus
1308 3182 1407 3227 est.
1458 3173 1753 3228 Exstabant
1859 3174 2089 3229 suctudo
2128 3189 2191 3228 ac
2237 3173 2430 3227 lenitas
2469 3172 2659 3241 optimi
2708 3172 2998 3239 principis,
3034 3172 3195 3223 immo
3236 3182 3298 3222 ex
3337 3167 3454 3234 ejus

171 3263 309 3317 enim
360 3272 608 3333 tempore
662 3263 971 3336 Hieronymi
1018 3266 1183 3320 multa
1225 3266 1343 3336 ejus
1395 3269 1650 3337 opuscula
1694 3269 1761 3323 ad

171 3368 317 3409 suam
348 3356 603 3410 haeresim
636 3358 957 3425 pertinentia
980 3399 993 3422 ,
1020 3366 1076 3412 et
1118 3359 1185 3412 de
1230 3358 1433 3427 Spiritu
1482 3370 1666 3414 sancto
1699 3361 1794 3420 ιίκ

171 3446 268 3501 her
290 3463 453 3517 quem
484 3449 688 3503 Ariano
719 3451 953 3520 dogmati
985 3460 1367 3520 congruentem
1398 3450 1562 3507 fuisse
1598 3461 1763 3508 testa-

170 3548 271 3592 tur.
322 3539 400 3594 De
443 3541 689 3610 ejusdem
739 3543 954 3611 scriptis
1007 3543 1231 3611 laqueus
1281 3544 1337 3598 S.
1390 3543 1757 3614 Augustinus,

170 3634 416 3690 obsewat
456 3637 620 3692 etiam
664 3640 813 3694 illntn
858 3639 997 3694 haud
1037 3624 1359 3696 catholicam
1398 3642 1466 3697 de
1490 3641 1758 3699 Trinitate

170 3726 417 3785 habuisse
448 3734 814 3798 sententiam;
847 3743 900 3787 et
941 3738 1185 3804 quamvis
1229 3736 1469 3803 ejusdem
1510 3736 1759 3792 substan-

169 3822 288 3887 tiae,
319 3824 589 3880 minorem
623 3834 799 3879 tamen
833 3826 990 3881 Patre
1023 3826 1213 3882 Filium
1234 3870 1248 3893 ,
1275 3836 1331 3882 et
1372 3830 1633 3884 minorem
1664 3829 1757 3884 Fi-

170 3915 239 3970 lio
269 3929 491 3987 putasse
518 3917 780 3987 Spiritum
808 3908 1076 3973 sanctum.
1121 3919 1302 3973 Verum
1326 3963 1341 3986 ,
1375 3921 1546 3991 inquit
1574 3922 1750 3988 idem,

162 4007 215 4061 in
241 4006 375 4062 hunc
401 4025 555 4077 quem
594 4010 658 4062 de
684 4008 936 4063 Trinitate
973 4012 1146 4065 habuit
1181 4016 1292 4086 ejus
1321 4030 1362 4065 et
1377 4028 1541 4068 rorem
1576 4011 1753 4067 Dona-

166 4099 396 4153 tistarum
422 4100 704 4155 multitudo
747 4102 942 4155 iutmta
969 4118 1070 4156 non
1098 4104 1197 4174 fuit
1225 4144 1239 4171 ,
1279 4121 1371 4157 nec
1401 4104 1551 4173 facile
1592 4105 1645 4157 in
1683 4107 1754 4159 eis

163 4193 423 4262 quisquam
464 4193 554 4261 qui
592 4179 695 4247 hoc
736 4195 882 4247 illum
928 4196 1142 4249 sensisse
1188 4197 1379 4250 noverit
1406 4238 1418 4256 ,
1474 4196 1745 4250 utvenitur.

162 4281 455 4357 Nonnullae
506 4295 683 4338 tamen
734 4283 874 4339 idem
924 4300 1044 4340 cum
1102 4286 1305 4339 Donato
1341 4288 1586 4342 sensisse
1626 4288 1750 4342 ahbi

164 4375 272 4447 (ep.
301 4377 408 4432 185
433 4375 503 4431 ad
542 4376 873 4431 Bonifacium
919 4377 1206 4448 comitem)
1241 4389 1467 4433 testatur
1501 4381 1750 4449 Angusti-

162 4482 299 4533 nus;
330 4468 428 4523 sed
476 4483 672 4524 omnes
699 4471 807 4523 tere
838 4461 985 4531 idem.
1006 4472 1230 4525 omnino
1257 4474 1496 4541 proliteri
1529 4489 1586 4528 se
1632 4488 1749 4528 cre-

1865 3266 2193 3337 indnlgentia
2249 3265 2506 3336 majorem
2554 3275 2829 3319 sumentes
2872 3263 3147 3317 audaciam
3176 3304 3191 3328 ,
3235 3261 3452 3330 gravius

1862 3360 2066 3416 indies
2109 3360 2419 3415 Catholieos
2464 3340 2748 3413 vexarunt.
2802 3359 2876 3411 lio
2924 3369 3162 3428 tempore
3206 3354 3455 3409 videntur

1862 3456 1966 3508 orti
2010 3453 2532 3516 Circumcelliones,
2587 3452 2767 3505 rustici
2810 3461 2866 3504 et
2917 3449 3015 3503 feri
3067 3447 3343 3510 homines,
3378 3447 3449 3500 ita

1861 3546 1992 3601 dicti
2044 3546 2184 3615 quod
2225 3547 2427 3599 circum
2475 3544 2638 3598 'cellas
2685 3543 3094 3605 discurrerent,
3142 3539 3448 3594 Catholieos

1859 3642 1925 3695 ad
1979 3650 2162 3694 nutum
2212 3639 2606 3693 Donatistarum
2659 3637 3036 3704 episcoporum
3091 3642 3348 3685 vexantes
3393 3639 3447 3684 et

1858 3732 2211 3801 coinpilantes
2239 3772 2252 3796 ,
2299 3730 2435 3783 adeo
2465 3736 2523 3779 ttt
2547 3727 2805 3797 quosdam
2843 3727 3005 3779 etiam
3044 3741 3109 3778 «ιχ
3160 3724 3265 3777 ἰΙιιε
3306 3723 3445 3775 occi-

1858 3824 2082 3887 derent;
2114 3834 2273 3891 atque
2303 3821 2367 3873 ad
2409 3835 2501 3874 eos
2533 3821 2782 3873 videntur
2824 3820 3091 3887 pertinere
3135 3816 3247 3869 lucc
3286 3816 3444 3869 tet-ha

1856 3916 2193 3972 Constantini
2243 3914 2295 3967 in
2340 3914 2564 3981 epistola
2614 3912 2773 3965 modo
2820 3911 3070 3965 laudata:
3101 3906 3225 3962 Cum
3270 3907 3446 3961 debeat

1856 4009 1984 4077 ﬁdes
2025 4018 2193 4061 nostra
2210 4005 2467 4075 conﬁdere
2485 4006 2734 4075 quidquid
2764 4004 2827 4056 ιιι)
2858 4003 3151 4080 hujusmodi
3184 4001 3440 4055 hominum

1855 4112 2027 4175 furore
2053 4104 2303 4172 patietur,
2338 4101 2569 4170 martyrii
2601 4100 2766 4170 gratia
2810 4099 2952 4167 apud
2996 4082 3156 4151 Deum
3187 4112 3293 4150 esse
3320 4094 3444 4179 voli-

1856 4207 2045 4248 turum.

1929 4285 2083 4338 Gesta
2113 4300 2283 4337 coram
2312 4282 2618 4352 ZenOphilo.
2649 4311 2720 4322 —-
2746 4280 2887 4334 lnter
2912 4280 3315 4337 Donatistarum
3347 4289 3444 4329 an-

1857 4381 2163 4448 tesignanus
2193 4386 2310 4430 erat
2359 4374 2611 4429 Silvanus
2642 4370 3191 4426 Constantinit-nsium
3237 4371 3445 4437 cpisco-

1856 4486 1955 4541 pus
2006 4469 2320 4533 ordinatus,
2375 4469 2447 4520 uti
2500 4465 2778 4527 diximus,
2820 4479 2849 4517 a
2902 4462 3086 4532 primis
3136 4458 3441 4514 auctoribus

161 4558 284 4615 dere
310 4560 378 4615 de
404 4560 566 4616 Patre
609 4572 661 4616 et
709 4561 845 4615 Filio
884 4558 936 4617 et
967 4562 1169 4632 Spiritu
1217 4577 1405 4620 saneto
1427 4608 1440 4631 ,
1479 4567 1618 4637 quod
1648 4566 1748 4621 Ca-
1776 4562 1829 4621 1)
1855 4564 2160 4618 schismatis
2180 4606 2193 4629 ,
2226 4576 2347 4615 cum
2373 4551 2548 4613 tamen
2573 4558 2830 4611 diaconus
2861 4554 3188 4608 Traditionis
3214 4550 3437 4604 crimine

164 4653 356 4709 tholica
406 4653 586 4709 credit
635 4655 893 4709 Ecclesia.
945 4656 1268 4727 Quamquam
1315 4660 1472 4724 aliqui
1519 4676 1580 4713 ea:
1624 4660 1748 4729 ipsis'

160 4743 377 4799 volentes
412 4747 514 4799 sibi
553 4743 747 4800 Gothos
792 4748 1098 4813 conciliare,
1147 4751 1347 4817 quando
1392 4767 1482 4803 eos
1512 4752 1747 4805 videbant

161 4852 303 4905 posse
327 4839 530 4905 aliquid
555 4881 570 4905 ,
610 4841 841 4894 dicebam
886 4841 984 4895 hoc
1011 4852 1074 4896 se
1111 4832 1313 4896 credere
1339 4844 1477 4910 quod
1522 4846 1601 4899 illi
1638 4862 1747 4900 cre-

159 4929 294 4983 dunt.
331 4929 472 4993 Sed,
507 4931 679 5001 inquit
704 4930 1038 5002 Augustinus
1057 4976 1073 5001 ,
1105 4938 1359 5007 majorum
1384 4952 1591 4989 suorum
1621 4954 1745 4990 auc-

162 5024 355 5076 totimte
386 5027 790 5090 convincuntur,
823 5028 945 5096 quia
988 5043 1077 5080 nec
1118 5015 1358 5082 ‘Douatus
1391 5029 1499 5099 ipse
1523 5031 1595 5085 sic
1632 5046 1745 5084 cre-

160 5116 341 5168 didisse
390 5118 668 5183 nsseritur,
703 5118 766 5171 de
811 5122 961 5191 cujus
1007 5133 1150 5189 parte
1193 5137 1245 5173 se
1289 5136 1394 5174 esse
1438 5121 1744 5195 gloriantur.

164 5206 286 5260 llinc
342 5206 485 5261 forte
533 5207 860 5278 Epiphanius
912 5218 989 5277 et'
1019 5210 1379 5264 Theodoritus
1431 5211 1746 5266 Donatianis

165 5300 485 5354 Asianorum
514 5294 753 5356 errorem
780 5303 1064 5372 attingunt.
1092 5304 1162 5359 At
1203 5304 1343 5358 nulla
1378 5320 1498 5358 cum
1544 5306 1651 5359 illis
1680 5307 1747 5361 de

168 5391 506 5462 dogmatibus
547 5394 670 5447 fidei
718 5393 813 5447 fuit
855 5396 1118 5464 qumstio,
1152 5396 1245 5449 sed
1293 5406 1493 5449 tantum
1539 5397 1606 5450 de
1636 5398 1745 5451 sola

159 5483 649 5546 comnmnione,de
680 5484 948 5551 Ecclesia,
981 5498 1031 5539 et
1053 5495 1510 5539 sacramentorum
1543 5503 1659 5557 qua:
1691 5488 1744 5542 in

161 5587 218 5625 ea
246 5573 693 5626 administrantur
730 5575 1069 5653 auctoritate.
1101 5576 1255 5629 Circa
1286 5575 1386 5629 hoc
1414 5578 1746 5662 postremum

164 5687 551 5755 Episcoporum,
608 5685 883 5740 translatio
945 5686 995 5739 in
1058 5686 1347 5747 Occidente
1413 5705 1516 5741 non
1573 5691 1731 5744 fuerit

163 5757 211 5809 in
232 5772 323 5809 usu
346 5798 360 5814 .
400 5770 501 5813 nec
539 5769 789 5826 umquam
820 5757 1022 5812 Donato
1049 5758 1317 5825 obiectum
1350 5758 1509 5814 fuerit
1538 5762 1678 5830 quod
1702 5779 1732 5818 e

1860 4656 2155 4708 tnaeulatus
2203 4653 2408 4707 fuisset.
2457 4648 2840 4704 Nttndinarintn
2875 4647 3103 4700 habebat
3153 4644 3434 4699 diaconum

1858 4718 2176 4802 arcanorum
2201 4735 2456 4799 ‘onnnium
2510 4740 2664 4807 hujus
2709 4748 2869 4791 Sthlil!
2916 4736 3209 4789 conscium.
3258 4734 3428 4801 Quem

1856 4855 1976 4894 cum
2007 4838 2256 4893 Silvanus
2282 4823 2878 4891 excetnnntnicass'etet
2903 4844 3023 4883 eunt
3047 4844 3110 4882 eo
3138 4829 3186 4881 in
3213 4829 3435 4897 gratiam

1854 4936 2029 4990 redire
2057 4934 2321 4988 renttisset
2345 4974 2357 4991 ,
2393 4928 2564 4994 palatii
2599 4926 2641 4977 is
2668 4925 2845 4977 omnia
2880 4923 3039 4987 fecit,
3071 4935 3133 4973 ac
3174 4921 3437 4990 itnpritnis

1852 5026 2123 5082 Silv-«unm
2156 5023 2317 5076 fuisse
2346 5019 2682 5073 Traditorem
2710 5057 2723 5079 ,
2765 5026 2818 5069 ct
2862 5016 3138 5085 pecuni-nt
3170 5027 3199 5065 a
3232 5011 3434 5065 Lucilla

1852 5120 2029 5170 datam
2056 5126 2110 5168 ut
2136 5112 2423 5181 Majorinns
2454 5108 2793 5161 ordinaretur
2831 5106 3140 5176 episeopus.
3169 5104 3298 5171 Qtue
3326 5103 3434 5157 dno

1834 5197 1969 5264 ἴἒιιιιι
2000 5207 2173 5274 magni
2204 5203 2457 5255 momenti
2488 5207 2672 5255 essent
2692 5240 2707 5263 ,
2740 5210 2791 5252 ct
2821 5212 2997 5283 canﬁc
3031 5198 3435 5259 Donatistarum

1852 5268 2382 5355 ntultuut'oflicercnt
2428 5292 2594 5362 (inde
2620 5293 2761 5346 enim
2800 5268 3124 5360 seijit'dbator
3148 5304 3239 5341 eos
3277 5286 3439 5355 hujus

1851 5388 2087 5450 Criminis
2116 5403 2239 5443 reos
2267 5403 2388 5442 esse
2431 5387 2582 5456 cujus
2630 5385 2925 5439 Ecclesium
2978 5382 3353 5436 insimulabant
3383 5390 3438 5435 et

1852 5479 2092 5552 Maj‘orini
2119 5480 2513 5553 ordinationem
2546 5477 2787 5531 vitiosam
2810 5468 2932 5529 esse
2952 5471 3287 5540 canstahat),
3334 5475 3430 5523 ho-

1853 5590 1969 5631 rum
2025 5572 2397 5643 probationem
2443 5570 2610 5640 geStis
2661 5568 2885 5637 publicis
2931 5576 2985 5620 rt
3032 5580 3213 5619 coram
3254 5566 3521 5645 jndicﬂg,

1838 5690 1965 5814 lsede
1995 5685 2215 5811 (Ense-nsi
2242 5702 2338 5758 per
2365 5670 2621 5741 ambitum
2648 5686 2711 5739 ad
2740 5681 3224 5751 Carthaginiensem
3258 5693 3441 5741 trans»

1858 5772 1974 5814 atus
2025 5770 2181 5812 ueru.

1858 5772 1974 5814 atus
2002 5770 2181 5812 Illel'll.
