3848 6220
451 293 555 347 79⁸3
1622 248 1941 337 tnsronta'
1966 232 2545 338 'nonsrtsranuu.
3644 265 3750 319 79¢:
3824 210 3825 215 Ν

386 414 387 417 ‘
422 406 567 469 ,tleri
598 403 932 476 postularunt
961 397 1242 456 Catholici.
1274 397 1381 451 Res
1406 394 1729 451 demandata
1755 403 1839 449 est
1863 391 2037 449 Zeno-
2063 396 2116 454 Α
2139 393 2233 446 tini
2258 395 2311 447 in
2350 394 2570 468 gratiam
2598 388 2995 471 Catholicorum.
3027 412 3091 426 -
3123 381 3299 437 Nimia
3334 381 3451 436 haec
3497 380 3749 449 impera-

458 473 610 568 pllilo
649 491 918 551 consulari
965 488 1226 546 Numidiae
1266 496 1464 543 etacla
1504 485 1682 568 idibus
1730 484 2042 541 Decembris
2140 487 2273 544 tutis
2299 489 2490 544 lenitas
2508 486 2632 541 fecit
2658 493 2715 537 ιιι
2742 480 3052 536 Βοιιθιίειιιτη
3081 476 3327 531 factionis
3366 473 3627 529 homines
3682 474 3749 527 li-

458 566 814 648 Constantiuo
855 585 1086 641 Maximo
1114 569 1358 654 Augusto
1383 580 1452 637 VI
1482 590 1537 636 et
1562 566 1933 635 Constantino.
1953 577 2045 633 Ju-

437 685 610 739 ‘niore
636 680 771 737 Nob.
802 677 1020 734 Caesare
1046 674 1200 731 Coss.
1232 676 1323 745 qui
1355 674 1455 728 luit
1476 687 1650 728 annus
1675 670 1873 727 Chriin
1914 668 2042 724 520.

459 777 670 835 Prolata
719 783 845 830 sunt
891 782 1009 828 acta
1052 769 1274 831 Munatii
1318 768 1510 823 Felicis
1555 764 1818 821 curatoris
1847 762 2047 818 Cirten-

458 870 595 925 sium
640 864 967 921 Diocletiano
999 861 1112 919 VIII
1152 872 1204 917 et
1246 860 1572 916 Maximiano
1612 856 1703 910 VII
1730 852 1918 920 Coss.,
1958 866 2047 906 xiv
2079 873 2083 876 ν

461 957 729 1015 Kalendas
773 955 959 1012 Iunias
979 995 993 1020 ,
1025 970 1093 1011 ex
1130 954 1320 1023 quibus
1348 949 1583 1006 constitit
1611 964 1641 1001 a
1672 947 1888 1003 Silvano
1909 944 2047 997 ultro

465 1051 693 1107 traditas
748 1063 869 1103 esse
920 1049 1195 1103 lucernam
1251 1055 1303 1099 et
1354 1041 1691 1113 capitulatam
1746 1045 2043 1107 argenteas.

446 1142 649 1199 Lecta:
695 1150 821 1197 sunt
866 1138 1060 1195 littera:
1091 1136 1336 1206 Purpurii
1378 1132 1696 1189 Limatensis
1723 1171 1737 1197 ,
1775 1129 1951 1185 Fortis
1996 1135 2051 1183 ct

470 1238 709 1307 alterius
736 1231 975 1304 episcopi
1008 1231 1061 1284 in
1091 1228 1316 1299 gratiam
1362 1224 1710 1286 Nundinarii;
1744 1235 1812 1277 ex
1855 1220 2051 1292 quibus

470 1328 868 1399 intelligebatur
895 1332 1152 1394 quantum
1185 1321 1434 1375 timerent
1486 1334 1553 1374 ne
1597 1316 1962 1372 Nundinarius
1990 1331 2053 1371 ea

473 1438 591 1495 qua:
643 1420 875 1480 sciebat.
904 1416 1247 1487 patefaceret.
1280 1412 1531 1469 Producti
1564 1421 1733 1468 teStes
1762 1411 1849 1481 qui
1882 1409 2056 1465 Silva-

472 1529 595 1568 num
628 1511 807 1566 invitis
833 1508 1095 1564 Cirtensis
1134 1505 1314 1576 p0puIi
1346 1504 1667 1576 primoribus
1697 1512 1752 1559 et
1781 1502 2057 1558 honoratis

473 1606 540 1661 ab
599 1602 874 1659 Arenariis
926 1602 1311 1675 proclamatum
1381 1599 1814 1668 EpiscOpnm’et
1866 1596 2059 1652 deinde

470 1699 778 1754 ordinatum
815 1710 964 1761 esse,
993 1694 1189 1766 quique
1216 1704 1342 1748 tunc
1370 1702 1489 1747 eutn
1532 1691 1704 1759 palam
1736 1689 2060 1745 Traditionis

2146 582 2326 637 berius
2357 582 2408 634 in
2441 577 2747 634 Catholicos
2776 577 3175 644 grassarentur,
3210 566 3518 640 presertint
3552 567 3609 621 in
3634 563 3752 621 Nu—

2146 672 2331 736 midia,
2363 670 2452 727 ubi
2489 665 2832 724 numerosior
2872 670 2928 719 et
2956 661 3188 717 validior
3212 670 3331 716 erat
3365 673 3495 730 pars
3524 658 3753 713 Donati.

2147 768 2290 823 Inter
2319 766 2421 821 alia
2452 778 2582 819 vero
2618 761 2895 816 basilicam
2924 773 3084 830 quam
3125 756 3178 811 in
3219 756 3446 811 civitate
3471 752 3757 810 Constan—

2150 862 2257 915 tina
2292 857 2556 915 Numidia:
2588 853 2870 925 Metropoli
2907 852 3047 925 (qum
3088 860 3216 906 ante
3246 850 3390 905 Cirta
3434 845 3752 915 dicebatur)

2150 953 2393 1009 fabricari
2430 944 2669 1021 jusSerat
2693 948 3010 1019 Imperator,
3044 961 3140 1016 per
3176 946 3285 1000 vim
3318 943 3664 1005 invaserunt,
3697 948 3756 995 et

2151 1045 2458 1116 frequenter
2488 1053 2597 1100 tum
2627 1059 2656 1098 a
2685 1040 2981 1098 Catltolicis
3011 1037 3315 1109 EpiscOpis,
3349 1046 3461 1091 tum
3486 1051 3516 1089 a
3542 1033 3757 1105 judici-

2150 1139 2268 1195 bus,
2295 1153 2359 1193 ex
2412 1136 2759 1209 imperatoris
2786 1134 2940 1205 jussu
2983 1129 3299 1186 commoniti
3349 1142 3468 1182 eam
3518 1124 3761 1181 reddere

2154 1237 2492 1285 recusarunt.
2525 1228 2662 1296 Quin
2687 1227 2849 1282 etiam
2879 1223 3203 1278 decuriones
3228 1235 3293 1275 ac
3320 1220 3589 1289 primores
3628 1218 3761 1273 civi.

2158 1331 2324 1378 tntum
2376 1322 2627 1392 malignis
2674 1316 3109 1390 suggestionibus
3148 1313 3462 1377 incitarunt,
3494 1322 3554 1365 ut
3584 1310 3759 1365 lecto-

2157 1431 2247 1470 res
2268 1423 2319 1469 et
2347 1414 2750 1486 hypodiaconos
2772 1424 2836 1464 ac
2864 1416 3091 1464 czcteros
3112 1405 3341 1460 clericos
3368 1402 3638 1459 Ecclesiae
3668 1416 3761 1457 ca—

2161 1508 2373 1564 tholica:
2411 1506 2476 1561 ad
2522 1503 2930 1560 decurionatum
2973 1508 3024 1554 et
3065 1496 3370 1573 functiones
3408 1494 3755 1565 publicorum

2162 1615 2447 1658 munerum
2498 1604 2840 1653 revocarent.
2877 1590 3237 1659 Quamobrem
3270 1588 3514 1657 episc0pi
3562 1586 3757 1642 Eccle-

2162 1699 2256 1752 sia'
2298 1691 2575 1749 catholica:
2609 1704 2703 1758 per
2750 1685 3051 1743 Numidiam
3094 1682 3160 1736 ad
3190 1683 3582 1750 imperatorem
3627 1678 3760 1733 scri-

473 1803 780 1850 accusatum
822 1790 989 1845 fuisse
1028 1789 1382 1843 allirmarunt.
1414 1784 1752 1841 Addiderunt
1783 1782 2061 1867 pecuniam
2092 1782 2140 1843 B
2164 1786 2294 1842 bare
2320 1782 2584 1853 compulsi
2615 1787 2757 1845 sunt,
2791 1778 3015 1848 ejusque
3047 1773 3306 1829 auxilium
3336 1772 3661 1841 implorare.
3696 1769 3758 1824 Et

475 1887 652 1943 datam
702 1885 923 1941 Silvano
963 1890 1018 1939 et
1056 1881 1323 1952 episcopis
1362 1896 1391 1934 a
1439 1880 1647 1933 Victore
1688 1886 1744 1931 ut
1782 1876 2064 1947 presbyter

476 1982 847 2042 ordinaretur,
874 1986 927 2033 et
946 1990 1111 2046 cupas
1135 1974 1273 2029 aceti
1296 1973 1533 2027 sublatas
1554 1986 1586 2025 e
1613 1968 1816 2038 templo
1845 1967 2063 2037 Serapis

475 2091 503 2128 a
548 2074 766 2129 Silvano
803 2080 856 2126 et
885 2066 1151 2138 Purpurio
1195 2065 1495 2137 episcopis,
1542 2074 1749 2118 necabo
1799 2058 1827 2114 ιι
1868 2058 2063 2115 Domio

480 2176 535 2223 et
582 2164 813 2237 Superio
846 2156 1175 2233 presbyteris
1214 2172 1267 2213 et
1321 2157 1556 2213 Luciano
1599 2154 1846 2210 diacono.
1879 2150 2060 2207 Auditi

478 2259 637 2314 etiam
663 2267 830 2312 testes
852 2247 924 2310 de
959 2253 1078 2309 data
1110 2267 1139 2307 a
1174 2250 1376 2306 Lucilla
1410 2248 1652 2303 Numidis
1677 2244 1943 2317 episcopis
1976 2260 2064 2313 pe-

478 2351 634 2408 cunia
679 2358 737 2406 ιιι
775 2336 1059 2419 episcopus
1101 2344 1441 2400 ordinaretur
1482 2341 1791 2411 Majorinus.
1838 2337 2063 2392 Istorum

479 2454 688 2516 partem
738 2440 1022 2497 maximam
1063 2428 1335 2510 gestorum
1368 2429 1654 2499 habemus;
1684 2432 1779 2489 sed
1808 2432 1959 2486 deest
1981 2430 2069 2500 ju-

478 2537 675 2592 dicium
707 2532 985 2602 Zenopbili
1007 2573 1021 2596 ,
1052 2544 1157 2601 quo
1204 2538 1380 2584 tamen
1424 2527 1700 2584 Silvanum
1729 2524 2066 2587 Traditorem

479 2627 807 2683 declaratum
851 2623 1020 2680 fuisse
1059 2616 1269 2678 certum
1304 2631 1401 2675 est.
1439 2619 1569 2674 Nam
1610 2618 1788 2673 statim
1819 2616 2070 2673 Silvanus

481 2723 533 2778 in
559 2721 783 2778 exilium
819 2719 1006 2790 pulsus
1034 2724 1148 2782 est,
1186 2732 1289 2770 non
1318 2714 1454 2786 quod
1489 2711 1694 2768 Ursatio
1716 2722 1762 2766 et
1787 2709 2071 2779 ZenOphiIo

481 2814 891 2889 persequentibus
917 2811 1293 2868 communicare
1323 2808 1564 2863 noluisset
1584 2850 1597 2873 ,
1629 2816 1689 2861 ut
1714 2804 1890 2860 aiebat
1914 2801 2075 2857 Cres-

484 2916 714 2983 conius,
746 2912 861 2979 sed,
897 2922 954 2967 ut
999 2910 1201 2966 asserit
1244 2904 1604 2976 Augustinus,
1653 2903 1746 2959 lib.
1785 2917 1843 2957 ιιι
1887 2880 2073 2956 conire

484 3010 630 3064 banc
667 3005 997 3062 Donatistam
1022 3044 1037 3069 ,
1070 3016 1191 3071 cap.
1219 2999 1325 3056 50:
1363 2998 1495 3064 Quia
1522 3012 1635 3050 cum
1665 2993 1905 3049 Traditor
1946 2991 2077 3061 {uis-

486 3112 592 3172 set,
639 3115 938 3175 permanere
973 3098 1125 3154 etiam
1154 3095 1419 3150 hwreticus
1445 3091 1601 3145 voluit
1625 3128 1640 3156 ,
1669 3098 1725 3143 ut
1764 3086 1953 3157 falsum
1985 3084 2077 3138 Ito-

2166 1880 2417 1948 quoniam
2466 1870 2808 1943 Imperatoris
2848 1868 3082 1924 animum
3134 1867 3199 1922 ad
3244 1865 3524 1921 lenitatem
3575 1874 3633 1919 et
3675 1880 3761 1936 pa-

2168 1970 2406 2024 tientiam
2439 1981 2665 2038 pronum
2702 1972 2984 2025 noverant,
3033 1960 3238 2016 nullam
3266 1959 3336 2014 de
3364 1957 3607 2014 inimitis
3638 1958 3757 2009 vin-

2166 2065 2363 2120 dictam
2408 2069 2790 2133 poposcerunt,
2824 2071 2922 2113 nec
2948 2056 2996 2110 vi
3023 2064 3077 2110 et
3105 2046 3428 2108 auctoritate
3468 2051 3761 2121 imperato-

2167 2158 2242 2213 ris
2266 2156 2537 2210 basilicam
2567 2153 2667 2207 sibi
2701 2151 2850 2208 reddi
2872 2135 3243 2221 postularunt;
3262 2146 3357 2202 sed
3391 2146 3559 2200 alium
3586 2145 3755 2197 locum

2167 2249 2269 2304 sibi
2298 2263 2362 2303 ex
2404 2246 2531 2301 ﬁsco
2557 2244 2804 2311 concedi,
2832 2252 2891 2297 ut
2923 2242 2993 2296 ibi
3026 2252 3223 2296 novam
3255 2238 3562 2294 Ecclesiam
3589 2235 3752 2290 aedili-

2169 2348 2379 2397 carent.
2410 2338 2709 2408 Imperator
2752 2335 2937 2390 multis
2976 2334 3221 2388 invectus
3263 2332 3314 2386 in
3364 2331 3758 2384 Donatistarum

2170 2436 2460 2492 factionem
2510 2443 2563 2487 et
2609 2430 2823 2487 laudata
2856 2428 3067 2499 prolixe
3105 2424 3512 2482 Catltolicorum
3550 2422 3763 2493 Episco-

2170 2544 2363 2601 porum
2390 2526 2668 2599 patientia,
2697 2523 2841 2594 quod
2869 2522 2921 2576 bi
2947 2520 3203 2589 petebant
3225 2517 3471 2581 indulsit,
3506 2526 3562 2572 et
3588 2514 3763 2569 statim

2176 2623 2385 2677 litteras
2426 2618 2573 2675 dedit
2618 2616 2685 2671 ad
2733 2615 3094 2679 Rationalem,
3141 2623 3201 2667 ut
3253 2612 3428 2666 laeum
3470 2607 3536 2663 ad
3581 2607 3763 2662 iiscum

2174 2715 2535 2789 pertinentem
2566 2708 2822 2767 Ecclesia:
2861 2707 3142 2763 catholicae
3171 2706 3223 2760 in
3263 2696 3565 2759 dominium
3595 2700 3765 2755 trade—

2176 2796 2284 2873 ret,
2320 2816 2372 2862 et
2411 2804 2487 2861 ibi
2512 2819 2577 2858 ex
2606 2802 2722 2864 lisci
2755 2809 2971 2871 sumptu
3017 2797 3294 2854 basilicam
3323 2796 3455 2867 erigi
3490 2791 3760 2866 praecepit.

2176 2898 2465 2975 Consulari
2509 2909 2723 2966 quoque
2765 2891 3057 2956 mandavit,
3102 2898 3161 2945 ut
3209 2889 3261 2944 in
3306 2888 3467 2955 hujus
3514 2885 3763 2958 Ecclesia:

2179 2991 2531 3049 fabricatione
2562 2988 2859 3059 Episcopos
2881 2984 3180 3054 adjuvaret,
3206 2996 3271 3036 ac
3295 2979 3554 3035 Lectores
3583 2977 3762 3033 Eccle-

2182 3086 2277 3140 sia:
2307 3082 2625 3147 Catholica‘,
2656 3076 3061 3150 Iiypodiaconos
3108 3084 3162 3128 et
3191 3072 3429 3142 reliquos
3460 3065 3685 3125 clericos
3704 3066 3763 3121 ad

488 3213 663 3253 norem
699 3196 751 3250 in
782 3196 895 3263 ipsa
920 3202 1065 3264 parte
1090 3188 1280 3244 Donati
1306 3187 1544 3251 haberet,
1573 3184 1660 3256 qui
1686 3181 1871 3237 habere
1898 3181 1951 3234 in
1978 3178 2076 3234 Ca-
2104 3174 2148 3238 C
2182 3192 2404 3233 munera
2428 3187 2481 3230 ct
2508 3174 2916 3229 decurionatum
2958 3162 3230 3240 cogendos
3252 3208 3255 3209 ν
3275 3181 3382 3220 non
3410 3178 3535 3220 esse
3560 3162 3763 3221 statuit.

486 3290 677 3345 tholica
709 3287 904 3342 nullum
939 3292 1103 3356 posset
1141 3292 1243 3337 tant
1278 3280 1561 3351 manifestis
1609 3274 1921 3331 Traditionis
1968 3287 2075 3326 suae

486 3381 636 3454 gestis
667 3379 868 3451 publica
905 3376 1107 3449 judicio
1148 3375 1402 3428 reseratis.
1429 3370 1559 3427 Inde
1582 3370 1739 3425 etiam
1771 3374 1980 3422 constat
2009 3378 2075 3419 eo

488 3482 735 3543 tempore
766 3470 1036 3532 Ursatium
1068 3468 1315 3524 comitem
1349 3467 1402 3520 in
1451 3463 1632 3519 Africa
1680 3462 2073 3517 Donatistarum

486 3566 657 3647 furori
680 3581 800 3639 sese
828 3565 1142 3634 opposuisse
1161 3604 1175 3627 ,
1198 3572 1254 3617 et
1279 3576 1373 3631 pro
1394 3558 1680 3614 Catholicis
1706 3557 1962 3611 adversus
1984 3568 2077 3606 eos

489 3644 782 3735 militasse;
823 3655 964 3712 unde
1005 3656 1144 3710 hunc
1184 3644 1453 3723 tamquam
1486 3649 1715 3721 primum
1746 3645 2079 3717 tempestatis

488 3754 545 3810 in
574 3768 631 3809 se
657 3752 939 3809 concitatae
969 3760 1241 3804 auctorem
1273 3744 1624 3801 traducebant
1656 3742 1969 3797 Donatistae.

560 3842 743 3898 Preces
789 3839 1177 3896 Donatistarum
1217 3839 1283 3893 ad
1327 3836 1719 3893 Constantinum
1760 3833 1940 3905 quibus
1982 3849 2077 3887 an-

489 3937 621 3991 nuit.
650 3964 723 3978 --
751 3936 882 3990 Cum
922 3934 1090 4005 igitur
1127 3932 1373 3989 Ursatius
1408 3930 1714 3985 Donatistas
1752 3926 1931 3982 furere
1974 3940 2081 3980 non

492 4022 780 4091 sineretet
808 4028 874 4083 ad
907 4027 1237 4084 Catholicam
1269 4024 1566 4081 Ecclesiam
1596 4022 1951 4092 compelleret
1972 4061 1986 4086 ,
2018 4020 2081 4073 Il-

491 4123 689 4178 bellum
721 4120 988 4189 dederunt
1032 4135 1172 4191 anno
1213 4119 1312 4175 '52!
1344 4115 1699 4173 Constantino
1735 4112 2082 4185 imperatori,

490 4229 599 4287 quo
643 4214 933 4285 poscebant
962 4222 1021 4267 ut
1064 4212 1231 4267 libere
1260 4211 1407 4281 ipsos
1438 4225 1598 4280 agere
1625 4251 1639 4275 ,
1668 4223 1768 4263 nec
1794 4207 1989 4261 invitos
2019 4203 2086 4258 ad

492 4308 925 4365 communionem
955 4304 1219 4361 Caeciliani
1246 4304 1363 4374 cogi
1388 4303 1549 4358 vellet
1573 4343 1584 4365 ,
1606 4300 1924 4372 adjicientes
1949 4299 2089 4353 nullo

494 4402 642 4457 modo
671 4418 724 4457 se
753 4398 1216 4455 coinmunicaturos
1250 4397 1476 4450 Antistiti
1503 4394 1667 4464 ipsius
1694 4393 1967 4457 nebuloni,
1998 4407 2093 4463 pa-

2181 3282 2234 3327 et
2262 3285 2359 3326 eos
2388 3268 2478 3339 qui
2512 3266 2909 3321 Donatistarum
2943 3262 3201 3317 instinctu
3226 3257 3295 3313 ad
3338 3258 3427 3313 illa
3460 3255 3633 3311 vocati
3658 3254 3767 3308 lue.

2178 3376 2319 3429 rant,
2345 3363 2505 3433 jussit
2533 3361 2601 3415 ab
2632 3361 2697 3415 iis
2727 3357 2956 3414 absolvi.
2977 3386 2982 3391 «
3006 3340 3189 3410 Exstat
3237 3353 3328 3408 lex
3364 3351 3454 3407 illa
3483 3351 3535 3406 in
3585 3349 3765 3403 codice

2177 3455 2582 3520 'l‘beodosiano,
2638 3449 2741 3522 leg.
2790 3452 2845 3518 7,
2892 3448 2959 3505 de
3008 3446 3279 3519 episcopis
3309 3442 3389 3499 ad.
3424 3441 3762 3498 Valentiorum

2181 3550 2525 3608 consularem
2570 3545 2834 3602 Numidia:
2880 3543 3070 3599 iisdem
3123 3539 3235 3597 lere
3278 3538 3463 3595 verbis
3506 3551 3697 3605 conce:
3715 3545 3759 3589 ta

2182 3652 2303 3719 qua:
2334 3645 2644 3702 referuntur
2693 3641 2744 3706 in
2776 3638 3004 3711 epistola
3027 3633 3367 3692 Constantini
3398 3629 3465 3687 ad
3494 3632 3765 3701 episcopos

2157 3739 2481 3804 'Nutnidus;
2532 3743 2764 3806 suntque
2813 3730 3166 3802 huiusmodi:
3209 3726 3453 3783 Lectores
3493 3723 3763 3778 divinorum

2185 3839 2389 3908 apicum
2421 3842 2467 3889 et
2496 3829 2839 3905 Iiypodiaconi
2876 3825 3151 3895 scelerique
3191 3821 3364 3877 clerici
3390 3818 3476 3889 qui
3518 3834 3606 3887 per
3630 3816 3762 3886 inju-

2185 3934 2321 3987 riam
2354 3928 2712 3983 ltwrett'cowm
2741 3922 2809 3977 ad
2839 3920 3035 3975 curiam
3074 3914 3302 3971 devocati
3337 3919 3479 3977 sunt,
3513 3908 3763 3963 absolvan-

2188 4034 2293 4090 tur,
2328 4032 2375 4077 et
2416 4022 2479 4074 de
2507 4029 2689 4074 σαπενο
2718 4014 2785 4070 ad
2814 4009 3201 4068 similitudinem
3242 4005 3453 4060 orientis
3480 4002 3676 4056 minime
3703 3997 3763 4050 ad

2190 4119 2360 4173 curias
2396 4115 2722 4176 devocentur,
2755 4108 2845 4162 sed
2888 4103 3209 4160 immunitate
3238 4097 3539 4169 plenissima
3580 4092 3761 4162 potian-

2191 4227 2291 4271 tur.
2321 4214 2448 4268 Data
2480 4209 2597 4264 haec
2625 4207 2712 4261 lex
2740 4211 2825 4258 est
2845 4202 2985 4256 Sicut
3016 4206 3071 4254 et
3094 4193 3324 4266 epistola
3348 4190 3519 4247 Nonis
3541 4187 3760 4243 Februa-

2193 4302 2576 4364 riisSerdicte.
2609 4296 2715 4356 Sed
2763 4293 3041 4350 consulum
3088 4287 3308 4344 nomina
3339 4298 3459 4354 quae
3503 4296 3604 4336 nou
3646 4283 3759 4332 sunt

2194 4399 2467 4469 adscripta
2501 4397 2553 4449 in
2585 4391 2834 4463 epistola,
2861 4389 2914 4443 in
2956 4386 3077 4456 lege
3119 4379 3492 4452 reperiuntur,
3524 4370 3756 4431 Gallicani

492 4505 731 4563 ratasque
758 4510 867 4549 esse
901 4493 1071 4566 potius
1100 4491 1293 4561 perpeti
1330 4487 1580 4558 quidquid
1605 4488 1678 4543 eis
1706 4488 1875 4557 facere
1904 4486 2097 4541 voluit-
2196 4464 2401 4551 scilicet
2440 4498 2497 4545 et
2535 4483 2845 4558 Symmachi
2891 4492 3119 4550 quorum
3160 4472 3481 4530 consulatus
3511 4465 3687 4523 incidit
3714 4464 3755 4516 in
3824 4506 3825 4513 η

493 4597 603 4656 set;
632 4587 978 4643 Cecilianum
1017 4559 1358 4656 designanles
1389 4578 1546 4651 tiliam
1579 4581 1881 4636 Antistium
1916 4580 2087 4649 lmpe-
2116 4576 2167 4636 D
2195 4601 2397 4644 annum
2421 4582 2545 4639 sao.
2578 4582 2752 4649 Atque
2775 4577 2902 4630 hinc
2926 4571 3210 4643 epistolam
3241 4567 3391 4622 illam
3419 4559 3751 4622 Constantini,

494 4682 692 4738 ratoris
735 4680 1045 4753 appellant,
1075 4680 1199 4751 quia
1246 4691 1369 4733 eum
1410 4677 1750 4731 innocentem
1798 4689 1917 4731 esse
1960 4691 2087 4746 pro-

496 4778 835 4832 nuntiaverat
872 4783 925 4829 et
953 4788 1051 4845 pro
1096 4772 1337 4843 legitimo
1369 4758 2092 4847 Episc0pOICarthaginensi

499 4868 745 4925 habebat.
779 4867 1017 4924 Orabant
1046 4866 1207 4921 etiam
1240 4864 1621 4933 imperatorem
1652 4863 1706 4917 in
1736 4861 1839 4917 hoc
1867 4861 2050 4917 libello
2072 4902 2086 4927 ,

498 4972 554 5017 ut
583 4961 851 5018 Silvanum
879 4969 934 5015 et
960 4959 1196 5031 collegas
1225 4960 1294 5015 ab
1323 4958 1488 5014 exilio
1517 4968 1819 5013 revocaret.
1853 4955 1933 5012 Ad
1976 4955 2092 5013 haec

500 5070 604 5111 non
633 5057 793 5111 modo
822 5057 920 5127 ιι
946 5068 1050 5109 non
1082 5053 1286 5109 exarsit
1311 5054 1387 5106 uti
1410 5050 1531 5123 jure
1562 5052 1825 5122 potuisset
1848 5052 2089 5107 clemen-

504 5148 738 5205 tis'simus
783 5148 1111 5218 imperator,
1141 5144 1235 5201 sed
1280 5162 1309 5200 e
1345 5131 1700 5215 contraipsis
1740 5157 2093 5217 quaecumque

506 5244 797 5313 poscebant
820 5240 975 5297 solita
1022 5239 1353 5311 benignitate
1395 5238 1649 5303 indulsit;
1681 5239 1985 5295 rescribens
2025 5240 2091 5295 ad

507 5335 774 5392 Valerium
820 5350 913 5391 seu
942 5334 1198 5390 Verinum
1230 5336 1499 5389 vicarium
1547 5331 1741 5388 Africae
1766 5352 1785 5397 ,ε
1823 5344 1879 5388 ιιι
1924 5333 2093 5389 libere

508 5444 599 5486 eos
646 5445 803 5500 agere
834 5430 1035 5485 sineret
1062 5438 1117 5485 et
1145 5443 1331 5484 eorum
1362 5428 1600 5483 furorem
1629 5428 1740 5484 Deo
1770 5429 1968 5485 vindicl
2016 5429 2094 5483 di-

512 5524 743 5580 mitteret
770 5542 783 5578 :
814 5523 973 5580 simul
1015 5525 1069 5579 in
1099 5522 1317 5580 exilium
1351 5523 1534 5593 pulsos
1563 5522 1628 5576 ad
1672 5524 1886 5594 propria
1912 5524 2096 5578 redire

513 5618 771 5691 permisit.
824 5620 935 5676 Hoc
980 5621 1300 5691 rescriptum
1349 5620 1533 5677 datum
1581 5616 1682 5673 I‘uit
1724 5634 1755 5672 v
1798 5617 1918 5672 Maii
1968 5617 2096 5671 anui

511 5715 636 5771 550.

595 5814 976 5871 Cat/tolicorum
1015 5831 1045 5868 a
1086 5812 1373 5870 Donatistis
1413 5810 1629 5867 vexatio.
1670 5808 1829 5879 Leges
1858 5806 2102 5863 Constan-

2195 4690 2477 4749 totumque
2506 4672 2639 4731 illud
2668 4671 2737 4726 de
2763 4668 2983 4725 basilica
3010 4657 3474 4725 Constantinicnsi
3514 4654 3753 4724 negotium

2198 4791 2319 4833 cum
2356 4747 2561 4842 nupero
2586 4768 2850 4837 scriptore
2886 4759 3165 4831 exquisita:
3195 4748 3519 4812 eruditionis
3548 4749 3607 4805 ad
3634 4747 3753 4802 hunc

2199 4883 2397 4927 annum
2448 4864 2777 4934 referimus,
2835 4856 3172 4927 potiusquam
3213 4849 3280 4906 ad
3328 4861 3528 4903 annum
3564 4842 3655 4900 5i?
3681 4848 3755 4895 aut

2200 4964 2328 5030 518,
2364 4960 2558 5032 quibus
2589 4957 2704 5011 lure
2732 4950 3025 5023 contigisse
3058 4946 3366 5018 Suspicatus
3390 4951 3506 4998 erat
3528 4934 3755 4994 Henricus

2201 5055 2477 5112 Valesiuss

2274 5150 2531 5221 Dogmata
2575 5143 2986 5199 Donatistarum.
3016 5165 3087 5179 —-
3115 5135 3254 5191 Cum
3300 5130 3595 5188 Dottatistte
3622 5125 3754 5180 totius

2201 5243 2351 5301 orbis
2380 5240 2658 5297 Ecclesias
2682 5227 2959 5291 Cteciliani
2982 5226 3353 5304 communioni
3383 5224 3648 5279 adhaerere
3666 5226 3711 5273 el
3730 5229 3751 5264 τι

2202 5353 2296 5395 sua
2341 5336 2551 5391 alienas
2592 5346 2712 5388 esse
2752 5323 3175 5388 intellexissent,
3215 5337 3282 5378 co
3312 5316 3627 5376 temeritatis
3650 5327 3750 5384 pros

2155 5454 2163 5461 '
2202 5436 2567 5490 cesseruntut
2605 5426 2849 5483 dicerent
2890 5412 3537 5479 Eceleslant'ca'tholicam
3580 5410 3627 5464 in
3662 5405 3750 5461 sola

2204 5537 2358 5599 parte
2384 5535 2477 5581 sna
2503 5507 2867 5595 permansisse
2889 5526 2944 5574 et
2971 5518 3033 5577 in
3047 5514 3170 5569 aliis
3196 5511 3346 5567 orbis
3371 5507 3608 5579 partibus
3628 5499 3753 5573 quasi

2206 5601 2531 5689 contagione
2556 5611 2953 5671 communionis
2975 5608 3322 5685 exstinctam.
3356 5600 3598 5670 Cumque
3619 5590 3753 5648 reteri

2208 5710 2588 5767 Africanorum
2636 5706 2833 5775 placito
2881 5700 3207 5772 pertinacius
3260 5694 3600 5749 adhererent
3635 5695 3755 5742 extra

2216 5818 2402 5861 veram
2437 5799 2753 5867 Ecclesiam,
2781 5797 3105 5868 baptismum
3134 5796 3187 5845 et
3218 5786 3320 5845 alia
3355 5788 3672 5842 sacramenta
3696 5777 3751 5831 ir-
