3848 6220
178 402 280 454 797

1363 395 1673 459 tusrottut
1720 363 2265 485 trossrtsranou.

3358 413 3456 468 7*.)‘3

177 526 283 579 rita
324 538 475 590 esse,
523 533 748 579 cunctos
775 520 840 578 ad
874 538 935 579 se
980 523 1260 577 venientes
1298 523 1387 592 qui
1421 522 1473 576 in
1521 521 1782 577 Ecclesiis
1809 527 1856 585 Λ
1888 526 2168 594 νιὶδηιαρ-
2184 526 2292 582 Nec
2313 543 2442 583 vero
2474 528 2569 583 fuit
2595 530 2857 584 unanimis
2886 530 3124 585 Olltttltlttl
3160 530 3463 585 Donatista-

176 634 315 688 quas
342 616 681 673 adulterinas
711 631 833 674 esse
871 616 1276 671 arbitrabuntur
1307 614 1564 686 baptizari
1598 622 1774 678 erant,

176 713 379 768 iterum
428 712 685 783 baptizari
711 711 1011 783 jusserunt,
1046 709 1313 765 sacrilicia
1360 720 1414 765 et
1459 709 1638 763 otnnia
1668 706 1771 762 Ca-

178 804 515 861 tholicorum
567 818 721 861 sacra
770 816 1039 876 tamquam
1089 805 1296 875 impura
1342 802 1770 871 detestabantur,

176 896 583 953 Eucharistiam
632 898 701 955 ab
749 899 879 969 ipsis
931 907 1300 954 consecratam
1346 908 1616 969 tamquam
1660 913 1773 954 rem

176 990 464 1062 profanam
524 993 935 1060 conculcabant,
980 991 1288 1048 chrismatis
1353 991 1766 1060 coniectionem,

177 1097 390 1137 sacram
437 1085 768 1149 unctionem,
797 1084 1185 1151 ordinationes,
1218 1084 1430 1154 aliaque
1459 1084 1638 1139 omnia
1685 1099 1772 1141 Sa-

177 1188 463 1250 cramenta
496 1179 644 1232 irrita
682 1194 803 1235 esse
831 1181 1149 1245 censebant,
1179 1180 1368 1235 altaria
1393 1182 1537 1236 velut
1567 1181 1769 1253 polluta

177 1270 477 1325 immundis
505 1285 689 1325 eorum
721 1273 998 1327 sacriﬁciis
1028 1273 1287 1328 radebant
1313 1283 1405 1329 aut
1445 1275 1766 1343 exurebant,

176 1360 380 1417 calices
424 1360 767 1434 frangebant,
799 1366 1028 1435 parietes
1077 1377 1131 1422 et
1172 1367 1475 1437 pavimenta
1512 1367 1770 1424 Ecclesiae

176 1470 312 1524 aqua
369 1453 654 1524 lavabant;
702 1457 1079 1528 episcoporum
1127 1460 1449 1525 sacerdotia,
1502 1462 1768 1532 virginum

178 1557 300 1601 vota
351 1547 498 1617 apud
548 1548 857 1604 Catholicos
905 1550 1099 1605 emissa
1146 1552 1344 1606 nullius
1391 1553 1602 1608 roboris
1647 1569 1768 1610 esse

177 1638 515 1705 censebant;
546 1655 610 1695 ac
638 1641 854 1695 demum
899 1640 1298 1697 Catholicorunt
1333 1644 1768 1699 communionem

177 1748 406 1805 prorsus
437 1733 825 1789 abhorrebant.
864 1735 987 1789 llaec
1012 1745 1067 1791 et
1102 1737 1203 1789 alia
1227 1751 1412 1791 eorum
1449 1734 1769 1792 documenta

177 1827 517 1882 consectaria
539 1837 691 1882 erant
722 1825 873 1882 falsa:
899 1826 1043 1883 illius
1075 1829 1460 1898 persuasionis,
1494 1828 1637 1898 quod
1664 1828 1765 1883 Ec-

1882 633 1998 671 rntn
2030 616 2098 672 de
2126 618 2375 688 baptismi
2405 619 2688 675 iteratione
2719 622 3008 677 sententia.
3059 621 3284 692 Scripsit
3323 623 3465 676 enim

1879 708 2177 765 Tichoains
2211 711 2508 779 Donatista,
2563 711 2826 768 referente
2872 714 3192 785 Augustino,
3236 730 3323 784 cp.
3372 714 3462 777 9'5.

1878 804 1945 860 ad
1983 805 2317 861 Vincentium
2346 805 2700 878 Rogatislatn,
2735 824 2789 862 n.
2823 806 2891 863 45
2917 825 2929 861 :
2963 826 2994 862 η
3022 809 3250 865 ducentis
3272 820 3317 863 et
3345 826 3462 878 sep-

1878 899 2112 972 tuaginta
2140 899 2395 970 episcopis
2438 900 2805 966 communionis
2845 900 3150 956 Donatiana:
3189 903 3461 956 cancilium

1840 992 2180 1064 vCartItagini
2217 993 2560 1058 celebratum,
2616 998 2797 1064 inquo
2847 995 3062 1047 concilio
3118 1011 3205 1066 per
3258 1007 3464 1066 septua-

1872 1085 2015 1157 ginta
2038 1095 2087 1140 et
2114 1085 2334 1156 quinque
2358 1085 2466 1152 dies
2496 1086 2794 1155 postpositis
2835 1086 3069 1140 omnibus
3093 1089 3359 1157 pra'teritis
3390 1089 3454 1142 li-

1873 1191 2062 1235 matam
2088 1197 2192 1235 esse
2221 1182 2522 1236 sententiam
2548 1192 2697 1252 atque
2723 1181 2996 1247 decretam,
3032 1192 3082 1235 ut
3112 1182 3459 1239 Traditoribus

1873 1275 2106 1329 immensi
2132 1276 2361 1331 criminis
2389 1277 2507 1338 reis.
2551 1276 2596 1330 si
2629 1276 2879 1346 baptizari
2909 1276 3101 1330 nollent
3133 1292 3225 1345 pro
3251 1279 3460 1349 integris

1874 1368 2350 1422 communicaretur.
2410 1365 2707 1423 Deuterium
2737 1368 2887 1421 etiam
2918 1365 3324 1422 Macrianensent
3355 1369 3460 1439 epi-

1874 1477 2087 1531 scOpunt
2110 1462 2337 1534 ejusdem
2362 1464 2733 1516 communionis
2758 1460 3084 1516 Traditorum
3113 1464 3307 1533 plebem
3334 1481 3456 1517 cou-

1871 1567 2134 1624 gregatam
2160 1554 2403 1611 Ecclesia:
2424 1558 2702 1623 miscuisse,
2734 1567 2780 1610 et
2802 1560 3076 1611 secundum
3103 1567 3291 1612 statuta
3320 1559 3458 1612 illius

1876 1646 2081 1699 concilii
2111 1646 2290 1714 fecisse
2304 1654 2425 1700 “cum
2454 1646 2807 1703 Traditoribus
2847 1650 3114 1715 unitatem,
3144 1651 3286 1721 eique
3311 1648 3451 1704 Deu-

1874 1739 2001 1792 terio
2023 1748 2135 1809 post
2162 1740 2257 1792 ltoc
2287 1743 2480 1810 factum
2496 1742 2691 1814 jugiter
2720 1744 3117 1798 communicasse
3146 1746 3247 1816 12
3279 1744 3454 1797 Dona-

1874 1839 2023 1895 tum;
2054 1847 2143 1884 nec
2189 1831 2354 1885 solum
2386 1832 2505 1885 huic
2551 1834 2831 1901 Deuterio,
2879 1836 2968 1888 sed
3016 1837 3165 1888 etiam
3209 1838 3454 1891 universis

176 1920 341 1977 clesia
375 1937 474 1992 per
502 1930 669 1977 totum
700 1921 885 1977 orbein
911 1922 1183 1993 periisset,
1207 1933 1260 1979 et
1288 1924 1484 1980 veteris
1513 1922 1768 1979 Afrorum
1800 1938 1847 1997 Β
1876 1909 2537 2004 Manrorumepiswpisqui
2558 1942 2649 1995 per
2668 1926 3005 1997 quadraginta
3027 1943 3186 1980 annos
3216 1945 3372 1994 usque
3389 1928 3473 1984 ad,

176 2016 561 2085 episcoporum
608 2013 889 2082 doctrinae,
935 2015 1073 2084 quod
1114 2025 1265 2070 extra
1299 2015 1596 2072 Ecclesium
1636 2015 1769 2071 nihil

179 2115 355 2161 ratum
390 2120 453 2160 ac
482 2106 715 2162 validum
745 2105 864 2163 licri
887 2119 1085 2177 posset.
1109 2108 1405 2163 Ecclesiam
1430 2119 1607 2164 autem
1639 2126 1764 2178 per-

179 2200 304 2255 lisse
347 2198 590 2267 aiebant,
637 2200 782 2271 quod
819 2199 1160 2255 Caecilianum
1202 2219 1229 2253 a
1289 2200 1468 2256 Felice
1508 2203 1765 2272 Aptungi-

179 2305 301 2349 lano
329 2295 637 2350 ordinatum
670 2293 1000 2351 Traditionis
1044 2310 1137 2350 rco
1174 2304 1229 2350 et
1271 2295 1406 2349 alios
1432 2294 1764 2361 'l‘raditores,

179 2402 233 2444 ut
262 2389 605 2455 asserebant,
636 2385 955 2443 manifestos
984 2404 1082 2459 pro
1115 2388 1385 2457 episcopis
1408 2386 1683 2442 habuisset
1714 2397 1768 2442 et

178 2498 204 2536 a
258 2482 646 2537 communione
694 2497 789 2535 sua
846 2498 950 2534 non
1010 2481 1329 2550 expulisset.
1375 2479 1767 2535 Existimabam

178 2574 388 2630 scilicet
419 2575 711 2629 Ecclesiam
736 2589 917 2630 veram
960 2590 1024 2629 ex
1053 2576 1182 2628 solis
1214 2574 1519 2627 homimlms
1545 2575 1606 2645 _in
1640 2589 1764 2645 spc-

177 2672 311 2725 eicm
359 2671 565 2726 sanctis
608 2680 662 2725 et
700 2669 861 2740 justis
903 2679 1155 2724 constare
1184 2668 1412 2733 debere;
1462 2669 1765 2724 fatebantur

178 2763 394 2834 quidem
426 2764 479 2817 in
512 2755 747 2819 Ecclesia
777 2763 947 2820 malos
967 2779 1091 2819 cum
1119 2763 1274 2819 bonis
1297 2778 1417 2819 esse
1446 2762 1762 2834 permixtos,

180 2856 272 2912 sed
298 2858 547 2913 occultos
590 2866 815 2922 tantum,
868 2874 974 2913 non
1006 2868 1183 2913 autem
1212 2857 1455 2929 publicos
1508 2865 1563 2911 et
1589 2857 1763 2911 mani-

180 2947 365 3005 festos.
401 2950 527 3004 llaec
572 2962 687 3006 erat
730 2950 977 3020 equidem
1013 2948 1280 3020 primtct'tn
1318 2948 1571 3005 Ecclesiae
1598 2947 1764 3003 disci-

182 3041 345 3112 plina,
409 3051 467 3097 ut
519 3042 585 3095 iis
640 3042 730 3111 qui
777 3042 1080 3098 idololatris
1120 3043 1347 3112 aliisque
1392 3042 1764 3113 peccatoribus

180 3136 463 3191 criminum
499 3133 613 3191 ’reis
637 3137 705 3191 ab
735 3136 973 3191 Ecclesia
1005 3136 1243 3207 eapulsis
1280 3135 1760 3201 communicarent,

180 3228 491 3283 communio
518 3228 876 3299 denegaretur
905 3245 915 3283 :
941 3244 1003 3283 ac
1033 3230 1103 3283 ita
1132 3229 1285 3283 initio
1310 3229 1616 3284 schismatis
1638 3244 1759 3283 cum

1871 2018 2265 2089 persecutionem
2291 2035 2377 2088 per
2412 2018 2699 2074 Macarium
2727 2024 2939 2092 factam,
2968 2020 3318 2075 Traditoribus
3347 2022 3456 2100 sine

1871 2111 2120 2184 baptismo
2160 2115 2621 2168 communicaruut.
2673 2114 2888 2169 Nullum
2921 2115 3047 2170 alibi
3092 2115 3331 2185 reperire
3371 2125 3453 2170 est

1869 2205 2081 2260 concilii
2122 2206 2266 2261 illius
2298 2207 2604 2276 vestigium,
2638 2208 2777 2278 quod
2819 2207 3031 2278 quidem
3064 2224 3166 2262 non
3206 2218 3330 2261 ante
3358 2222 3450 2261 an-

1869 2314 1996 2353 num
2022 2299 2126 2354 550
2148 2299 2474 2355 celebratum
2507 2300 2733 2365 videtur,
2764 2316 2868 2355 non
2897 2310 3074 2355 autem
3104 2300 3253 2354 initio
3283 2301 3452 2355 schis-

1869 2392 2050 2455 tttatis,
2088 2400 2143 2445 ut
2171 2394 2361 2461 probat
2390 2392 2563 2462 pritno
2602 2408 2859 2447 numerus
2890 2393 3263 2461 episcoporum
3294 2391 3450 2461 hujus

1867 2486 2083 2542 concilii
2113 2497 2311 2552 tantus,
2340 2497 2395 2540 ut
2423 2487 2820 2542 Donatistarum
2852 2486 3135 2541 factionem
3167 2494 3291 2539 tunc
3319 2500 3449 2540 cou-

1872 2580 2137 2635 ﬁrmatam
2170 2591 2222 2635 et
2252 2580 2354 2635 late
2384 2590 2729 2651 propagatum
2774 2580 2934 2634 fuisse
2968 2580 3019 2633 in
3059 2579 3236 2634 Africa
3270 2588 3450 2633 osten-

1867 2674 1975 2731 dat.
2018 2676 2285 2741 Secundo,
2314 2675 2555 2733 Tichonii
2587 2676 2770 2741 verba,
2801 2676 2889 2746 qui
2913 2677 3162 2730 observat
3186 2689 3305 2729 cum
3332 2676 3448 2728 huic

1868 2768 2149 2835 scriberet,
2180 2767 2354 2822 adhuc
2381 2768 2700 2837 superstites
2732 2766 2897 2823 fuisse
2942 2770 3138 2822 utultos
3165 2784 3224 2822 es
3263 2768 3327 2821 iis
3353 2783 3447 2837 per

1866 2877 1999 2932 quos
2029 2865 2324 2918 certissima
2359 2866 2473 2921 haec
2495 2877 2546 2922 et
2580 2867 2915 2934 apertissima
2945 2881 3070 2921 esse
3096 2860 3446 2917 ostenderen-

1868 2964 1974 3022 tur,
2014 2955 2117 3013 hoc
2159 2970 2262 3025 est,
2293 2969 2460 3017 testes
2498 2963 2754 3019 oculatos.
2792 2963 2997 3016 Floruit
3040 2971 3216 3014 autem
3255 2955 3449 3011 Ticho-

1866 3050 1987 3103 nius
2027 3066 2167 3105 anno
2214 3054 2431 3108 circiter
2459 3054 2667 3121 380,ac
2712 3052 2932 3123 proinde
2978 3052 3267 3121 contigisse
3310 3050 3444 3105 istud

1866 3158 2092 3199 necesse
2147 3156 2229 3200 est
2269 3146 2453 3201 multis
2495 3150 2650 3203 annis
2704 3159 2821 3217 post
2868 3147 3073 3200 initimn
3117 3144 3441 3197 schismatis.

1866 3237 2072 3305 Tertio,
2114 3240 2237 3310 quia
2291 3242 2551 3296 Donatum
2594 3240 2937 3312 Carthaginis
2969 3241 3278 3309 episcOpum
3321 3245 3445 3291 tunc

181 3323 461 3377 danmatus
502 3322 641 3378 foret
666 3339 695 3377 a
745 3324 973 3378 concilio
1014 3324 1349 3395 septuaginta
1381 3324 1756 3394 episcoporum
1786 3335 1829 3397 C
1864 3331 2031 3386 fuisse
2061 3332 2283 3387 indicat.
2318 3333 2610 3403 Postquam
2657 3335 2797 3388 enim
2828 3333 2961 3387 dixit
2990 3350 3001 3386 :
3034 3331 3330 3386 Dett'erium
3369 3349 3445 3384 se-

180 3416 520 3483 Czecilianus,
548 3418 791 3478 excusari
818 3425 1062 3487 poterant
1089 3417 1329 3472 nonnulli
1344 3432 1411 3474 ex
1438 3418 1498 3472 iis
1526 3418 1758 3489 quicum

181 3511 292 3579 ipso
328 3512 734 3566 cornmtmicare
782 3512 1094 3567 renuebant.
1148 3512 1345 3568 Verum
1391 3528 1509 3568 cum
1546 3513 1760 3584 judiciis

180 3604 627 3675 subsequentibus
683 3606 942 3661 innocens
983 3608 1359 3676 pronuntiatus
1412 3618 1525 3673 est,
1585 3607 1759 3661 nullus

182 3699 276 3753 nisi
306 3701 557 3769 pervicax
589 3699 1021 3754 communionem
1046 3700 1162 3770 ejus
1192 3700 1371 3770 fugere
1404 3700 1594 3769 potuit,
1635 3715 1757 3755 cum

182 3794 474 3859 prmsertim
504 3792 790 3847 damnatus
813 3792 1000 3847 fuisset
1025 3809 1054 3846 a
1080 3791 1348 3861 judicibus
1372 3793 1437 3846 ad
1460 3775 1595 3862 quos
1618 3792 1758 3846 istud

174 3881 428 3951 judicium
481 3900 585 3937 nott
619 3883 944 3953 pertinebat.
989 3884 1275 3954 Postquam
1322 3899 1449 3937 vero
1494 3884 1758 3937 universa:

182 3974 432 4031 Ecclesiae
460 3984 611 4030 extra
642 3975 875 4030 Africam
903 3976 951 4030 ci
989 3965 1485 4042 communicarent,
1512 3989 1757 4031 asserere

181 4065 470 4122 Ecclesium
499 4066 830 4123 Catholicam
854 4076 1136 4138 propterea
1162 4067 1386 4136 periisse
1412 4083 1635 4122 summa:
1663 4068 1755 4122 de-

180 4160 387 4216 mentia:
426 4170 565 4217 erat.
617 4160 717 4229 Qui
766 4160 921 4231 primi
966 4161 1249 4216 adversum
1295 4161 1596 4216 Donatistas
1634 4176 1758 4231 ege-

179 4267 318 4323 runt,
361 4260 413 4312 in
464 4260 518 4312 id
569 4275 735 4314 unum
780 4259 974 4316 intenti
1026 4260 1175 4315 fuere
1224 4269 1281 4314 nt
1323 4259 1664 4315 Caecilianum
1702 4271 1755 4315 et

180 4353 289 4420 ejus
327 4351 694 4406 ordinatorem
724 4349 958 4406 Felicem
984 4367 1011 4405 a
1034 4350 1348 4406 criminibus
1375 4350 1601 4421 objectis
1630 4365 1754 4421 pur-

180 4455 390 4513 garent;
426 4451 590 4513 athe
642 4445 715 4497 ita
763 4443 1114 4499 ostenderent
1158 4457 1217 4498 se
1266 4444 1459 4498 merito
1502 4459 1621 4497 cum
1675 4443 1752 4499 eis

180 4538 610 4593 communionem
652 4538 867 4601 fovere;
927 4553 957 4591 e
1005 4545 1191 4590 contra
1241 4552 1369 4591 vero
1413 4536 1753 4591 adversarios

178 4642 298 4684 suos
318 4629 636 4685 Traditores
665 4644 806 4695 esse,
836 4637 928 4683 aut
953 4629 1291 4684 Traditornm
1324 4629 1482 4683 tilios.
1516 4630 1586 4684 At
1624 4644 1750 4685 suco

1864 3423 2089 3477 cundum
2116 3425 2271 3491 huius
2294 3421 2504 3479 concilii
2530 3436 2720 3480 statuta
2746 3427 2925 3495 fecisse
2950 3443 3063 3479 cum
3093 3425 3443 3481 Traditoribus

1864 3516 2129 3582 unitatem,
2161 3517 2343 3573 addit:
2371 3519 2532 3571 cidem
2566 3518 2809 3572 Deuterio
2845 3527 2957 3588 post
2986 3518 3079 3571 hoc
3111 3521 3297 3587 factum
3311 3518 3445 3587 jugi-

1862 3617 1937 3662 ter
1979 3610 2376 3664 communicasse
2405 3610 2685 3664 Donatum.
2723 3610 2862 3680 Ergo
2898 3610 3228 3678 temporibus
3256 3608 3440 3661 Donati

1863 3700 2301 3771 Carthagineusis
2330 3702 2428 3755 sub
2466 3717 2573 3771 quo
2622 3701 3015 3755 Donatistarum
3051 3699 3209 3751 l‘actio
3255 3698 3440 3766 princi-

1862 3806 1965 3861 pue
2012 3794 2195 3862 viguit,
2241 3793 2479 3847 habitum
2530 3803 2611 3846 est
2654 3791 2784 3845 illud
2832 3790 3114 3846 concilium
3160 3789 3301 3842 circa
3347 3804 3442 3841 au-

1862 3901 1987 3941 num
2017 3886 2142 3949 530,
2171 3884 2415 3939 Tichonii
2448 3884 2515 3939 de
2546 3882 2638 3938 illo
2681 3883 2932 3939 concilio'
2956 3882 3319 3937 leslltllOttiUIn
3352 3897 3440 3933 γι·-

1860 3996 1977 4035 rum
2022 3994 2164 4047 esse,
2214 3981 2409 4034 astruit
2458 3980 2808 4051 Augustinus,
2859 3979 3001 4049 quod
3049 3978 3439 4033 Parmenianns

1858 4072 2164 4128 rescribens
2194 4073 2452 4129 adversus
2498 4088 2643 4138 cum,
2675 4089 2777 4126 non
2808 4071 3003 4127 refellit
3042 4074 3139 4136 ista
3171 4083 3435 4141 tamquam

1854 4165 2008 4232 falsa,
2060 4177 2113 4221 et
2158 4167 2297 4235 quod
2328 4167 2619 4223 Tichonius
2665 4177 3051 4221 commemorat
3096 4166 3280 4219 multos
3325 4182 3437 4218 cum

1857 4260 1966 4313 Ita'c
2004 4259 2264 4326 scriberet,
2305 4262 2357 4314 in
2387 4262 2508 4316 rivis
2537 4262 2693 4333 fuisse
2719 4278 2808 4330 per
2852 4278 2977 4331 quos
3006 4261 3114 4314 lucc
3161 4260 3438 4313 rertissinm

1854 4364 1903 4408 et
1925 4354 2253 4421 apertissima
2280 4371 2388 4408 esse
2428 4356 2830 4409 ostenderentur.
2876 4353 3232 4407 Nihilominus
3263 4363 3435 4406 tamen

1858 4446 2094 4502 Donatus
2143 4447 2257 4517 ipse
2286 4449 2481 4518 aliique
2510 4449 2824 4511 Donatistas,
2855 4448 3097 4517 neglecta
3125 4446 3282 4515 hujus
3304 4463 3433 4499 cou-

1855 4541 1965 4595 cilii
2001 4544 2338 4607 auctoritate,
2370 4542 2667 4611 baptizatos
2699 4557 2728 4595 a
2758 4540 3049 4597 Catholicis
3086 4539 3279 4595 iterum
3309 4539 3438 4606 bap-

1856 4632 2018 4687 tizare
2049 4646 2527 4703 praesumpsernnt.

179 4718 394 4776 cedente
424 4731 667 4790 tempore
699 4722 749 4775 in
792 4721 842 4775 id
888 4720 1247 4776 incubuerunt
1273 4722 1529 4777 Ecclesizc
1567 4721 1750 4777 deleo.
1777 4720 1830 4780 D
1930 4724 2174 4797 EpiscoPi
2218 4724 2605 4781 Donatistarum
2647 4727 2701 4780 in
2752 4726 2874 4780 urbe
2923 4724 3104 4780 Itonia.
3139 4753 3204 4763 -—
3237 4724 3433 4778 Eodem

179 4826 341 4880 sores,
372 4826 424 4868 ut
450 4814 740 4883 probarent
764 4814 876 4868 lieri
904 4830 1008 4867 non
1033 4829 1191 4882 posse
1215 4823 1270 4869 ut
1294 4814 1532 4870 Ecclesia
1559 4815 1745 4869 catho-

179 4902 267 4957 lica
294 4905 357 4958 de
386 4916 498 4959 toto
525 4904 655 4959 orbe
705 4907 976 4974 periisset,
1023 4916 1077 4961 et
1106 4906 1157 4961 in
1202 4908 1316 4963 sola
1352 4918 1503 4977 parte
1536 4907 1747 4971 Donati,

180 4992 273 5049 hoc
294 5006 393 5062 est,
425 4997 478 5050 in
507 4996 690 5066 paucis
717 4997 859 5052 Afris
881 4998 1227 5054 substitisset.
1255 4999 1379 5072 Quo,
1398 5001 1621 5070 probato
1640 5000 1750 5066 jam

179 5091 445 5145 constabat
475 5092 796 5161 baptismum
828 5093 1039 5163 aliaque
1071 5104 1403 5148 sacramenta
1442 5108 1471 5147 a
1513 5092 1749 5149 Catholi-

180 5181 249 5235 cis
273 5185 461 5238 collata
491 5194 601 5238 rata
632 5201 750 5240 esse
795 5194 848 5238 et
886 5184 1081 5240 valida.
1119 5184 1223 5241 Sed
1264 5185 1315 5240 id
1345 5187 1567 5257 insuper
1594 5186 1747 5242 moli-

181 5283 257 5330 tus
284 5290 359 5332 est
390 5277 744 5348 Augustinus,
776 5287 831 5334 et
859 5280 1033 5352 aliqua
1066 5294 1131 5335 ex
1160 5292 1307 5351 parte
1335 5290 1459 5335 ante
1484 5296 1606 5334 eum
1635 5281 1745 5351 0p-

183 5378 328 5434 tatns,
349 5382 404 5427 ut
425 5373 771 5449 ostenderent
795 5374 1114 5443 baptismum
1140 5375 1251 5429 lore
1275 5375 1505 5429 validum
1537 5374 1744 5428 etiamsi

181 5475 209 5514 a
241 5463 594 5521 schismaticis
619 5476 711 5522 aut
740 5467 1007 5523 hxreticis
1038 5466 1393 5534 conferretur,
1425 5482 1487 5520 ac
1522 5466 1746 5535 proinde

110 5612 111 5615 η
181 5556 363 5628 duplici
385 5579 449 5617 ex
480 5565 655 5631 capite
688 5576 909 5631 peccare
941 5561 1263 5625 Donatistas,
1292 5560 1418 5614 dum
1452 5560 1745 5629 baptizatos

184 5666 208 5704 a
228 5652 509 5710 Catholicis
542 5655 972 5723 rebaptizabant;
1000 5652 1225 5721 primum
1252 5651 1390 5721 quod
1419 5652 1741 5721 baptismum

186 5759 309 5799 verae
337 5748 593 5802 Ecclesia:
619 5748 905 5813 rejiccrent
930 5761 941 5796 :
968 5743 1225 5807 secundo,
1251 5744 1392 5810 quod
1414 5744 1744 5812 baptismum

185 5836 459 5908 legitimum
488 5860 519 5897 a
550 5856 893 5912 quocumque
931 5842 1183 5896 collatum
1213 5839 1351 5895 foret
1392 5841 1670 5896 iterarent.

249 5933 519 5992 Concilium
578 5933 969 5993 Donatistarum
1025 5936 1267 5992 adversus
1300 6006 1306 6011 ν
1334 5937 1571 5993 iteratum
1642 5935 1743 5991 Ba-

1862 4826 2103 4887 tempore
2129 4827 2219 4870 aut
2249 4821 2407 4872 etiam
2447 4819 2650 4888 aliquot
2679 4818 2834 4872 annis
2864 4828 3020 4870 antea
3065 4813 3351 4868 Donatistre
3380 4823 3433 4867 nt

1859 4922 2065 4981 partem
2112 4912 2161 4966 itt
2191 4912 2324 4967 urbe
2358 4912 2526 4967 Roma
2566 4912 2871 4966 viderentur
2918 4910 3134 4972 habere,
3167 4909 3287 4961 illttc
3330 4910 3434 4976 pri-

1860 5019 2007 5058 mum
2055 5004 2444 5058 ltttcrvcnlorcs
2491 5002 2782 5073 Episcopos
2812 5000 3092 5056 ex'Alrica
3144 4999 3324 5053 furtim
3366 4999 3433 5053 ad

1859 5112 2057 5169 paucos
2093 5098 2350 5152 erraticos
2389 5107 2443 5151 et
2485 5096 2796 5165 peregrinos
2835 5094 3128 5163 praesertim
3162 5092 3318 5146 Atros
3346 5095 3433 5161 qni

1860 5188 2043 5242 Roma:
2079 5198 2201 5241 tunc
2240 5187 2521 5257 degebant,
2554 5187 2833 5249 miserunt,
2879 5200 2907 5237 a
2950 5184 3143 5253 quibus
3175 5183 3245 5236 illi
3284 5199 3434 5251 rcge-

1855 5288 2058 5333 rcntur.
2089 5279 2297 5332 Primus
2325 5278 2538 5331 illorum
2565 5278 2661 5329 luit
2692 5276 2868 5331 Victor
2892 5275 3181 5331 Garbensis
3211 5276 3434 5343 cpisco—

1857 5388 1953 5443 pus
1994 5372 2274 5437 Numidie,
2318 5374 2405 5441 qui
2448 5372 2691 5425 diversus
2740 5388 2844 5425 non
2879 5372 3085 5426 videtur
3112 5385 3229 5425 eSsc
3262 5370 3325 5422 ab
3368 5385 3433 5423 eo

1854 5466 1942 5536 qui
1975 5465 2203 5519 concilio
2232 5462 2465 5518 Cirtensi
2506 5463 2766 5518 interfuit.
2798 5464 2846 5519 ls
2879 5464 2964 5517 ubi
3011 5464 3231 5517 [lentam
3263 5461 3427 5526 venit,

1853 5568 1957 5613 erat
2001 5559 2088 5622 ibi,
2134 5568 2190 5612 ut
2228 5560 2301 5612 ait
2345 5558 2595 5625 Optatos,
2647 5560 2787 5627 ﬁlius
2833 5561 2940 5613 sine
2978 5570 3135 5628 patre,
3172 5567 3282 5625 tyro
3326 5556 3434 5608 sine

1851 5655 2095 5724 principe,
2129 5653 2410 5721 discipulus
2442 5656 2548 5707 sine
2595 5656 2859 5727 magistro,
2892 5669 3101 5720 sequens
3143 5653 3250 5703 sine
3290 5658 3434 5701 ante-

1849 5747 2071 5809 cedente,
2118 5748 2397 5817 inquiltnus
2443 5750 2551 5801 sine
2589 5748 2764 5815 domo,
2806 5748 2987 5814 ltospes
3034 5748 3143 5799 sine
3190 5744 3429 5811 hospitio,

1850 5850 2026 5909 pastor
2074 5839 2181 5893 sine
2221 5857 2387 5914 grege,
2430 5841 2697 5913 episcopus
2738 5843 2843 5897 sine
2880 5841 3087 5914 papula.
3140 5837 3259 5892 Non
3303 5836 3435 5890 enim

1848 5951 1971 6008 grex
2018 5945 2106 5991 aut
2157 5938 2378 6009 populus
2424 5937 2722 6009 appellandi
2772 5947 2911 5993 erant
2961 5935 3132 6006 pauci,
3180 5932 3265 6003 qui
3307 5932 3437 5983 inter
