3848 6220
484 295 582 352 ῑ99

1648 296 1963 353 HISTORIA
2006 296 2559 369 DONA‘TISTARIFM.

3658 298 3758 349 800

475 413 815 483 quadraginta
843 423 890 464 et
916 410 1053 481 quod
1080 412 1304 465 excurrit
1331 412 1569 466 basilicas
1594 429 1709 479 ante
1736 414 1914 468 Roma:
1939 424 2055 467 tunc
2087 423 2128 477 Α
2161 419 2249 469 sed
2276 417 2495 470 residere
2521 417 2668 470 etiam
2701 433 2832 469 more
2863 416 3047 469 dicitur
3077 413 3339 483 imperitos
3365 412 3683 471 sollicitans,
3715 422 3759 463 rt

476 516 641 569 erant,
680 508 840 558 locum
867 502 953 555 ubi
975 502 1272 572 colligerent
1302 518 1401 556 non
1434 502 1702 557 habebant.
1734 503 2059 575 QuaprOpter

476 598 771 665 speluncam
796 595 1068 663 quamdam
1095 596 1224 665 [oris
1245 611 1275 647 a
1304 595 1503 649 civitate
1523 595 1745 649 cratibus
1770 606 2055 665 sepserunt,

473 687 559 741 ubi
580 683 983 739 conventiculum
1015 685 1125 737 Imb.
1144 676 1274 739 rent.
1310 686 1444 740 Ilinc
1471 685 1763 741 Moutenses
1783 702 1876 742 seu
1907 686 2059 741 Cam-

474 779 592 847 pita:
634 785 725 829 aut
772 775 977 840 llupita:
1024 775 1207 831 Roma:
1256 777 1385 832 dicti
1434 788 1578 833 sunt.
1621 778 1755 834 lluic
1798 782 2061 834 successit

476 864 777 921 Bonifacius
807 864 1101 922 Ballitanus
1146 867 1434 937 episcopus
1481 868 1608 925 item
1658 870 1954 934 Nutnidim;
1990 886 2056 924 ex

470 961 647 1017 Africa
673 976 888 1030 quoque
918 960 1144 1016 Romam
1198 962 1417 1017 missus.
1466 962 1528 1017 ili
1557 964 1663 1019 duo
1692 947 1910 1033 sunvtlde
1940 965 2059 1033 qui-

470 1056 568 1109 bus
612 1055 939 1124 Augustinus
983 1057 1058 1110 ait
1105 1057 1197 1113 lib.
1243 1059 1310 1113 de
1362 1058 1520 1113 uuic'o
1564 1058 1831 1128 baptismo
1868 1069 2054 1113 contra

472 1148 795 1202 Petilianum
818 1190 833 1213 ,
867 1148 1010 1219 quod
1049 1151 1345 1204 Donatistae
1375 1153 1517 1223 Afris
1554 1154 1714 1220 partis
1762 1168 1869 1205 sua:
1895 1153 2057 1222 primo

467 1240 827 1294 interventores
852 1240 1156 1294 advéntitios
1179 1242 1359 1309 furtim
1382 1242 1626 1314 longeque
1648 1244 1897 1301 miserint.
1922 1240 2053 1297 Cum

468 1331 613 1385 enim
642 1340 826 1385 essent
867 1332 1097 1387 aliarum
1135 1334 1342 1388 sedium
1373 1336 1423 1388 in
1455 1334 1633 1390 Africa
1661 1335 1925 1406 episcopi,
1954 1351 2057 1391 nec

466 1426 565 1481 sub
592 1414 745 1481 titulo
776 1427 1031 1482 Romana:
1062 1430 1208 1484 sedis
1237 1431 1493 1497 ordinati,
1520 1446 1626 1485 non
1658 1440 1912 1501 poterant
1951 1430 2055 1485 dici

465 1518 702 1589 episcopi
759 1517 1009 1585 Romani,
1057 1520 1150 1574 sed
1184 1530 1389 1576 tantum
1436 1523 1850 1589 interventores,
1885 1534 1941 1577 ut
1974 1524 2055 1577 lo-

464 1594 763 1681 quiamant
782 1612 1007 1682 antiqui.
1028 1615 1097 1667 At
1118 1614 1372 1684 deinceps
1392 1614 1636 1685 decepta:
1659 1616 1709 1670 iu
1731 1616 1862 1672 urbe
1886 1615 2055 1671 Roma

465 1704 764 1775 plebecula-
794 1706 946 1773 quasi
977 1708 1226 1776 preprios
1262 1709 1548 1778 episcOpos
1576 1710 1909 1764 ordinarunt.
1941 1709 2057 1765 Pri-

2161 525 2355 562 cassum
2383 510 2589 563 omnino
2613 508 2891 562 mercedem
2922 507 3199 576 requirens,
3224 505 3391 575 perdit
3415 503 3621 557 animas
3648 519 3759 556 cor-

2163 616 2343 670 porum
2388 600 2783 669 redemptorum.
2818 599 2950 665 Quis
2983 595 3279 652 Claudiano
3317 596 3758 669 successeritﬁu-

2163 702 2393 747 certum.
2422 690 2491 747 At
2519 691 2806 746 Collationi
2835 690 3238 760 Carthaginensi
3296 689 3537 743 interfurit
3576 689 3754 756 Felix,

2163 785 2253 853 qui
2285 799 2344 839 se
2372 784 2519 837 urbis
2561 782 2745 836 Romae
2773 779 2981 837 dicebat
3028 780 3376 851 Episcopum,
3406 791 3462 837 et
3504 781 3756 836 Donatis-

2165 882 2336 927 tarum
2370 872 2624 927 mandato
2654 873 2990 941 subscripsit,
3019 882 3075 926 ut
3105 873 3333 927 habetur
3360 874 3412 927 in
3446 875 3615 945 gestis
3639 875 3755 929 col-

2162 966 2372 1019 laliunis
2404 966 2508 1020 diei
2542 966 2593 1032 l,
2622 980 2741 1035 cap.
2773 964 2894 1030 M9,
2928 966 3082 1035 cujus
3105 981 3300 1021 nomen
3326 981 3448 1021 cum
3494 967 3754 1021 relectum

2162 1055 2370 1119 fuisset,
2403 1072 2465 1111 ac
2490 1057 2604 1126 ipse
2635 1058 2686 1111 in
2716 1058 2951 1112 medium
3004 1058 3310 1125 prodiissct,
3342 1057 3597 1115 Aurelius
3625 1061 3753 1130 Epi-

2161 1163 2355 1219 scopus
2381 1149 2640 1207 Ecclesia:
2659 1147 2948 1207 Catholiczc
2966 1149 3275 1221 Carthagini
3316 1153 3388 1206 ita
3420 1160 3753 1222 protestatus

2161 1250 2244 1295 est
2277 1257 2291 1295 :
2324 1241 2451 1294 Esto
2477 1242 2599 1309 quia
2624 1242 2762 1295 urbis
2806 1242 2979 1296 Ranae
3006 1244 3298 1316 epismpum
3336 1261 3389 1298 se
3416 1245 3564 1305 dicit,
3591 1262 3755 1309 quare

2162 1332 2528 1404 prtejudicatur
2549 1332 2766 1399 absenti,
2798 1332 3101 1388 Innocentio
3120 1335 3313 1389 scilicet
3342 1351 3460 1389 vero
3492 1334 3753 1405 Episwpo

2166 1423 2416 1478 Romano.
2448 1425 2597 1480 Hunc
2626 1427 2927 1480 Romanum
2961 1426 3127 1483 fuisse
3152 1428 3451 1482 verisimile
3479 1439 3585 1492 eat,
3630 1442 3751 1482 nam

2160 1515 2454 1572 Politianus
2503 1517 2683 1571 statim
2724 1519 2798 1571 ait
2830 1536 2843 1571 :
2880 1527 3008 1583 Qua:
3046 1519 3179 1572 ratio
3216 1519 3317 1572 truc
3362 1535 3476 1573 eum
3516 1519 3751 1573 detulerit

2163 1612 2337 1665 nullus
2362 1613 2581 1683 ignorat.
2610 1610 2944 1666 Nobilitatem
2973 1629 3173 1667 omnem
3198 1613 3280 1666 hic
3309 1629 3422 1667 esse
3448 1613 3749 1679 Romanam,

2162 1718 2253 1756 nec
2277 1703 2378 1773 ipsi
2404 1704 2628 1758 nescitis.
2659 1701 2804 1757 Idem
2828 1704 2990 1775 igitur
3008 1698 3152 1758 turbo
3179 1706 3457 1773 eademque
3481 1705 3751 1758 necessitas

467 1813 586 1850 nius
631 1797 773 1852 inter
814 1797 911 1851 hos
950 1808 1270 1854 numeratur
1304 1801 1619 1871 Encolpius,
1666 1802 1733 1857 de
1776 1817 1883 1872 quo
1927 1802 2052 1856 nihil

2169 1795 2373 1865 (clades
2401 1796 2608 1851 scilicet
2646 1797 2914 1866 Romanm
2950 1798 3097 1851 urbis
3131 1812 3291 1866 quam
3323 1797 3567 1850 Maricas
3596 1811 3750 1865 cepe-

472 1900 826 1956 compcrtum.
888 1888 1022 1944 Huic
1060 1892 1322 1944 successit
1354 1891 1673 1957 Macrobius,
1703 1894 1792 1962 qui
1825 1894 2055 1961 primum

470 1979 753 2050 presbyter
787 1979 1048 2034 Ecclesiae
1089 1979 1385 2036 Catholica:
1426 1983 1477 2035 in
1530 1982 1708 2036 Africa
1755 1981 1948 2046 fuerat,
1993 1983 2057 2035 li-

465 2068 707 2137 brumque
729 2071 1001 2136 scripserat
1026 2070 1095 2122 ad
1122 2068 1451 2141 Confessores
1470 2081 1520 2126 et
1551 2070 1807 2143 Virgines,
1838 2073 2053 2128 moralis

424 2194 429 2199 -
464 2161 686 2227 quidem,
721 2160 810 2213 sed
834 2160 978 2214 valde
1000 2162 1297 2217 necessariis
1345 2163 1594 2218 doctrina:
1625 2174 1673 2217 et
1704 2166 1962 2236 pracipue
1987 2168 2057 2221 ad

464 2253 849 2306 custodiendam
886 2256 1199 2310 .castitatem
1261 2257 1542 2327 aptissimis
1589 2257 1737 2311 valde
1794 2260 2057 2313 sententiis

464 2348 852 2409 conuuunitum,
878 2364 940 2401 ac
961 2358 1135 2417 postea
1155 2351 1219 2403 ab
1244 2348 1473 2404 Ecclesia
1498 2351 1752 2406 catholica
1774 2352 2057 2407 desciscens

469 2436 852 2493 Itouutistarmn
874 2440 926 2494 in
955 2440 1077 2494 urbe
1102 2440 1261 2496 Roma
1283 2444 1515 2496 occultus
1537 2444 1807 2515 episcopus
1837 2445 1957 2512 fuit,
2000 2455 2053 2499 ut

464 2544 530 2583 ex
563 2530 844 2585 Geuuadio
872 2530 1151 2587 discimus.
1190 2533 1382 2589 Adhuc
1412 2547 1688 2604 superstes
1718 2545 1835 2591 erat
1864 2546 1917 2592 et
1948 2535 2057 2590 Ro-

426 2674 431 2683 ,
463 2636 564 2675 nne
593 2622 816 2676 sedebat
846 2621 930 2677 hic
962 2623 1259 2680 Macrobius
1299 2641 1365 2681 eo
1413 2636 1656 2697 tempore
1682 2644 1793 2699 quo
1822 2629 2052 2698 primum

462 2714 734 2769 scribebat
777 2717 1025 2787 Optatos,
1072 2720 1172 2774 hoc
1213 2731 1296 2776 est
1335 2723 1479 2777 circa
1523 2738 1723 2779 annum
1754 2725 1878 2781 570.
1923 2726 2058 2782 lluic

462 2808 722 2861 successit
752 2807 1039 2873 Luciauus,
1070 2811 1306 2868 Luciano
1333 2815 1660 2873 Claudianus
1687 2820 1776 2888 qui
1810 2828 1932 2888 post
1957 2836 2054 2875 an—

465 2915 591 2953 num
646 2900 752 2954 580
786 2902 967 2957 nonnae.
1004 2904 1250 2974 degebat,
1297 2904 1353 2961 ut
1400 2909 1660 2963 dicionis
1712 2927 1779 2966 ex
1813 2913 2049 2983 Epistula

461 2994 839 3061 episcoporum
870 2994 1033 3049 Italia:
1072 2997 1136 3051 ad
1176 2996 1487 3053 Gratianum
1517 3012 1569 3054 et
1618 2994 2054 3058 valentinianum

468 3084 848 3151 imperatores,
906 3087 971 3141 ad
1021 3104 1156 3157 quos
1197 3090 1263 3144 de
1313 3092 1602 3146 Donatistis
1663 3105 1716 3149 et
1764 3092 2057 3171 Claudiano

2166 1896 2247 1938 rat
2290 1901 2343 1939 rx
2377 1885 2647 1940 Kalendas
2688 1885 3023 1955 Septembris
3057 1901 3201 1939 auito
3230 1884 3501 1956 “0)eum
3538 1887 3641 1939 huc
3674 1886 3751 1939 de-

2162 1977 2299 2031 tulit.
2334 1976 2390 2030 In
2422 1977 2527 2032 hoc
2561 1978 2739 2032 Felice
2759 1978 2969 2033 videtur
2996 1977 3261 2033 deiecisse
3290 1979 3567 2033 successio
3589 1978 3750 2032 Pseu-

2159 2068 2608 2140 doepiscoliorum
2641 2071 3009 2125 Romanorum
3038 2072 3203 2141 partis
3230 2071 3446 2125 Donati.

2229 2159 2345 2213 Non
2404 2170 2582 2214 autem
2641 2160 2814 2215 solum
2882 2161 3067 2216 Roma:
3131 2145 3432 2218 Donatista:
3493 2163 3750 2217 miserunt

2159 2254 2465 2324 episcopos,
2520 2254 2616 2309 sed
2658 2267 2711 2310 et
2749 2256 2801 2309 in
2857 2255 3165 2326 Hispaniam
3202 2256 3271 2312 ad
3317 2256 3539 2312 domum
3599 2259 3750 2312 unius

2159 2347 2401 2402 mulieris
2433 2349 2809 2419 imaginarium
2841 2350 3106 2404 miserunt
3134 2351 3471 2421 episcopum,
3506 2357 3566 2404 ut
3604 2352 3751 2406 testis

2159 2448 2241 2494 est
2270 2441 2623 2510 Augustinus,
2650 2455 2749 2494 nec
2773 2440 3063 2512 quidquam
3092 2443 3393 2497 omiserunt
3416 2443 3751 2498 circumeun-

2161 2540 2241 2585 tes
2271 2532 2439 2586 maria
2471 2542 2525 2587 et
2553 2540 2747 2598 terras,
2780 2545 2835 2587 ut
2878 2548 2990 2587 suze
3017 2544 3182 2588 sei-ta:
3226 2534 3538 2605 proselytos
3570 2533 3751 2603 adjun-

2159 2632 2367 2693 gercnt.
2403 2624 2568 2679 Huisit
2594 2636 2770 2680 tmnen
2797 2625 2934 2679 intra
2964 2626 3200 2681 Africam
3241 2640 3428 2681 eorum
3469 2637 3638 2693 secta,
3667 2628 3749 2681 ubi

2160 2717 2472 2788 aliquandiu
2518 2719 2963 2773 numerosissima
2996 2717 3097 2773 l'uit
3124 2736 3137 2771 :
3189 2728 3244 2775 et
3273 2718 3329 2773 in
3360 2720 3546 2790 paucis
3570 2718 3749 2775 Roma:

2161 2808 2533 2866 Montensibus
2579 2825 2643 2867 ac
2684 2812 2735 2866 in
2766 2812 2928 2866 domo
2961 2812 3046 2868 vel
3078 2814 3403 2883 patrimonio
3440 2815 3597 2869 unius
3639 2816 3747 2870 llis-

2163 2917 2319 2974 pana:
2344 2904 2609 2958 mulieris.
2845 2890 2849 2893 λ

2232 2995 2511 3051 Donatista:
2537 2998 2606 3049 ad
2635 2998 2875 3052 unitatem
2903 2999 3057 3052 variis
3092 2999 3261 3053 modis
3282 3000 3507 3055 invitati.
3532 3031 3601 3043 --
3629 2999 3746 3055 Post

2162 3100 2389 3145 mortem
2412 3090 2749 3145 Constantini
2794 3090 2970 3145 Africa
3012 3090 3294 3146 Constanti
3320 3093 3539 3164 obtigit,
3572 3094 3623 3147 in
3649 3109 3743 3164 qua

462 3175 709 3231 scribunt
752 3177 802 3232 in
849 3179 964 3234 lucc
1006 3182 1163 3236 verba
1196 3200 1208 3235 :
1238 3181 1343 3237 Per
1385 3185 1611 3254 Africam
1641 3203 1840 3258 quoque
1888 3186 2050 3243 Resli-
2085 3191 2130 3254 ρ
2160 3197 2280 3237 eum
2326 3183 2726 3238 Donatistarum
2758 3184 2919 3239 factio
2962 3198 3130 3239 novos
3160 3186 3424 3239 tumultus
3469 3187 3739 3251 excitaret,

463 3278 625 3322 lultmt
655 3272 859 3325 nomine
889 3290 1094 3328 causam
1122 3277 1288 3331 dicere
1308 3287 1445 3347 apud
1473 3280 1737 3352 episeopos
1754 3284 1915 3355 jussit
1944 3300 2053 3338 ves-

464 3368 541 3415 tra
571 3362 860 3418 clementia.
900 3363 1087 3421 Debuit
1110 3370 1449 3438 acquiescere,
1473 3374 1562 3425 sed
1588 3374 1721 3427 idem
1744 3392 1878 3430 saeva
1900 3388 1947 3431 et
1974 3380 2053 3431 iu-

459 3454 730 3509 solentium
757 3474 913 3511 manu
958 3477 988 3513 a
1025 3478 1193 3516 cunare
1220 3462 1451 3519 dicenda:
1492 3467 1791 3522 necessitate
1818 3468 2051 3543 di/fugit.

462 3545 565 3598 Per
592 3547 821 3614 Africam
848 3567 1054 3605 rursum
1076 3556 1353 3627 sacrilegos
1377 3557 1775 3627 rebaptizatores
1803 3572 1929 3616 nutu
1955 3560 2055 3617 Dei

461 3639 773 3704 prmcepistis
810 3644 1018 3711 expelli,
1049 3645 1139 3698 sed
1163 3646 1226 3699 ab
1255 3649 1485 3716 expulsis
1526 3647 1847 3707 Claudianus
1872 3664 1945 3707 est
1972 3673 2054 3708 or-

460 3730 665 3786 dinatus
690 3745 735 3785 et
767 3734 834 3787 ad
863 3738 1264 3805 perturbandam
1294 3742 1468 3796 urbem
1495 3742 1714 3799 Romam
1765 3745 1916 3817 quasi
1940 3751 2052 3817 epi-

459 3840 641 3891 scopus
665 3827 968 3881 destinatur.
1007 3829 1104 3897 Qui
1136 3844 1314 3887 contra
1333 3836 1603 3907 scriptura:
1634 3852 1890 3910 prtecepta
1931 3842 2053 3895 divi-

459 3934 558 3982 nae,
599 3929 773 3973 contra
806 3925 933 3993 jura
982 3923 1292 3995 Evangelica
1336 3944 1521 3984 vacuos
1563 3948 1737 3987 omnes
1784 3938 2054 4006 mysterio-

458 4025 596 4073 rum,
624 4022 774 4080 atque
791 4022 848 4065 ut
867 4015 977 4083 ejus
1004 4017 1211 4070 verbum
1232 4023 1583 4090 exprimamus
1606 4023 1849 4095 Paganos
1871 4030 2065 4097 fuisse,

458 4099 537 4154 vel
576 4104 822 4169 prrrteriti
868 4109 1108 4175 temporis
1152 4110 1290 4164 dicat
1336 4113 1601 4183 episcopos
1651 4118 1731 4171 vel
1768 4122 2050 4190 prtesentis.

464 4191 622 4258 Quem
653 4195 856 4263 quidem
882 4198 1041 4265 jussit
1069 4204 1416 4271 tranquillitas
1444 4216 1607 4261 vestra
1636 4209 1801 4265 Roma
1847 4214 2053 4281 pulsum

458 4285 679 4353 patriam
710 4298 935 4355 repetere
974 4297 1255 4361 propriam.
1290 4298 1397 4352 Sed
1440 4303 1744 4371 contemptis
1762 4306 1981 4377 judiciis
2009 4318 2056 4361 et

456 4375 660 4445 quidem
688 4394 823 4448 sa:pe
858 4386 1183 4450 constrictus,
1218 4390 1404 4443 residet
1431 4400 1597 4447 tamen
1627 4375 1913 4453 sollicitans
1938 4418 2077 4470 pre—'

459 4468 529 4520 tio
554 4468 845 4539 frequenter
866 4480 1193 4545 pauperiores
1223 4491 1271 4533 et
1301 4482 1588 4551 redemptos
1609 4468 2051 4558 rebaptizarernon

2154 3274 2498 3344 imperatoris
2546 3278 2719 3346 jussu,
2750 3276 3039 3332 Czeciliano
3081 3285 3210 3332 tunc
3260 3279 3517 3344 instante,
3566 3287 3775 3333 asseu-'

2158 3370 2321 3424 tiente
2352 3368 2578 3426 Leontio
2608 3372 2828 3437 comite,
2858 3371 2997 3427 duce
3015 3371 3263 3437 Ursatio,
3296 3373 3607 3428 Marcellino
3627 3382 3743 3428 tunc

2156 3456 2415 3529 Tribuno,
2448 3463 2749 3517 laboratum
2788 3472 2874 3518 est
2921 3474 2974 3519 ut
3019 3464 3086 3519 ad
3130 3465 3456 3521 catholicam
3493 3468 3738 3521 unitatem

2160 3555 2455 3610 Donatisue
2488 3556 2893 3626 reducerentur.
2919 3558 3168 3613 Oblatum
3191 3569 3277 3614 est
3304 3560 3461 3630 ipsis,
3492 3571 3543 3613 ut
3577 3562 3621 3614 si
3649 3561 3741 3613 vel-

2158 3648 2271 3703 lent
2313 3648 2573 3705 Ecclesia:
2618 3650 2898 3706 catholica:
2930 3651 3089 3719 uniri,
3125 3650 3549 3709 Ecclesiastices
3580 3652 3737 3706 hono-

2157 3756 2245 3797 res
2294 3743 2610 3799 retinerent.
2653 3744 3025 3801 Sollicitautur
3052 3745 3118 3799 ad
3163 3746 3395 3800 salutem
3426 3748 3655 3813 praemiis
3683 3760 3735 3799 ac

2159 3836 2319 3890 variis
2348 3837 2652 3902 illecebris;
2690 3837 2784 3891 sed
2819 3852 2942 3891 cum
2988 3836 3191 3909 rigidus
3220 3848 3273 3893 et
3318 3838 3627 3894 inﬂexibilis
3651 3856 3733 3893 eo-

2157 3943 2273 3981 rum
2304 3928 2354 3982 in
2379 3928 2672 3983 schismate
2702 3938 2963 3997 perstaret
2987 3929 3291 3994 animus,et
3320 3946 3460 3985 nova
3493 3930 3593 4003 13
3611 3945 3731 4000 quo.

2160 4022 2286 4077 tidie
2335 4023 2593 4077 adversus
2658 4022 2952 4077 Ecciesiam
3000 4022 3321 4079 catholicam
3400 4026 3728 4087 molirentur,

2158 4114 2436 4168 sa:cularis
2466 4116 2744 4185 potestatis
2770 4116 2972 4169 auxilio
3002 4117 3233 4185 repressi
3263 4125 3415 4182 sunt,
3446 4128 3498 4172 et
3528 4117 3727 4172 aLeou-

2159 4208 2235 4262 tio
2264 4218 2316 4262 et
2359 4208 2573 4264 Ursatio
2622 4210 2673 4263 in
2714 4209 2973 4279 quosdam
3016 4210 3439 4268 turbulentiores
3483 4213 3727 4275 Stcritum,

2160 4303 2433 4356 nonnulla:
2461 4304 2697 4358 basilicae
2720 4320 2851 4374 quas
2882 4306 3185 4360 invaserant
3214 4316 3441 4376 ereptze,
3469 4305 3602 4377 quod
3625 4308 3728 4362 sine

2157 4397 2205 4449 vi
2232 4395 2347 4451 ﬁeri
2375 4412 2480 4451 non
2512 4397 2698 4465 potuit.
2733 4397 2960 4466 Quidam
2991 4398 3043 4453 in
3060 4413 3345 4454 carcerem
3371 4401 3618 4463 coniecti,
3644 4399 3727 4453 alii

2156 4488 2445 4559 proscripti
2493 4490 2629 4545 etin
2668 4491 2888 4546 exilium
2916 4491 3106 4545 missi:
3146 4507 3268 4562 qua:
3307 4506 3483 4562 poma)
3510 4494 3726 4563 quamvis

457 4572 676 4657 veretur.
710 4563 914 4633 Spoliat
937 4572 1099 4640 magis
1122 4589 1178 4626 eo
1202 4576 1338 4643 quati
1365 4578 1569 4645 fuerant
1588 4587 1863 4651 consecuti,
1896 4603 2046 4657 quam
2077 4591 2125 4649 l)
2155 4583 2392 4652 ipsorum
2436 4584 2762 4640 facinoribus
2800 4584 3152 4649 debereutur,
3198 4599 3377 4641 tamen
3425 4586 3545 4641 inde
3579 4599 3723 4639 occa-
3780 4614 3789 4625 -

458 4652 631 4705 tribuit
652 4656 788 4724 quod
816 4663 1141 4729 manifestum
1168 4678 1239 4719 est
1268 4667 1344 4721 bis
1374 4686 1477 4723 non
1504 4688 1652 4741 posse
1691 4652 1934 4746 conferri.
1965 4682 2044 4735 Ad

458 4751 685 4810 aptorum
732 4748 1049 4808 relationem
1081 4754 1373 4815 Gratianus
1415 4761 1482 4817 de
1526 4762 1632 4819 isto
1658 4766 1955 4826 Claudiano
1981 4775 2045 4827 ad

457 4838 767 4907 Aquilinum
811 4845 959 4901 urbis
1001 4848 1271 4906 Vicarium
1316 4841 1653 4928 sic'scripsit
1687 4878 1700 4913 :
1730 4860 2048 4919 Claudianus

455 4932 601 4983 etiam
630 4934 692 4985 ab
725 4936 804 4989 Itis
825 4941 914 5006 qui
934 4954 1112 4996 contra
1137 4945 1309 5001 divina
1335 4963 1587 5020 prtecepta
1614 4954 1737 5007 vitia
1767 4955 2051 5029 Religionis

456 5023 767 5097 instaurant,
790 5032 852 5083 ub
880 5033 980 5099 liis,
1008 5037 1237 5106 inquam,
1262 5058 1387 5109 quos
1408 5045 1598 5109 expelli
1609 5049 1933 5117 jusseromus
1961 5068 2049 5103 ar-

456 5120 610 5186 citus,
664 5127 810 5191 quasi
852 5145 1037 5197 parum
1094 5134 1344 5201 facinoris
1391 5155 1662 5211 aggressus
1711 5151 1856 5207 esset,
1907 5147 1949 5196 si
1996 5146 2048 5197 in

457 5214 634 5281 Africa
656 5222 974 5285 perstitisset.
1000 5224 1178 5282 Roma:
1200 5247 1309 5284 sese
1331 5232 1520 5286 dicitur
1540 5234 1804 5289 intimasse
1823 5253 1840 5289 :
1859 5237 2048 5308 falsus-

455 5323 551 5376 que
565 5324 845 5382 prtrceptor
874 5318 950 5371 vel
974 5333 1201 5388 expertes
1227 5325 1399 5378 adhuc
1428 5327 1571 5381 devio
1600 5333 1878 5400 profanare
1903 5348 2042 5402 myo-

367 5483 370 5486 .
460 5402 606 5467 ter-io,
632 5406 709 5459 vel
728 5409 840 5477 jam
870 5411 1099 5467 initiatus
1123 5432 1184 5469 ea:
1213 5418 1409 5489 integro
1430 5421 1608 5473 nititur
1628 5423 1824 5492 ﬂagitio
1852 5428 2047 5496 majore

456 5513 800 5567 corrumpere.
845 5501 971 5557 Cum
1007 5506 1289 5581 Religionis
1339 5515 1672 5569 sanctissimte
1716 5516 2041 5587 disciplinam

453 5608 553 5645 non
576 5596 794 5649 cumulet
812 5598 1037 5667 iteratio,
1062 5606 1152 5656 sed
1181 5616 1388 5673 evertat,
1416 5626 1563 5678 quem
1592 5626 1682 5663 nos
1700 5608 2043 5665 Cluudianum

453 5683 688 5739 dissimili
717 5699 863 5755 parua
885 5709 943 5745 ac
970 5697 1151 5749 meruit
1186 5710 1538 5769 prosequentes
1569 5713 1792 5770 repetere
1822 5713 2046 5757 tantum-

456 5776 606 5828 modo
636 5780 853 5839 patriam
889 5783 1129 5838 hactenus
1164 5801 1357 5842 remota
1397 5794 1657 5847 severitate
1683 5797 2040 5862 pra’crpimus,

2157 4674 2364 4731 sionem
2422 4678 2767 4747 arripuerunt
2812 4676 3177 4733 calumniandi
3230 4676 3541 4736 Catholicos
3588 4682 3721 4750 quasi

2154 4777 2536 4839 persecutores
2570 4779 2624 4823 et
2654 4768 2839 4824 hostes
2867 4767 3303 4826 Christianorum
3336 4773 3427 4842 qui
3458 4773 3721 4828 crudeliter

2156 4859 2208 4913 in
2260 4861 2577 4916 innocentes
2624 4863 2898 4919 saevirent.
2946 4863 3075 4918 Hice
3123 4875 3177 4919 et
3216 4866 3322 4921 alia
3353 4866 3533 4922 videre
3565 4877 3637 4923 est
3676 4867 3716 4918 in

2156 4966 2411 5007 sermone
2448 4954 2726 5023 cujusdam
2772 4956 3081 5018 Donatista,
3117 4972 3279 5025 quem
3328 4959 3556 5028 primum
3580 4958 3625 5013 in
3651 4958 3718 5012 lu-

2153 5058 2271 5099 cem
2296 5046 2615 5101 emittimus.
2645 5046 2859 5102 Ursatio
2879 5058 2931 5101 et
2956 5047 3178 5103 Leontio
3199 5050 3291 5120 qui
3316 5054 3473 5122 primi
3500 5052 3717 5107 Donatis-

2156 5149 2236 5192 lus
2288 5139 2337 5192 vi
2387 5154 2660 5193 armorum
2716 5144 3105 5208 Compressisse
3148 5142 3423 5211 leguntur,
3483 5142 3715 5199 successit

2153 5232 2468 5303 Gregorius,
2498 5232 2563 5285 ad
2593 5248 2752 5302 quem
2787 5242 2891 5286 tam
2939 5236 3363 5290 contumeliosus
3397 5238 3618 5291 Donatus
3642 5235 3714 5289 lit-

2156 5336 2299 5381 teras
2327 5326 2497 5386 dedit.
2529 5326 2943 5394 eun'tffinaculam
2973 5337 3181 5381 senatus
3208 5338 3255 5380 et
3285 5329 3504 5385 dedecus
3529 5330 3714 5399 prafer-

2154 5431 2321 5474 torum
2350 5420 2625 5490 appellans
2655 5420 2848 5474 ctaliis
2875 5419 3181 5489 hujusmodi
3206 5421 3468 5477 conviciis
3500 5422 3712 5493 proscin-

2148 5512 2303 5566 deus.

2224 5604 2413 5658 Gratus
2457 5602 3031 5676 Cweilianiisuccessor.
3088 5604 3288 5661 Paulus
3318 5618 3364 5662 et
3402 5608 3642 5663 Macarius
3668 5607 3709 5659 iu

2152 5699 2378 5767 Africum
2410 5700 2552 5753 missi
2570 5700 2746 5770 et{qua
2789 5701 3037 5771 degcausa
3063 5700 3545 5781 Circumcellionum
3567 5709 3706 5775 furor.

2150 5819 2221 5833 -
2241 5791 2525 5847 Cieciliano
2550 5790 2965 5863 Carthaginensi
2991 5804 3206 5852 mortuo
3231 5806 3361 5853 ante
3388 5813 3573 5852 suumn
3598 5794 3702 5856 567.
