3848 6220
144 261 229 319 ευι

1258 265 1261 269 ’
1309 256 1622 316 HISTORIA
1666 258 2226 320 DONATISTARUM.

3304 268 3414 330 802
3444 346 3450 352 η

139 380 389 435 successit
413 380 634 447 Gratus,
663 379 754 451 qni
785 377 1017 435 concilio
1049 376 1358 431 Sardicensi
1388 376 1552 445 hujus
1591 377 1716 431 anni
1744 378 1798 439 Α
1820 375 2049 431 Taurino
2090 388 2209 432 tunc
2245 377 2417 433 comiti
2458 375 2727 449 scripsisse
2771 380 3018 439 dicuntur
3042 398 3063 437 :
3118 383 3421 457 Itttjttsmodi

142 474 303 529 adluit
332 474 490 547 inter
538 476 826 541 episcopos
872 470 1205 525 Catltolicos.
1257 467 1555 535 Supererat
1609 478 1720 524 tum

140 568 305 633 adhuc
326 568 375 621 in
395 568 534 624 vivis
562 568 801 623 Donatus
820 561 1261 633 Carthagiuensis
1281 562 1345 617 atl
1371 580 1530 632 quam
1562 563 1726 621 Atha-

141 628 265 715 miti
294 659 588 714 adversarii
618 674 650 714 e
678 628 1223 712 Pseudo-Sardicensi
1254 628 1462 726 synodo
1494 657 1727 725 scripse-

142 758 275 818 runt,
307 766 469 822 quam
496 746 784 820 epistolam
808 754 993 816 postea
1029 745 1324 803 Donatista:
1364 746 1724 817 iactaverunt,

144 853 196 899 ut
223 843 511 914 probarent
529 858 590 898 se
616 856 737 896 cum
769 838 1136 896 Orientalibus
1159 839 1417 896 Ecolesiis
1437 840 1727 911 aliquando

145 935 570 993 communionem
614 931 888 986 habuisse.
936 930 1105 1001 Hujus
1149 930 1299 988 Grati
1340 929 1728 1005 Carthaginian-

145 1029 213 1084 sis
241 1027 479 1098 episcopi
508 1032 775 1092 tctnpnre.
806 1033 863 1080 et
903 1022 1042 1078 forte
1070 1023 1158 1097 ad.
1179 1024 1296 1094 ejus
1354 1038 1546 1095 preces
1586 1023 1729 1081 Cun-

147 1130 283 1175 stans
312 1119 608 1188 imperator
640 1116 864 1171 Paulum
911 1126 967 1172 et
992 1116 1280 1173 Macarium
1328 1134 1469 1174 anno
1500 1120 1627 1185 M8,
1674 1119 1726 1175 in

148 1214 371 1269 Africam
420 1211 588 1278 misit,
624 1226 730 1266 non
771 1211 988 1281 quidem
1040 1212 1271 1282 primum
1319 1212 1385 1266 atl
1420 1211 1727 1281 faciendam

149 1312 419 1367 unitatem.
458 1305 555 1361 sed
597 1313 655 1360 ut
700 1305 1075 1375 eleemosyuas
1102 1322 1169 1361 ex
1220 1306 1351 1362 ﬁsco
1402 1306 1730 1377 pauperibus

150 1401 466 1473 largirentur
490 1417 503 1453 :
527 1399 617 1470 qui
638 1414 760 1454 ctam
780 1386 847 1454 ad
868 1399 1136 1454 Donatum
1165 1399 1439 1455 venissent
1466 1409 1518 1455 et
1534 1416 1639 1472 qua
1662 1400 1731 1457 de

148 1509 299 1551 causa
321 1493 476 1548 missi
503 1491 683 1548 lorent
703 1492 1053 1558 iudicassent,
1086 1494 1177 1547 ille
1203 1493 1368 1547 solito
1393 1492 1579 1551 furore
1603 1509 1729 1550 suc-

148 1601 354 1650 census.
382 1584 560 1656 inquit
586 1583 836 1655 Optatos,
860 1587 913 1639 in
944 1584 1061 1640 hzuc.
1088 1585 1248 1641 verba
1280 1587 1563 1655 prorupit:
1594 1587 1734 1654 Quid

148 1691 214 1735 est
238 1662 535 1750 imperatori
574 1696 689 1734 cum
721 1678 998 1735 Ecclesia?
1030 1691 1076 1734 et
1108 1681 1172 1734 de
1199 1684 1341 1750 fonte
1379 1681 1599 1736 levitatis
1626 1697 1735 1737 sute

1822 468 2056 526 homines
2091 472 2281 545 corrigi
2317 472 2372 525 in
2401 470 2637 527 Ecclesia
2664 491 2766 528 non
2792 490 2977 545 posse;
3022 477 3417 542 mandaverunt,

1820 574 1882 618 ut
1922 582 1953 619 a
1994 565 2292 634 supradicto
2321 568 2510 621 comite
2544 568 2833 637 acciperent
2874 568 3226 641 disciplinam.
3274 569 3420 624 Tunc

1825 654 2086 711 Tuurinus
2105 656 2175 712 ad
2200 675 2377 714 eorum
2397 659 2618 725 litteras,
2648 660 2728 714 ire
2751 661 2962 717 militem
2979 664 3137 733 jussit
3166 677 3417 719 armatum

1829 763 1917 818 per
1943 749 2224 814 nundinas,
2267 750 2354 804 ubi
2382 749 2860 808 Circttwcellienum
2886 758 3034 826 furor
3076 758 3252 828 vagari
3298 776 3422 813 con-

1827 851 2079 895 sueverat.
2111 839 2175 895 In
2202 841 2315 896 loco
2335 841 2607 898 ()ctavensi
2631 838 2784 901 occisi
2806 857 2924 901 sunt
2953 847 3183 916 plurimi,
3213 852 3422 905 detrun—

1828 932 1938 986 cati
1964 942 2081 987 sunt
2106 934 2253 988 multi
2276 950 2294 988 :
2325 951 2547 1005 quorum
2571 952 2792 1007 corpora
2829 955 2990 1009 usque
3011 940 3067 994 in
3095 942 3417 1010 hodiernum,

1831 1041 1920 1096 per
1941 1025 2205 1081 dealbatas
2228 1043 2349 1082 aras
2376 1038 2468 1082 aut
2493 1045 2696 1084 mensas
2723 1013 2997 1103 potuerunt
3034 1035 3315 1088 numerari.
3342 1034 3425 1089 Ea:

1829 1130 2043 1186 quorum
2071 1110 2283 1173 numero
2310 1135 2427 1174 cum
2466 1119 2628 1191 aliqui
2660 1121 2716 1175 iu
2746 1121 2971 1179 basilicis
3018 1125 3222 1195 sepeliri
3246 1126 3426 1195 capis-

1831 1219 1965 1276 sent,
2005 1208 2178 1266 clarus
2205 1210 2468 1283 presbyter
2506 1212 2559 1266 in
2585 1213 2702 1268 loco
2734 1214 3067 1285 Subbulensi,
3099 1218 3166 1273 ab
3191 1220 3426 1291 episcopo

1830 1317 1922 1355 suo
1975 1311 2186 1358 coactus
2232 1315 2331 1370 est,
2378 1313 2438 1359 ut
2485 1304 2798 1374 insepultam
2850 1314 3041 1379 faceret
3085 1312 3424 1378 sepulturam.

1837 1392 1986 1465 Unde
2008 1395 2270 1464 proditum
2293 1405 2388 1461 est,
2412 1397 2710 1452 mandatum
2733 1402 2894 1471 fuisse
2912 1402 3048 1471 ﬁeri,
3071 1404 3209 1471 quod
3220 1404 3427 1473 factum

1832 1494 1908 1540 cst
1930 1503 1948 1540 :
1974 1484 2181 1559 quando
2207 1505 2299 1542 nec
2336 1494 2603 1560 sepultura
2638 1494 2692 1545 in
2735 1493 2890 1547 domo
2924 1492 3022 1549 Dei
3059 1496 3281 1551 exhiberi
3308 1512 3429 1552 cou-

1837 1592 1979 1632 cessa
2009 1587 2107 1632 est.
2149 1578 2342 1634 Eorum
2384 1592 2560 1653 postea
2601 1586 2858 1639 concaluit
2888 1579 3195 1643 multitudo.'
3213 1589 3305 1644 Sic
3343 1590 3428 1644 in-

1830 1670 1969 1723 venit
2010 1668 2248 1726 Donatus
2276 1671 2598 1744 Bagaiensis,
2651 1676 2787 1731 unde
2825 1689 3007 1733 contra
3036 1679 3323 1736 Hacarium
3346 1674 3433 1752 fu-

150 1772 301 1826 tnulta
327 1772 603 1829 maledicta
634 1769 837 1859 eiudit.
873 1770 1092 1826 Miserat
1118 1772 1400 1842 imperator
1429 1783 1735 1828 ornantenta

1839 1761 2029 1816 riosarn
2058 1765 2360 1821 conduceret
2385 1767 2608 1824 turbam.
2640 1766 2873 1845 Exipso
2896 1790 3079 1845 genere
3108 1779 3313 1847 fuerant
3338 1778 3429 1850 qui

149 1864 373 1921 domibus
417 1863 517 1922 Dei
536 1908 551 1931 ,
598 1866 806 1921 miserat
847 1865 1155 1937 pauperibus
1208 1864 1603 1938 eleemosynam,
1628 1868 1735 1921 'in-

150 1961 250 2031 quit
277 1959 434 2024 idem,
466 1960 599 2013 nihil
642 1958 864 2014 Donato.
896 1956 1002 2019 Cur
1048 1975 1169 2029 ergo
1206 1958 1484 2013 insanivit.’
1509 1976 1603 2013 cur
1621 1951 1733 2013 “ira-

151 2064 226 2109 tus
253 2053 360 2109 est?
397 2055 492 2107 cur
514 2051 652 2126 quod
689 2052 902 2107 missum
940 2054 1109 2122 fuerat
1136 2050 1465 2121 repudiavit?
1509 2049 1575 2105 Et
1617 2067 1735 2105 cum

149 2148 223 2202 illi
246 2148 333 2218 qui
360 2147 506 2202 missi
532 2147 758 2213 fuerant,
807 2144 1034 2201 dicerent
1077 2162 1131 2199 se
1178 2146 1254 2199 ire
1303 2162 1395 2214 per
1445 2146 1733 2215 provincias

152 2239 370 2310 singulas
418 2250 467 2293 et
509 2236 793 2293 volentibus
836 2237 1069 2307 accipere
1108 2252 1163 2292 se
1205 2236 1440 2301 daturos,
1486 2236 1576 2291 ille
1604 2236 1735 2291 dixit

152 2330 324 2403 ubique
349 2349 403 2386 se
435 2330 632 2385 litteras
669 2330 999 2401 prtemisisse,
1028 2345 1091 2383 ne
1118 2329 1173 2383 id
1204 2328 1342 2392 quod
1368 2328 1585 2382 allatum
1617 2330 1734 2404 fue-

153 2434 246 2487 rat,
300 2423 611 2497 pauperibus
667 2421 859 2476 alicubi
914 2422 1320 2490 dispensaretur.
1383 2419 1737 2477 Nihilominus

154 2514 343 2570 Paulus
386 2523 436 2570 et
486 2512 744 2568 Macarius
792 2529 881 2582 per
919 2512 1210 2580 provincias
1248 2510 1624 2580 discurrebant,
1676 2528 1738 2566 ac

86 2585 102 2601 ’
154 2610 492 2679 cleemosynas
520 2607 829 2679 spargebant
851 2607 903 2660 in
926 2607 1127 2678 vulgus,
1150 2614 1197 2661 et
1223 2615 1431 2660 cunctos
1467 2605 1537 2659 ad
1566 2606 1737 2659 unita-

155 2713 245 2754 tem
275 2702 629 2755 hortabantur.
656 2698 786 2755 Cum
813 2708 982 2755 autem
1008 2700 1074 2752 ad
1101 2697 1439 2770 Bagaiensem
1474 2697 1740 2753 Numidia:

155 2794 397 2847 civitatem
444 2791 810 2861 pervenissent,
842 2801 962 2845 tunc
996 2790 1228 2846 Donatus
1261 2792 1392 2845 alter
1431 2790 1586 2864 hujus
1616 2793 1738 2844 civi-

157 2887 265 2941 tatis
304 2884 598 2957 Episcopus
639 2884 1059 2957 impedimentum
1106 2886 1293 2939 unitati
1329 2894 1375 2939 et
1422 2885 1614 2937 obicem
1658 2899 1739 2938 re-

157 2982 405 3037 nientibus
435 2996 692 3052 opponere
720 2979 950 3050 cupiens,
1000 2993 1257 3049 prtecones
1293 2994 1381 3049 per
1412 2977 1579 3031 vicina
1623 2977 1737 3055 loca

159 3084 201 3128 et
225 3071 513 3146 per'omnes
539 3072 798 3127 nundinas
824 3071 983 3131 misit.
1027 3080 1073 3124 et
1100 3085 1338 3140 magnam
1366 3069 1422 3122 in
1451 3084 1536 3122 eos
1565 3067 1734 3138 furia"

1836 1858 1935 1912 sibi
1964 1871 2295 1930 percussores
2330 1861 2424 1917 sub
2459 1864 2739 1934 cupiditate
2777 1866 2897 1937 falsi
2936 1869 3172 1941 martyrii
3209 1870 3262 1924 in
3287 1888 3432 1926 suam

1838 1954 2115 2022 perniciem
2144 1957 2508 2012 conducebant.
2533 1958 2671 2014 Inde
2690 1961 2843 2014 etiam
2879 1962 2979 2027 illi,
3010 1964 3102 2032 qui
3130 1981 3194 2020 ea:
3211 1962 3432 2022 altorum

1834 2045 2089 2129 montium
2103 2049 2453 2104 cacuminibus
2479 2051 2603 2107 viles
2624 2053 2827 2108 animas
2856 2057 3205 2129 proﬁcientes,
3224 2075 3278 2112 se
3296 2075 3429 2129 prte-

1835 2138 2014 2210 cipites
2042 2124 2254 2197 dabant.
2282 2139 2418 2197 Ecce
2441 2160 2506 2198 ea:
2534 2146 2678 2215 quali
2710 2124 2921 2203 numero
2943 2124 3042 2203 sibi
3062 2124 3333 2220 episcopus
3361 2154 3435 2206 al-

1828 2239 1911 2310 ter
1938 2230 2171 2286 Donatus
2197 2232 2429 2289 cohortes
2456 2234 2716 2302 effecerat.
2749 2236 2862 2304 Hoc
2884 2249 3019 2294 metu
3064 2216 3307 2297 deterriti
3325 2244 3431 2313 illi,

1837 2324 1927 2392 qui
1950 2326 2229 2411 thesauros,
2254 2325 2481 2396 ferebant
2508 2345 2634 2399 quos
2674 2330 2986 2400 pauperibus
3014 2344 3319 2405 erogarent;
3349 2334 3433 2388 iu-

1839 2428 2082 2472 venerunt
2108 2419 2165 2472 in
2191 2427 2334 2474 tanta
2374 2422 2672 2476 necessitate
2700 2424 2992 2489 consilium,
3021 2436 3075 2479 ut
3110 2442 3144 2479 a
3170 2425 3434 2499 Sglvestro

1840 2509 2023 2563 comite
2068 2520 2326 2563 armatum
2370 2508 2584 2567 militem
2624 2513 2982 2583 postularent:
3027 2532 3129 2570 non
3168 2534 3259 2582 per
3282 2534 3432 2584 quem
3531 2520 3535 2523 ’

1839 2602 1995 2656 alicui
2022 2602 2121 2657 vim
2149 2607 2398 2674 facerent,
2427 2605 2516 2660 sed
2546 2614 2601 2659 ut
2627 2608 2726 2659 vim
2758 2624 2791 2660 a
2816 2606 3023 2662 Donato
3053 2625 3208 2677 supra
3236 2625 3432 2663 memo-

1838 2704 1951 2749 rato
1973 2696 2213 2767 episcopo
2241 2697 2563 2768 dispositam,
2591 2697 2933 2768 prohiberent.
2966 2699 3081 2755 Hac
3107 2702 3307 2757 ratione
3328 2691 3436 2773 fac-

1840 2796 1946 2841 tum
1963 2797 2058 2855 est,
2084 2797 2139 2841 ut
2166 2789 2309 2843 miles
2338 2789 2596 2844 videretur
2617 2801 2872 2846 armatus.
2896 2792 3018 2847 Jum
3045 2794 3298 2865 quidquid
3316 2797 3437 2850 sub-

1838 2887 2067 2933 secutum
2097 2890 2177 2951 .est
2205 2922 2221 2947 ,
2264 2881 2449 2946 videte,
2493 2882 2579 2935 cui
2614 2882 2804 2936 debeat
2857 2894 2947 2937 aut
3002 2885 3161 2953 possit
3189 2886 3436 2943 adscribi.

1844 2970 2114 3026 Habebunt
2143 2973 2253 3026 illic
2281 2983 2570 3028 vocatorum
2611 2974 2870 3044 inﬁnitam
2906 2976 3131 3043 turbam,
3181 2986 3229 3032 et
3270 2995 3437 3033 anno-

1843 3083 1959 3120 nam
1990 3055 2357 3136 competentem
2380 3076 2576 3122 constat
2617 3068 2775 3139 fuisse
2803 3078 3147 3138 prteparatam
3165 3086 3186 3125 :
3214 3072 3278 3126 de
3301 3070 3437 3127 basi-

160 3187 321 3225 sarum
367 3169 630 3224 hominum
674 3166 872 3220 turbam
910 3165 1194 3231 commovit,
1248 3180 1372 3235 quos
1422 3162 1736 3218 Circumcel-
1763 3156 1807 3220 C
1842 3161 1939 3215 lica
1960 3162 2108 3231 quasi
2147 3162 2349 3227 publica
2380 3164 2606 3230 fecerant
2634 3163 2856 3226 horrea;
2885 3173 3235 3233 exspectante;
3267 3174 3319 3217 ιιι
3354 3179 3435 3219 νε.

161 3263 310 3344 lienes
336 3261 689 3334 appellabant,
722 3276 878 3330 genus
901 3258 1166 3311 hominum
1197 3266 1394 3330 agreste
1420 3264 1469 3309 et
1502 3256 1741 3326 famosis-

161 3356 297 3411 sima
332 3355 589 3420 audacia,
620 3352 781 3421 inquit
811 3352 1283 3421 Augustinus,‘non
1311 3348 1480 3403 solmn
1523 3348 1577 3401 in
1608 3347 1740 3402 alios

162 3447 396 3501 immania
428 3447 663 3516 facinora
692 3442 1055 3516 perpetrando,
1080 3441 1170 3495 sed
1192 3458 1281 3496 nec
1320 3440 1416 3494 sibi
1452 3438 1631 3494 eadem
1660 3440 1741 3493 in-

163 3555 282 3593 sana
326 3539 528 3609 feritate
575 3534 863 3607 parcendo;
908 3534 995 3603 qui
1034 3544 1245 3587 mortem
1288 3532 1385 3587 sibi
1417 3531 1735 3601 prwcipitiis,

164 3631 376 3700 ﬂammis
392 3639 439 3683 et
455 3630 598 3701 aquis
610 3628 920 3682 consciscere
938 3625 1219 3698 gloriosum
1234 3634 1277 3678 et
1300 3625 1545 3695 martyrio
1565 3623 1739 3697 proxi-

164 3740 297 3778 nmm
334 3741 440 3780 esse
486 3722 860 3778 existimabunt.
918 3720 1029 3775 llos
1065 3720 1376 3791 agonisticos
1424 3719 1738 3788 nuncupavit

166 3813 388 3870 Donatus
409 3857 423 3879 ,
455 3815 601 3885 quasi
616 3830 707 3883 pro
724 3812 938 3867 veritate
958 3820 1002 3864 et
1024 3811 1233 3878 justitia
1263 3811 1596 3874 decertantes,
1621 3825 1739 3861 cum

164 3918 321 3963 tamen
348 3916 524 3963 contra
552 3922 699 3961 omne
721 3908 811 3979 jus
839 3914 884 3959 et
914 3906 993 3975 fas
1032 3894 1200 3957 aliena
1229 3912 1461 3972 raperent
1486 3912 1531 3954 et
1557 3902 1738 3955 innua-

165 4002 290 4053 niter
315 4001 366 4054 in
385 4000 516 4054 alios
537 3999 788 4054 stevirent.
817 3994 943 4051 Cum
967 4005 1135 4049 autem
1156 3995 1453 4065 hujusmodi
1475 3995 1737 4048 hominum

164 4110 312 4163 genus
336 4102 451 4147 ante
478 4093 748 4146 adventum
777 4087 931 4143 Pauli
957 4098 1006 4142 et
1032 4088 1247 4143 Macarii
1270 4104 1359 4158 per
1386 4089 1499 4141 loca
1536 4087 1739 4158 singula

165 4197 446 4256 vagaretur,
489 4185 705 4241 ducibus
748 4181 917 4237 Amida
959 4193 1005 4236 et
1037 4182 1191 4238 Fasir
1225 4183 1311 4251 qui
1352 4182 1415 4236 ab
1442 4182 1569 4254 ipsis
1598 4182 1738 4235 insa-

166 4278 409 4332 nientibus
447 4287 743 4332 sanctorum
778 4275 934 4330 duces
972 4276 1392 4349 appellabantur,
1432 4275 1565 4329 nulli
1594 4275 1739 4328 licuit

166 4385 386 4422 securum
400 4384 506 4423 esse
524 4368 623 4441 (sic
635 4367 777 4425 enim
802 4383 914 4423 rem
935 4378 1117 4423 narrat
1132 4366 1264 4439 Opta
1270 4378 1379 4435 tus,
1395 4366 1491 4423 lib.
1508 4382 1586 4433 ιιι,
1611 4366 1735 4439 94),

164 4457 214 4512 in
255 4458 647 4528 possessionibus
683 4460 812 4525 suis,
851 4458 1137 4513 debitorum
1181 4459 1525 4531 chirographa
1554 4459 1737 4512 amise-

1842 3254 2027 3317 nirent,
2060 3254 2112 3307 in
2137 3271 2265 3325 quos
2291 3255 2535 3323 furorem,
2565 3270 2716 3308 suum
2758 3270 2992 3310 exercere
3028 3257 3342 3327 potuissent;
3385 3266 3435 3312 et

1841 3347 2062 3415 facerent
2081 3345 2331 3415 quidquid
2355 3345 2458 3399 illis
2485 3345 2739 3399 dementia
2766 3362 2861 3399 sua
2883 3346 3147 3415 dictasset,
3175 3348 3273 3402 nisi
3303 3364 3436 3416 prte-

1841 3444 2004 3493 sentia
2027 3440 2211 3493 armati
2236 3440 2412 3494 militis
2451 3440 2747 3495 obstitisset.
2785 3438 2924 3494 Nam
2951 3457 3088 3507 cum,
3118 3452 3238 3497 ante
3258 3453 3435 3497 ventu-

1840 3547 1925 3585 ros
1947 3532 2151 3598 milites,
2174 3543 2446 3585 metatores
2476 3534 2555 3601 (ut
2584 3532 2697 3601 ﬁeri
2718 3531 2866 3604 solet)
2894 3533 3235 3599 mitterentur;
3256 3545 3434 3589 contra

1840 3622 2073 3694 Apostoli
2111 3635 2364 3697 prazccpia
2395 3634 2730 3694 competenter
2758 3625 2981 3685 suscepti
3028 3638 3129 3678 non
3163 3634 3304 3690 sunt,
3345 3626 3433 3694 qui

1843 3718 1917 3782 ait
1942 3734 1959 3771 :
1987 3718 2070 3770 cui
2104 3700 2387 3781 honorem,
2418 3716 2677 3770 honorem
2710 3734 2722 3770 :
2748 3715 2833 3770 cui
2861 3716 3106 3786 vectigal,
3152 3718 3376 3787 vectigal
3402 3733 3418 3769 :

1840 3809 1922 3863 eui
1950 3808 2225 3871 tributum,
2257 3802 2543 3862 tributum:
2568 3804 2767 3861 nemini
2796 3806 3420 3877 quidqnatndcbueritis.

1841 3897 2049 3953 Cantusi
2075 3908 2194 3951 sunt
2231 3901 2317 3967 qui
2355 3898 2499 3952 missi
2541 3900 2739 3968 fuerant
2763 3914 2877 3952 cum
2921 3900 3061 3968 cquis
3088 3900 3215 3966 suis,
3253 3900 3313 3953 ab
3341 3901 3428 3967 iis,

1838 4006 2053 4059 quorum
2087 3991 2292 4043 nomina
2323 3988 2528 4058 [labello
2556 3989 2763 4043 invidia:
2807 3990 3082 4058 t'eutilttbul
3127 3978 3432 4046 Parmenio-

1838 4102 1955 4139 nus.
1988 4083 2104 4156 lpsi
2130 4085 2364 4156 magistri
2402 4083 2607 4153 fuerunt
2648 4085 2854 4156 injuria:
2898 4101 3038 4148 sum;
3080 4094 3128 4139 et
3158 4086 3282 4155 quid
3321 4086 3433 4156 pati

1839 4188 2065 4248 possent,
2088 4179 2188 4250 ipsi
2214 4178 2515 4249 prterugatis
2538 4178 2743 4251 injuriis
2771 4178 3072 4232 docuerunt.
3099 4178 3429 4235 Reverterunt

1838 4271 2002 4325 vexati
2046 4271 2231 4325 milites
2277 4270 2347 4324 ad
2386 4278 2620 4324 numeros
2651 4286 2791 4333 suos,
2840 4280 2887 4324 et
2928 4272 3065 4341 quod
3091 4274 3193 4327 duo
3222 4274 3302 4328 vel
3330 4284 3430 4330 tres

1839 4364 1976 4434 passi
1998 4364 2476 4440 fuerantkuniversi
2506 4362 2800 4417 doluerunt.
2828 4362 3206 4420 Commotisunt
3224 4381 3430 4423 omnes:

1841 4459 1995 4511 iratos
2021 4458 2209 4513 milites
2245 4459 2462 4513 retinere
2485 4475 2597 4527 ,nec
2624 4475 2802 4513 eorum
2842 4460 3103 4529 prtepos‘iti
3140 4461 3427 4515 valuerunt.

166 4562 275 4605 rant
297 4554 428 4606 vires
457 4569 475 4606 :
520 4551 696 4606 nullus
738 4552 959 4605 creditor
995 4552 1086 4606 illo
1114 4561 1336 4624 tempore
1362 4550 1597 4623 exigendi
1640 4551 1736 4605 ha-
1764 4547 1817 4606 D
1845 4549 1935 4606 Sic
1964 4550 2247 4606 admissum
2292 4560 2390 4618 est,
2434 4568 2525 4623 per
2548 4552 2688 4622 quod
2728 4552 2923 4608 invidia
2950 4554 3133 4607 unitati
3173 4557 3310 4623 facta
3335 4565 3428 4620 est,

167 4644 266 4699 buit
294 4648 591 4701 libertatem.
627 4643 966 4700 Terrebantur
1012 4661 1185 4700 omnes
1220 4646 1401 4700 litteris
1446 4662 1623 4700 eorum
1650 4646 1736 4716 qui

165 4754 215 4791 sc
240 4748 523 4794 sanctorum
548 4740 702 4794 duces
728 4740 889 4810 fuisse
903 4738 1171 4810 jactabant
1192 4755 1211 4794 :
1241 4749 1289 4793 et
1326 4739 1368 4793 si
1401 4740 1453 4792 in
1483 4738 1740 4810 obtempe-

166 4832 321 4882 raudo
350 4848 523 4885 eorum
552 4830 873 4904 jussionibus
900 4828 1214 4899 tardaretur,
1257 4830 1526 4885 advolabat
1576 4831 1739 4885 subito

167 4923 430 4977 multitudo
452 4925 657 4989 insana,
678 4933 722 4977 et
746 4925 1060 4995 prtecedente
1080 4935 1270 4978 terrore
1299 4923 1577 4978 creditores
1604 4920 1738 4994 peri—

168 5016 290 5079 culis
314 5017 668 5072 vallabantur:
700 5027 753 5070 ut
780 5018 866 5088 qui
914 5033 1006 5082 pro
1038 5018 1277 5086 prtestitis
1304 5016 1413 5070 suis
1436 5017 1612 5087 rogari
1652 5016 1738 5070 de-

168 5106 386 5177 buerant,
437 5121 574 5165 metu
602 5111 779 5164 mortis
810 5108 1026 5164 humiles
1052 5110 1432 5178 impellerentur
1460 5110 1513 5163 in
1543 5124 1737 5181 preces.

170 5195 453 5256 Frstinabat
480 5202 824 5273 unusquisque
852 5201 1025 5256 debita
1048 5203 1200 5255 etiam
1230 5202 1455 5256 maxima
1482 5202 1692 5272 perdere
1718 5217 1736 5256 :

168 5299 214 5345 et
260 5293 447 5347 lucrum
495 5296 885 5362 computabatur
923 5296 1142 5349 evasisse
1190 5294 1252 5349 ab
1284 5312 1459 5350 eorum
1509 5295 1735 5367 injuriis.

172 5382 335 5438 Etiam
351 5390 529 5443 itinera
559 5405 661 5443 non
691 5398 923 5458 poterant
944 5405 1052 5443 esse
1073 5389 1345 5453 tutissima,
1377 5387 1515 5458 quod
1547 5387 1743 5440 domini

172 5473 233 5527 de
256 5479 487 5532 vehiculis
504 5481 612 5533 suis
636 5480 836 5533 excussi
863 5490 981 5533 ante
1002 5481 1257 5547 mancipia
1279 5497 1394 5545 sua,
1419 5479 1740 5532 dominorum

175 5562 263 5615 loc.
286 5609 290 5612 .
314 5568 554 5633 sedentia,
577 5570 827 5623 serviliter
846 5580 1200 5623 cucurrerunt.
1232 5568 1453 5623 Illorum
1469 5569 1675 5639 judicio
1698 5580 1744 5623 et

172 5655 372 5725 imperio
410 5663 538 5715 inter
583 5661 817 5715 dominos
861 5672 906 5715 et
949 5679 1117 5717 servos
1160 5662 1384 5716 conditio
1421 5662 1737 5715 mutabatur.

181 5743 322 5804 Unde
348 5768 459 5805 cum
497 5753 649 5823 hujus
685 5754 847 5824 partis
886 5753 1142 5824 episcopis
1174 5762 1290 5807 tunc
1329 5752 1523 5807 invidia
1558 5753 1701 5822 fieret
1725 5793 1741 5823 ,

1846 4643 1942 4697 hoc
1967 4653 2061 4711 est,
2099 4660 2390 4715 compressa
2416 4643 2898 4700 Circumcellionunt
2934 4663 3024 4718 per
3053 4648 3150 4701 vim
3188 4647 3427 4715 audacia,

1845 4739 1947 4792 imo
1976 4746 2024 4792 et
2067 4739 2299 4793 nonnulli
2327 4739 2445 4793 caesi
2473 4740 2603 4793 inter
2627 4755 2755 4809 quos
2801 4738 3069 4794 Marculus
3110 4752 3158 4795 et
3200 4741 3430 4797 Donatus

1848 4828 2163 4901 Bagaiensis,
2196 4830 2543 4884 Maximianus
2570 4840 2617 4884 et
2640 4829 2815 4897 Isaac,
2838 4848 3059 4900 quorum
3086 4820 3219 4888 velut
3242 4845 3432 4906 marty-

1832 4937 1958 4975 rum
1987 4924 2282 4976 memoriam
2307 4921 2621 4977 celebrarunt
2647 4930 2697 4977 et
2724 4931 2854 4997 acta~
2881 4924 3131 4996 passionis
3173 4927 3432 4996 conscrip-

1845 5027 2019 5071 serunt
2045 5014 2352 5081 Donatista,
2379 5031 2492 5084 quis
2512 5032 2543 5068 a
2570 5014 2713 5069 nobis
2736 5016 2791 5069 in
2813 5017 2917 5085 ﬁne
2939 5019 3091 5090 hujus
3111 5015 3283 5089 operis
3296 5022 3434 5074 edita

1843 5118 1982 5161 sunt.
2037 5105 2277 5173 Plerique
2330 5116 2497 5159 tamen
2541 5107 2983 5163 schismaticorum
3038 5111 3265 5181 episcopi
3318 5128 3435 5164 cum

1845 5198 1953 5252 suis
1979 5195 2188 5251 Clericis
2224 5197 2406 5250 timore
2424 5198 2648 5267 correpti
2674 5200 2939 5269 fugerunt,
2968 5202 3125 5272 aliqui
3151 5214 3267 5258 sunt
3296 5222 3435 5259 mor-

1844 5290 1952 5353 tui;
1991 5289 2077 5371 qui
2119 5289 2355 5365 fortiores
2384 5292 2593 5359 fuerunt
2619 5292 2755 5360 capti
2794 5303 2841 5347 et
2871 5293 3020 5367 longe
3047 5296 3251 5366 relegati
3287 5306 3431 5353 sunt;

1846 5382 1930 5436 Es:
1959 5382 2141 5435 horum
2165 5396 2375 5434 numero
2399 5382 2597 5437 videtur
2617 5383 2778 5454 fuisse
2806 5384 3036 5441 Donatus
3064 5386 3430 5462 Carthaginian-

1844 5476 1937 5543 sis,
1967 5491 2112 5544 quem
2136 5474 2326 5529 idcirco
2355 5475 2407 5528 in
2437 5475 2713 5531 collatione
2734 5476 3124 5552 Curthaginensi
3144 5480 3433 5538 Petilianus

1852 5565 1953 5638 14
1981 5565 2251 5620 Donatista
2295 5569 2604 5637 ntartyrialis
2631 5568 2810 5638 gloria
2838 5570 3001 5626 virum
3028 5573 3271 5643 appellat.
3309 5553 3434 5630 llaec

1848 5657 2145 5727 przusi-rtim
2199 5658 2249 5711 in
2297 5656 2541 5712 Numidia
2589 5668 2739 5728 gusta
2783 5670 2941 5726 sunt;
2986 5680 3107 5718 nam
3159 5666 3433 5736 provincia

1848 5750 2250 5822 proconsularis
2281 5751 2351 5808 alr
2393 5750 2688 5817 Iustus-bis
2734 5752 2988 5814 immunis
3018 5757 3135 5815 luit.
3175 5757 3271 5817 Illa
3308 5768 3436 5819 sunt
3482 5774 3485 5777 '
