  <div class='ocr_page' id='page_1' title='image "/cluster/home/n/w/nwhite01/storage/ocr_20150623/11/uva.x000826576/409.png"; bbox 0 0 3848 6220; ppageno 0'>
   <div class='ocr_carea' id='block_1_1' title="bbox 408 212 511 268">
    <p class='ocr_par' dir='ltr' id='par_1_1' title="bbox 408 212 511 268">
     <span class='ocr_line' id='line_1_1' title="bbox 408 212 511 268; baseline 0.039 -4"><span class='ocrx_word' id='word_1_1' title='bbox 408 212 511 268; x_wconf 73' lang='lat'><strong>805</strong></span> 
     </span>
    </p>
   </div>
   <div class='ocr_carea' id='block_1_2' title="bbox 1570 196 2480 279">
    <p class='ocr_par' dir='ltr' id='par_1_2' title="bbox 1570 196 2480 279">
     <span class='ocr_line' id='line_1_2' title="bbox 1570 196 2480 279; baseline -0.004 -23"><span class='ocrx_word' id='word_1_2' title='bbox 1570 199 1891 279; x_wconf 64' lang='lat' dir='ltr'><strong>HISTORIA</strong></span> <span class='ocrx_word' id='word_1_3' title='bbox 1927 196 2480 257; x_wconf 74' lang='lat' dir='ltr'><strong>DONATIS&#39;I&#39;ARUM.</strong></span> 
     </span>
    </p>
   </div>
   <div class='ocr_carea' id='block_1_3' title="bbox 3573 187 3692 245">
    <p class='ocr_par' dir='ltr' id='par_1_3' title="bbox 3573 187 3692 245">
     <span class='ocr_line' id='line_1_3' title="bbox 3573 187 3692 245; baseline 0 0"><span class='ocrx_word' id='word_1_4' title='bbox 3573 187 3645 245; x_wconf 80' lang='lat' dir='ltr'><strong>Su</strong></span> <span class='ocrx_word' id='word_1_5' title='bbox 3663 190 3692 245; x_wconf 75' lang='grc' dir='ltr'><strong><em>ι</em></strong></span> 
     </span>
    </p>
   </div>
   <div class='ocr_carea' id='block_1_4' title="bbox 409 304 3571 395">
    <p class='ocr_par' dir='ltr' id='par_1_4' title="bbox 409 304 3571 395">
     <span class='ocr_line' id='line_1_4' title="bbox 409 304 3571 395; baseline -0.007 -16"><span class='ocrx_word' id='word_1_6' title='bbox 409 334 650 395; x_wconf 68' lang='grc' dir='ltr'><strong>ιιτιινρσιτει</strong></span> <span class='ocrx_word' id='word_1_7' title='bbox 700 331 754 378; x_wconf 86' lang='lat' dir='ltr'><strong>et</strong></span> <span class='ocrx_word' id='word_1_8' title='bbox 797 320 933 377; x_wconf 87' lang='lat' dir='ltr'><strong>facta</strong></span> <span class='ocrx_word' id='word_1_9' title='bbox 984 317 1299 383; x_wconf 80' lang='lat' dir='ltr'><strong>Macariana,</strong></span> <span class='ocrx_word' id='word_1_10' title='bbox 1348 330 1413 370; x_wconf 72' lang='lat' dir='ltr'><strong>ex</strong></span> <span class='ocrx_word' id='word_1_11' title='bbox 1453 314 1644 384; x_wconf 86' lang='lat' dir='ltr'><strong>quibus</strong></span> <span class='ocrx_word' id='word_1_12' title='bbox 1698 313 1985 368; x_wconf 77' lang='lat' dir='ltr'><strong>Donatista:</strong></span> <span class='ocrx_word' id='word_1_13' title='bbox 2014 316 2063 375; x_wconf 83' lang='grc' dir='ltr'><strong>Λ</strong></span> <span class='ocrx_word' id='word_1_14' title='bbox 2091 313 2266 379; x_wconf 89' lang='lat' dir='ltr'><strong>initio,</strong></span> <span class='ocrx_word' id='word_1_15' title='bbox 2293 328 2390 368; x_wconf 91' lang='lat' dir='ltr'><strong>nec</strong></span> <span class='ocrx_word' id='word_1_16' title='bbox 2414 311 2584 367; x_wconf 87' lang='lat' dir='ltr'><strong>ullum</strong></span> <span class='ocrx_word' id='word_1_17' title='bbox 2607 309 2943 366; x_wconf 89' lang='lat' dir='ltr'><strong>sacerdotale</strong></span> <span class='ocrx_word' id='word_1_18' title='bbox 2969 306 3203 364; x_wconf 74' lang='lat' dir='ltr'><strong>ofﬁciunt</strong></span> <span class='ocrx_word' id='word_1_19' title='bbox 3234 304 3571 395; x_wconf 59' lang='lat' dir='ltr'><strong>exercuisse.</strong></span> 
     </span>
    </p>
   </div>
   <div class='ocr_carea' id='block_1_5' title="bbox 406 396 1984 477">
    <p class='ocr_par' dir='ltr' id='par_1_5' title="bbox 406 396 1984 477">
     <span class='ocr_line' id='line_1_5' title="bbox 406 396 1984 477; baseline -0.008 -9"><span class='ocrx_word' id='word_1_20' title='bbox 406 415 698 470; x_wconf 85' lang='lat' dir='ltr'><strong>Catholicis</strong></span> <span class='ocrx_word' id='word_1_21' title='bbox 725 413 962 468; x_wconf 82' lang='lat' dir='ltr'><strong>invidiam</strong></span> <span class='ocrx_word' id='word_1_22' title='bbox 1000 408 1292 477; x_wconf 74' lang='lat' dir='ltr'><strong>conﬂabant</strong></span> <span class='ocrx_word' id='word_1_23' title='bbox 1321 422 1339 459; x_wconf 94' lang='lat'><em>:</em></span> <span class='ocrx_word' id='word_1_24' title='bbox 1365 416 1413 459; x_wconf 92' lang='lat' dir='ltr'><strong>et</strong></span> <span class='ocrx_word' id='word_1_25' title='bbox 1447 417 1613 458; x_wconf 87' lang='lat' dir='ltr'><strong>tamen</strong></span> <span class='ocrx_word' id='word_1_26' title='bbox 1644 406 1829 457; x_wconf 89' lang='lat' dir='ltr'><strong>horum</strong></span> <span class='ocrx_word' id='word_1_27' title='bbox 1872 396 1984 457; x_wconf 85' lang='lat' dir='ltr'><strong>om-</strong></span> 
     </span>
    </p>
   </div>
   <div class='ocr_carea' id='block_1_6' title="bbox 364 482 1987 577">
    <p class='ocr_par' dir='ltr' id='par_1_6' title="bbox 364 482 1987 577">
     <span class='ocr_line' id='line_1_6' title="bbox 364 482 1987 577; baseline -0.007 -15"><span class='ocrx_word' id='word_1_28' title='bbox 364 540 368 543; x_wconf 29' lang='grc' dir='ltr'><strong>Α</strong></span> <span class='ocrx_word' id='word_1_29' title='bbox 407 509 569 574; x_wconf 89' lang='lat' dir='ltr'><strong>nium,</strong></span> <span class='ocrx_word' id='word_1_30' title='bbox 593 505 759 577; x_wconf 88' lang='lat' dir='ltr'><strong>inquit</strong></span> <span class='ocrx_word' id='word_1_31' title='bbox 785 504 1029 573; x_wconf 86' lang='lat' dir='ltr'><strong>Optatos,</strong></span> <span class='ocrx_word' id='word_1_32' title='bbox 1053 500 1182 553; x_wconf 82' lang='lat' dir='ltr'><strong>nihil</strong></span> <span class='ocrx_word' id='word_1_33' title='bbox 1201 509 1369 553; x_wconf 88' lang='lat' dir='ltr'><strong>actum</strong></span> <span class='ocrx_word' id='word_1_34' title='bbox 1403 506 1481 552; x_wconf 87' lang='lat' dir='ltr'><strong>est</strong></span> <span class='ocrx_word' id='word_1_35' title='bbox 1503 513 1619 552; x_wconf 87' lang='lat' dir='ltr'><strong>cum</strong></span> <span class='ocrx_word' id='word_1_36' title='bbox 1651 507 1763 551; x_wconf 84' lang='lat' dir='ltr'><strong>voto</strong></span> <span class='ocrx_word' id='word_1_37' title='bbox 1791 482 1987 551; x_wconf 86' lang='lat' dir='ltr'><strong>Catho-</strong></span> 
     </span>
    </p>
   </div>
   <div class='ocr_carea' id='block_1_7' title="bbox 406 585 1984 665">
    <p class='ocr_par' dir='ltr' id='par_1_7' title="bbox 406 585 1984 665">
     <span class='ocr_line' id='line_1_7' title="bbox 406 585 1984 665; baseline -0.009 -9"><span class='ocrx_word' id='word_1_38' title='bbox 406 602 638 665; x_wconf 86' lang='lat' dir='ltr'><strong>licorum,</strong></span> <span class='ocrx_word' id='word_1_39' title='bbox 693 597 822 650; x_wconf 82' lang='lat' dir='ltr'><strong>nihil</strong></span> <span class='ocrx_word' id='word_1_40' title='bbox 870 612 985 648; x_wconf 89' lang='lat' dir='ltr'><strong>cum</strong></span> <span class='ocrx_word' id='word_1_41' title='bbox 1035 594 1269 661; x_wconf 85' lang='lat' dir='ltr'><strong>consilio,</strong></span> <span class='ocrx_word' id='word_1_42' title='bbox 1317 592 1447 647; x_wconf 88' lang='lat' dir='ltr'><strong>nihil</strong></span> <span class='ocrx_word' id='word_1_43' title='bbox 1493 608 1608 646; x_wconf 89' lang='lat' dir='ltr'><strong>cum</strong></span> <span class='ocrx_word' id='word_1_44' title='bbox 1649 585 1984 657; x_wconf 77' lang='lat' dir='ltr'><strong>conscientia,</strong></span> 
     </span>
    </p>
   </div>
   <div class='ocr_carea' id='block_1_8' title="bbox 406 678 1988 759">
    <p class='ocr_par' dir='ltr' id='par_1_8' title="bbox 406 678 1988 759">
     <span class='ocr_line' id='line_1_8' title="bbox 406 678 1988 759; baseline -0.004 -15"><span class='ocrx_word' id='word_1_45' title='bbox 406 692 534 746; x_wconf 81' lang='lat' dir='ltr'><strong>nihil</strong></span> <span class='ocrx_word' id='word_1_46' title='bbox 557 707 671 746; x_wconf 90' lang='lat' dir='ltr'><strong>cum</strong></span> <span class='ocrx_word' id='word_1_47' title='bbox 701 703 884 759; x_wconf 85' lang='lat' dir='ltr'><strong>opere;</strong></span> <span class='ocrx_word' id='word_1_48' title='bbox 910 689 1001 742; x_wconf 86' lang='lat' dir='ltr'><strong>sed</strong></span> <span class='ocrx_word' id='word_1_49' title='bbox 1031 678 1288 742; x_wconf 72' lang='lat' dir='ltr'><strong>omniain‘</strong></span> <span class='ocrx_word' id='word_1_50' title='bbox 1309 687 1487 740; x_wconf 75' lang='lat' dir='ltr'><strong>dolore</strong></span> <span class='ocrx_word' id='word_1_51' title='bbox 1515 684 1613 739; x_wconf 94' lang='lat' dir='ltr'><strong>Dei</strong></span> <span class='ocrx_word' id='word_1_52' title='bbox 1654 701 1828 739; x_wconf 89' lang='lat' dir='ltr'><strong>amare</strong></span> <span class='ocrx_word' id='word_1_53' title='bbox 1869 684 1988 756; x_wconf 89' lang='lat' dir='ltr'><strong>plo-</strong></span> 
     </span>
    </p>
   </div>
   <div class='ocr_carea' id='block_1_9' title="bbox 402 778 1986 848">
    <p class='ocr_par' dir='ltr' id='par_1_9' title="bbox 402 778 1986 848">
     <span class='ocr_line' id='line_1_9' title="bbox 402 778 1986 848; baseline -0.005 -11"><span class='ocrx_word' id='word_1_54' title='bbox 402 784 559 837; x_wconf 89' lang='lat' dir='ltr'><strong>rantis</strong></span> <span class='ocrx_word' id='word_1_55' title='bbox 582 791 628 836; x_wconf 91' lang='lat' dir='ltr'><strong>et</strong></span> <span class='ocrx_word' id='word_1_56' title='bbox 658 782 710 834; x_wconf 89' lang='lat' dir='ltr'><strong>in</strong></span> <span class='ocrx_word' id='word_1_57' title='bbox 742 781 983 834; x_wconf 88' lang='lat' dir='ltr'><strong>ultionem</strong></span> <span class='ocrx_word' id='word_1_58' title='bbox 1017 795 1183 846; x_wconf 73' lang='lat' dir='ltr'><strong>aquae,</strong></span> <span class='ocrx_word' id='word_1_59' title='bbox 1215 778 1351 833; x_wconf 89' lang='lat' dir='ltr'><strong>sacri</strong></span> <span class='ocrx_word' id='word_1_60' title='bbox 1372 778 1562 832; x_wconf 75' lang='lat' dir='ltr'><strong>scilicet</strong></span> <span class='ocrx_word' id='word_1_61' title='bbox 1590 778 1804 842; x_wconf 75' lang='lat' dir='ltr'><strong>lavacri;</strong></span> <span class='ocrx_word' id='word_1_62' title='bbox 1831 792 1986 848; x_wconf 85' lang='lat' dir='ltr'><strong>quam</strong></span> 
     </span>
    </p>
   </div>
   <div class='ocr_carea' id='block_1_10' title="bbox 400 867 1985 936">
    <p class='ocr_par' dir='ltr' id='par_1_10' title="bbox 400 867 1985 936">
     <span class='ocr_line' id='line_1_10' title="bbox 400 867 1985 936; baseline -0.005 -8"><span class='ocrx_word' id='word_1_63' title='bbox 400 882 575 928; x_wconf 89' lang='lat' dir='ltr'><strong>contra</strong></span> <span class='ocrx_word' id='word_1_64' title='bbox 602 871 928 927; x_wconf 87' lang='lat' dir='ltr'><strong>interdictum</strong></span> <span class='ocrx_word' id='word_1_65' title='bbox 949 871 1131 924; x_wconf 91' lang='lat' dir='ltr'><strong>iterum</strong></span> <span class='ocrx_word' id='word_1_66' title='bbox 1162 870 1452 924; x_wconf 78' lang='lat' dir='ltr'><strong>movebant.</strong></span> <span class='ocrx_word' id='word_1_67' title='bbox 1480 867 1595 923; x_wconf 82' lang='lat' dir='ltr'><strong>Hoc</strong></span> <span class='ocrx_word' id='word_1_68' title='bbox 1626 878 1803 923; x_wconf 89' lang='lat' dir='ltr'><strong>tamen</strong></span> <span class='ocrx_word' id='word_1_69' title='bbox 1828 878 1985 936; x_wconf 87' lang='lat' dir='ltr'><strong>pacto</strong></span> 
     </span>
    </p>
   </div>
   <div class='ocr_carea' id='block_1_11' title="bbox 400 959 2017 1034">
    <p class='ocr_par' dir='ltr' id='par_1_11' title="bbox 400 959 2017 1034">
     <span class='ocr_line' id='line_1_11' title="bbox 400 959 2017 1034; baseline -0.003 -15"><span class='ocrx_word' id='word_1_70' title='bbox 400 966 577 1019; x_wconf 89' lang='lat' dir='ltr'><strong>unitas</strong></span> <span class='ocrx_word' id='word_1_71' title='bbox 604 973 893 1034; x_wconf 91' lang='lat' dir='ltr'><strong>procurata</strong></span> <span class='ocrx_word' id='word_1_72' title='bbox 922 972 1004 1019; x_wconf 83' lang='lat' dir='ltr'><strong>est</strong></span> <span class='ocrx_word' id='word_1_73' title='bbox 1030 971 1085 1017; x_wconf 90' lang='lat' dir='ltr'><strong>et</strong></span> <span class='ocrx_word' id='word_1_74' title='bbox 1113 977 1215 1032; x_wconf 82' lang='lat' dir='ltr'><strong>pax</strong></span> <span class='ocrx_word' id='word_1_75' title='bbox 1246 962 1298 1016; x_wconf 89' lang='lat' dir='ltr'><strong>in</strong></span> <span class='ocrx_word' id='word_1_76' title='bbox 1330 960 1509 1016; x_wconf 82' lang='lat' dir='ltr'><strong>Africa</strong></span> <span class='ocrx_word' id='word_1_77' title='bbox 1540 961 1808 1025; x_wconf 90' lang='lat' dir='ltr'><strong>restituta,</strong></span> <span class='ocrx_word' id='word_1_78' title='bbox 1832 959 2017 1029; x_wconf 36' lang='lat' dir='ltr'><strong>cujus&#39;</strong></span> 
     </span>
    </p>
   </div>
   <div class='ocr_carea' id='block_1_12' title="bbox 396 1048 1983 1130">
    <p class='ocr_par' dir='ltr' id='par_1_12' title="bbox 396 1048 1983 1130">
     <span class='ocr_line' id='line_1_12' title="bbox 396 1048 1983 1130; baseline -0.005 -16"><span class='ocrx_word' id='word_1_79' title='bbox 396 1058 641 1115; x_wconf 80' lang='lat' dir='ltr'><strong>beneficii</strong></span> <span class='ocrx_word' id='word_1_80' title='bbox 674 1060 873 1130; x_wconf 85' lang='lat' dir='ltr'><strong>gratias</strong></span> <span class='ocrx_word' id='word_1_81' title='bbox 898 1059 1008 1129; x_wconf 88' lang='lat' dir='ltr'><strong>agit</strong></span> <span class='ocrx_word' id='word_1_82' title='bbox 1037 1058 1162 1123; x_wconf 87' lang='lat' dir='ltr'><strong>Deo,</strong></span> <span class='ocrx_word' id='word_1_83' title='bbox 1196 1056 1436 1110; x_wconf 89' lang='lat' dir='ltr'><strong>omnium</strong></span> <span class='ocrx_word' id='word_1_84' title='bbox 1464 1053 1656 1109; x_wconf 81' lang='lat' dir='ltr'><strong>Africae</strong></span> <span class='ocrx_word' id='word_1_85' title='bbox 1685 1048 1983 1124; x_wconf 88' lang='lat' dir='ltr'><strong>Episcopo-</strong></span> 
     </span>
    </p>
   </div>
   <div class='ocr_carea' id='block_1_13' title="bbox 398 1144 1984 1214">
    <p class='ocr_par' dir='ltr' id='par_1_13' title="bbox 398 1144 1984 1214">
     <span class='ocr_line' id='line_1_13' title="bbox 398 1144 1984 1214; baseline -0.004 -8"><span class='ocrx_word' id='word_1_86' title='bbox 398 1148 515 1206; x_wconf 77' lang='lat' dir='ltr'><strong>rutri</strong></span> <span class='ocrx_word' id='word_1_87' title='bbox 562 1149 963 1206; x_wconf 84' lang='lat' dir='ltr'><strong>Catholicorum</strong></span> <span class='ocrx_word' id='word_1_88' title='bbox 1008 1149 1249 1213; x_wconf 87' lang='lat' dir='ltr'><strong>nomine,</strong></span> <span class='ocrx_word' id='word_1_89' title='bbox 1300 1149 1500 1202; x_wconf 85' lang='lat' dir='ltr'><strong>Gratus</strong></span> <span class='ocrx_word' id='word_1_90' title='bbox 1544 1144 1984 1214; x_wconf 85' lang='lat' dir='ltr'><strong>Cartbaginensis</strong></span> 
     </span>
    </p>
   </div>
   <div class='ocr_carea' id='block_1_14' title="bbox 396 1238 1985 1314">
    <p class='ocr_par' dir='ltr' id='par_1_14' title="bbox 396 1238 1985 1314">
     <span class='ocr_line' id='line_1_14' title="bbox 396 1238 1985 1314; baseline -0.004 -15"><span class='ocrx_word' id='word_1_91' title='bbox 396 1243 677 1314; x_wconf 86' lang='lat' dir='ltr'><strong>episcopus</strong></span> <span class='ocrx_word' id='word_1_92' title='bbox 723 1243 778 1297; x_wconf 92' lang='lat' dir='ltr'><strong>in</strong></span> <span class='ocrx_word' id='word_1_93' title='bbox 828 1243 1059 1299; x_wconf 91' lang='lat' dir='ltr'><strong>concilio</strong></span> <span class='ocrx_word' id='word_1_94' title='bbox 1100 1240 1508 1312; x_wconf 72' lang='lat' dir='ltr'><strong>Carthaginiensi</strong></span> <span class='ocrx_word' id='word_1_95' title='bbox 1558 1239 1682 1293; x_wconf 89' lang='lat' dir='ltr'><strong>anni</strong></span> <span class='ocrx_word' id='word_1_96' title='bbox 1725 1239 1849 1305; x_wconf 64' lang='lat'><strong>559,</strong></span> <span class='ocrx_word' id='word_1_97' title='bbox 1899 1238 1985 1292; x_wconf 89' lang='lat' dir='ltr'><strong>his</strong></span> 
     </span>
    </p>
   </div>
   <div class='ocr_carea' id='block_1_15' title="bbox 397 1331 1985 1407">
    <p class='ocr_par' dir='ltr' id='par_1_15' title="bbox 397 1331 1985 1407">
     <span class='ocr_line' id='line_1_15' title="bbox 397 1331 1985 1407; baseline -0.004 -15"><span class='ocrx_word' id='word_1_98' title='bbox 397 1331 576 1393; x_wconf 80' lang='lat' dir='ltr'><strong>verbis</strong></span> <span class='ocrx_word' id='word_1_99' title='bbox 607 1355 622 1392; x_wconf 87' lang='lat'><strong>:</strong></span> <span class='ocrx_word' id='word_1_100' title='bbox 654 1336 860 1392; x_wconf 78' lang='lat' dir='ltr'><strong>Gratias</strong></span> <span class='ocrx_word' id='word_1_101' title='bbox 886 1337 996 1392; x_wconf 90' lang='lat' dir='ltr'><strong>Deo</strong></span> <span class='ocrx_word' id='word_1_102' title='bbox 1034 1336 1368 1407; x_wconf 88' lang='lat' dir='ltr'><strong>omnipotenti</strong></span> <span class='ocrx_word' id='word_1_103' title='bbox 1406 1345 1449 1389; x_wconf 91' lang='lat' dir='ltr'><strong>et</strong></span> <span class='ocrx_word' id='word_1_104' title='bbox 1481 1331 1684 1388; x_wconf 78' lang='lat' dir='ltr'><strong>Christo</strong></span> <span class='ocrx_word' id='word_1_105' title='bbox 1709 1331 1740 1386; x_wconf 78' lang='grc' dir='ltr'><strong>ιΙ</strong></span> <span class='ocrx_word' id='word_1_106' title='bbox 1747 1349 1858 1396; x_wconf 88' lang='lat' dir='ltr'><strong>esu,</strong></span> <span class='ocrx_word' id='word_1_107' title='bbox 1897 1332 1985 1400; x_wconf 89' lang='lat' dir='ltr'><strong>qui</strong></span> 
     </span>
    </p>
   </div>
   <div class='ocr_carea' id='block_1_16' title="bbox 394 1416 1986 1497">
    <p class='ocr_par' dir='ltr' id='par_1_16' title="bbox 394 1416 1986 1497">
     <span class='ocr_line' id='line_1_16' title="bbox 394 1416 1986 1497; baseline -0.004 -14"><span class='ocrx_word' id='word_1_108' title='bbox 394 1429 532 1483; x_wconf 83' lang='lat' dir='ltr'><strong>dedit</strong></span> <span class='ocrx_word' id='word_1_109' title='bbox 574 1429 1123 1496; x_wconf 23' lang='lat' dir='ltr'><strong>malis‘schismatibus</strong></span> <span class='ocrx_word' id='word_1_110' title='bbox 1152 1429 1305 1497; x_wconf 77' lang='lat' dir='ltr'><strong>ﬁnem</strong></span> <span class='ocrx_word' id='word_1_111' title='bbox 1335 1438 1380 1482; x_wconf 93' lang='lat' dir='ltr'><strong>et</strong></span> <span class='ocrx_word' id='word_1_112' title='bbox 1426 1427 1649 1497; x_wconf 73' lang='lat' dir='ltr'><strong>respexit</strong></span> <span class='ocrx_word' id='word_1_113' title='bbox 1702 1416 1986 1480; x_wconf 76' lang='lat' dir='ltr'><strong>Ecclesium</strong></span> 
     </span>
    </p>
   </div>
   <div class='ocr_carea' id='block_1_17' title="bbox 392 1520 1988 1595">
    <p class='ocr_par' dir='ltr' id='par_1_17' title="bbox 392 1520 1988 1595">
     <span class='ocr_line' id='line_1_17' title="bbox 392 1520 1988 1595; baseline -0.003 -21"><span class='ocrx_word' id='word_1_114' title='bbox 392 1538 541 1575; x_wconf 87' lang='lat' dir='ltr'><strong>suam</strong></span> <span class='ocrx_word' id='word_1_115' title='bbox 594 1531 668 1587; x_wconf 90' lang='lat' dir='ltr'><strong>ut,</strong></span> <span class='ocrx_word' id='word_1_116' title='bbox 711 1522 763 1575; x_wconf 88' lang='lat' dir='ltr'><strong>in</strong></span> <span class='ocrx_word' id='word_1_117' title='bbox 802 1525 917 1595; x_wconf 87' lang='lat' dir='ltr'><strong>ejus</strong></span> <span class='ocrx_word' id='word_1_118' title='bbox 946 1523 1194 1593; x_wconf 85' lang='lat' dir='ltr'><strong>gremium</strong></span> <span class='ocrx_word' id='word_1_119' title='bbox 1240 1522 1456 1594; x_wconf 85' lang='lat' dir='ltr'><strong>erigeret</strong></span> <span class='ocrx_word' id='word_1_120' title='bbox 1499 1520 1736 1573; x_wconf 81' lang='lat' dir='ltr'><strong>universa</strong></span> <span class='ocrx_word' id='word_1_121' title='bbox 1764 1522 1988 1571; x_wconf 86' lang='lat' dir='ltr'><strong>membra</strong></span> 
     </span>
    </p>
   </div>
   <div class='ocr_carea' id='block_1_18' title="bbox 393 1612 1986 1688">
    <p class='ocr_par' dir='ltr' id='par_1_18' title="bbox 393 1612 1986 1688">
     <span class='ocr_line' id='line_1_18' title="bbox 393 1612 1986 1688; baseline -0.001 -22"><span class='ocrx_word' id='word_1_122' title='bbox 393 1614 649 1685; x_wconf 88' lang='lat' dir='ltr'><strong>dispersa,</strong></span> <span class='ocrx_word' id='word_1_123' title='bbox 689 1617 775 1683; x_wconf 85' lang='lat' dir='ltr'><strong>qui</strong></span> <span class='ocrx_word' id='word_1_124' title='bbox 804 1615 1069 1686; x_wconf 79' lang='lat' dir='ltr'><strong>imperavit</strong></span> <span class='ocrx_word' id='word_1_125' title='bbox 1094 1615 1483 1688; x_wconf 87' lang='lat' dir='ltr'><strong>religiosissima</strong></span> <span class='ocrx_word' id='word_1_126' title='bbox 1514 1613 1778 1668; x_wconf 82' lang='lat' dir='ltr'><strong>Constanti</strong></span> <span class='ocrx_word' id='word_1_127' title='bbox 1824 1612 1986 1685; x_wconf 83' lang='lat' dir='ltr'><strong>impe-</strong></span> 
     </span>
    </p>
   </div>
   <div class='ocr_carea' id='block_1_19' title="bbox 2165 393 3697 472">
    <p class='ocr_par' dir='ltr' id='par_1_19' title="bbox 2165 393 3697 472">
     <span class='ocr_line' id='line_1_19' title="bbox 2165 393 3697 472; baseline -0.007 -15"><span class='ocrx_word' id='word_1_128' title='bbox 2165 405 2281 459; x_wconf 69' lang='lat' dir='ltr'><strong>Pax.</strong></span> <span class='ocrx_word' id='word_1_129' title='bbox 2313 402 2560 458; x_wconf 72' lang='lat' dir='ltr'><strong>Ecclesia:</strong></span> <span class='ocrx_word' id='word_1_130' title='bbox 2596 402 2853 472; x_wconf 76' lang='lat' dir='ltr'><strong>Africana:</strong></span> <span class='ocrx_word' id='word_1_131' title='bbox 2888 399 3132 471; x_wconf 80' lang='lat' dir='ltr'><strong>quamdiu</strong></span> <span class='ocrx_word' id='word_1_132' title='bbox 3174 397 3454 450; x_wconf 83' lang='lat' dir='ltr'><strong>duraverit.</strong></span> <span class='ocrx_word' id='word_1_133' title='bbox 3485 393 3697 447; x_wconf 81' lang='lat' dir='ltr'><strong>Donati</strong></span> 
     </span>
    </p>
   </div>
   <div class='ocr_carea' id='block_1_20' title="bbox 2088 490 3697 551">
    <p class='ocr_par' dir='ltr' id='par_1_20' title="bbox 2088 490 3697 551">
     <span class='ocr_line' id='line_1_20' title="bbox 2088 490 3697 551; baseline -0.006 -3"><span class='ocrx_word' id='word_1_134' title='bbox 2088 513 2227 551; x_wconf 88' lang='lat' dir='ltr'><strong>mors</strong></span> <span class='ocrx_word' id='word_1_135' title='bbox 2266 498 2320 550; x_wconf 87' lang='lat' dir='ltr'><strong>in</strong></span> <span class='ocrx_word' id='word_1_136' title='bbox 2365 497 2540 550; x_wconf 72' lang='lat' dir='ltr'><strong>exilio.</strong></span> <span class='ocrx_word' id='word_1_137' title='bbox 2600 493 2973 549; x_wconf 76' lang='lat' dir='ltr'><strong>Parmenianus</strong></span> <span class='ocrx_word' id='word_1_138' title='bbox 3031 490 3218 544; x_wconf 80' lang='lat' dir='ltr'><strong>Donati</strong></span> <span class='ocrx_word' id='word_1_139' title='bbox 3270 503 3557 542; x_wconf 85' lang='lat' dir='ltr'><strong>successor.</strong></span> <span class='ocrx_word' id='word_1_140' title='bbox 3614 515 3697 526; x_wconf 91' lang='lat'>—</span> 
     </span>
    </p>
   </div>
   <div class='ocr_carea' id='block_1_21' title="bbox 2089 581 3696 654">
    <p class='ocr_par' dir='ltr' id='par_1_21' title="bbox 2089 581 3696 654">
     <span class='ocr_line' id='line_1_21' title="bbox 2089 581 3696 654; baseline -0.006 -12"><span class='ocrx_word' id='word_1_141' title='bbox 2089 588 2356 645; x_wconf 72' lang='lat' dir='ltr'><strong>Africana:</strong></span> <span class='ocrx_word' id='word_1_142' title='bbox 2379 588 2634 643; x_wconf 73' lang='lat' dir='ltr'><strong>Ecclesim</strong></span> <span class='ocrx_word' id='word_1_143' title='bbox 2654 589 2834 641; x_wconf 86' lang='lat' dir='ltr'><strong>unitas</strong></span> <span class='ocrx_word' id='word_1_144' title='bbox 2859 594 2914 640; x_wconf 91' lang='lat' dir='ltr'><strong>et</strong></span> <span class='ocrx_word' id='word_1_145' title='bbox 2944 600 3047 654; x_wconf 77' lang='lat' dir='ltr'><strong>pax</strong></span> <span class='ocrx_word' id='word_1_146' title='bbox 3069 598 3099 637; x_wconf 89' lang='lat' dir='ltr'><strong>a</strong></span> <span class='ocrx_word' id='word_1_147' title='bbox 3127 581 3361 637; x_wconf 84' lang='lat' dir='ltr'><strong>Macario</strong></span> <span class='ocrx_word' id='word_1_148' title='bbox 3389 588 3696 650; x_wconf 79' lang='lat' dir='ltr'><strong>procurata</strong></span> 
     </span>
    </p>
   </div>
   <div class='ocr_carea' id='block_1_22' title="bbox 2090 670 3689 749">
    <p class='ocr_par' dir='ltr' id='par_1_22' title="bbox 2090 670 3689 749">
     <span class='ocr_line' id='line_1_22' title="bbox 2090 670 3689 749; baseline -0.008 -13"><span class='ocrx_word' id='word_1_149' title='bbox 2090 696 2185 748; x_wconf 86' lang='lat' dir='ltr'><strong>per</strong></span> <span class='ocrx_word' id='word_1_150' title='bbox 2213 696 2384 735; x_wconf 89' lang='lat' dir='ltr'><strong>annos</strong></span> <span class='ocrx_word' id='word_1_151' title='bbox 2413 681 2525 734; x_wconf 85' lang='lat' dir='ltr'><strong>fere</strong></span> <span class='ocrx_word' id='word_1_152' title='bbox 2553 677 2956 749; x_wconf 84' lang='lat' dir='ltr'><strong>quatuordecim</strong></span> <span class='ocrx_word' id='word_1_153' title='bbox 2977 675 3076 729; x_wconf 87' lang='lat' dir='ltr'><strong>sub</strong></span> <span class='ocrx_word' id='word_1_154' title='bbox 3102 673 3401 729; x_wconf 88' lang='lat' dir='ltr'><strong>Constante</strong></span> <span class='ocrx_word' id='word_1_155' title='bbox 3429 679 3486 726; x_wconf 92' lang='lat' dir='ltr'><strong>et</strong></span> <span class='ocrx_word' id='word_1_156' title='bbox 3532 670 3689 723; x_wconf 81' lang='lat' dir='ltr'><strong>Con-</strong></span> 
     </span>
    </p>
   </div>
   <div class='ocr_carea' id='block_1_23' title="bbox 2087 761 3688 841">
    <p class='ocr_par' dir='ltr' id='par_1_23' title="bbox 2087 761 3688 841">
     <span class='ocr_line' id='line_1_23' title="bbox 2087 761 3688 841; baseline -0.008 -15"><span class='ocrx_word' id='word_1_157' title='bbox 2087 772 2286 826; x_wconf 84' lang='lat' dir='ltr'><strong>stantio</strong></span> <span class='ocrx_word' id='word_1_158' title='bbox 2304 773 2684 841; x_wconf 89' lang='lat' dir='ltr'><strong>perseveravit.</strong></span> <span class='ocrx_word' id='word_1_159' title='bbox 2702 770 2777 824; x_wconf 90' lang='lat' dir='ltr'><strong>Eo</strong></span> <span class='ocrx_word' id='word_1_160' title='bbox 2796 762 3454 837; x_wconf 9' lang='lat' dir='ltr'><strong>temporeVitelliusrAfer</strong></span> <span class='ocrx_word' id='word_1_161' title='bbox 3480 761 3688 816; x_wconf 86' lang='lat' dir='ltr'><strong>librum</strong></span> 
     </span>
    </p>
   </div>
   <div class='ocr_carea' id='block_1_24' title="bbox 2086 852 3690 934">
    <p class='ocr_par' dir='ltr' id='par_1_24' title="bbox 2086 852 3690 934">
     <span class='ocr_line' id='line_1_24' title="bbox 2086 852 3690 934; baseline -0.007 -15"><span class='ocrx_word' id='word_1_162' title='bbox 2086 865 2454 934; x_wconf 83' lang='lat' dir='ltr'><strong>composuisse</strong></span> <span class='ocrx_word' id='word_1_163' title='bbox 2494 862 2703 917; x_wconf 86' lang='lat' dir='ltr'><strong>videtur</strong></span> <span class='ocrx_word' id='word_1_164' title='bbox 2728 861 2800 917; x_wconf 88' lang='lat' dir='ltr'><strong>de</strong></span> <span class='ocrx_word' id='word_1_165' title='bbox 2831 860 2932 915; x_wconf 89' lang='lat' dir='ltr'><strong>hoc</strong></span> <span class='ocrx_word' id='word_1_166' title='bbox 2976 865 3314 929; x_wconf 86' lang='lat' dir='ltr'><strong>argumento,</strong></span> <span class='ocrx_word' id='word_1_167' title='bbox 3360 854 3505 925; x_wconf 88' lang='lat' dir='ltr'><strong>quod</strong></span> <span class='ocrx_word' id='word_1_168' title='bbox 3553 852 3690 908; x_wconf 84' lang='lat' dir='ltr'><strong>odio</strong></span> 
     </span>
    </p>
   </div>
   <div class='ocr_carea' id='block_1_25' title="bbox 2085 946 3695 1022">
    <p class='ocr_par' dir='ltr' id='par_1_25' title="bbox 2085 946 3695 1022">
     <span class='ocr_line' id='line_1_25' title="bbox 2085 946 3695 1022; baseline -0.006 -12"><span class='ocrx_word' id='word_1_169' title='bbox 2085 956 2193 1011; x_wconf 86' lang='lat' dir='ltr'><strong>sint</strong></span> <span class='ocrx_word' id='word_1_170' title='bbox 2219 955 2419 1009; x_wconf 91' lang='lat' dir='ltr'><strong>mundo</strong></span> <span class='ocrx_word' id='word_1_171' title='bbox 2445 954 2588 1009; x_wconf 87' lang='lat' dir='ltr'><strong>servi</strong></span> <span class='ocrx_word' id='word_1_172' title='bbox 2622 953 2739 1021; x_wconf 86' lang='lat' dir='ltr'><strong>Dei,</strong></span> <span class='ocrx_word' id='word_1_173' title='bbox 2770 953 2824 1007; x_wconf 92' lang='lat' dir='ltr'><strong>in</strong></span> <span class='ocrx_word' id='word_1_174' title='bbox 2848 949 3280 1022; x_wconf 82' lang='lat' dir='ltr'><strong>quoCatholicos</strong></span> <span class='ocrx_word' id='word_1_175' title='bbox 3309 946 3695 1003; x_wconf 80' lang='lat' dir='ltr'><strong>insectabatur</strong></span> 
     </span>
    </p>
   </div>
   <div class='ocr_carea' id='block_1_26' title="bbox 2086 1040 3697 1115">
    <p class='ocr_par' dir='ltr' id='par_1_26' title="bbox 2086 1040 3697 1115">
     <span class='ocr_line' id='line_1_26' title="bbox 2086 1040 3697 1115; baseline -0.005 -15"><span class='ocrx_word' id='word_1_176' title='bbox 2086 1056 2144 1100; x_wconf 91' lang='lat' dir='ltr'><strong>ut</strong></span> <span class='ocrx_word' id='word_1_177' title='bbox 2174 1053 2575 1115; x_wconf 87' lang='lat' dir='ltr'><strong>persecutores,</strong></span> <span class='ocrx_word' id='word_1_178' title='bbox 2602 1058 2729 1099; x_wconf 87' lang='lat' dir='ltr'><strong>suos</strong></span> <span class='ocrx_word' id='word_1_179' title='bbox 2774 1051 2831 1099; x_wconf 90' lang='lat' dir='ltr'><strong>ut</strong></span> <span class='ocrx_word' id='word_1_180' title='bbox 2859 1056 3047 1099; x_wconf 84' lang='lat' dir='ltr'><strong>servos</strong></span> <span class='ocrx_word' id='word_1_181' title='bbox 3075 1040 3167 1096; x_wconf 86' lang='lat' dir='ltr'><strong>Dei</strong></span> <span class='ocrx_word' id='word_1_182' title='bbox 3199 1040 3395 1110; x_wconf 88' lang='lat' dir='ltr'><strong>injuste</strong></span> <span class='ocrx_word' id='word_1_183' title='bbox 3422 1053 3697 1110; x_wconf 80' lang='lat' dir='ltr'><strong>persecu-</strong></span> 
     </span>
    </p>
   </div>
   <div class='ocr_carea' id='block_1_27' title="bbox 2085 1131 3693 1207">
    <p class='ocr_par' dir='ltr' id='par_1_27' title="bbox 2085 1131 3693 1207">
     <span class='ocr_line' id='line_1_27' title="bbox 2085 1131 3693 1207; baseline -0.004 -15"><span class='ocrx_word' id='word_1_184' title='bbox 2085 1139 2283 1193; x_wconf 81' lang='lat' dir='ltr'><strong>tionem</strong></span> <span class='ocrx_word' id='word_1_185' title='bbox 2331 1138 2595 1207; x_wconf 78' lang='lat' dir='ltr'><strong>patientes</strong></span> <span class='ocrx_word' id='word_1_186' title='bbox 2622 1136 2933 1192; x_wconf 82' lang='lat' dir='ltr'><strong>exhibebat.</strong></span> <span class='ocrx_word' id='word_1_187' title='bbox 2986 1134 3217 1204; x_wconf 87' lang='lat' dir='ltr'><strong>Scripsit</strong></span> <span class='ocrx_word' id='word_1_188' title='bbox 3258 1132 3401 1189; x_wconf 91' lang='lat' dir='ltr'><strong>idem</strong></span> <span class='ocrx_word' id='word_1_189' title='bbox 3435 1141 3491 1187; x_wconf 90' lang='lat' dir='ltr'><strong>et</strong></span> <span class='ocrx_word' id='word_1_190' title='bbox 3536 1131 3693 1186; x_wconf 84' lang='lat' dir='ltr'><strong>aliud</strong></span> 
     </span>
    </p>
   </div>
   <div class='ocr_carea' id='block_1_28' title="bbox 2085 1223 3695 1301">
    <p class='ocr_par' dir='ltr' id='par_1_28' title="bbox 2085 1223 3695 1301">
     <span class='ocr_line' id='line_1_28' title="bbox 2085 1223 3695 1301; baseline -0.004 -18"><span class='ocrx_word' id='word_1_191' title='bbox 2085 1245 2235 1301; x_wconf 85' lang='lat' dir='ltr'><strong>opus,</strong></span> <span class='ocrx_word' id='word_1_192' title='bbox 2272 1230 2322 1284; x_wconf 90' lang='lat' dir='ltr'><strong>in</strong></span> <span class='ocrx_word' id='word_1_193' title='bbox 2348 1246 2455 1301; x_wconf 85' lang='lat' dir='ltr'><strong>quo</strong></span> <span class='ocrx_word' id='word_1_194' title='bbox 2482 1240 2718 1286; x_wconf 83' lang='lat' dir='ltr'><strong>veterem</strong></span> <span class='ocrx_word' id='word_1_195' title='bbox 2750 1228 2818 1284; x_wconf 90' lang='lat' dir='ltr'><strong>de</strong></span> <span class='ocrx_word' id='word_1_196' title='bbox 2856 1227 3185 1283; x_wconf 78' lang='lat' dir='ltr'><strong>Traditionis</strong></span> <span class='ocrx_word' id='word_1_197' title='bbox 3213 1227 3444 1282; x_wconf 87' lang='lat' dir='ltr'><strong>crimine</strong></span> <span class='ocrx_word' id='word_1_198' title='bbox 3472 1223 3695 1281; x_wconf 82' lang='lat' dir='ltr'><strong>calum—</strong></span> 
     </span>
    </p>
   </div>
   <div class='ocr_carea' id='block_1_29' title="bbox 2089 1320 3219 1394">
    <p class='ocr_par' dir='ltr' id='par_1_29' title="bbox 2089 1320 3219 1394">
     <span class='ocr_line' id='line_1_29' title="bbox 2089 1320 3219 1394; baseline -0.003 -16"><span class='ocrx_word' id='word_1_199' title='bbox 2089 1326 2231 1379; x_wconf 86' lang='lat' dir='ltr'><strong>niam</strong></span> <span class='ocrx_word' id='word_1_200' title='bbox 2258 1324 2311 1378; x_wconf 91' lang='lat' dir='ltr'><strong>in</strong></span> <span class='ocrx_word' id='word_1_201' title='bbox 2339 1321 2651 1380; x_wconf 85' lang='lat' dir='ltr'><strong>Catholicos</strong></span> <span class='ocrx_word' id='word_1_202' title='bbox 2679 1337 2890 1378; x_wconf 89' lang='lat' dir='ltr'><strong>rursum</strong></span> <span class='ocrx_word' id='word_1_203' title='bbox 2920 1320 3219 1394; x_wconf 77' lang='lat' dir='ltr'><strong>ingerebat.</strong></span> 
     </span>
    </p>
   </div>
   <div class='ocr_carea' id='block_1_30' title="bbox 2160 1404 3697 1487">
    <p class='ocr_par' dir='ltr' id='par_1_30' title="bbox 2160 1404 3697 1487">
     <span class='ocr_line' id='line_1_30' title="bbox 2160 1404 3697 1487; baseline -0.004 -16"><span class='ocrx_word' id='word_1_204' title='bbox 2160 1404 2421 1473; x_wconf 83' lang='lat' dir='ltr'><strong>Donatum</strong></span> <span class='ocrx_word' id='word_1_205' title='bbox 2446 1416 2926 1487; x_wconf 79' lang='lat' dir='ltr'><strong>Carlltaginensem</strong></span> <span class='ocrx_word' id='word_1_206' title='bbox 2951 1414 3003 1469; x_wconf 87' lang='lat' dir='ltr'><strong>in</strong></span> <span class='ocrx_word' id='word_1_207' title='bbox 3030 1414 3193 1470; x_wconf 79' lang='lat' dir='ltr'><strong>exilio</strong></span> <span class='ocrx_word' id='word_1_208' title='bbox 3218 1422 3343 1468; x_wconf 83' lang='lat' dir='ltr'><strong>ante</strong></span> <span class='ocrx_word' id='word_1_209' title='bbox 3364 1412 3697 1469; x_wconf 76' lang='lat' dir='ltr'><strong>Juliauiim-</strong></span> 
     </span>
    </p>
   </div>
   <div class='ocr_carea' id='block_1_31' title="bbox 2088 1506 3695 1582">
    <p class='ocr_par' dir='ltr' id='par_1_31' title="bbox 2088 1506 3695 1582">
     <span class='ocr_line' id='line_1_31' title="bbox 2088 1506 3695 1582; baseline -0.004 -18"><span class='ocrx_word' id='word_1_210' title='bbox 2088 1510 2296 1579; x_wconf 84' lang='lat' dir='ltr'><strong>perium</strong></span> <span class='ocrx_word' id='word_1_211' title='bbox 2326 1509 2489 1563; x_wconf 89' lang='lat' dir='ltr'><strong>vitam</strong></span> <span class='ocrx_word' id='word_1_212' title='bbox 2528 1508 2733 1582; x_wconf 84' lang='lat' dir='ltr'><strong>finiisse</strong></span> <span class='ocrx_word' id='word_1_213' title='bbox 2759 1507 3031 1578; x_wconf 79' lang='lat' dir='ltr'><strong>colligitur</strong></span> <span class='ocrx_word' id='word_1_214' title='bbox 3060 1523 3128 1563; x_wconf 75' lang='lat' dir='ltr'><strong>ex</strong></span> <span class='ocrx_word' id='word_1_215' title='bbox 3151 1506 3370 1578; x_wconf 89' lang='lat' dir='ltr'><strong>Optato,</strong></span> <span class='ocrx_word' id='word_1_216' title='bbox 3403 1506 3496 1575; x_wconf 89' lang='lat' dir='ltr'><strong>qui</strong></span> <span class='ocrx_word' id='word_1_217' title='bbox 3544 1506 3695 1562; x_wconf 88' lang='lat' dir='ltr'><strong>libro</strong></span> 
     </span>
    </p>
   </div>
   <div class='ocr_carea' id='block_1_32' title="bbox 2088 1602 3696 1676">
    <p class='ocr_par' dir='ltr' id='par_1_32' title="bbox 2088 1602 3696 1676">
     <span class='ocr_line' id='line_1_32' title="bbox 2088 1602 3696 1676; baseline -0.003 -17"><span class='ocrx_word' id='word_1_218' title='bbox 2088 1620 2170 1670; x_wconf 87' lang='lat' dir='ltr'><strong>III,</strong></span> <span class='ocrx_word' id='word_1_219' title='bbox 2217 1604 2245 1676; x_wconf 87' lang='lat'>§</span> <span class='ocrx_word' id='word_1_220' title='bbox 2283 1605 2337 1672; x_wconf 73' lang='grc' dir='ltr'><strong>ὅ,</strong></span> <span class='ocrx_word' id='word_1_221' title='bbox 2368 1604 2441 1660; x_wconf 86' lang='lat' dir='ltr'><strong>ait</strong></span> <span class='ocrx_word' id='word_1_222' title='bbox 2478 1606 2529 1660; x_wconf 92' lang='lat' dir='ltr'><strong>in</strong></span> <span class='ocrx_word' id='word_1_223' title='bbox 2560 1620 2627 1661; x_wconf 90' lang='lat' dir='ltr'><strong>eo</strong></span> <span class='ocrx_word' id='word_1_224' title='bbox 2668 1605 2946 1675; x_wconf 82' lang='lat' dir='ltr'><strong>impletum</strong></span> <span class='ocrx_word' id='word_1_225' title='bbox 2985 1618 3109 1659; x_wconf 89' lang='lat' dir='ltr'><strong>esse</strong></span> <span class='ocrx_word' id='word_1_226' title='bbox 3136 1603 3279 1673; x_wconf 89' lang='lat' dir='ltr'><strong>quod</strong></span> <span class='ocrx_word' id='word_1_227' title='bbox 3320 1602 3392 1657; x_wconf 90' lang='lat' dir='ltr'><strong>de</strong></span> <span class='ocrx_word' id='word_1_228' title='bbox 3439 1602 3696 1671; x_wconf 79' lang='lat' dir='ltr'><strong>principe</strong></span> 
     </span>
    </p>
   </div>
   <div class='ocr_carea' id='block_1_33' title="bbox 393 1697 3693 1779">
    <p class='ocr_par' dir='ltr' id='par_1_33' title="bbox 393 1697 3693 1779">
     <span class='ocr_line' id='line_1_33' title="bbox 393 1697 3693 1779; baseline -0.001 -19"><span class='ocrx_word' id='word_1_229' title='bbox 393 1708 579 1775; x_wconf 88' lang='lat' dir='ltr'><strong>ratori,</strong></span> <span class='ocrx_word' id='word_1_230' title='bbox 619 1718 674 1762; x_wconf 87' lang='lat' dir='ltr'><strong>ut</strong></span> <span class='ocrx_word' id='word_1_231' title='bbox 715 1718 886 1763; x_wconf 81' lang='lat' dir='ltr'><strong>votum</strong></span> <span class='ocrx_word' id='word_1_232' title='bbox 927 1720 1120 1779; x_wconf 90' lang='lat' dir='ltr'><strong>gereret</strong></span> <span class='ocrx_word' id='word_1_233' title='bbox 1159 1709 1369 1763; x_wconf 84' lang='lat' dir='ltr'><strong>unitatis</strong></span> <span class='ocrx_word' id='word_1_234' title='bbox 1399 1718 1443 1762; x_wconf 90' lang='lat' dir='ltr'><strong>et</strong></span> <span class='ocrx_word' id='word_1_235' title='bbox 1470 1708 1687 1763; x_wconf 83' lang='lat' dir='ltr'><strong>mitteret</strong></span> <span class='ocrx_word' id='word_1_236' title='bbox 1729 1707 1986 1761; x_wconf 87' lang='lat' dir='ltr'><strong>ministros</strong></span> <span class='ocrx_word' id='word_1_237' title='bbox 2016 1716 2065 1777; x_wconf 78' lang='grc' dir='ltr'><strong>Β</strong></span> <span class='ocrx_word' id='word_1_238' title='bbox 2091 1698 2217 1771; x_wconf 84' lang='lat' dir='ltr'><strong>Tyri</strong></span> <span class='ocrx_word' id='word_1_239' title='bbox 2241 1700 2441 1755; x_wconf 78' lang='lat' dir='ltr'><strong>dictum</strong></span> <span class='ocrx_word' id='word_1_240' title='bbox 2467 1708 2549 1756; x_wconf 88' lang='lat' dir='ltr'><strong>est</strong></span> <span class='ocrx_word' id='word_1_241' title='bbox 2573 1715 2603 1755; x_wconf 75' lang='grc' dir='ltr'><strong>τι</strong></span> <span class='ocrx_word' id='word_1_242' title='bbox 2650 1698 2919 1770; x_wconf 87' lang='lat' dir='ltr'><strong>Propheta</strong></span> <span class='ocrx_word' id='word_1_243' title='bbox 2951 1715 2965 1753; x_wconf 86' lang='lat'><strong>:</strong></span> <span class='ocrx_word' id='word_1_244' title='bbox 3012 1698 3160 1757; x_wconf 89' lang='lat' dir='ltr'><strong>illum</strong></span> <span class='ocrx_word' id='word_1_245' title='bbox 3187 1697 3241 1752; x_wconf 86' lang='lat' dir='ltr'><strong>in</strong></span> <span class='ocrx_word' id='word_1_246' title='bbox 3278 1705 3419 1752; x_wconf 73' lang='lat' dir='ltr'><strong>terra</strong></span> <span class='ocrx_word' id='word_1_247' title='bbox 3450 1711 3559 1751; x_wconf 84' lang='grc' dir='ltr'><strong>ιιοη</strong></span> <span class='ocrx_word' id='word_1_248' title='bbox 3592 1710 3693 1751; x_wconf 69' lang='grc' dir='ltr'><strong>ειη</strong></span> 
     </span>
    </p>
   </div>
   <div class='ocr_carea' id='block_1_34' title="bbox 393 1784 1814 1871">
    <p class='ocr_par' dir='ltr' id='par_1_34' title="bbox 393 1784 1814 1871">
     <span class='ocr_line' id='line_1_34' title="bbox 393 1784 1814 1871; baseline 0 -19"><span class='ocrx_word' id='word_1_249' title='bbox 393 1800 556 1854; x_wconf 84' lang='lat' dir='ltr'><strong>sancti</strong></span> <span class='ocrx_word' id='word_1_250' title='bbox 582 1803 749 1870; x_wconf 87' lang='lat' dir='ltr'><strong>aperis</strong></span> <span class='ocrx_word' id='word_1_251' title='bbox 779 1784 999 1871; x_wconf 79' lang='lat' dir='ltr'><strong>fatnulos</strong></span> <span class='ocrx_word' id='word_1_252' title='bbox 1024 1800 1139 1865; x_wconf 74' lang='lat' dir='ltr'><strong>Dei,</strong></span> <span class='ocrx_word' id='word_1_253' title='bbox 1177 1801 1399 1856; x_wconf 84' lang='lat' dir='ltr'><strong>Paulum</strong></span> <span class='ocrx_word' id='word_1_254' title='bbox 1424 1812 1470 1855; x_wconf 89' lang='lat' dir='ltr'><strong>et</strong></span> <span class='ocrx_word' id='word_1_255' title='bbox 1503 1799 1814 1854; x_wconf 81' lang='lat' dir='ltr'><strong>Macarinm.</strong></span> 
     </span>
    </p>
   </div>
   <div class='ocr_carea' id='block_1_35' title="bbox 306 1890 1984 1971">
    <p class='ocr_par' dir='ltr' id='par_1_35' title="bbox 306 1890 1984 1971">
     <span class='ocr_line' id='line_1_35' title="bbox 306 1890 1984 1971; baseline 0.002 -27"><span class='ocrx_word' id='word_1_256' title='bbox 306 1969 309 1971; x_wconf 15' lang='grc' dir='ltr'><strong>ί</strong></span> <span class='ocrx_word' id='word_1_257' title='bbox 466 1890 583 1946; x_wconf 89' lang='lat' dir='ltr'><strong>Duo</strong></span> <span class='ocrx_word' id='word_1_258' title='bbox 610 1890 839 1947; x_wconf 88' lang='lat' dir='ltr'><strong>Canoncs</strong></span> <span class='ocrx_word' id='word_1_259' title='bbox 888 1894 940 1946; x_wconf 87' lang='lat' dir='ltr'><strong>in</strong></span> <span class='ocrx_word' id='word_1_260' title='bbox 985 1892 1307 1947; x_wconf 85' lang='lat' dir='ltr'><strong>Dunatistas.</strong></span> <span class='ocrx_word' id='word_1_261' title='bbox 1335 1921 1407 1934; x_wconf 93' lang='lat'><strong>-—-</strong></span> <span class='ocrx_word' id='word_1_262' title='bbox 1433 1892 1492 1947; x_wconf 87' lang='lat' dir='ltr'><strong>In</strong></span> <span class='ocrx_word' id='word_1_263' title='bbox 1521 1893 1713 1948; x_wconf 86' lang='lat' dir='ltr'><strong>eodem</strong></span> <span class='ocrx_word' id='word_1_264' title='bbox 1751 1891 1984 1947; x_wconf 89' lang='lat' dir='ltr'><strong>concilio</strong></span> 
     </span>
    </p>
   </div>
   <div class='ocr_carea' id='block_1_36' title="bbox 391 1977 1979 2057">
    <p class='ocr_par' dir='ltr' id='par_1_36' title="bbox 391 1977 1979 2057">
     <span class='ocr_line' id='line_1_36' title="bbox 391 1977 1979 2057; baseline -0.002 -15"><span class='ocrx_word' id='word_1_265' title='bbox 391 1986 500 2042; x_wconf 92' lang='lat' dir='ltr'><strong>duo</strong></span> <span class='ocrx_word' id='word_1_266' title='bbox 527 2003 765 2044; x_wconf 87' lang='lat' dir='ltr'><strong>canones</strong></span> <span class='ocrx_word' id='word_1_267' title='bbox 787 1988 986 2043; x_wconf 88' lang='lat' dir='ltr'><strong>conditi</strong></span> <span class='ocrx_word' id='word_1_268' title='bbox 1029 1996 1155 2042; x_wconf 89' lang='lat' dir='ltr'><strong>sunt</strong></span> <span class='ocrx_word' id='word_1_269' title='bbox 1182 1987 1249 2041; x_wconf 91' lang='lat' dir='ltr'><strong>ad</strong></span> <span class='ocrx_word' id='word_1_270' title='bbox 1284 1977 1587 2041; x_wconf 87' lang='lat' dir='ltr'><strong>Donatistas</strong></span> <span class='ocrx_word' id='word_1_271' title='bbox 1614 1987 1979 2057; x_wconf 82' lang='lat' dir='ltr'><strong>pertinentes;</strong></span> 
     </span>
    </p>
   </div>
   <div class='ocr_carea' id='block_1_37' title="bbox 391 2076 1982 2150">
    <p class='ocr_par' dir='ltr' id='par_1_37' title="bbox 391 2076 1982 2150">
     <span class='ocr_line' id='line_1_37' title="bbox 391 2076 1982 2150; baseline -0.003 -17"><span class='ocrx_word' id='word_1_272' title='bbox 391 2094 529 2133; x_wconf 85' lang='lat' dir='ltr'><strong>unus</strong></span> <span class='ocrx_word' id='word_1_273' title='bbox 567 2095 673 2150; x_wconf 85' lang='lat' dir='ltr'><strong>quo</strong></span> <span class='ocrx_word' id='word_1_274' title='bbox 703 2080 966 2135; x_wconf 85' lang='lat' dir='ltr'><strong>sancitum</strong></span> <span class='ocrx_word' id='word_1_275' title='bbox 997 2086 1079 2134; x_wconf 88' lang='lat' dir='ltr'><strong>est</strong></span> <span class='ocrx_word' id='word_1_276' title='bbox 1124 2076 1339 2133; x_wconf 89' lang='lat' dir='ltr'><strong>illicitas</strong></span> <span class='ocrx_word' id='word_1_277' title='bbox 1380 2091 1501 2132; x_wconf 88' lang='lat' dir='ltr'><strong>esse</strong></span> <span class='ocrx_word' id='word_1_278' title='bbox 1530 2076 1982 2144; x_wconf 80' lang='lat' dir='ltr'><strong>rebaptizationes</strong></span> 
     </span>
    </p>
   </div>
   <div class='ocr_carea' id='block_1_38' title="bbox 393 2170 1985 2243">
    <p class='ocr_par' dir='ltr' id='par_1_38' title="bbox 393 2170 1985 2243">
     <span class='ocr_line' id='line_1_38' title="bbox 393 2170 1985 2243; baseline -0.001 -18"><span class='ocrx_word' id='word_1_279' title='bbox 393 2186 582 2227; x_wconf 78' lang='lat' dir='ltr'><strong>eortun</strong></span> <span class='ocrx_word' id='word_1_280' title='bbox 626 2174 716 2242; x_wconf 85' lang='lat' dir='ltr'><strong>qui</strong></span> <span class='ocrx_word' id='word_1_281' title='bbox 750 2173 1060 2243; x_wconf 79' lang='lat' dir='ltr'><strong>interrogati</strong></span> <span class='ocrx_word' id='word_1_282' title='bbox 1092 2171 1145 2226; x_wconf 91' lang='lat' dir='ltr'><strong>in</strong></span> <span class='ocrx_word' id='word_1_283' title='bbox 1175 2171 1443 2226; x_wconf 87' lang='lat' dir='ltr'><strong>Trinitate</strong></span> <span class='ocrx_word' id='word_1_284' title='bbox 1473 2171 1768 2226; x_wconf 87' lang='lat' dir='ltr'><strong>secundum</strong></span> <span class='ocrx_word' id='word_1_285' title='bbox 1810 2170 1985 2224; x_wconf 85' lang='lat' dir='ltr'><strong>Evan-</strong></span> 
     </span>
    </p>
   </div>
   <div class='ocr_carea' id='block_1_39' title="bbox 393 2260 1987 2334">
    <p class='ocr_par' dir='ltr' id='par_1_39' title="bbox 393 2260 1987 2334">
     <span class='ocr_line' id='line_1_39' title="bbox 393 2260 1987 2334; baseline -0.002 -17"><span class='ocrx_word' id='word_1_286' title='bbox 393 2262 518 2333; x_wconf 84' lang='lat' dir='ltr'><strong>gelii</strong></span> <span class='ocrx_word' id='word_1_287' title='bbox 544 2261 704 2318; x_wconf 85' lang='lat' dir='ltr'><strong>ﬁdem</strong></span> <span class='ocrx_word' id='word_1_288' title='bbox 747 2271 800 2318; x_wconf 89' lang='lat' dir='ltr'><strong>et</strong></span> <span class='ocrx_word' id='word_1_289' title='bbox 830 2263 1209 2334; x_wconf 84' lang='lat' dir='ltr'><strong>Apostolorum</strong></span> <span class='ocrx_word' id='word_1_290' title='bbox 1237 2263 1538 2319; x_wconf 89' lang='lat' dir='ltr'><strong>doctrinam</strong></span> <span class='ocrx_word' id='word_1_291' title='bbox 1565 2260 1798 2317; x_wconf 82' lang='lat' dir='ltr'><strong>confessi</strong></span> <span class='ocrx_word' id='word_1_292' title='bbox 1828 2268 1987 2316; x_wconf 88' lang='lat' dir='ltr'><strong>erant</strong></span> 
     </span>
    </p>
   </div>
   <div class='ocr_carea' id='block_1_40' title="bbox 390 2353 1983 2425">
    <p class='ocr_par' dir='ltr' id='par_1_40' title="bbox 390 2353 1983 2425">
     <span class='ocr_line' id='line_1_40' title="bbox 390 2353 1983 2425; baseline 0.001 -19"><span class='ocrx_word' id='word_1_293' title='bbox 390 2367 453 2408; x_wconf 87' lang='lat' dir='ltr'><strong>ac</strong></span> <span class='ocrx_word' id='word_1_294' title='bbox 483 2353 678 2409; x_wconf 89' lang='lat' dir='ltr'><strong>deinde</strong></span> <span class='ocrx_word' id='word_1_295' title='bbox 707 2368 843 2422; x_wconf 87' lang='lat' dir='ltr'><strong>aqua</strong></span> <span class='ocrx_word' id='word_1_296' title='bbox 870 2355 1019 2410; x_wconf 87' lang='lat' dir='ltr'><strong>tincti</strong></span> <span class='ocrx_word' id='word_1_297' title='bbox 1046 2370 1059 2407; x_wconf 90' lang='lat'><strong>:</strong></span> <span class='ocrx_word' id='word_1_298' title='bbox 1092 2354 1229 2410; x_wconf 88' lang='lat' dir='ltr'><strong>alter</strong></span> <span class='ocrx_word' id='word_1_299' title='bbox 1258 2371 1326 2409; x_wconf 87' lang='lat' dir='ltr'><strong>ne</strong></span> <span class='ocrx_word' id='word_1_300' title='bbox 1362 2363 1421 2409; x_wconf 91' lang='lat' dir='ltr'><strong>ut</strong></span> <span class='ocrx_word' id='word_1_301' title='bbox 1445 2353 1707 2425; x_wconf 83' lang='lat' dir='ltr'><strong>Martyres</strong></span> <span class='ocrx_word' id='word_1_302' title='bbox 1734 2355 1983 2409; x_wconf 89' lang='lat' dir='ltr'><strong>coleren-</strong></span> 
     </span>
    </p>
   </div>
   <div class='ocr_carea' id='block_1_41' title="bbox 391 2447 1985 2519">
    <p class='ocr_par' dir='ltr' id='par_1_41' title="bbox 391 2447 1985 2519">
     <span class='ocr_line' id='line_1_41' title="bbox 391 2447 1985 2519; baseline 0.001 -17"><span class='ocrx_word' id='word_1_303' title='bbox 391 2458 479 2503; x_wconf 92' lang='lat' dir='ltr'><strong>tur</strong></span> <span class='ocrx_word' id='word_1_304' title='bbox 504 2448 752 2504; x_wconf 90' lang='lat' dir='ltr'><strong>homines</strong></span> <span class='ocrx_word' id='word_1_305' title='bbox 781 2447 871 2519; x_wconf 90' lang='lat' dir='ltr'><strong>qui</strong></span> <span class='ocrx_word' id='word_1_306' title='bbox 897 2464 956 2505; x_wconf 91' lang='lat' dir='ltr'><strong>se</strong></span> <span class='ocrx_word' id='word_1_307' title='bbox 990 2457 1083 2503; x_wconf 92' lang='lat' dir='ltr'><strong>aut</strong></span> <span class='ocrx_word' id='word_1_308' title='bbox 1112 2448 1416 2519; x_wconf 65' lang='lat' dir='ltr'><strong>praecipites</strong></span> <span class='ocrx_word' id='word_1_309' title='bbox 1444 2447 1727 2513; x_wconf 83' lang='lat' dir='ltr'><strong>dederant,</strong></span> <span class='ocrx_word' id='word_1_310' title='bbox 1758 2456 1851 2503; x_wconf 89' lang='lat' dir='ltr'><strong>aut</strong></span> <span class='ocrx_word' id='word_1_311' title='bbox 1876 2447 1985 2503; x_wconf 90' lang='lat' dir='ltr'><strong>alio</strong></span> 
     </span>
    </p>
   </div>
   <div class='ocr_carea' id='block_1_42' title="bbox 387 2540 1979 2615">
    <p class='ocr_par' dir='ltr' id='par_1_42' title="bbox 387 2540 1979 2615">
     <span class='ocr_line' id='line_1_42' title="bbox 387 2540 1979 2615; baseline 0.003 -23"><span class='ocrx_word' id='word_1_312' title='bbox 387 2541 566 2610; x_wconf 84' lang='lat' dir='ltr'><strong>aliquo</strong></span> <span class='ocrx_word' id='word_1_313' title='bbox 598 2548 753 2609; x_wconf 90' lang='lat' dir='ltr'><strong>pacto</strong></span> <span class='ocrx_word' id='word_1_314' title='bbox 801 2550 1030 2596; x_wconf 88' lang='lat' dir='ltr'><strong>mortem</strong></span> <span class='ocrx_word' id='word_1_315' title='bbox 1073 2540 1175 2615; x_wconf 81' lang='lat' dir='ltr'><strong>sibi</strong></span> <span class='ocrx_word' id='word_1_316' title='bbox 1205 2541 1604 2607; x_wconf 85' lang='lat' dir='ltr'><strong>consciverant,</strong></span> <span class='ocrx_word' id='word_1_317' title='bbox 1635 2548 1979 2597; x_wconf 66' lang='lat' dir='ltr'><strong>autmerue-</strong></span> 
     </span>
    </p>
   </div>
   <div class='ocr_carea' id='block_1_43' title="bbox 387 2634 812 2689">
    <p class='ocr_par' dir='ltr' id='par_1_43' title="bbox 387 2634 812 2689">
     <span class='ocr_line' id='line_1_43' title="bbox 387 2634 812 2689; baseline -0.002 0"><span class='ocrx_word' id='word_1_318' title='bbox 387 2643 506 2689; x_wconf 88' lang='lat' dir='ltr'><strong>rant</strong></span> <span class='ocrx_word' id='word_1_319' title='bbox 532 2634 724 2689; x_wconf 85' lang='lat' dir='ltr'><strong>occidi.</strong></span> <span class='ocrx_word' id='word_1_320' title='bbox 809 2643 812 2647; x_wconf 78' lang='lat'><em>‘</em></span> 
     </span>
    </p>
   </div>
   <div class='ocr_carea' id='block_1_44' title="bbox 460 2725 1985 2798">
    <p class='ocr_par' dir='ltr' id='par_1_44' title="bbox 460 2725 1985 2798">
     <span class='ocr_line' id='line_1_44' title="bbox 460 2725 1985 2798; baseline 0.001 -19"><span class='ocrx_word' id='word_1_321' title='bbox 460 2725 735 2780; x_wconf 88' lang='lat' dir='ltr'><strong>Calumnia</strong></span> <span class='ocrx_word' id='word_1_322' title='bbox 784 2728 838 2782; x_wconf 88' lang='lat' dir='ltr'><strong>in</strong></span> <span class='ocrx_word' id='word_1_323' title='bbox 887 2725 1177 2781; x_wconf 79' lang='lat' dir='ltr'><strong>Macarium</strong></span> <span class='ocrx_word' id='word_1_324' title='bbox 1215 2726 1277 2782; x_wconf 92' lang='lat' dir='ltr'><strong>de</strong></span> <span class='ocrx_word' id='word_1_325' title='bbox 1340 2727 1565 2798; x_wconf 88' lang='lat' dir='ltr'><strong>imagine</strong></span> <span class='ocrx_word' id='word_1_326' title='bbox 1591 2726 1894 2789; x_wconf 87' lang='lat' dir='ltr'><strong>collocanda</strong></span> <span class='ocrx_word' id='word_1_327' title='bbox 1930 2726 1985 2781; x_wconf 89' lang='lat' dir='ltr'><strong>iu</strong></span> 
     </span>
    </p>
   </div>
   <div class='ocr_carea' id='block_1_45' title="bbox 387 2820 1985 2893">
    <p class='ocr_par' dir='ltr' id='par_1_45' title="bbox 387 2820 1985 2893">
     <span class='ocr_line' id='line_1_45' title="bbox 387 2820 1985 2893; baseline 0.003 -20"><span class='ocrx_word' id='word_1_328' title='bbox 387 2820 563 2873; x_wconf 85' lang='lat' dir='ltr'><strong>altari.</strong></span> <span class='ocrx_word' id='word_1_329' title='bbox 594 2851 665 2859; x_wconf 89' lang='lat'><em>--</em></span> <span class='ocrx_word' id='word_1_330' title='bbox 694 2820 841 2876; x_wconf 87' lang='lat' dir='ltr'><strong>Circa</strong></span> <span class='ocrx_word' id='word_1_331' title='bbox 877 2822 991 2876; x_wconf 74' lang='lat' dir='ltr'><strong>lucc</strong></span> <span class='ocrx_word' id='word_1_332' title='bbox 1019 2832 1258 2893; x_wconf 89' lang='lat' dir='ltr'><strong>tempora</strong></span> <span class='ocrx_word' id='word_1_333' title='bbox 1287 2823 1513 2893; x_wconf 81' lang='lat' dir='ltr'><strong>contigit</strong></span> <span class='ocrx_word' id='word_1_334' title='bbox 1539 2822 1589 2878; x_wconf 89' lang='lat' dir='ltr'><strong>id</strong></span> <span class='ocrx_word' id='word_1_335' title='bbox 1620 2823 1763 2893; x_wconf 89' lang='lat' dir='ltr'><strong>quod</strong></span> <span class='ocrx_word' id='word_1_336' title='bbox 1803 2832 1985 2878; x_wconf 90' lang='lat' dir='ltr'><strong>narrat</strong></span> 
     </span>
    </p>
   </div>
   <div class='ocr_carea' id='block_1_46' title="bbox 388 2910 1983 2987">
    <p class='ocr_par' dir='ltr' id='par_1_46' title="bbox 388 2910 1983 2987">
     <span class='ocr_line' id='line_1_46' title="bbox 388 2910 1983 2987; baseline 0.003 -21"><span class='ocrx_word' id='word_1_337' title='bbox 388 2910 639 2982; x_wconf 83' lang='lat' dir='ltr'><strong>Optatus,</strong></span> <span class='ocrx_word' id='word_1_338' title='bbox 669 2924 721 2967; x_wconf 90' lang='lat' dir='ltr'><strong>ut</strong></span> <span class='ocrx_word' id='word_1_339' title='bbox 752 2912 1035 2968; x_wconf 71' lang='lat' dir='ltr'><strong>Donatista!</strong></span> <span class='ocrx_word' id='word_1_340' title='bbox 1053 2913 1190 2968; x_wconf 89' lang='lat' dir='ltr'><strong>hunc</strong></span> <span class='ocrx_word' id='word_1_341' title='bbox 1213 2930 1473 2969; x_wconf 88' lang='lat' dir='ltr'><strong>rumorem</strong></span> <span class='ocrx_word' id='word_1_342' title='bbox 1490 2915 1543 2969; x_wconf 90' lang='lat' dir='ltr'><strong>in</strong></span> <span class='ocrx_word' id='word_1_343' title='bbox 1568 2915 1748 2986; x_wconf 86' lang='lat' dir='ltr'><strong>vulgus</strong></span> <span class='ocrx_word' id='word_1_344' title='bbox 1775 2931 1983 2987; x_wconf 84' lang='lat' dir='ltr'><strong>sparge-</strong></span> 
     </span>
    </p>
   </div>
   <div class='ocr_carea' id='block_1_47' title="bbox 385 3002 1983 3078">
    <p class='ocr_par' dir='ltr' id='par_1_47' title="bbox 385 3002 1983 3078">
     <span class='ocr_line' id='line_1_47' title="bbox 385 3002 1983 3078; baseline 0.002 -22"><span class='ocrx_word' id='word_1_345' title='bbox 385 3013 519 3069; x_wconf 80' lang='lat' dir='ltr'><strong>rent,</strong></span> <span class='ocrx_word' id='word_1_346' title='bbox 551 3002 775 3058; x_wconf 87' lang='lat' dir='ltr'><strong>Paulum</strong></span> <span class='ocrx_word' id='word_1_347' title='bbox 814 3013 862 3059; x_wconf 90' lang='lat' dir='ltr'><strong>et</strong></span> <span class='ocrx_word' id='word_1_348' title='bbox 900 3004 1193 3059; x_wconf 80' lang='lat' dir='ltr'><strong>Macarium</strong></span> <span class='ocrx_word' id='word_1_349' title='bbox 1243 3016 1501 3072; x_wconf 71' lang='lat' dir='ltr'><strong>uenturos,</strong></span> <span class='ocrx_word' id='word_1_350' title='bbox 1549 3007 1635 3078; x_wconf 87' lang='lat' dir='ltr'><strong>qui</strong></span> <span class='ocrx_word' id='word_1_351' title='bbox 1681 3008 1983 3068; x_wconf 79' lang='lat' dir='ltr'><strong>interessent</strong></span> 
     </span>
    </p>
   </div>
   <div class='ocr_carea' id='block_1_48' title="bbox 2089 1791 3690 1864">
    <p class='ocr_par' dir='ltr' id='par_1_48' title="bbox 2089 1791 3690 1864">
     <span class='ocr_line' id='line_1_48' title="bbox 2089 1791 3690 1864; baseline -0.001 -18"><span class='ocrx_word' id='word_1_352' title='bbox 2089 1792 2434 1859; x_wconf 89' lang='lat' dir='ltr'><strong>moriturum,</strong></span> <span class='ocrx_word' id='word_1_353' title='bbox 2463 1804 2513 1847; x_wconf 93' lang='lat' dir='ltr'><strong>et</strong></span> <span class='ocrx_word' id='word_1_354' title='bbox 2561 1792 2612 1848; x_wconf 87' lang='lat' dir='ltr'><strong>id</strong></span> <span class='ocrx_word' id='word_1_355' title='bbox 2658 1793 2866 1849; x_wconf 85' lang='lat' dir='ltr'><strong>Donato</strong></span> <span class='ocrx_word' id='word_1_356' title='bbox 2891 1793 3183 1864; x_wconf 79' lang='lat' dir='ltr'><strong>contigisse</strong></span> <span class='ocrx_word' id='word_1_357' title='bbox 3212 1791 3469 1852; x_wconf 88' lang='lat' dir='ltr'><strong>omnibus</strong></span> <span class='ocrx_word' id='word_1_358' title='bbox 3495 1801 3690 1845; x_wconf 90' lang='lat' dir='ltr'><strong>notum</strong></span> 
     </span>
    </p>
   </div>
   <div class='ocr_carea' id='block_1_49' title="bbox 2087 1882 3690 1953">
    <p class='ocr_par' dir='ltr' id='par_1_49' title="bbox 2087 1882 3690 1953">
     <span class='ocr_line' id='line_1_49' title="bbox 2087 1882 3690 1953; baseline -0.001 -16"><span class='ocrx_word' id='word_1_359' title='bbox 2087 1898 2226 1938; x_wconf 88' lang='lat' dir='ltr'><strong>esse.</strong></span> <span class='ocrx_word' id='word_1_360' title='bbox 2262 1883 2471 1938; x_wconf 86' lang='lat' dir='ltr'><strong>Donato</strong></span> <span class='ocrx_word' id='word_1_361' title='bbox 2491 1886 2750 1939; x_wconf 85' lang='lat' dir='ltr'><strong>successit</strong></span> <span class='ocrx_word' id='word_1_362' title='bbox 2772 1884 3161 1939; x_wconf 88' lang='lat' dir='ltr'><strong>Parmenianus</strong></span> <span class='ocrx_word' id='word_1_363' title='bbox 3180 1890 3303 1953; x_wconf 83' lang='lat' dir='ltr'><strong>post</strong></span> <span class='ocrx_word' id='word_1_364' title='bbox 3321 1897 3526 1937; x_wconf 88' lang='lat' dir='ltr'><strong>annum</strong></span> <span class='ocrx_word' id='word_1_365' title='bbox 3553 1882 3690 1947; x_wconf 71' lang='lat'><strong>550,</strong></span> 
     </span>
    </p>
   </div>
   <div class='ocr_carea' id='block_1_50' title="bbox 2086 1970 3695 2043">
    <p class='ocr_par' dir='ltr' id='par_1_50' title="bbox 2086 1970 3695 2043">
     <span class='ocr_line' id='line_1_50' title="bbox 2086 1970 3695 2043; baseline -0.001 -17"><span class='ocrx_word' id='word_1_366' title='bbox 2086 1972 2225 2029; x_wconf 88' lang='lat' dir='ltr'><strong>forte</strong></span> <span class='ocrx_word' id='word_1_367' title='bbox 2252 1988 2397 2027; x_wconf 90' lang='lat' dir='ltr'><strong>anno</strong></span> <span class='ocrx_word' id='word_1_368' title='bbox 2438 1972 2564 2040; x_wconf 76' lang='lat'><strong>555,</strong></span> <span class='ocrx_word' id='word_1_369' title='bbox 2594 1988 2702 2043; x_wconf 90' lang='lat' dir='ltr'><strong>quo</strong></span> <span class='ocrx_word' id='word_1_370' title='bbox 2736 1974 3067 2028; x_wconf 87' lang='lat' dir='ltr'><strong>mentionem</strong></span> <span class='ocrx_word' id='word_1_371' title='bbox 3096 1971 3211 2041; x_wconf 86' lang='lat' dir='ltr'><strong>ejus</strong></span> <span class='ocrx_word' id='word_1_372' title='bbox 3246 1970 3375 2026; x_wconf 86' lang='lat' dir='ltr'><strong>facit</strong></span> <span class='ocrx_word' id='word_1_373' title='bbox 3416 1971 3695 2042; x_wconf 79' lang='lat' dir='ltr'><strong>Hierony-</strong></span> 
     </span>
    </p>
   </div>
   <div class='ocr_carea' id='block_1_51' title="bbox 2085 2063 3695 2137">
    <p class='ocr_par' dir='ltr' id='par_1_51' title="bbox 2085 2063 3695 2137">
     <span class='ocr_line' id='line_1_51' title="bbox 2085 2063 3695 2137; baseline 0 -18"><span class='ocrx_word' id='word_1_374' title='bbox 2085 2081 2206 2120; x_wconf 79' lang='lat' dir='ltr'><strong>inus</strong></span> <span class='ocrx_word' id='word_1_375' title='bbox 2229 2068 2281 2119; x_wconf 93' lang='lat' dir='ltr'><strong>in</strong></span> <span class='ocrx_word' id='word_1_376' title='bbox 2311 2064 2603 2137; x_wconf 67' lang='lat' dir='ltr'><strong>Chronico.</strong></span> <span class='ocrx_word' id='word_1_377' title='bbox 2633 2065 2683 2121; x_wconf 87' lang='lat' dir='ltr'><strong>Is</strong></span> <span class='ocrx_word' id='word_1_378' title='bbox 2718 2073 2803 2122; x_wconf 85' lang='lat' dir='ltr'><strong>est</strong></span> <span class='ocrx_word' id='word_1_379' title='bbox 2833 2080 2992 2136; x_wconf 89' lang='lat' dir='ltr'><strong>quem</strong></span> <span class='ocrx_word' id='word_1_380' title='bbox 3021 2064 3217 2122; x_wconf 87' lang='lat' dir='ltr'><strong>refellit</strong></span> <span class='ocrx_word' id='word_1_381' title='bbox 3250 2063 3502 2134; x_wconf 89' lang='lat' dir='ltr'><strong>Optatos,</strong></span> <span class='ocrx_word' id='word_1_382' title='bbox 3534 2072 3593 2119; x_wconf 89' lang='lat' dir='ltr'><strong>et</strong></span> <span class='ocrx_word' id='word_1_383' title='bbox 3619 2063 3695 2119; x_wconf 85' lang='lat' dir='ltr'><strong>de</strong></span> 
     </span>
    </p>
   </div>
   <div class='ocr_carea' id='block_1_52' title="bbox 2010 2156 3693 2229">
    <p class='ocr_par' dir='ltr' id='par_1_52' title="bbox 2010 2156 3693 2229">
     <span class='ocr_line' id='line_1_52' title="bbox 2010 2156 3693 2229; baseline -0.001 -17"><span class='ocrx_word' id='word_1_384' title='bbox 2010 2161 2014 2171; x_wconf 82' lang='lat'><strong><em>‘</em></strong></span> <span class='ocrx_word' id='word_1_385' title='bbox 2086 2174 2194 2229; x_wconf 87' lang='lat' dir='ltr'><strong>quo</strong></span> <span class='ocrx_word' id='word_1_386' title='bbox 2216 2158 2327 2229; x_wconf 89' lang='lat' dir='ltr'><strong>jam</strong></span> <span class='ocrx_word' id='word_1_387' title='bbox 2357 2160 2487 2214; x_wconf 78' lang='lat' dir='ltr'><strong>Satis</strong></span> <span class='ocrx_word' id='word_1_388' title='bbox 2508 2159 2675 2214; x_wconf 88' lang='lat' dir='ltr'><strong>multa</strong></span> <span class='ocrx_word' id='word_1_389' title='bbox 2699 2158 2839 2214; x_wconf 87' lang='lat' dir='ltr'><strong>dicta</strong></span> <span class='ocrx_word' id='word_1_390' title='bbox 2869 2168 2997 2225; x_wconf 81' lang='lat' dir='ltr'><strong>sunt</strong></span> <span class='ocrx_word' id='word_1_391' title='bbox 3020 2158 3074 2213; x_wconf 92' lang='lat' dir='ltr'><strong>in</strong></span> <span class='ocrx_word' id='word_1_392' title='bbox 3101 2156 3260 2229; x_wconf 85' lang='lat' dir='ltr'><strong>hujus</strong></span> <span class='ocrx_word' id='word_1_393' title='bbox 3283 2156 3471 2227; x_wconf 86' lang='lat' dir='ltr'><strong>operis</strong></span> <span class='ocrx_word' id='word_1_394' title='bbox 3492 2156 3693 2228; x_wconf 60' lang='lat' dir='ltr'><strong>prafe-</strong></span> 
     </span>
    </p>
   </div>
   <div class='ocr_carea' id='block_1_53' title="bbox 2086 2249 3689 2319">
    <p class='ocr_par' dir='ltr' id='par_1_53' title="bbox 2086 2249 3689 2319">
     <span class='ocr_line' id='line_1_53' title="bbox 2086 2249 3689 2319; baseline 0 -13"><span class='ocrx_word' id='word_1_395' title='bbox 2086 2253 2252 2318; x_wconf 91' lang='lat' dir='ltr'><strong>tione,</strong></span> <span class='ocrx_word' id='word_1_396' title='bbox 2290 2251 2504 2307; x_wconf 90' lang='lat' dir='ltr'><strong>interim</strong></span> <span class='ocrx_word' id='word_1_397' title='bbox 2537 2252 2589 2307; x_wconf 92' lang='lat' dir='ltr'><strong>in</strong></span> <span class='ocrx_word' id='word_1_398' title='bbox 2616 2251 2747 2309; x_wconf 89' lang='lat' dir='ltr'><strong>sede</strong></span> <span class='ocrx_word' id='word_1_399' title='bbox 2767 2252 3032 2307; x_wconf 86' lang='lat' dir='ltr'><strong>catholica</strong></span> <span class='ocrx_word' id='word_1_400' title='bbox 3056 2249 3224 2307; x_wconf 87' lang='lat' dir='ltr'><strong>Grato</strong></span> <span class='ocrx_word' id='word_1_401' title='bbox 3249 2251 3514 2319; x_wconf 77' lang='lat' dir='ltr'><strong>succeSsit</strong></span> <span class='ocrx_word' id='word_1_402' title='bbox 3544 2249 3689 2306; x_wconf 48' lang='lat' dir='ltr'><strong>Res.</strong></span> 
     </span>
    </p>
   </div>
   <div class='ocr_carea' id='block_1_54' title="bbox 2055 2336 3691 2417">
    <p class='ocr_par' dir='ltr' id='par_1_54' title="bbox 2055 2336 3691 2417">
     <span class='ocr_line' id='line_1_54' title="bbox 2055 2336 3691 2417; baseline -0.001 -15"><span class='ocrx_word' id='word_1_403' title='bbox 2055 2352 2297 2413; x_wconf 86' lang='lat' dir='ltr'><strong>.titutus,</strong></span> <span class='ocrx_word' id='word_1_404' title='bbox 2330 2349 2418 2417; x_wconf 88' lang='lat' dir='ltr'><strong>qui</strong></span> <span class='ocrx_word' id='word_1_405' title='bbox 2441 2349 2675 2405; x_wconf 87' lang='lat' dir='ltr'><strong>concilio</strong></span> <span class='ocrx_word' id='word_1_406' title='bbox 2708 2336 3035 2404; x_wconf 75' lang='lat' dir='ltr'><strong>Ari‘minenSi</strong></span> <span class='ocrx_word' id='word_1_407' title='bbox 3074 2361 3218 2403; x_wconf 91' lang='lat' dir='ltr'><strong>anno</strong></span> <span class='ocrx_word' id='word_1_408' title='bbox 3260 2343 3367 2407; x_wconf 78' lang='grc'><strong>559</strong></span> <span class='ocrx_word' id='word_1_409' title='bbox 3414 2345 3691 2417; x_wconf 87' lang='lat' dir='ltr'><strong>interfuit,</strong></span> 
     </span>
    </p>
   </div>
   <div class='ocr_carea' id='block_1_55' title="bbox 2086 2441 3690 2515">
    <p class='ocr_par' dir='ltr' id='par_1_55' title="bbox 2086 2441 3690 2515">
     <span class='ocr_line' id='line_1_55' title="bbox 2086 2441 3690 2515; baseline 0.001 -19"><span class='ocrx_word' id='word_1_410' title='bbox 2086 2450 2141 2496; x_wconf 92' lang='lat' dir='ltr'><strong>et</strong></span> <span class='ocrx_word' id='word_1_411' title='bbox 2189 2441 2455 2497; x_wconf 78' lang='lat' dir='ltr'><strong>Itestituto</strong></span> <span class='ocrx_word' id='word_1_412' title='bbox 2500 2441 2861 2510; x_wconf 85' lang='lat' dir='ltr'><strong>Gcnethlius,</strong></span> <span class='ocrx_word' id='word_1_413' title='bbox 2902 2441 2995 2513; x_wconf 91' lang='lat' dir='ltr'><strong>qui</strong></span> <span class='ocrx_word' id='word_1_414' title='bbox 3042 2441 3110 2497; x_wconf 90' lang='lat' dir='ltr'><strong>ad</strong></span> <span class='ocrx_word' id='word_1_415' title='bbox 3157 2458 3355 2499; x_wconf 86' lang='lat' dir='ltr'><strong>annum</strong></span> <span class='ocrx_word' id='word_1_416' title='bbox 3404 2442 3513 2501; x_wconf 79' lang='lat'><strong>390</strong></span> <span class='ocrx_word' id='word_1_417' title='bbox 3554 2457 3690 2515; x_wconf 63' lang='lat' dir='ltr'><strong>pero</strong></span> 
     </span>
    </p>
   </div>
   <div class='ocr_carea' id='block_1_56' title="bbox 2086 2536 2251 2591">
    <p class='ocr_par' dir='ltr' id='par_1_56' title="bbox 2086 2536 2251 2591">
     <span class='ocr_line' id='line_1_56' title="bbox 2086 2536 2251 2591; baseline -0.012 0"><span class='ocrx_word' id='word_1_418' title='bbox 2086 2536 2251 2591; x_wconf 85' lang='lat' dir='ltr'><strong>venit.</strong></span> 
     </span>
    </p>
   </div>
   <div class='ocr_carea' id='block_1_57' title="bbox 2158 2630 3687 2704">
    <p class='ocr_par' dir='ltr' id='par_1_57' title="bbox 2158 2630 3687 2704">
     <span class='ocr_line' id='line_1_57' title="bbox 2158 2630 3687 2704; baseline -0.001 -18"><span class='ocrx_word' id='word_1_419' title='bbox 2158 2631 2339 2686; x_wconf 87' lang='lat' dir='ltr'><strong>Status</strong></span> <span class='ocrx_word' id='word_1_420' title='bbox 2377 2630 2628 2687; x_wconf 76' lang='lat' dir='ltr'><strong>Ecclesia:</strong></span> <span class='ocrx_word' id='word_1_421' title='bbox 2659 2632 2920 2704; x_wconf 72' lang='lat' dir='ltr'><strong>Africana:</strong></span> <span class='ocrx_word' id='word_1_422' title='bbox 2958 2640 3072 2704; x_wconf 74' lang='lat' dir='ltr'><strong>post</strong></span> <span class='ocrx_word' id='word_1_423' title='bbox 3099 2632 3384 2693; x_wconf 83' lang='lat' dir='ltr'><strong>restitutam</strong></span> <span class='ocrx_word' id='word_1_424' title='bbox 3415 2631 3687 2687; x_wconf 81' lang='lat' dir='ltr'><strong>unitatem.</strong></span> 
     </span>
    </p>
   </div>
   <div class='ocr_carea' id='block_1_58' title="bbox 2084 2722 3687 2801">
    <p class='ocr_par' dir='ltr' id='par_1_58' title="bbox 2084 2722 3687 2801">
     <span class='ocr_line' id='line_1_58' title="bbox 2084 2722 3687 2801; baseline 0.001 -24"><span class='ocrx_word' id='word_1_425' title='bbox 2084 2749 2156 2761; x_wconf 88' lang='lat'><strong>-—</strong></span> <span class='ocrx_word' id='word_1_426' title='bbox 2180 2722 2436 2801; x_wconf 79' lang='lat' dir='ltr'><strong>Ecclesiae</strong></span> <span class='ocrx_word' id='word_1_427' title='bbox 2463 2723 2734 2780; x_wconf 72' lang='lat' dir='ltr'><strong>Africana:</strong></span> <span class='ocrx_word' id='word_1_428' title='bbox 2776 2734 2895 2794; x_wconf 91' lang='lat' dir='ltr'><strong>post</strong></span> <span class='ocrx_word' id='word_1_429' title='bbox 2942 2724 3244 2797; x_wconf 79' lang='lat' dir='ltr'><strong>restitutam</strong></span> <span class='ocrx_word' id='word_1_430' title='bbox 3278 2723 3539 2779; x_wconf 87' lang='lat' dir='ltr'><strong>unitatem</strong></span> <span class='ocrx_word' id='word_1_431' title='bbox 3569 2734 3687 2779; x_wconf 81' lang='lat' dir='ltr'><strong>sta-</strong></span> 
     </span>
    </p>
   </div>
   <div class='ocr_carea' id='block_1_59' title="bbox 2087 2816 3690 2893">
    <p class='ocr_par' dir='ltr' id='par_1_59' title="bbox 2087 2816 3690 2893">
     <span class='ocr_line' id='line_1_59' title="bbox 2087 2816 3690 2893; baseline 0.004 -26"><span class='ocrx_word' id='word_1_432' title='bbox 2087 2825 2197 2870; x_wconf 89' lang='lat' dir='ltr'><strong>tum</strong></span> <span class='ocrx_word' id='word_1_433' title='bbox 2220 2816 2300 2871; x_wconf 88' lang='lat' dir='ltr'><strong>sic</strong></span> <span class='ocrx_word' id='word_1_434' title='bbox 2331 2828 2479 2873; x_wconf 89' lang='lat' dir='ltr'><strong>recte</strong></span> <span class='ocrx_word' id='word_1_435' title='bbox 2504 2818 2744 2889; x_wconf 80' lang='lat' dir='ltr'><strong>depingit</strong></span> <span class='ocrx_word' id='word_1_436' title='bbox 2770 2818 2997 2890; x_wconf 88' lang='lat' dir='ltr'><strong>Optatos</strong></span> <span class='ocrx_word' id='word_1_437' title='bbox 3020 2819 3113 2876; x_wconf 91' lang='lat' dir='ltr'><strong>lib.</strong></span> <span class='ocrx_word' id='word_1_438' title='bbox 3144 2836 3205 2885; x_wconf 85' lang='lat' dir='ltr'><strong>ll,</strong></span> <span class='ocrx_word' id='word_1_439' title='bbox 3238 2820 3266 2893; x_wconf 88' lang='lat'><strong>§</strong></span> <span class='ocrx_word' id='word_1_440' title='bbox 3293 2819 3384 2876; x_wconf 77' lang='grc'><strong>15.</strong></span> <span class='ocrx_word' id='word_1_441' title='bbox 3417 2816 3569 2885; x_wconf 83' lang='lat' dir='ltr'><strong>Cum,</strong></span> <span class='ocrx_word' id='word_1_442' title='bbox 3602 2818 3690 2874; x_wconf 81' lang='lat' dir='ltr'><strong>in-</strong></span> 
     </span>
    </p>
   </div>
   <div class='ocr_carea' id='block_1_60' title="bbox 2084 2909 3693 2981">
    <p class='ocr_par' dir='ltr' id='par_1_60' title="bbox 2084 2909 3693 2981">
     <span class='ocr_line' id='line_1_60' title="bbox 2084 2909 3693 2981; baseline 0.002 -19"><span class='ocrx_word' id='word_1_443' title='bbox 2084 2909 2220 2978; x_wconf 89' lang='lat' dir='ltr'><strong>quit,</strong></span> <span class='ocrx_word' id='word_1_444' title='bbox 2253 2910 2525 2981; x_wconf 81' lang='lat' dir='ltr'><strong>Africanos</strong></span> <span class='ocrx_word' id='word_1_445' title='bbox 2554 2912 2776 2981; x_wconf 86' lang='lat' dir='ltr'><strong>populos</strong></span> <span class='ocrx_word' id='word_1_446' title='bbox 2799 2922 2845 2967; x_wconf 81' lang='lat' dir='ltr'><strong>et</strong></span> <span class='ocrx_word' id='word_1_447' title='bbox 2877 2911 3186 2981; x_wconf 82' lang='lat' dir='ltr'><strong>Orientales,</strong></span> <span class='ocrx_word' id='word_1_448' title='bbox 3210 2922 3257 2967; x_wconf 88' lang='lat' dir='ltr'><strong>et</strong></span> <span class='ocrx_word' id='word_1_449' title='bbox 3285 2922 3693 2968; x_wconf 76' lang='lat' dir='ltr'><strong>cteterostrans—</strong></span> 
     </span>
    </p>
   </div>
   <div class='ocr_carea' id='block_1_61' title="bbox 2085 3002 3689 3079">
    <p class='ocr_par' dir='ltr' id='par_1_61' title="bbox 2085 3002 3689 3079">
     <span class='ocr_line' id='line_1_61' title="bbox 2085 3002 3689 3079; baseline 0.006 -27"><span class='ocrx_word' id='word_1_450' title='bbox 2085 3002 2309 3079; x_wconf 81' lang='lat' dir='ltr'><strong>marinos</strong></span> <span class='ocrx_word' id='word_1_451' title='bbox 2333 3019 2438 3074; x_wconf 81' lang='lat' dir='ltr'><strong>prta;</strong></span> <span class='ocrx_word' id='word_1_452' title='bbox 2466 3019 2570 3057; x_wconf 88' lang='lat' dir='ltr'><strong>una</strong></span> <span class='ocrx_word' id='word_1_453' title='bbox 2596 3008 2948 3078; x_wconf 85' lang='lat' dir='ltr'><strong>conjungeret,</strong></span> <span class='ocrx_word' id='word_1_454' title='bbox 2979 3014 3029 3059; x_wconf 91' lang='lat' dir='ltr'><strong>et</strong></span> <span class='ocrx_word' id='word_1_455' title='bbox 3063 3006 3177 3075; x_wconf 81' lang='lat' dir='ltr'><strong>ipsa</strong></span> <span class='ocrx_word' id='word_1_456' title='bbox 3201 3006 3373 3060; x_wconf 83' lang='lat' dir='ltr'><strong>unitas</strong></span> <span class='ocrx_word' id='word_1_457' title='bbox 3402 3021 3689 3076; x_wconf 84' lang='lat' dir='ltr'><strong>reprteseu-</strong></span> 
     </span>
    </p>
   </div>
   <div class='ocr_carea' id='block_1_62' title="bbox 386 3094 3692 3171">
    <p class='ocr_par' dir='ltr' id='par_1_62' title="bbox 386 3094 3692 3171">
     <span class='ocr_line' id='line_1_62' title="bbox 386 3094 3692 3171; baseline 0.004 -23"><span class='ocrx_word' id='word_1_458' title='bbox 386 3096 661 3165; x_wconf 80' lang='lat' dir='ltr'><strong>sacriﬁcio,</strong></span> <span class='ocrx_word' id='word_1_459' title='bbox 694 3108 749 3150; x_wconf 84' lang='lat' dir='ltr'><strong>ut</strong></span> <span class='ocrx_word' id='word_1_460' title='bbox 779 3113 896 3151; x_wconf 90' lang='lat' dir='ltr'><strong>cum</strong></span> <span class='ocrx_word' id='word_1_461' title='bbox 941 3098 1128 3152; x_wconf 88' lang='lat' dir='ltr'><strong>altaria</strong></span> <span class='ocrx_word' id='word_1_462' title='bbox 1176 3100 1466 3153; x_wconf 90' lang='lat' dir='ltr'><strong>solenmiter</strong></span> <span class='ocrx_word' id='word_1_463' title='bbox 1508 3107 1829 3169; x_wconf 85' lang='lat' dir='ltr'><strong>aplareutur,</strong></span> <span class='ocrx_word' id='word_1_464' title='bbox 1860 3115 1980 3166; x_wconf 83' lang='lat' dir='ltr'><strong>pro-</strong></span> <span class='ocrx_word' id='word_1_465' title='bbox 2007 3100 2051 3163; x_wconf 85' lang='lat' dir='ltr'><strong><em>C</em></strong></span> <span class='ocrx_word' id='word_1_466' title='bbox 2086 3098 2203 3148; x_wconf 81' lang='lat' dir='ltr'><strong>latis</strong></span> <span class='ocrx_word' id='word_1_467' title='bbox 2254 3094 2486 3150; x_wconf 84' lang='lat' dir='ltr'><strong>omnibus</strong></span> <span class='ocrx_word' id='word_1_468' title='bbox 2537 3097 2775 3152; x_wconf 78' lang='lat' dir='ltr'><strong>membris</strong></span> <span class='ocrx_word' id='word_1_469' title='bbox 2827 3115 3016 3170; x_wconf 74' lang='lat' dir='ltr'><strong>corpus</strong></span> <span class='ocrx_word' id='word_1_470' title='bbox 3057 3097 3307 3160; x_wconf 76' lang='lat' dir='ltr'><strong>Ecclesiae</strong></span> <span class='ocrx_word' id='word_1_471' title='bbox 3356 3100 3692 3171; x_wconf 74' lang='lat' dir='ltr'><strong>coagulum:</strong></span> 
     </span>
    </p>
   </div>
   <div class='ocr_carea' id='block_1_63' title="bbox 386 3190 1978 3269">
    <p class='ocr_par' dir='ltr' id='par_1_63' title="bbox 386 3190 1978 3269">
     <span class='ocr_line' id='line_1_63' title="bbox 386 3190 1978 3269; baseline 0.004 -27"><span class='ocrx_word' id='word_1_472' title='bbox 386 3190 578 3259; x_wconf 78' lang='lat' dir='ltr'><strong>ferrent</strong></span> <span class='ocrx_word' id='word_1_473' title='bbox 600 3190 679 3244; x_wconf 88' lang='lat' dir='ltr'><strong>illi</strong></span> <span class='ocrx_word' id='word_1_474' title='bbox 705 3191 999 3263; x_wconf 85' lang='lat' dir='ltr'><strong>imaginem,</strong></span> <span class='ocrx_word' id='word_1_475' title='bbox 1049 3208 1200 3262; x_wconf 90' lang='lat' dir='ltr'><strong>quam</strong></span> <span class='ocrx_word' id='word_1_476' title='bbox 1241 3195 1407 3263; x_wconf 89' lang='lat' dir='ltr'><strong>primo</strong></span> <span class='ocrx_word' id='word_1_477' title='bbox 1436 3195 1489 3248; x_wconf 89' lang='lat' dir='ltr'><strong>in</strong></span> <span class='ocrx_word' id='word_1_478' title='bbox 1527 3194 1682 3248; x_wconf 86' lang='lat' dir='ltr'><strong>altari</strong></span> <span class='ocrx_word' id='word_1_479' title='bbox 1712 3203 1978 3269; x_wconf 79' lang='lat' dir='ltr'><strong>ponerent,</strong></span> 
     </span>
    </p>
   </div>
   <div class='ocr_carea' id='block_1_64' title="bbox 386 3285 1978 3358">
    <p class='ocr_par' dir='ltr' id='par_1_64' title="bbox 386 3285 1978 3358">
     <span class='ocr_line' id='line_1_64' title="bbox 386 3285 1978 3358; baseline 0.004 -20"><span class='ocrx_word' id='word_1_480' title='bbox 386 3295 436 3338; x_wconf 88' lang='lat' dir='ltr'><strong>et</strong></span> <span class='ocrx_word' id='word_1_481' title='bbox 454 3286 526 3340; x_wconf 87' lang='lat' dir='ltr'><strong>sic</strong></span> <span class='ocrx_word' id='word_1_482' title='bbox 552 3285 866 3355; x_wconf 80' lang='lat' dir='ltr'><strong>sacriﬁcium</strong></span> <span class='ocrx_word' id='word_1_483' title='bbox 894 3285 1182 3352; x_wconf 74' lang='lat' dir='ltr'><strong>o/ferretur.</strong></span> <span class='ocrx_word' id='word_1_484' title='bbox 1223 3288 1333 3343; x_wconf 90' lang='lat' dir='ltr'><strong>lloc</strong></span> <span class='ocrx_word' id='word_1_485' title='bbox 1362 3305 1478 3343; x_wconf 88' lang='lat' dir='ltr'><strong>cum</strong></span> <span class='ocrx_word' id='word_1_486' title='bbox 1502 3290 1978 3358; x_wconf 85' lang='lat' dir='ltr'><strong>accipereutaures,</strong></span> 
     </span>
    </p>
   </div>
   <div class='ocr_carea' id='block_1_65' title="bbox 387 3366 1983 3453">
    <p class='ocr_par' dir='ltr' id='par_1_65' title="bbox 387 3366 1983 3453">
     <span class='ocr_line' id='line_1_65' title="bbox 387 3366 1983 3453; baseline 0.003 -22"><span class='ocrx_word' id='word_1_487' title='bbox 387 3378 615 3445; x_wconf 78' lang='lat' dir='ltr'><strong>percussi</strong></span> <span class='ocrx_word' id='word_1_488' title='bbox 643 3387 760 3432; x_wconf 88' lang='lat' dir='ltr'><strong>sunt</strong></span> <span class='ocrx_word' id='word_1_489' title='bbox 782 3387 828 3430; x_wconf 89' lang='lat' dir='ltr'><strong>et</strong></span> <span class='ocrx_word' id='word_1_490' title='bbox 858 3379 1040 3445; x_wconf 88' lang='lat' dir='ltr'><strong>animi,</strong></span> <span class='ocrx_word' id='word_1_491' title='bbox 1071 3388 1116 3433; x_wconf 92' lang='lat' dir='ltr'><strong>et</strong></span> <span class='ocrx_word' id='word_1_492' title='bbox 1154 3380 1553 3453; x_wconf 87' lang='lat' dir='ltr'><strong>uniuscujusque</strong></span> <span class='ocrx_word' id='word_1_493' title='bbox 1581 3382 1757 3452; x_wconf 85' lang='lat' dir='ltr'><strong>lingua</strong></span> <span class='ocrx_word' id='word_1_494' title='bbox 1793 3383 1847 3436; x_wconf 91' lang='lat' dir='ltr'><strong>in</strong></span> <span class='ocrx_word' id='word_1_495' title='bbox 1875 3366 1983 3437; x_wconf 64' lang='lat' dir='ltr'><strong>haec</strong></span> 
     </span>
    </p>
   </div>
   <div class='ocr_carea' id='block_1_66' title="bbox 387 3468 1978 3540">
    <p class='ocr_par' dir='ltr' id='par_1_66' title="bbox 387 3468 1978 3540">
     <span class='ocr_line' id='line_1_66' title="bbox 387 3468 1978 3540; baseline 0.005 -20"><span class='ocrx_word' id='word_1_496' title='bbox 387 3468 534 3521; x_wconf 80' lang='lat' dir='ltr'><strong>verba</strong></span> <span class='ocrx_word' id='word_1_497' title='bbox 554 3477 807 3521; x_wconf 87' lang='lat' dir='ltr'><strong>connnota</strong></span> <span class='ocrx_word' id='word_1_498' title='bbox 836 3478 929 3535; x_wconf 84' lang='lat' dir='ltr'><strong>est,</strong></span> <span class='ocrx_word' id='word_1_499' title='bbox 962 3480 1017 3522; x_wconf 86' lang='lat' dir='ltr'><strong>ut</strong></span> <span class='ocrx_word' id='word_1_500' title='bbox 1046 3471 1210 3523; x_wconf 89' lang='lat' dir='ltr'><strong>omnis</strong></span> <span class='ocrx_word' id='word_1_501' title='bbox 1238 3471 1323 3540; x_wconf 89' lang='lat' dir='ltr'><strong>qui</strong></span> <span class='ocrx_word' id='word_1_502' title='bbox 1351 3472 1458 3527; x_wconf 75' lang='lat' dir='ltr'><strong>lucc</strong></span> <span class='ocrx_word' id='word_1_503' title='bbox 1494 3473 1728 3527; x_wconf 88' lang='lat' dir='ltr'><strong>audierat</strong></span> <span class='ocrx_word' id='word_1_504' title='bbox 1754 3474 1978 3528; x_wconf 81' lang='lat' dir='ltr'><strong>diceret:</strong></span> 
     </span>
    </p>
   </div>
   <div class='ocr_carea' id='block_1_67' title="bbox 384 3562 1983 3635">
    <p class='ocr_par' dir='ltr' id='par_1_67' title="bbox 384 3562 1983 3635">
     <span class='ocr_line' id='line_1_67' title="bbox 384 3562 1983 3635; baseline 0.004 -20"><span class='ocrx_word' id='word_1_505' title='bbox 384 3564 473 3633; x_wconf 88' lang='lat' dir='ltr'><strong>qui</strong></span> <span class='ocrx_word' id='word_1_506' title='bbox 498 3562 619 3616; x_wconf 88' lang='lat' dir='ltr'><strong>inde</strong></span> <span class='ocrx_word' id='word_1_507' title='bbox 639 3571 828 3634; x_wconf 83' lang='lat' dir='ltr'><strong>gustat,</strong></span> <span class='ocrx_word' id='word_1_508' title='bbox 852 3562 916 3616; x_wconf 90' lang='lat' dir='ltr'><strong>de</strong></span> <span class='ocrx_word' id='word_1_509' title='bbox 932 3580 1080 3617; x_wconf 89' lang='lat' dir='ltr'><strong>sacro</strong></span> <span class='ocrx_word' id='word_1_510' title='bbox 1100 3575 1271 3635; x_wconf 87' lang='lat' dir='ltr'><strong>gustat</strong></span> <span class='ocrx_word' id='word_1_511' title='bbox 1296 3580 1315 3618; x_wconf 89' lang='lat'><strong><em>:</em></strong></span> <span class='ocrx_word' id='word_1_512' title='bbox 1338 3575 1381 3620; x_wconf 91' lang='lat' dir='ltr'><strong>et</strong></span> <span class='ocrx_word' id='word_1_513' title='bbox 1404 3576 1539 3621; x_wconf 89' lang='lat' dir='ltr'><strong>recte</strong></span> <span class='ocrx_word' id='word_1_514' title='bbox 1558 3567 1753 3622; x_wconf 88' lang='lat' dir='ltr'><strong>dictum</strong></span> <span class='ocrx_word' id='word_1_515' title='bbox 1782 3578 1908 3633; x_wconf 89' lang='lat' dir='ltr'><strong>erat,</strong></span> <span class='ocrx_word' id='word_1_516' title='bbox 1936 3570 1983 3622; x_wconf 88' lang='lat' dir='ltr'><strong>si</strong></span> 
     </span>
    </p>
   </div>
   <div class='ocr_carea' id='block_1_68' title="bbox 383 3641 1982 3729">
    <p class='ocr_par' dir='ltr' id='par_1_68' title="bbox 383 3641 1982 3729">
     <span class='ocr_line' id='line_1_68' title="bbox 383 3641 1982 3729; baseline 0.005 -21"><span class='ocrx_word' id='word_1_517' title='bbox 383 3656 535 3709; x_wconf 80' lang='lat' dir='ltr'><strong>talem</strong></span> <span class='ocrx_word' id='word_1_518' title='bbox 563 3655 757 3725; x_wconf 80' lang='lat' dir='ltr'><strong>famam</strong></span> <span class='ocrx_word' id='word_1_519' title='bbox 782 3654 966 3709; x_wconf 88' lang='lat' dir='ltr'><strong>similis</strong></span> <span class='ocrx_word' id='word_1_520' title='bbox 1004 3658 1201 3711; x_wconf 84' lang='lat' dir='ltr'><strong>veritas</strong></span> <span class='ocrx_word' id='word_1_521' title='bbox 1220 3669 1532 3729; x_wconf 82' lang='lat' dir='ltr'><strong>sequeretur.</strong></span> <span class='ocrx_word' id='word_1_522' title='bbox 1566 3660 1750 3714; x_wconf 63' lang='grc' dir='ltr'><strong>Λικιῡί</strong></span> <span class='ocrx_word' id='word_1_523' title='bbox 1778 3641 1982 3716; x_wconf 78' lang='lat' dir='ltr'><strong>ventum</strong></span> 
     </span>
    </p>
   </div>
   <div class='ocr_carea' id='block_1_69' title="bbox 381 3747 1982 3830">
    <p class='ocr_par' dir='ltr' id='par_1_69' title="bbox 381 3747 1982 3830">
     <span class='ocr_line' id='line_1_69' title="bbox 381 3747 1982 3830; baseline 0.006 -29"><span class='ocrx_word' id='word_1_524' title='bbox 381 3758 456 3801; x_wconf 88' lang='lat' dir='ltr'><strong>est</strong></span> <span class='ocrx_word' id='word_1_525' title='bbox 484 3765 515 3801; x_wconf 90' lang='lat' dir='ltr'><strong>a</strong></span> <span class='ocrx_word' id='word_1_526' title='bbox 542 3748 874 3819; x_wconf 86' lang='lat' dir='ltr'><strong>supradictis,</strong></span> <span class='ocrx_word' id='word_1_527' title='bbox 904 3747 1036 3802; x_wconf 90' lang='lat' dir='ltr'><strong>nihil</strong></span> <span class='ocrx_word' id='word_1_528' title='bbox 1063 3750 1164 3804; x_wconf 90' lang='lat' dir='ltr'><strong>tale</strong></span> <span class='ocrx_word' id='word_1_529' title='bbox 1194 3753 1356 3829; x_wconf 76' lang='lat' dir='ltr'><strong>uisum</strong></span> <span class='ocrx_word' id='word_1_530' title='bbox 1383 3764 1570 3830; x_wconf 22' lang='lat' dir='ltr'><strong>est,.ea:</strong></span> <span class='ocrx_word' id='word_1_531' title='bbox 1599 3771 1658 3809; x_wconf 93' lang='lat' dir='ltr'><strong>eo</strong></span> <span class='ocrx_word' id='word_1_532' title='bbox 1702 3755 1842 3826; x_wconf 87' lang='lat' dir='ltr'><strong>quod</strong></span> <span class='ocrx_word' id='word_1_533' title='bbox 1869 3758 1982 3829; x_wconf 79' lang='lat' dir='ltr'><strong>fue-</strong></span> 
     </span>
    </p>
   </div>
   <div class='ocr_carea' id='block_1_70' title="bbox 383 3843 1981 3914">
    <p class='ocr_par' dir='ltr' id='par_1_70' title="bbox 383 3843 1981 3914">
     <span class='ocr_line' id='line_1_70' title="bbox 383 3843 1981 3914; baseline 0.004 -17"><span class='ocrx_word' id='word_1_534' title='bbox 383 3853 461 3897; x_wconf 86' lang='lat' dir='ltr'><strong>rat</strong></span> <span class='ocrx_word' id='word_1_535' title='bbox 479 3845 633 3914; x_wconf 88' lang='lat' dir='ltr'><strong>paulo</strong></span> <span class='ocrx_word' id='word_1_536' title='bbox 660 3854 778 3897; x_wconf 91' lang='lat' dir='ltr'><strong>ante</strong></span> <span class='ocrx_word' id='word_1_537' title='bbox 798 3843 937 3909; x_wconf 79' lang='lat' dir='ltr'><strong>fama</strong></span> <span class='ocrx_word' id='word_1_538' title='bbox 960 3846 1206 3911; x_wconf 86' lang='lat' dir='ltr'><strong>mentita;</strong></span> <span class='ocrx_word' id='word_1_539' title='bbox 1237 3848 1367 3900; x_wconf 90' lang='lat' dir='ltr'><strong>nihil</strong></span> <span class='ocrx_word' id='word_1_540' title='bbox 1392 3848 1629 3903; x_wconf 85' lang='lat' dir='ltr'><strong>viderunt</strong></span> <span class='ocrx_word' id='word_1_541' title='bbox 1655 3851 1790 3903; x_wconf 90' lang='lat' dir='ltr'><strong>oculi</strong></span> <span class='ocrx_word' id='word_1_542' title='bbox 1817 3850 1981 3905; x_wconf 88' lang='lat' dir='ltr'><strong>chris-</strong></span> 
     </span>
    </p>
   </div>
   <div class='ocr_carea' id='block_1_71' title="bbox 385 3936 1978 4010">
    <p class='ocr_par' dir='ltr' id='par_1_71' title="bbox 385 3936 1978 4010">
     <span class='ocr_line' id='line_1_71' title="bbox 385 3936 1978 4010; baseline 0.004 -22"><span class='ocrx_word' id='word_1_543' title='bbox 385 3937 511 3989; x_wconf 89' lang='lat' dir='ltr'><strong>tiani</strong></span> <span class='ocrx_word' id='word_1_544' title='bbox 551 3939 687 4006; x_wconf 87' lang='lat' dir='ltr'><strong>quod</strong></span> <span class='ocrx_word' id='word_1_545' title='bbox 728 3936 990 3995; x_wconf 81' lang='lat' dir='ltr'><strong>horrerent</strong></span> <span class='ocrx_word' id='word_1_546' title='bbox 1014 3956 1033 3994; x_wconf 88' lang='lat'><strong><em>:</em></strong></span> <span class='ocrx_word' id='word_1_547' title='bbox 1070 3939 1201 3992; x_wconf 90' lang='lat' dir='ltr'><strong>nihil</strong></span> <span class='ocrx_word' id='word_1_548' title='bbox 1245 3941 1475 4010; x_wconf 83' lang='lat' dir='ltr'><strong>probavit</strong></span> <span class='ocrx_word' id='word_1_549' title='bbox 1516 3952 1751 4010; x_wconf 85' lang='lat' dir='ltr'><strong>aspectus</strong></span> <span class='ocrx_word' id='word_1_550' title='bbox 1793 3958 1855 3997; x_wconf 84' lang='lat' dir='ltr'><strong>ea:</strong></span> <span class='ocrx_word' id='word_1_551' title='bbox 1891 3943 1978 4008; x_wconf 90' lang='lat' dir='ltr'><strong>iis,</strong></span> 
     </span>
    </p>
   </div>
   <div class='ocr_carea' id='block_1_72' title="bbox 384 4030 1982 4108">
    <p class='ocr_par' dir='ltr' id='par_1_72' title="bbox 384 4030 1982 4108">
     <span class='ocr_line' id='line_1_72' title="bbox 384 4030 1982 4108; baseline 0.006 -28"><span class='ocrx_word' id='word_1_552' title='bbox 384 4030 565 4100; x_wconf 83' lang='lat' dir='ltr'><strong>quibus</strong></span> <span class='ocrx_word' id='word_1_553' title='bbox 614 4034 933 4101; x_wconf 85' lang='lat' dir='ltr'><strong>perturbatus</strong></span> <span class='ocrx_word' id='word_1_554' title='bbox 969 4044 1077 4091; x_wconf 86' lang='lat' dir='ltr'><strong>erat</strong></span> <span class='ocrx_word' id='word_1_555' title='bbox 1125 4035 1349 4089; x_wconf 86' lang='lat' dir='ltr'><strong>auditus.</strong></span> <span class='ocrx_word' id='word_1_556' title='bbox 1392 4033 1515 4088; x_wconf 84' lang='lat' dir='ltr'><strong>Visa</strong></span> <span class='ocrx_word' id='word_1_557' title='bbox 1557 4046 1632 4090; x_wconf 86' lang='lat' dir='ltr'><strong>est</strong></span> <span class='ocrx_word' id='word_1_558' title='bbox 1672 4037 1893 4108; x_wconf 86' lang='lat' dir='ltr'><strong>paritas,</strong></span> <span class='ocrx_word' id='word_1_559' title='bbox 1935 4046 1982 4091; x_wconf 93' lang='lat' dir='ltr'><strong>et</strong></span> 
     </span>
    </p>
   </div>
   <div class='ocr_carea' id='block_1_73' title="bbox 385 4123 1983 4198">
    <p class='ocr_par' dir='ltr' id='par_1_73' title="bbox 385 4123 1983 4198">
     <span class='ocr_line' id='line_1_73' title="bbox 385 4123 1983 4198; baseline 0.006 -24"><span class='ocrx_word' id='word_1_560' title='bbox 385 4123 487 4175; x_wconf 87' lang='lat' dir='ltr'><strong>ritu</strong></span> <span class='ocrx_word' id='word_1_561' title='bbox 513 4124 662 4177; x_wconf 90' lang='lat' dir='ltr'><strong>solito</strong></span> <span class='ocrx_word' id='word_1_562' title='bbox 703 4125 944 4180; x_wconf 87' lang='lat' dir='ltr'><strong>solenmis</strong></span> <span class='ocrx_word' id='word_1_563' title='bbox 973 4128 1289 4181; x_wconf 88' lang='lat' dir='ltr'><strong>consuetudo</strong></span> <span class='ocrx_word' id='word_1_564' title='bbox 1328 4139 1593 4198; x_wconf 87' lang='lat' dir='ltr'><strong>perspecta</strong></span> <span class='ocrx_word' id='word_1_565' title='bbox 1623 4139 1696 4183; x_wconf 87' lang='lat' dir='ltr'><strong>est</strong></span> <span class='ocrx_word' id='word_1_566' title='bbox 1721 4146 1739 4182; x_wconf 91' lang='lat'><em>:</em></span> <span class='ocrx_word' id='word_1_567' title='bbox 1766 4146 1881 4183; x_wconf 90' lang='lat' dir='ltr'><strong>cum</strong></span> <span class='ocrx_word' id='word_1_568' title='bbox 1908 4130 1983 4183; x_wconf 87' lang='lat' dir='ltr'><strong>vi—</strong></span> 
     </span>
    </p>
   </div>
   <div class='ocr_carea' id='block_1_74' title="bbox 385 4215 1980 4293">
    <p class='ocr_par' dir='ltr' id='par_1_74' title="bbox 385 4215 1980 4293">
     <span class='ocr_line' id='line_1_74' title="bbox 385 4215 1980 4293; baseline 0.005 -25"><span class='ocrx_word' id='word_1_569' title='bbox 385 4215 559 4270; x_wconf 89' lang='lat' dir='ltr'><strong>derent</strong></span> <span class='ocrx_word' id='word_1_570' title='bbox 589 4218 772 4272; x_wconf 86' lang='lat' dir='ltr'><strong>divinis</strong></span> <span class='ocrx_word' id='word_1_571' title='bbox 800 4220 1089 4287; x_wconf 84' lang='lat' dir='ltr'><strong>sacriﬁciis,</strong></span> <span class='ocrx_word' id='word_1_572' title='bbox 1124 4238 1212 4275; x_wconf 88' lang='lat' dir='ltr'><strong>nec</strong></span> <span class='ocrx_word' id='word_1_573' title='bbox 1247 4230 1496 4275; x_wconf 90' lang='lat' dir='ltr'><strong>mutatum</strong></span> <span class='ocrx_word' id='word_1_574' title='bbox 1541 4224 1842 4293; x_wconf 84' lang='lat' dir='ltr'><strong>quidquam,</strong></span> <span class='ocrx_word' id='word_1_575' title='bbox 1889 4238 1980 4276; x_wconf 81' lang='lat' dir='ltr'><strong>nec</strong></span> 
     </span>
    </p>
   </div>
   <div class='ocr_carea' id='block_1_75' title="bbox 382 4311 1982 4379">
    <p class='ocr_par' dir='ltr' id='par_1_75' title="bbox 382 4311 1982 4379">
     <span class='ocr_line' id='line_1_75' title="bbox 382 4311 1982 4379; baseline 0.004 -16"><span class='ocrx_word' id='word_1_576' title='bbox 382 4311 636 4376; x_wconf 84' lang='lat' dir='ltr'><strong>additum,</strong></span> <span class='ocrx_word' id='word_1_577' title='bbox 662 4327 751 4366; x_wconf 88' lang='lat' dir='ltr'><strong>nec</strong></span> <span class='ocrx_word' id='word_1_578' title='bbox 772 4312 1025 4366; x_wconf 74' lang='lat' dir='ltr'><strong>ablatum.</strong></span> <span class='ocrx_word' id='word_1_579' title='bbox 1058 4313 1176 4368; x_wconf 75' lang='lat' dir='ltr'><strong>Pax</strong></span> <span class='ocrx_word' id='word_1_580' title='bbox 1203 4331 1234 4367; x_wconf 90' lang='lat' dir='ltr'><strong>a</strong></span> <span class='ocrx_word' id='word_1_581' title='bbox 1266 4312 1376 4368; x_wconf 90' lang='lat' dir='ltr'><strong>Deo</strong></span> <span class='ocrx_word' id='word_1_582' title='bbox 1399 4316 1771 4379; x_wconf 86' lang='lat' dir='ltr'><strong>commendata,</strong></span> <span class='ocrx_word' id='word_1_583' title='bbox 1808 4317 1982 4371; x_wconf 86' lang='lat' dir='ltr'><strong>volen—</strong></span> 
     </span>
    </p>
   </div>
   <div class='ocr_carea' id='block_1_76' title="bbox 383 4402 1981 4481">
    <p class='ocr_par' dir='ltr' id='par_1_76' title="bbox 383 4402 1981 4481">
     <span class='ocr_line' id='line_1_76' title="bbox 383 4402 1981 4481; baseline 0.007 -28"><span class='ocrx_word' id='word_1_584' title='bbox 383 4403 515 4455; x_wconf 87' lang='lat' dir='ltr'><strong>tibus</strong></span> <span class='ocrx_word' id='word_1_585' title='bbox 550 4402 782 4471; x_wconf 85' lang='lat' dir='ltr'><strong>placuit:</strong></span> <span class='ocrx_word' id='word_1_586' title='bbox 830 4423 985 4475; x_wconf 90' lang='lat' dir='ltr'><strong>quare</strong></span> <span class='ocrx_word' id='word_1_587' title='bbox 1022 4407 1197 4461; x_wconf 88' lang='lat' dir='ltr'><strong>nullus</strong></span> <span class='ocrx_word' id='word_1_588' title='bbox 1229 4424 1402 4461; x_wconf 87' lang='lat' dir='ltr'><strong>eorttnt</strong></span> <span class='ocrx_word' id='word_1_589' title='bbox 1434 4407 1578 4462; x_wconf 78' lang='lat' dir='ltr'><strong>debet</strong></span> <span class='ocrx_word' id='word_1_590' title='bbox 1607 4410 1775 4481; x_wconf 86' lang='lat' dir='ltr'><strong>argui,</strong></span> <span class='ocrx_word' id='word_1_591' title='bbox 1806 4411 1891 4481; x_wconf 87' lang='lat' dir='ltr'><strong>qui</strong></span> <span class='ocrx_word' id='word_1_592' title='bbox 1916 4412 1981 4465; x_wconf 84' lang='lat' dir='ltr'><strong>tle</strong></span> 
     </span>
    </p>
   </div>
   <div class='ocr_carea' id='block_1_77' title="bbox 2083 3187 3692 3267">
    <p class='ocr_par' dir='ltr' id='par_1_77' title="bbox 2083 3187 3692 3267">
     <span class='ocr_line' id='line_1_77' title="bbox 2083 3187 3692 3267; baseline 0.004 -28"><span class='ocrx_word' id='word_1_593' title='bbox 2083 3187 2287 3243; x_wconf 84' lang='lat' dir='ltr'><strong>dolebat</strong></span> <span class='ocrx_word' id='word_1_594' title='bbox 2310 3195 2407 3243; x_wconf 85' lang='lat' dir='ltr'><strong>hoc</strong></span> <span class='ocrx_word' id='word_1_595' title='bbox 2440 3189 2698 3257; x_wconf 85' lang='lat' dir='ltr'><strong>diabolus,</strong></span> <span class='ocrx_word' id='word_1_596' title='bbox 2728 3191 2817 3263; x_wconf 89' lang='lat' dir='ltr'><strong>qui</strong></span> <span class='ocrx_word' id='word_1_597' title='bbox 2844 3208 3043 3264; x_wconf 89' lang='lat' dir='ltr'><strong>semper</strong></span> <span class='ocrx_word' id='word_1_598' title='bbox 3063 3192 3128 3247; x_wconf 88' lang='lat' dir='ltr'><strong>de</strong></span> <span class='ocrx_word' id='word_1_599' title='bbox 3169 3194 3393 3266; x_wconf 76' lang='lat' dir='ltr'><strong>fratrum</strong></span> <span class='ocrx_word' id='word_1_600' title='bbox 3424 3209 3549 3267; x_wconf 83' lang='lat' dir='ltr'><strong>pace</strong></span> <span class='ocrx_word' id='word_1_601' title='bbox 3578 3202 3692 3246; x_wconf 83' lang='lat' dir='ltr'><strong>tor-</strong></span> 
     </span>
    </p>
   </div>
   <div class='ocr_carea' id='block_1_78' title="bbox 2083 3282 3693 3358">
    <p class='ocr_par' dir='ltr' id='par_1_78' title="bbox 2083 3282 3693 3358">
     <span class='ocr_line' id='line_1_78' title="bbox 2083 3282 3693 3358; baseline 0.004 -23"><span class='ocrx_word' id='word_1_602' title='bbox 2083 3292 2285 3354; x_wconf 86' lang='lat' dir='ltr'><strong>quetur.</strong></span> <span class='ocrx_word' id='word_1_603' title='bbox 2317 3282 2421 3338; x_wconf 87' lang='lat' dir='ltr'><strong>Illo</strong></span> <span class='ocrx_word' id='word_1_604' title='bbox 2449 3294 2674 3357; x_wconf 88' lang='lat' dir='ltr'><strong>tempore</strong></span> <span class='ocrx_word' id='word_1_605' title='bbox 2702 3286 2794 3340; x_wconf 88' lang='lat' dir='ltr'><strong>sub</strong></span> <span class='ocrx_word' id='word_1_606' title='bbox 2826 3287 3133 3358; x_wconf 89' lang='lat' dir='ltr'><strong>imperatore</strong></span> <span class='ocrx_word' id='word_1_607' title='bbox 3163 3287 3467 3355; x_wconf 86' lang='lat' dir='ltr'><strong>christiano,</strong></span> <span class='ocrx_word' id='word_1_608' title='bbox 3498 3287 3693 3342; x_wconf 80' lang='lat' dir='ltr'><strong>deser-</strong></span> 
     </span>
    </p>
   </div>
   <div class='ocr_carea' id='block_1_79' title="bbox 2084 3375 3691 3453">
    <p class='ocr_par' dir='ltr' id='par_1_79' title="bbox 2084 3375 3691 3453">
     <span class='ocr_line' id='line_1_79' title="bbox 2084 3375 3691 3453; baseline 0.004 -24"><span class='ocrx_word' id='word_1_609' title='bbox 2084 3384 2167 3430; x_wconf 89' lang='lat' dir='ltr'><strong>tus</strong></span> <span class='ocrx_word' id='word_1_610' title='bbox 2190 3376 2244 3429; x_wconf 89' lang='lat' dir='ltr'><strong>in</strong></span> <span class='ocrx_word' id='word_1_611' title='bbox 2272 3375 2424 3431; x_wconf 90' lang='lat' dir='ltr'><strong>idolis</strong></span> <span class='ocrx_word' id='word_1_612' title='bbox 2445 3386 2703 3449; x_wconf 90' lang='lat' dir='ltr'><strong>tamquam</strong></span> <span class='ocrx_word' id='word_1_613' title='bbox 2731 3379 2981 3447; x_wconf 86' lang='lat' dir='ltr'><strong>inclusus,</strong></span> <span class='ocrx_word' id='word_1_614' title='bbox 2997 3380 3205 3450; x_wconf 79' lang='lat' dir='ltr'><strong>jacebot</strong></span> <span class='ocrx_word' id='word_1_615' title='bbox 3224 3382 3277 3434; x_wconf 89' lang='lat' dir='ltr'><strong>in</strong></span> <span class='ocrx_word' id='word_1_616' title='bbox 3305 3381 3530 3453; x_wconf 88' lang='lat' dir='ltr'><strong>templis.</strong></span> <span class='ocrx_word' id='word_1_617' title='bbox 3573 3378 3691 3435; x_wconf 83' lang='lat' dir='ltr'><strong>Hoc</strong></span> 
     </span>
    </p>
   </div>
   <div class='ocr_carea' id='block_1_80' title="bbox 2084 3470 3691 3548">
    <p class='ocr_par' dir='ltr' id='par_1_80' title="bbox 2084 3470 3691 3548">
     <span class='ocr_line' id='line_1_80' title="bbox 2084 3470 3691 3548; baseline 0.003 -23"><span class='ocrx_word' id='word_1_618' title='bbox 2084 3470 2260 3525; x_wconf 90' lang='lat' dir='ltr'><strong>eodem</strong></span> <span class='ocrx_word' id='word_1_619' title='bbox 2288 3482 2513 3545; x_wconf 86' lang='lat' dir='ltr'><strong>tempore</strong></span> <span class='ocrx_word' id='word_1_620' title='bbox 2541 3475 2696 3529; x_wconf 85' lang='lat' dir='ltr'><strong>duces</strong></span> <span class='ocrx_word' id='word_1_621' title='bbox 2728 3483 2777 3529; x_wconf 91' lang='lat' dir='ltr'><strong>et</strong></span> <span class='ocrx_word' id='word_1_622' title='bbox 2805 3476 3060 3548; x_wconf 78' lang='lat' dir='ltr'><strong>principes</strong></span> <span class='ocrx_word' id='word_1_623' title='bbox 3080 3475 3476 3538; x_wconf 87' lang='lat' dir='ltr'><strong>Donatistarum</strong></span> <span class='ocrx_word' id='word_1_624' title='bbox 3506 3476 3691 3531; x_wconf 86' lang='lat' dir='ltr'><strong>merita</strong></span> 
     </span>
    </p>
   </div>
   <div class='ocr_carea' id='block_1_81' title="bbox 2084 3550 3685 3642">
    <p class='ocr_par' dir='ltr' id='par_1_81' title="bbox 2084 3550 3685 3642">
     <span class='ocr_line' id='line_1_81' title="bbox 2084 3550 3685 3642; baseline 0.002 -23"><span class='ocrx_word' id='word_1_625' title='bbox 2084 3566 2431 3637; x_wconf 86' lang='lat' dir='ltr'><strong>relegaverant</strong></span> <span class='ocrx_word' id='word_1_626' title='bbox 2457 3584 2573 3623; x_wconf 89' lang='lat' dir='ltr'><strong>sua.</strong></span> <span class='ocrx_word' id='word_1_627' title='bbox 2615 3567 2684 3622; x_wconf 83' lang='lat' dir='ltr'><strong>In</strong></span> <span class='ocrx_word' id='word_1_628' title='bbox 2722 3550 2936 3624; x_wconf 78' lang='lat' dir='ltr'><strong>ecclesia</strong></span> <span class='ocrx_word' id='word_1_629' title='bbox 2975 3568 3122 3624; x_wconf 88' lang='lat' dir='ltr'><strong>nulla</strong></span> <span class='ocrx_word' id='word_1_630' title='bbox 3151 3572 3355 3642; x_wconf 80' lang='lat' dir='ltr'><strong>fuerant</strong></span> <span class='ocrx_word' id='word_1_631' title='bbox 3382 3569 3685 3634; x_wconf 82' lang='lat' dir='ltr'><strong>schismata,</strong></span> 
     </span>
    </p>
   </div>
   <div class='ocr_carea' id='block_1_82' title="bbox 2084 3662 3685 3735">
    <p class='ocr_par' dir='ltr' id='par_1_82' title="bbox 2084 3662 3685 3735">
     <span class='ocr_line' id='line_1_82' title="bbox 2084 3662 3685 3735; baseline 0.002 -23"><span class='ocrx_word' id='word_1_632' title='bbox 2084 3676 2176 3714; x_wconf 90' lang='lat' dir='ltr'><strong>nec</strong></span> <span class='ocrx_word' id='word_1_633' title='bbox 2203 3663 2420 3733; x_wconf 89' lang='lat' dir='ltr'><strong>paganis</strong></span> <span class='ocrx_word' id='word_1_634' title='bbox 2460 3662 2641 3717; x_wconf 89' lang='lat' dir='ltr'><strong>licebat</strong></span> <span class='ocrx_word' id='word_1_635' title='bbox 2672 3680 2901 3719; x_wconf 74' lang='lat' dir='ltr'><strong>exercere</strong></span> <span class='ocrx_word' id='word_1_636' title='bbox 2940 3664 3216 3735; x_wconf 86' lang='lat' dir='ltr'><strong>sacrilegia</strong></span> <span class='ocrx_word' id='word_1_637' title='bbox 3240 3679 3259 3718; x_wconf 89' lang='lat'><strong><em>:</em></strong></span> <span class='ocrx_word' id='word_1_638' title='bbox 3294 3681 3399 3733; x_wconf 69' lang='lat' dir='ltr'><strong>pax</strong></span> <span class='ocrx_word' id='word_1_639' title='bbox 3428 3662 3536 3718; x_wconf 89' lang='lat' dir='ltr'><strong>Deo</strong></span> <span class='ocrx_word' id='word_1_640' title='bbox 3569 3664 3685 3733; x_wconf 89' lang='lat' dir='ltr'><strong>pla-</strong></span> 
     </span>
    </p>
   </div>
   <div class='ocr_carea' id='block_1_83' title="bbox 2084 3754 3717 3829">
    <p class='ocr_par' dir='ltr' id='par_1_83' title="bbox 2084 3754 3717 3829">
     <span class='ocr_line' id='line_1_83' title="bbox 2084 3754 3717 3829; baseline 0.005 -22"><span class='ocrx_word' id='word_1_641' title='bbox 2084 3754 2187 3807; x_wconf 88' lang='lat' dir='ltr'><strong>cita</strong></span> <span class='ocrx_word' id='word_1_642' title='bbox 2213 3754 2355 3824; x_wconf 88' lang='lat' dir='ltr'><strong>apud</strong></span> <span class='ocrx_word' id='word_1_643' title='bbox 2376 3771 2551 3811; x_wconf 88' lang='lat' dir='ltr'><strong>omnes</strong></span> <span class='ocrx_word' id='word_1_644' title='bbox 2573 3755 2891 3812; x_wconf 87' lang='lat' dir='ltr'><strong>Christianos</strong></span> <span class='ocrx_word' id='word_1_645' title='bbox 2918 3758 3135 3829; x_wconf 87' lang='lat' dir='ltr'><strong>populos</strong></span> <span class='ocrx_word' id='word_1_646' title='bbox 3159 3757 3419 3817; x_wconf 86' lang='lat' dir='ltr'><strong>habitabat</strong></span> <span class='ocrx_word' id='word_1_647' title='bbox 3447 3774 3466 3813; x_wconf 91' lang='lat'><strong><em>:</em></strong></span> <span class='ocrx_word' id='word_1_648' title='bbox 3501 3757 3687 3811; x_wconf 82' lang='lat' dir='ltr'><strong>diabo—</strong></span> <span class='ocrx_word' id='word_1_649' title='bbox 3714 3814 3717 3815; x_wconf 30' lang='grc' dir='ltr'><em>ν</em></span> 
     </span>
    </p>
   </div>
   <div class='ocr_carea' id='block_1_84' title="bbox 2085 3845 3683 3922">
    <p class='ocr_par' dir='ltr' id='par_1_84' title="bbox 2085 3845 3683 3922">
     <span class='ocr_line' id='line_1_84' title="bbox 2085 3845 3683 3922; baseline 0.003 -24"><span class='ocrx_word' id='word_1_650' title='bbox 2085 3845 2166 3899; x_wconf 89' lang='lat' dir='ltr'><strong>lus</strong></span> <span class='ocrx_word' id='word_1_651' title='bbox 2184 3846 2417 3901; x_wconf 81' lang='lat' dir='ltr'><strong>mcerebat</strong></span> <span class='ocrx_word' id='word_1_652' title='bbox 2440 3848 2491 3902; x_wconf 90' lang='lat' dir='ltr'><strong>in</strong></span> <span class='ocrx_word' id='word_1_653' title='bbox 2514 3850 2737 3921; x_wconf 60' lang='lat' dir='ltr'><strong>temiilis,</strong></span> <span class='ocrx_word' id='word_1_654' title='bbox 2770 3850 3058 3906; x_wconf 78' lang='lat' dir='ltr'><strong>Donatista:</strong></span> <span class='ocrx_word' id='word_1_655' title='bbox 3078 3852 3133 3904; x_wconf 90' lang='lat' dir='ltr'><strong>in</strong></span> <span class='ocrx_word' id='word_1_656' title='bbox 3153 3849 3448 3922; x_wconf 85' lang='lat' dir='ltr'><strong>regionibus</strong></span> <span class='ocrx_word' id='word_1_657' title='bbox 3478 3845 3683 3921; x_wconf 69' lang='lat' dir='ltr'><strong>alienis.</strong></span> 
     </span>
    </p>
   </div>
   <div class='ocr_carea' id='block_1_85' title="bbox 2158 3938 3689 3999">
    <p class='ocr_par' dir='ltr' id='par_1_85' title="bbox 2158 3938 3689 3999">
     <span class='ocr_line' id='line_1_85' title="bbox 2158 3938 3689 3999; baseline 0.003 -6"><span class='ocrx_word' id='word_1_658' title='bbox 2158 3938 2388 3996; x_wconf 90' lang='lat' dir='ltr'><strong>Libertas</strong></span> <span class='ocrx_word' id='word_1_659' title='bbox 2417 3958 2450 3995; x_wconf 89' lang='lat' dir='ltr'><strong>a</strong></span> <span class='ocrx_word' id='word_1_660' title='bbox 2470 3939 2685 3998; x_wconf 78' lang='lat' dir='ltr'><strong>Iuliano</strong></span> <span class='ocrx_word' id='word_1_661' title='bbox 2714 3942 2996 3999; x_wconf 87' lang='lat' dir='ltr'><strong>Donatistis</strong></span> <span class='ocrx_word' id='word_1_662' title='bbox 3042 3943 3265 3999; x_wconf 86' lang='lat' dir='ltr'><strong>reddita.</strong></span> <span class='ocrx_word' id='word_1_663' title='bbox 3295 3973 3369 3984; x_wconf 88' lang='lat'><strong>—-</strong></span> <span class='ocrx_word' id='word_1_664' title='bbox 3417 3945 3491 3998; x_wconf 80' lang='lat' dir='ltr'><strong>At</strong></span> <span class='ocrx_word' id='word_1_665' title='bbox 3545 3943 3689 3997; x_wconf 84' lang='lat' dir='ltr'><strong>Con-</strong></span> 
     </span>
    </p>
   </div>
   <div class='ocr_carea' id='block_1_86' title="bbox 2084 4034 3689 4103">
    <p class='ocr_par' dir='ltr' id='par_1_86' title="bbox 2084 4034 3689 4103">
     <span class='ocr_line' id='line_1_86' title="bbox 2084 4034 3689 4103; baseline 0.001 -18"><span class='ocrx_word' id='word_1_666' title='bbox 2084 4034 2283 4089; x_wconf 88' lang='lat' dir='ltr'><strong>stantio</strong></span> <span class='ocrx_word' id='word_1_667' title='bbox 2309 4043 2522 4090; x_wconf 90' lang='lat' dir='ltr'><strong>mortuo</strong></span> <span class='ocrx_word' id='word_1_668' title='bbox 2545 4035 2632 4091; x_wconf 88' lang='lat' dir='ltr'><strong>die</strong></span> <span class='ocrx_word' id='word_1_669' title='bbox 2651 4034 2974 4094; x_wconf 87' lang='lat' dir='ltr'><strong>Novembris</strong></span> <span class='ocrx_word' id='word_1_670' title='bbox 3013 4036 3168 4091; x_wconf 90' lang='lat' dir='ltr'><strong>tertia</strong></span> <span class='ocrx_word' id='word_1_671' title='bbox 3199 4037 3323 4091; x_wconf 91' lang='lat' dir='ltr'><strong>anni</strong></span> <span class='ocrx_word' id='word_1_672' title='bbox 3351 4036 3481 4103; x_wconf 75' lang='grc'><strong>561,</strong></span> <span class='ocrx_word' id='word_1_673' title='bbox 3509 4036 3689 4102; x_wconf 79' lang='lat' dir='ltr'><strong>Dona-</strong></span> 
     </span>
    </p>
   </div>
   <div class='ocr_carea' id='block_1_87' title="bbox 2088 4124 3687 4197">
    <p class='ocr_par' dir='ltr' id='par_1_87' title="bbox 2088 4124 3687 4197">
     <span class='ocr_line' id='line_1_87' title="bbox 2088 4124 3687 4197; baseline 0.003 -20"><span class='ocrx_word' id='word_1_674' title='bbox 2088 4124 2224 4179; x_wconf 75' lang='lat' dir='ltr'><strong>tisun</strong></span> <span class='ocrx_word' id='word_1_675' title='bbox 2266 4125 2481 4182; x_wconf 85' lang='lat' dir='ltr'><strong>Juliano</strong></span> <span class='ocrx_word' id='word_1_676' title='bbox 2516 4126 2835 4197; x_wconf 81' lang='lat' dir='ltr'><strong>imperatori</strong></span> <span class='ocrx_word' id='word_1_677' title='bbox 2881 4127 3116 4184; x_wconf 89' lang='lat' dir='ltr'><strong>libellum</strong></span> <span class='ocrx_word' id='word_1_678' title='bbox 3166 4129 3434 4192; x_wconf 87' lang='lat' dir='ltr'><strong>obtulere,</strong></span> <span class='ocrx_word' id='word_1_679' title='bbox 3487 4137 3544 4181; x_wconf 89' lang='lat' dir='ltr'><strong>ut</strong></span> <span class='ocrx_word' id='word_1_680' title='bbox 3583 4127 3687 4182; x_wconf 83' lang='lat' dir='ltr'><strong>sibi</strong></span> 
     </span>
    </p>
   </div>
   <div class='ocr_carea' id='block_1_88' title="bbox 2088 4218 3689 4290">
    <p class='ocr_par' dir='ltr' id='par_1_88' title="bbox 2088 4218 3689 4290">
     <span class='ocr_line' id='line_1_88' title="bbox 2088 4218 3689 4290; baseline 0.002 -21"><span class='ocrx_word' id='word_1_681' title='bbox 2088 4218 2501 4289; x_wconf 86' lang='lat' dir='ltr'><strong>restituerentur</strong></span> <span class='ocrx_word' id='word_1_682' title='bbox 2524 4218 2763 4274; x_wconf 66' lang='lat' dir='ltr'><strong>basilica:</strong></span> <span class='ocrx_word' id='word_1_683' title='bbox 2792 4232 2926 4290; x_wconf 88' lang='lat' dir='ltr'><strong>quas</strong></span> <span class='ocrx_word' id='word_1_684' title='bbox 2956 4219 3163 4274; x_wconf 85' lang='lat' dir='ltr'><strong>ablatas</strong></span> <span class='ocrx_word' id='word_1_685' title='bbox 3184 4220 3574 4290; x_wconf 87' lang='lat' dir='ltr'><strong>querebantur,</strong></span> <span class='ocrx_word' id='word_1_686' title='bbox 3605 4230 3689 4272; x_wconf 83' lang='lat' dir='ltr'><strong>ut-</strong></span> 
     </span>
    </p>
   </div>
   <div class='ocr_carea' id='block_1_89' title="bbox 2085 4310 3685 4383">
    <p class='ocr_par' dir='ltr' id='par_1_89' title="bbox 2085 4310 3685 4383">
     <span class='ocr_line' id='line_1_89' title="bbox 2085 4310 3685 4383; baseline 0.001 -21"><span class='ocrx_word' id='word_1_687' title='bbox 2085 4323 2190 4377; x_wconf 90' lang='lat' dir='ltr'><strong>que</strong></span> <span class='ocrx_word' id='word_1_688' title='bbox 2231 4310 2506 4379; x_wconf 82' lang='lat' dir='ltr'><strong>pristinam</strong></span> <span class='ocrx_word' id='word_1_689' title='bbox 2552 4319 3014 4383; x_wconf 83' lang='lat' dir='ltr'><strong>conseqnerentur</strong></span> <span class='ocrx_word' id='word_1_690' title='bbox 3052 4311 3379 4368; x_wconf 87' lang='lat' dir='ltr'><strong>libertatem.</strong></span> <span class='ocrx_word' id='word_1_691' title='bbox 3440 4310 3685 4367; x_wconf 87' lang='lat' dir='ltr'><strong>Libellus</strong></span> 
     </span>
    </p>
   </div>
   <div class='ocr_carea' id='block_1_90' title="bbox 2084 4396 3689 4477">
    <p class='ocr_par' dir='ltr' id='par_1_90' title="bbox 2084 4396 3689 4477">
     <span class='ocr_line' id='line_1_90' title="bbox 2084 4396 3689 4477; baseline 0.001 -22"><span class='ocrx_word' id='word_1_692' title='bbox 2084 4409 2201 4456; x_wconf 88' lang='lat' dir='ltr'><strong>erat</strong></span> <span class='ocrx_word' id='word_1_693' title='bbox 2246 4402 2460 4457; x_wconf 85' lang='lat' dir='ltr'><strong>oblatus</strong></span> <span class='ocrx_word' id='word_1_694' title='bbox 2490 4405 2709 4460; x_wconf 87' lang='lat' dir='ltr'><strong>nomine</strong></span> <span class='ocrx_word' id='word_1_695' title='bbox 2750 4403 3057 4477; x_wconf 68' lang='lat' dir='ltr'><strong>liogatiani,</strong></span> <span class='ocrx_word' id='word_1_696' title='bbox 3105 4396 3304 4471; x_wconf 86' lang='lat' dir='ltr'><strong>Pontii,</strong></span> <span class='ocrx_word' id='word_1_697' title='bbox 3337 4402 3580 4457; x_wconf 86' lang='lat' dir='ltr'><strong>Cassiani</strong></span> <span class='ocrx_word' id='word_1_698' title='bbox 3632 4411 3689 4458; x_wconf 87' lang='lat' dir='ltr'><strong>et</strong></span> 
     </span>
    </p>
   </div>
   <div class='ocr_carea' id='block_1_91' title="bbox 384 4493 3687 4578">
    <p class='ocr_par' dir='ltr' id='par_1_91' title="bbox 384 4493 3687 4578">
     <span class='ocr_line' id='line_1_91' title="bbox 384 4493 3687 4578; baseline 0.001 -32"><span class='ocrx_word' id='word_1_699' title='bbox 384 4494 599 4566; x_wconf 85' lang='lat' dir='ltr'><strong>collegio</strong></span> <span class='ocrx_word' id='word_1_700' title='bbox 628 4499 1013 4554; x_wconf 76' lang='lat' dir='ltr'><strong>Donatistarum</strong></span> <span class='ocrx_word' id='word_1_701' title='bbox 1063 4502 1131 4553; x_wconf 89' lang='lat' dir='ltr'><strong>ad</strong></span> <span class='ocrx_word' id='word_1_702' title='bbox 1180 4518 1351 4571; x_wconf 88' lang='lat' dir='ltr'><strong>pacem</strong></span> <span class='ocrx_word' id='word_1_703' title='bbox 1382 4503 1654 4560; x_wconf 80' lang='lat' dir='ltr'><strong>transitum</strong></span> <span class='ocrx_word' id='word_1_704' title='bbox 1683 4504 1839 4578; x_wconf 77' lang='lat' dir='ltr'><strong>fecit:</strong></span> <span class='ocrx_word' id='word_1_705' title='bbox 1887 4503 1977 4573; x_wconf 91' lang='lat' dir='ltr'><strong>qui</strong></span> <span class='ocrx_word' id='word_1_706' title='bbox 2000 4507 2054 4567; x_wconf 81' lang='grc' dir='ltr'><strong>υ</strong></span> <span class='ocrx_word' id='word_1_707' title='bbox 2081 4493 2311 4549; x_wconf 76' lang='lat' dir='ltr'><strong>aliorum</strong></span> <span class='ocrx_word' id='word_1_708' title='bbox 2341 4495 2714 4567; x_wconf 84' lang='lat' dir='ltr'><strong>episcoporum</strong></span> <span class='ocrx_word' id='word_1_709' title='bbox 2747 4510 2811 4551; x_wconf 89' lang='lat' dir='ltr'><strong>ae</strong></span> <span class='ocrx_word' id='word_1_710' title='bbox 2830 4497 3155 4575; x_wconf 85' lang='lat' dir='ltr'><strong>clericorum</strong></span> <span class='ocrx_word' id='word_1_711' title='bbox 3182 4496 3354 4568; x_wconf 89' lang='lat' dir='ltr'><strong>partis</strong></span> <span class='ocrx_word' id='word_1_712' title='bbox 3383 4495 3599 4565; x_wconf 87' lang='lat' dir='ltr'><strong>Donati,</strong></span> <span class='ocrx_word' id='word_1_713' title='bbox 3632 4504 3687 4551; x_wconf 89' lang='lat' dir='ltr'><strong>et</strong></span> 
     </span>
    </p>
   </div>
   <div class='ocr_carea' id='block_1_92' title="bbox 386 4588 1971 4675">
    <p class='ocr_par' dir='ltr' id='par_1_92' title="bbox 386 4588 1971 4675">
     <span class='ocr_line' id='line_1_92' title="bbox 386 4588 1971 4675; baseline 0.009 -36"><span class='ocrx_word' id='word_1_714' title='bbox 386 4588 593 4657; x_wconf 77' lang='lat' dir='ltr'><strong>fuerant</strong></span> <span class='ocrx_word' id='word_1_715' title='bbox 620 4590 827 4644; x_wconf 82' lang='lat' dir='ltr'><strong>sinistra</strong></span> <span class='ocrx_word' id='word_1_716' title='bbox 851 4593 1090 4664; x_wconf 88' lang='lat' dir='ltr'><strong>opinione</strong></span> <span class='ocrx_word' id='word_1_717' title='bbox 1115 4595 1324 4663; x_wconf 89' lang='lat' dir='ltr'><strong>turbati,</strong></span> <span class='ocrx_word' id='word_1_718' title='bbox 1351 4597 1577 4667; x_wconf 80' lang='lat' dir='ltr'><strong>simplici</strong></span> <span class='ocrx_word' id='word_1_719' title='bbox 1605 4615 1665 4651; x_wconf 87' lang='lat' dir='ltr'><strong>ac</strong></span> <span class='ocrx_word' id='word_1_720' title='bbox 1688 4615 1818 4675; x_wconf 87' lang='lat' dir='ltr'><strong>pura</strong></span> <span class='ocrx_word' id='word_1_721' title='bbox 1841 4600 1971 4654; x_wconf 53' lang='lat' dir='ltr'><strong>veri.</strong></span> 
     </span>
    </p>
   </div>
   <div class='ocr_carea' id='block_1_93' title="bbox 381 4680 860 4749">
    <p class='ocr_par' dir='ltr' id='par_1_93' title="bbox 381 4680 860 4749">
     <span class='ocr_line' id='line_1_93' title="bbox 381 4680 860 4749; baseline 0.01 -17"><span class='ocrx_word' id='word_1_722' title='bbox 381 4688 484 4733; x_wconf 91' lang='lat' dir='ltr'><strong>tate</strong></span> <span class='ocrx_word' id='word_1_723' title='bbox 504 4680 697 4749; x_wconf 80' lang='lat' dir='ltr'><strong>ﬁrmati</strong></span> <span class='ocrx_word' id='word_1_724' title='bbox 727 4692 860 4737; x_wconf 87' lang='lat' dir='ltr'><strong>sunt.</strong></span> 
     </span>
    </p>
   </div>
   <div class='ocr_carea' id='block_1_94' title="bbox 453 4775 1973 4854">
    <p class='ocr_par' dir='ltr' id='par_1_94' title="bbox 453 4775 1973 4854">
     <span class='ocr_line' id='line_1_94' title="bbox 453 4775 1973 4854; baseline 0.006 -25"><span class='ocrx_word' id='word_1_725' title='bbox 453 4776 536 4829; x_wconf 78' lang='lat' dir='ltr'><strong>Ab</strong></span> <span class='ocrx_word' id='word_1_726' title='bbox 579 4775 678 4830; x_wconf 91' lang='lat' dir='ltr'><strong>bac</strong></span> <span class='ocrx_word' id='word_1_727' title='bbox 726 4776 990 4831; x_wconf 90' lang='lat' dir='ltr'><strong>calumnia</strong></span> <span class='ocrx_word' id='word_1_728' title='bbox 1043 4779 1251 4848; x_wconf 88' lang='lat' dir='ltr'><strong>depulsi</strong></span> <span class='ocrx_word' id='word_1_729' title='bbox 1296 4780 1359 4835; x_wconf 89' lang='lat' dir='ltr'><strong>ad</strong></span> <span class='ocrx_word' id='word_1_730' title='bbox 1403 4782 1559 4836; x_wconf 90' lang='lat' dir='ltr'><strong>aliam</strong></span> <span class='ocrx_word' id='word_1_731' title='bbox 1614 4783 1973 4854; x_wconf 82' lang='lat' dir='ltr'><strong>confugerunt</strong></span> 
     </span>
    </p>
   </div>
   <div class='ocr_carea' id='block_1_95' title="bbox 379 4866 1968 4945">
    <p class='ocr_par' dir='ltr' id='par_1_95' title="bbox 379 4866 1968 4945">
     <span class='ocr_line' id='line_1_95' title="bbox 379 4866 1968 4945; baseline 0.004 -22"><span class='ocrx_word' id='word_1_732' title='bbox 379 4866 675 4924; x_wconf 75' lang='lat' dir='ltr'><strong>Donatista:</strong></span> <span class='ocrx_word' id='word_1_733' title='bbox 704 4869 973 4924; x_wconf 87' lang='lat' dir='ltr'><strong>dicentes:</strong></span> <span class='ocrx_word' id='word_1_734' title='bbox 1003 4871 1291 4925; x_wconf 84' lang='lat' dir='ltr'><strong>Macarium</strong></span> <span class='ocrx_word' id='word_1_735' title='bbox 1342 4887 1449 4927; x_wconf 88' lang='lat' dir='ltr'><strong>non</strong></span> <span class='ocrx_word' id='word_1_736' title='bbox 1475 4866 1731 4928; x_wconf 82' lang='lat' dir='ltr'><strong>debuisse</strong></span> <span class='ocrx_word' id='word_1_737' title='bbox 1759 4875 1825 4928; x_wconf 90' lang='lat' dir='ltr'><strong>ab</strong></span> <span class='ocrx_word' id='word_1_738' title='bbox 1852 4876 1968 4945; x_wconf 89' lang='lat' dir='ltr'><strong>cpi-</strong></span> 
     </span>
    </p>
   </div>
   <div class='ocr_carea' id='block_1_96' title="bbox 378 4963 1971 5040">
    <p class='ocr_par' dir='ltr' id='par_1_96' title="bbox 378 4963 1971 5040">
     <span class='ocr_line' id='line_1_96' title="bbox 378 4963 1971 5040; baseline 0.004 -22"><span class='ocrx_word' id='word_1_739' title='bbox 378 4964 559 5033; x_wconf 85' lang='lat' dir='ltr'><strong>sc0pis</strong></span> <span class='ocrx_word' id='word_1_740' title='bbox 583 4963 647 5018; x_wconf 91' lang='lat' dir='ltr'><strong>ad</strong></span> <span class='ocrx_word' id='word_1_741' title='bbox 688 4966 1125 5022; x_wconf 86' lang='lat' dir='ltr'><strong>communionem</strong></span> <span class='ocrx_word' id='word_1_742' title='bbox 1174 4967 1403 5033; x_wconf 90' lang='lat' dir='ltr'><strong>admitti,</strong></span> <span class='ocrx_word' id='word_1_743' title='bbox 1446 4969 1614 5022; x_wconf 93' lang='lat' dir='ltr'><strong>multo</strong></span> <span class='ocrx_word' id='word_1_744' title='bbox 1646 4969 1820 5023; x_wconf 88' lang='lat' dir='ltr'><strong>minus</strong></span> <span class='ocrx_word' id='word_1_745' title='bbox 1852 4984 1971 5040; x_wconf 88' lang='lat' dir='ltr'><strong>per-</strong></span> 
     </span>
    </p>
   </div>
   <div class='ocr_carea' id='block_1_97' title="bbox 377 5058 1975 5133">
    <p class='ocr_par' dir='ltr' id='par_1_97' title="bbox 377 5058 1975 5133">
     <span class='ocr_line' id='line_1_97' title="bbox 377 5058 1975 5133; baseline 0.004 -22"><span class='ocrx_word' id='word_1_746' title='bbox 377 5058 695 5113; x_wconf 89' lang='lat' dir='ltr'><strong>mittendum</strong></span> <span class='ocrx_word' id='word_1_747' title='bbox 740 5060 788 5113; x_wconf 88' lang='lat' dir='ltr'><strong>ei</strong></span> <span class='ocrx_word' id='word_1_748' title='bbox 833 5068 889 5113; x_wconf 91' lang='lat' dir='ltr'><strong>ut</strong></span> <span class='ocrx_word' id='word_1_749' title='bbox 920 5060 1176 5129; x_wconf 86' lang='lat' dir='ltr'><strong>populum</strong></span> <span class='ocrx_word' id='word_1_750' title='bbox 1212 5059 1262 5114; x_wconf 91' lang='lat' dir='ltr'><strong>in</strong></span> <span class='ocrx_word' id='word_1_751' title='bbox 1313 5060 1553 5117; x_wconf 86' lang='lat' dir='ltr'><strong>Ecclesia</strong></span> <span class='ocrx_word' id='word_1_752' title='bbox 1586 5060 1975 5133; x_wconf 85' lang='lat' dir='ltr'><strong>alloqueretur,</strong></span> 
     </span>
    </p>
   </div>
   <div class='ocr_carea' id='block_1_98' title="bbox 376 5149 1977 5222">
    <p class='ocr_par' dir='ltr' id='par_1_98' title="bbox 376 5149 1977 5222">
     <span class='ocr_line' id='line_1_98' title="bbox 376 5149 1977 5222; baseline 0.004 -19"><span class='ocrx_word' id='word_1_753' title='bbox 376 5149 519 5219; x_wconf 90' lang='lat' dir='ltr'><strong>quod</strong></span> <span class='ocrx_word' id='word_1_754' title='bbox 560 5151 942 5222; x_wconf 87' lang='lat' dir='ltr'><strong>episcoporum</strong></span> <span class='ocrx_word' id='word_1_755' title='bbox 989 5162 1192 5207; x_wconf 82' lang='lat' dir='ltr'><strong>tantum</strong></span> <span class='ocrx_word' id='word_1_756' title='bbox 1240 5167 1361 5208; x_wconf 87' lang='lat' dir='ltr'><strong>esse</strong></span> <span class='ocrx_word' id='word_1_757' title='bbox 1414 5151 1714 5210; x_wconf 89' lang='lat' dir='ltr'><strong>videbatur.</strong></span> <span class='ocrx_word' id='word_1_758' title='bbox 1771 5153 1977 5221; x_wconf 79' lang='lat' dir='ltr'><strong>Quibus</strong></span> 
     </span>
    </p>
   </div>
   <div class='ocr_carea' id='block_1_99' title="bbox 378 5244 1973 5315">
    <p class='ocr_par' dir='ltr' id='par_1_99' title="bbox 378 5244 1973 5315">
     <span class='ocr_line' id='line_1_99' title="bbox 378 5244 1973 5315; baseline 0.004 -18"><span class='ocrx_word' id='word_1_759' title='bbox 378 5244 667 5314; x_wconf 89' lang='lat' dir='ltr'><strong>respondet</strong></span> <span class='ocrx_word' id='word_1_760' title='bbox 723 5245 967 5315; x_wconf 86' lang='lat' dir='ltr'><strong>Optatos,</strong></span> <span class='ocrx_word' id='word_1_761' title='bbox 1019 5247 1447 5303; x_wconf 90' lang='lat' dir='ltr'><strong>communicasse</strong></span> <span class='ocrx_word' id='word_1_762' title='bbox 1498 5247 1790 5303; x_wconf 79' lang='lat' dir='ltr'><strong>Macarium</strong></span> <span class='ocrx_word' id='word_1_763' title='bbox 1852 5264 1973 5303; x_wconf 92' lang='lat' dir='ltr'><strong>cum</strong></span> 
     </span>
    </p>
   </div>
   <div class='ocr_carea' id='block_1_100' title="bbox 377 5337 1971 5411">
    <p class='ocr_par' dir='ltr' id='par_1_100' title="bbox 377 5337 1971 5411">
     <span class='ocr_line' id='line_1_100' title="bbox 377 5337 1971 5411; baseline 0.003 -21"><span class='ocrx_word' id='word_1_764' title='bbox 377 5337 643 5407; x_wconf 80' lang='lat' dir='ltr'><strong>episcOpis</strong></span> <span class='ocrx_word' id='word_1_765' title='bbox 666 5348 721 5392; x_wconf 92' lang='lat' dir='ltr'><strong>ut</strong></span> <span class='ocrx_word' id='word_1_766' title='bbox 749 5340 964 5404; x_wconf 91' lang='lat' dir='ltr'><strong>laicum,</strong></span> <span class='ocrx_word' id='word_1_767' title='bbox 1001 5354 1108 5393; x_wconf 92' lang='lat' dir='ltr'><strong>non</strong></span> <span class='ocrx_word' id='word_1_768' title='bbox 1142 5348 1199 5394; x_wconf 93' lang='lat' dir='ltr'><strong>ut</strong></span> <span class='ocrx_word' id='word_1_769' title='bbox 1229 5342 1564 5411; x_wconf 88' lang='lat' dir='ltr'><strong>episcopum,</strong></span> <span class='ocrx_word' id='word_1_770' title='bbox 1594 5352 1649 5395; x_wconf 87' lang='lat' dir='ltr'><strong>et</strong></span> <span class='ocrx_word' id='word_1_771' title='bbox 1677 5341 1971 5396; x_wconf 86' lang='lat' dir='ltr'><strong>allocutum</strong></span> 
     </span>
    </p>
   </div>
   <div class='ocr_carea' id='block_1_101' title="bbox 376 5429 1974 5503">
    <p class='ocr_par' dir='ltr' id='par_1_101' title="bbox 376 5429 1974 5503">
     <span class='ocr_line' id='line_1_101' title="bbox 376 5429 1974 5503; baseline 0.007 -23"><span class='ocrx_word' id='word_1_772' title='bbox 376 5429 589 5498; x_wconf 84' lang='lat' dir='ltr'><strong>quidem</strong></span> <span class='ocrx_word' id='word_1_773' title='bbox 634 5447 755 5487; x_wconf 88' lang='lat' dir='ltr'><strong>esse</strong></span> <span class='ocrx_word' id='word_1_774' title='bbox 802 5434 1056 5503; x_wconf 89' lang='lat' dir='ltr'><strong>populum</strong></span> <span class='ocrx_word' id='word_1_775' title='bbox 1092 5435 1143 5488; x_wconf 88' lang='lat' dir='ltr'><strong>in</strong></span> <span class='ocrx_word' id='word_1_776' title='bbox 1190 5433 1450 5499; x_wconf 81' lang='lat' dir='ltr'><strong>Ecclesia,</strong></span> <span class='ocrx_word' id='word_1_777' title='bbox 1497 5435 1591 5490; x_wconf 88' lang='lat' dir='ltr'><strong>sed</strong></span> <span class='ocrx_word' id='word_1_778' title='bbox 1638 5436 1974 5492; x_wconf 73' lang='lat' dir='ltr'><strong>insinuanda:</strong></span> 
     </span>
    </p>
   </div>
   <div class='ocr_carea' id='block_1_102' title="bbox 376 5520 1976 5595">
    <p class='ocr_par' dir='ltr' id='par_1_102' title="bbox 376 5520 1976 5595">
     <span class='ocr_line' id='line_1_102' title="bbox 376 5520 1976 5595; baseline 0.006 -22"><span class='ocrx_word' id='word_1_779' title='bbox 376 5520 602 5592; x_wconf 85' lang='lat' dir='ltr'><strong>alicujus</strong></span> <span class='ocrx_word' id='word_1_780' title='bbox 653 5527 728 5580; x_wconf 90' lang='lat' dir='ltr'><strong>rei</strong></span> <span class='ocrx_word' id='word_1_781' title='bbox 771 5540 956 5591; x_wconf 89' lang='lat' dir='ltr'><strong>causa,</strong></span> <span class='ocrx_word' id='word_1_782' title='bbox 1006 5541 1110 5580; x_wconf 91' lang='lat' dir='ltr'><strong>nou</strong></span> <span class='ocrx_word' id='word_1_783' title='bbox 1161 5537 1341 5584; x_wconf 87' lang='lat' dir='ltr'><strong>autem</strong></span> <span class='ocrx_word' id='word_1_784' title='bbox 1394 5529 1685 5595; x_wconf 87' lang='lat' dir='ltr'><strong>tractandi,</strong></span> <span class='ocrx_word' id='word_1_785' title='bbox 1735 5529 1839 5584; x_wconf 89' lang='lat' dir='ltr'><strong>hoc</strong></span> <span class='ocrx_word' id='word_1_786' title='bbox 1889 5540 1976 5585; x_wconf 86' lang='lat' dir='ltr'><strong>est</strong></span> 
     </span>
    </p>
   </div>
   <div class='ocr_carea' id='block_1_103' title="bbox 377 5617 1972 5694">
    <p class='ocr_par' dir='ltr' id='par_1_103' title="bbox 377 5617 1972 5694">
     <span class='ocr_line' id='line_1_103' title="bbox 377 5617 1972 5694; baseline 0.006 -26"><span class='ocrx_word' id='word_1_787' title='bbox 377 5617 729 5673; x_wconf 82' lang='lat' dir='ltr'><strong>concionandi</strong></span> <span class='ocrx_word' id='word_1_788' title='bbox 773 5620 916 5689; x_wconf 87' lang='lat' dir='ltr'><strong>quod</strong></span> <span class='ocrx_word' id='word_1_789' title='bbox 972 5630 1055 5675; x_wconf 89' lang='lat' dir='ltr'><strong>est</strong></span> <span class='ocrx_word' id='word_1_790' title='bbox 1110 5620 1509 5694; x_wconf 87' lang='lat' dir='ltr'><strong>episcoporum,</strong></span> <span class='ocrx_word' id='word_1_791' title='bbox 1564 5639 1663 5680; x_wconf 89' lang='lat' dir='ltr'><strong>nec</strong></span> <span class='ocrx_word' id='word_1_792' title='bbox 1714 5624 1972 5693; x_wconf 86' lang='lat' dir='ltr'><strong>populum</strong></span> 
     </span>
    </p>
   </div>
   <div class='ocr_carea' id='block_1_104' title="bbox 379 5712 1973 5783">
    <p class='ocr_par' dir='ltr' id='par_1_104' title="bbox 379 5712 1973 5783">
     <span class='ocr_line' id='line_1_104' title="bbox 379 5712 1973 5783; baseline 0.007 -22"><span class='ocrx_word' id='word_1_793' title='bbox 379 5723 526 5765; x_wconf 87' lang='lat' dir='ltr'><strong>more</strong></span> <span class='ocrx_word' id='word_1_794' title='bbox 548 5712 925 5783; x_wconf 87' lang='lat' dir='ltr'><strong>episcoporum</strong></span> <span class='ocrx_word' id='word_1_795' title='bbox 952 5713 1216 5772; x_wconf 81' lang='lat' dir='ltr'><strong>salutasse</strong></span> <span class='ocrx_word' id='word_1_796' title='bbox 1247 5719 1300 5771; x_wconf 92' lang='lat' dir='ltr'><strong>in</strong></span> <span class='ocrx_word' id='word_1_797' title='bbox 1332 5714 1553 5774; x_wconf 88' lang='lat' dir='ltr'><strong>nomine</strong></span> <span class='ocrx_word' id='word_1_798' title='bbox 1585 5715 1677 5772; x_wconf 90' lang='lat' dir='ltr'><strong>Dei</strong></span> <span class='ocrx_word' id='word_1_799' title='bbox 1710 5716 1973 5773; x_wconf 86' lang='lat' dir='ltr'><strong>orationis</strong></span> 
     </span>
    </p>
   </div>
   <div class='ocr_carea' id='block_1_105' title="bbox 2086 4572 3684 4644">
    <p class='ocr_par' dir='ltr' id='par_1_105' title="bbox 2086 4572 3684 4644">
     <span class='ocr_line' id='line_1_105' title="bbox 2086 4572 3684 4644; baseline 0.002 -4"><span class='ocrx_word' id='word_1_800' title='bbox 2086 4587 2137 4640; x_wconf 89' lang='lat' dir='ltr'><strong>in</strong></span> <span class='ocrx_word' id='word_1_801' title='bbox 2190 4602 2255 4642; x_wconf 74' lang='lat' dir='ltr'><strong>eo</strong></span> <span class='ocrx_word' id='word_1_802' title='bbox 2287 4585 2505 4642; x_wconf 84' lang='lat' dir='ltr'><strong>Juliano</strong></span> <span class='ocrx_word' id='word_1_803' title='bbox 2536 4588 2805 4644; x_wconf 87' lang='lat' dir='ltr'><strong>serviliter</strong></span> <span class='ocrx_word' id='word_1_804' title='bbox 2832 4572 3193 4642; x_wconf 83' lang='lat' dir='ltr'><strong>adulabautur</strong></span> <span class='ocrx_word' id='word_1_805' title='bbox 3223 4588 3408 4643; x_wconf 89' lang='lat' dir='ltr'><strong>dicere</strong></span> <span class='ocrx_word' id='word_1_806' title='bbox 3455 4603 3561 4643; x_wconf 89' lang='lat' dir='ltr'><strong>non</strong></span> <span class='ocrx_word' id='word_1_807' title='bbox 3592 4602 3684 4643; x_wconf 86' lang='lat' dir='ltr'><strong>ve-</strong></span> 
     </span>
    </p>
   </div>
   <div class='ocr_carea' id='block_1_106' title="bbox 2084 4679 3676 4751">
    <p class='ocr_par' dir='ltr' id='par_1_106' title="bbox 2084 4679 3676 4751">
     <span class='ocr_line' id='line_1_106' title="bbox 2084 4679 3676 4751; baseline 0.001 -17"><span class='ocrx_word' id='word_1_808' title='bbox 2084 4680 2193 4746; x_wconf 90' lang='lat' dir='ltr'><strong>riti,</strong></span> <span class='ocrx_word' id='word_1_809' title='bbox 2243 4679 2379 4751; x_wconf 88' lang='lat' dir='ltr'><strong>quod</strong></span> <span class='ocrx_word' id='word_1_810' title='bbox 2419 4679 2562 4751; x_wconf 89' lang='lat' dir='ltr'><strong>apud</strong></span> <span class='ocrx_word' id='word_1_811' title='bbox 2613 4697 2728 4735; x_wconf 86' lang='lat' dir='ltr'><strong>eum</strong></span> <span class='ocrx_word' id='word_1_812' title='bbox 2773 4681 2885 4736; x_wconf 87' lang='lat' dir='ltr'><strong>sola</strong></span> <span class='ocrx_word' id='word_1_813' title='bbox 2922 4682 3118 4748; x_wconf 73' lang='lat' dir='ltr'><strong>iustitia</strong></span> <span class='ocrx_word' id='word_1_814' title='bbox 3164 4680 3368 4737; x_wconf 87' lang='lat' dir='ltr'><strong>haberet</strong></span> <span class='ocrx_word' id='word_1_815' title='bbox 3396 4698 3676 4736; x_wconf 88' lang='lat' dir='ltr'><strong>accessum.</strong></span> 
     </span>
    </p>
   </div>
   <div class='ocr_carea' id='block_1_107' title="bbox 2086 4772 3681 4845">
    <p class='ocr_par' dir='ltr' id='par_1_107' title="bbox 2086 4772 3681 4845">
     <span class='ocr_line' id='line_1_107' title="bbox 2086 4772 3681 4845; baseline 0.002 -19"><span class='ocrx_word' id='word_1_816' title='bbox 2086 4772 2234 4826; x_wconf 89' lang='lat' dir='ltr'><strong>llaud</strong></span> <span class='ocrx_word' id='word_1_817' title='bbox 2281 4782 2499 4842; x_wconf 86' lang='lat' dir='ltr'><strong>gravate</strong></span> <span class='ocrx_word' id='word_1_818' title='bbox 2540 4773 2833 4845; x_wconf 90' lang='lat' dir='ltr'><strong>imperator</strong></span> <span class='ocrx_word' id='word_1_819' title='bbox 2873 4783 3139 4845; x_wconf 87' lang='lat' dir='ltr'><strong>apostata,</strong></span> <span class='ocrx_word' id='word_1_820' title='bbox 3183 4776 3267 4829; x_wconf 91' lang='lat' dir='ltr'><strong>cui</strong></span> <span class='ocrx_word' id='word_1_821' title='bbox 3313 4776 3415 4830; x_wconf 88' lang='lat' dir='ltr'><strong>hoc</strong></span> <span class='ocrx_word' id='word_1_822' title='bbox 3460 4782 3578 4830; x_wconf 87' lang='lat' dir='ltr'><strong>erat</strong></span> <span class='ocrx_word' id='word_1_823' title='bbox 3630 4777 3681 4829; x_wconf 91' lang='lat' dir='ltr'><strong>in</strong></span> 
     </span>
    </p>
   </div>
   <div class='ocr_carea' id='block_1_108' title="bbox 2083 4864 3683 4939">
    <p class='ocr_par' dir='ltr' id='par_1_108' title="bbox 2083 4864 3683 4939">
     <span class='ocr_line' id='line_1_108' title="bbox 2083 4864 3683 4939; baseline 0.004 -22"><span class='ocrx_word' id='word_1_824' title='bbox 2083 4866 2224 4918; x_wconf 87' lang='lat' dir='ltr'><strong>votis</strong></span> <span class='ocrx_word' id='word_1_825' title='bbox 2256 4875 2311 4918; x_wconf 91' lang='lat' dir='ltr'><strong>ut</strong></span> <span class='ocrx_word' id='word_1_826' title='bbox 2333 4864 2695 4920; x_wconf 84' lang='lat' dir='ltr'><strong>Christianam</strong></span> <span class='ocrx_word' id='word_1_827' title='bbox 2721 4868 3034 4939; x_wconf 85' lang='lat' dir='ltr'><strong>religionem</strong></span> <span class='ocrx_word' id='word_1_828' title='bbox 3062 4870 3249 4939; x_wconf 88' lang='lat' dir='ltr'><strong>quavis</strong></span> <span class='ocrx_word' id='word_1_829' title='bbox 3294 4878 3413 4925; x_wconf 88' lang='lat' dir='ltr'><strong>arte</strong></span> <span class='ocrx_word' id='word_1_830' title='bbox 3436 4869 3683 4925; x_wconf 88' lang='lat' dir='ltr'><strong>destrue-</strong></span> 
     </span>
    </p>
   </div>
   <div class='ocr_carea' id='block_1_109' title="bbox 2085 4956 3683 5032">
    <p class='ocr_par' dir='ltr' id='par_1_109' title="bbox 2085 4956 3683 5032">
     <span class='ocr_line' id='line_1_109' title="bbox 2085 4956 3683 5032; baseline 0.004 -21"><span class='ocrx_word' id='word_1_831' title='bbox 2085 4967 2187 5022; x_wconf 89' lang='lat' dir='ltr'><strong>ret,</strong></span> <span class='ocrx_word' id='word_1_832' title='bbox 2220 4956 2472 5028; x_wconf 88' lang='lat' dir='ltr'><strong>precibus</strong></span> <span class='ocrx_word' id='word_1_833' title='bbox 2503 4974 2691 5015; x_wconf 90' lang='lat' dir='ltr'><strong>eorum</strong></span> <span class='ocrx_word' id='word_1_834' title='bbox 2738 4962 2947 5026; x_wconf 85' lang='lat' dir='ltr'><strong>annuit,</strong></span> <span class='ocrx_word' id='word_1_835' title='bbox 2990 4961 3293 5032; x_wconf 70' lang='lat' dir='ltr'><strong>prmvidens</strong></span> <span class='ocrx_word' id='word_1_836' title='bbox 3323 4961 3443 5019; x_wconf 90' lang='lat' dir='ltr'><strong>fore</strong></span> <span class='ocrx_word' id='word_1_837' title='bbox 3471 4972 3529 5017; x_wconf 87' lang='lat' dir='ltr'><strong>ut</strong></span> <span class='ocrx_word' id='word_1_838' title='bbox 3560 4962 3683 5018; x_wconf 89' lang='lat' dir='ltr'><strong>inde</strong></span> 
     </span>
    </p>
   </div>
   <div class='ocr_carea' id='block_1_110' title="bbox 2085 5050 3678 5120">
    <p class='ocr_par' dir='ltr' id='par_1_110' title="bbox 2085 5050 3678 5120">
     <span class='ocr_line' id='line_1_110' title="bbox 2085 5050 3678 5120; baseline 0.003 -16"><span class='ocrx_word' id='word_1_839' title='bbox 2085 5066 2334 5120; x_wconf 87' lang='lat' dir='ltr'><strong>magnum</strong></span> <span class='ocrx_word' id='word_1_840' title='bbox 2366 5050 2654 5106; x_wconf 85' lang='lat' dir='ltr'><strong>accederet</strong></span> <span class='ocrx_word' id='word_1_841' title='bbox 2686 5051 2942 5107; x_wconf 75' lang='lat' dir='ltr'><strong>Ecclesia:</strong></span> <span class='ocrx_word' id='word_1_842' title='bbox 2973 5053 3241 5108; x_wconf 64' lang='lat' dir='ltr'><strong>Africanae</strong></span> <span class='ocrx_word' id='word_1_843' title='bbox 3267 5056 3678 5110; x_wconf 87' lang='lat' dir='ltr'><strong>detrimentum.</strong></span> 
     </span>
    </p>
   </div>
   <div class='ocr_carea' id='block_1_111' title="bbox 2085 5144 3680 5219">
    <p class='ocr_par' dir='ltr' id='par_1_111' title="bbox 2085 5144 3680 5219">
     <span class='ocr_line' id='line_1_111' title="bbox 2085 5144 3680 5219; baseline 0.004 -21"><span class='ocrx_word' id='word_1_844' title='bbox 2085 5145 2283 5199; x_wconf 83' lang='lat' dir='ltr'><strong>Redire</strong></span> <span class='ocrx_word' id='word_1_845' title='bbox 2311 5144 2474 5216; x_wconf 88' lang='lat' dir='ltr'><strong>igitur</strong></span> <span class='ocrx_word' id='word_1_846' title='bbox 2505 5161 2599 5217; x_wconf 88' lang='lat' dir='ltr'><strong>pro</strong></span> <span class='ocrx_word' id='word_1_847' title='bbox 2626 5155 2752 5201; x_wconf 92' lang='lat' dir='ltr'><strong>voto</strong></span> <span class='ocrx_word' id='word_1_848' title='bbox 2781 5162 2881 5203; x_wconf 93' lang='lat' dir='ltr'><strong>suo</strong></span> <span class='ocrx_word' id='word_1_849' title='bbox 2925 5149 3203 5219; x_wconf 82' lang='lat' dir='ltr'><strong>praecepit,</strong></span> <span class='ocrx_word' id='word_1_850' title='bbox 3233 5164 3375 5217; x_wconf 80' lang='lat' dir='ltr'><strong>quos</strong></span> <span class='ocrx_word' id='word_1_851' title='bbox 3406 5150 3680 5205; x_wconf 81' lang='lat' dir='ltr'><strong>intellexe-</strong></span> 
     </span>
    </p>
   </div>
   <div class='ocr_carea' id='block_1_112' title="bbox 2084 5236 3680 5308">
    <p class='ocr_par' dir='ltr' id='par_1_112' title="bbox 2084 5236 3680 5308">
     <span class='ocr_line' id='line_1_112' title="bbox 2084 5236 3680 5308; baseline 0.002 -16"><span class='ocrx_word' id='word_1_852' title='bbox 2084 5247 2168 5292; x_wconf 88' lang='lat' dir='ltr'><strong>rat</strong></span> <span class='ocrx_word' id='word_1_853' title='bbox 2189 5236 2255 5292; x_wconf 90' lang='lat' dir='ltr'><strong>ad</strong></span> <span class='ocrx_word' id='word_1_854' title='bbox 2273 5236 2682 5293; x_wconf 87' lang='lat' dir='ltr'><strong>disturbandam</strong></span> <span class='ocrx_word' id='word_1_855' title='bbox 2701 5252 2886 5308; x_wconf 89' lang='lat' dir='ltr'><strong>pacem</strong></span> <span class='ocrx_word' id='word_1_856' title='bbox 2915 5254 3037 5293; x_wconf 90' lang='lat' dir='ltr'><strong>cum</strong></span> <span class='ocrx_word' id='word_1_857' title='bbox 3066 5240 3248 5293; x_wconf 83' lang='lat' dir='ltr'><strong>lurore</strong></span> <span class='ocrx_word' id='word_1_858' title='bbox 3261 5254 3384 5294; x_wconf 88' lang='lat' dir='ltr'><strong>esse</strong></span> <span class='ocrx_word' id='word_1_859' title='bbox 3397 5249 3680 5307; x_wconf 88' lang='lat' dir='ltr'><strong>venturos,</strong></span> 
     </span>
    </p>
   </div>
   <div class='ocr_carea' id='block_1_113' title="bbox 2086 5336 3681 5406">
    <p class='ocr_par' dir='ltr' id='par_1_113' title="bbox 2086 5336 3681 5406">
     <span class='ocr_line' id='line_1_113' title="bbox 2086 5336 3681 5406; baseline 0 -15"><span class='ocrx_word' id='word_1_860' title='bbox 2086 5345 2141 5391; x_wconf 88' lang='lat' dir='ltr'><strong>et</strong></span> <span class='ocrx_word' id='word_1_861' title='bbox 2172 5337 2442 5406; x_wconf 85' lang='lat' dir='ltr'><strong>abrogatis</strong></span> <span class='ocrx_word' id='word_1_862' title='bbox 2474 5352 2593 5406; x_wconf 73' lang='lat' dir='ltr'><strong>qua:</strong></span> <span class='ocrx_word' id='word_1_863' title='bbox 2625 5336 2886 5393; x_wconf 87' lang='lat' dir='ltr'><strong>adversus</strong></span> <span class='ocrx_word' id='word_1_864' title='bbox 2924 5337 3235 5394; x_wconf 83' lang='lat' dir='ltr'><strong>Donatistas</strong></span> <span class='ocrx_word' id='word_1_865' title='bbox 3258 5346 3466 5393; x_wconf 88' lang='lat' dir='ltr'><strong>statuta</strong></span> <span class='ocrx_word' id='word_1_866' title='bbox 3506 5346 3681 5403; x_wconf 87' lang='lat' dir='ltr'><strong>erant,</strong></span> 
     </span>
    </p>
   </div>
   <div class='ocr_carea' id='block_1_114' title="bbox 2085 5432 3683 5504">
    <p class='ocr_par' dir='ltr' id='par_1_114' title="bbox 2085 5432 3683 5504">
     <span class='ocr_line' id='line_1_114' title="bbox 2085 5432 3683 5504; baseline 0.003 -18"><span class='ocrx_word' id='word_1_867' title='bbox 2085 5448 2301 5487; x_wconf 88' lang='lat' dir='ltr'><strong>omnem</strong></span> <span class='ocrx_word' id='word_1_868' title='bbox 2332 5432 2410 5487; x_wconf 87' lang='lat' dir='ltr'><strong>eis</strong></span> <span class='ocrx_word' id='word_1_869' title='bbox 2458 5433 2765 5488; x_wconf 85' lang='lat' dir='ltr'><strong>libertatem</strong></span> <span class='ocrx_word' id='word_1_870' title='bbox 2805 5444 2900 5490; x_wconf 91' lang='lat' dir='ltr'><strong>aut</strong></span> <span class='ocrx_word' id='word_1_871' title='bbox 2933 5434 3110 5504; x_wconf 87' lang='lat' dir='ltr'><strong>potius</strong></span> <span class='ocrx_word' id='word_1_872' title='bbox 3150 5433 3427 5489; x_wconf 88' lang='lat' dir='ltr'><strong>licentiam</strong></span> <span class='ocrx_word' id='word_1_873' title='bbox 3472 5432 3683 5504; x_wconf 85' lang='lat' dir='ltr'><strong>quidvis</strong></span> 
     </span>
    </p>
   </div>
   <div class='ocr_carea' id='block_1_115' title="bbox 2084 5527 3686 5601">
    <p class='ocr_par' dir='ltr' id='par_1_115' title="bbox 2084 5527 3686 5601">
     <span class='ocr_line' id='line_1_115' title="bbox 2084 5527 3686 5601; baseline 0.002 -20"><span class='ocrx_word' id='word_1_874' title='bbox 2084 5527 2340 5583; x_wconf 89' lang='lat' dir='ltr'><strong>moliendi</strong></span> <span class='ocrx_word' id='word_1_875' title='bbox 2383 5529 2672 5584; x_wconf 87' lang='lat' dir='ltr'><strong>concessit.</strong></span> <span class='ocrx_word' id='word_1_876' title='bbox 2727 5528 2915 5601; x_wconf 86' lang='lat' dir='ltr'><strong>Itaque</strong></span> <span class='ocrx_word' id='word_1_877' title='bbox 2968 5529 3338 5596; x_wconf 78' lang='lat' dir='ltr'><strong>eademvoce</strong></span> <span class='ocrx_word' id='word_1_878' title='bbox 3390 5529 3686 5585; x_wconf 87' lang='lat' dir='ltr'><strong>Donatistis</strong></span> 
     </span>
    </p>
   </div>
   <div class='ocr_carea' id='block_1_116' title="bbox 2083 5622 3686 5697">
    <p class='ocr_par' dir='ltr' id='par_1_116' title="bbox 2083 5622 3686 5697">
     <span class='ocr_line' id='line_1_116' title="bbox 2083 5622 3686 5697; baseline 0.002 -22"><span class='ocrx_word' id='word_1_879' title='bbox 2083 5625 2407 5680; x_wconf 77' lang='lat' dir='ltr'><strong>libertas-est</strong></span> <span class='ocrx_word' id='word_1_880' title='bbox 2431 5622 2660 5691; x_wconf 86' lang='lat' dir='ltr'><strong>reddita,</strong></span> <span class='ocrx_word' id='word_1_881' title='bbox 2685 5640 2786 5697; x_wconf 89' lang='lat' dir='ltr'><strong>qua</strong></span> <span class='ocrx_word' id='word_1_882' title='bbox 2810 5640 2945 5682; x_wconf 90' lang='lat' dir='ltr'><strong>voce</strong></span> <span class='ocrx_word' id='word_1_883' title='bbox 2972 5625 3238 5681; x_wconf 88' lang='lat' dir='ltr'><strong>idolorum</strong></span> <span class='ocrx_word' id='word_1_884' title='bbox 3262 5624 3512 5696; x_wconf 82' lang='lat' dir='ltr'><strong>pateﬁeri</strong></span> <span class='ocrx_word' id='word_1_885' title='bbox 3536 5624 3686 5695; x_wconf 84' lang='lat' dir='ltr'><strong>jussa</strong></span> 
     </span>
    </p>
   </div>
   <div class='ocr_carea' id='block_1_117' title="bbox 2084 5718 3684 5793">
    <p class='ocr_par' dir='ltr' id='par_1_117' title="bbox 2084 5718 3684 5793">
     <span class='ocr_line' id='line_1_117' title="bbox 2084 5718 3684 5793; baseline 0.001 -21"><span class='ocrx_word' id='word_1_886' title='bbox 2084 5727 2211 5773; x_wconf 77' lang='lat' dir='ltr'><strong>sunt</strong></span> <span class='ocrx_word' id='word_1_887' title='bbox 2266 5719 2484 5790; x_wconf 86' lang='lat' dir='ltr'><strong>templa.</strong></span> <span class='ocrx_word' id='word_1_888' title='bbox 2540 5718 2787 5779; x_wconf 71' lang='lat' dir='ltr'><strong>ltedu‘ces</strong></span> <span class='ocrx_word' id='word_1_889' title='bbox 2834 5720 3001 5793; x_wconf 81' lang='lat' dir='ltr'><strong>igitur</strong></span> <span class='ocrx_word' id='word_1_890' title='bbox 3037 5719 3303 5791; x_wconf 87' lang='lat' dir='ltr'><strong>episcopi,</strong></span> <span class='ocrx_word' id='word_1_891' title='bbox 3354 5721 3497 5777; x_wconf 86' lang='lat' dir='ltr'><strong>inter</strong></span> <span class='ocrx_word' id='word_1_892' title='bbox 3552 5734 3684 5787; x_wconf 74' lang='lat' dir='ltr'><strong>quos</strong></span> 
     </span>
    </p>
   </div>
  </div>
