3848 6220
141 199 249 254 8υό

1327 203 1653 260 HISTORIA
1691 202 2248 260 DONATISTARUM.

3334 203 3438 259 806

140 313 542 375 I’armenianus
595 317 1040 393 Carthagineusis
1088 319 1376 389 episc0pus
1406 327 1743 385 accensetur,
1776 320 1820 378 Α
1854 319 2014 373 fratre
2045 317 2266 372 Zamma
2302 315 2537 371 latenter
2559 316 2912 386 interempto:
2940 330 3061 371 cum
3096 313 3167 369 ob
3191 313 3242 369 id
3272 317 3442 368 conii-

145 422 342 476 prcces
379 426 507 468 suas
539 424 593 467 et
631 413 969 484 imperatoris
999 413 1322 483 rescriptum
1350 411 1751 478 magistratibus

139 505 487 573 obtulerunt,
519 522 583 563 ac
603 523 670 564 eo
695 507 891 562 muniti
920 507 1054 561 nihil
1080 522 1186 562 non
1217 507 1271 561 in
1299 504 1611 561 Catholicos'
1636 504 1752 558 ausi

141 609 294 653 sunt.
331 601 421 657 Sic
443 619 631 657 eorum
650 613 778 658 tunc
800 602 1058 673 temporis
1089 601 1331 658 facinora
1359 601 1616 656 describit
1641 599 1752 671 Op-

147 699 324 758 tatus,
373 693 472 748 lib.
506 710 564 755 ll,
596 694 624 764 ᾗ
653 697 718 749 l7
752 710 766 748 :
817 694 1027 748 Eisdem
1075 711 1203 762 pene
1240 692 1752 763 momentis,.inqnit,

143 794 314 838 vester
345 787 492 856 [uror
529 789 582 842 in
618 789 849 859 Africam
890 790 1178 855 revertitur,
1208 789 1390 857 quibus
1427 787 1662 841 diabolus
1691 786 1756 840 de

144 877 258 931 suis
285 882 579 935 carceribus
607 882 893 938 relaxatur.
928 881 997 935 Et
1042 898 1144 935 non
1188 881 1504 944 erubescitis,
1536 881 1623 951 qui
1651 895 1754 932 uno

147 979 380 1040 tempore
406 991 520 1026 cum
546 975 752 1029 inimico
781 975 1072 1029 communia
1099 975 1291 1045 gaudia
1314 971 1622 1045 possidetis!
1662 970 1758 1024 Ve—

149 1065 302 1120 nistis
322 1067 510 1133 rubidi,
535 1069 742 1123 uenistis
771 1070 910 1135 irati,
939 1067 1167 1122 membro
1190 1067 1446 1121 laniantes
1471 1063 1752 1118 Ecclesia:

147 1157 368 1212 subtiles
407 1161 457 1212 in
488 1161 888 1227 seductionibus,
938 1162 991 1215 in
1031 1160 1256 1214 cladibus
1300 1160 1571 1218 immanes,
1620 1155 1757 1224 filios

151 1251 297 1320 pacis
326 1251 397 1304 ad
435 1251 567 1306 bella
597 1264 949 1316 provocantes.
995 1252 1074 1306 De
1101 1252 1305 1306 sedibus
1333 1252 1438 1306 suis
1466 1249 1650 1302 multos
1680 1247 1757 1316 [e-

150 1343 296 1397 cistis
327 1354 574 1412 extorres,
604 1362 718 1398 cum
744 1346 997 1404 conducta
1027 1361 1181 1397 manu
1209 1345 1488 1406 venientes,
1517 1338 1760 1393 basilicas

149 1437 416 1491 invasistis
443 1453 461 1490 :
511 1438 659 1491 multi
698 1454 760 1492 ea:
805 1454 1015 1491 numero
1059 1447 1225 1491 oestro
1270 1452 1361 1506 per
1393 1435 1505 1488 loca
1533 1433 1759 1504 plurima

154 1527 296 1600 (qua!
321 1529 416 1584 sub
440 1530 730 1583 nominibus
752 1530 922 1584 dicere
940 1530 1152 1602 longum
1176 1529 1272 1600 est)
1296 1536 1534 1582 cruentas
1564 1524 1760 1594 aperati

149 1630 273 1675 sunt
311 1622 498 1687 caedes,
540 1631 590 1676 et
633 1632 735 1675 tam
781 1631 1002 1687 atroces,
1051 1630 1108 1674 ut
1149 1621 1210 1674 de
1252 1620 1441 1674 talibus
1488 1619 1662 1690 factis,
1695 1617 1758 1670 ab

1856 420 1960 466 tem
1993 411 2189 467 Africa:
2221 411 2522 465 Romanum
2564 410 2818 476 nomine,
2869 409 2956 464 cui
3005 409 3222 482 Zamma
3271 405 3447 461 fuerat

1854 514 2104 575 acceptus
2148 507 2399 561 infesmm
2449 506 2672 561 haberet
2701 515 2998 572 ,.metucns
3045 520 3113 559 ne
3161 503 3446 557 damnatus

1850 599 2211 665 occideretur,
2253 600 2321 655 ab
2371 601 2599 671 imperio
2637 600 2866 656 descivit
2907 609 2962 654 et
2988 597 3324 655 Mauritanize
3356 610 3446 650 re-

1853 705 2016 761 gnum
2058 693 2364 763 occupavit.
2410 693 2518 747 Hac
2548 694 2835 746 occasione
2885 691 2969 745 usi
3009 689 3305 745 Donatista:
3354 703 3451 757 per

1857 783 2144 840 barbarum
2174 801 2376 856 regem,
2405 786 2673 856 ltogatum
2702 785 2927 856 ejusque
2957 783 3195 839 asseclas
3224 783 3280 838 in
3304 781 3450 846 blan-

1859 877 2048 931 ritauia
2097 878 2422 935 (Ἀίδεω-ἰευεί
2462 879 2763 934 εωνίεείηιε
2807 889 2863 934 et
2903 877 3249 933 acerbissime
3287 890 3450 930 vexa—

1858 981 2050 1025 verunt
2095 969 2267 1043 (adeo
2310 980 2368 1026 ut
2403 981 2727 1027 vocarentur
2768 986 2797 1024 a
2847 970 3143 1042 Regalistis
3187 967 3448 1025 Firmiani

1859 1062 2016 1117 sicuti
2040 1063 2349 1119 Catholieos
2379 1065 2677 1120 Donatistas
2713 1064 3046 1119 Macarianos
3087 1078 3280 1118 vocare
3315 1077 3448 1118 con-

1859 1162 2202 1232 sueverant).
2237 1161 2372 1216 nihil
2429 1178 2538 1218 non
2574 1170 2797 1232 agentes
2843 1170 2903 1215 ut
2942 1176 3037 1216 eos
3064 1160 3130 1214 ad
3176 1161 3445 1230 gremium

1857 1266 2014 1306 suum
2046 1251 2223 1308 redire
2253 1255 2644 1324 eompellerent
2675 1263 2768 1307 aut
2798 1254 3062 1308 saevitiam
3097 1251 3331 1306 vindicta
3359 1265 3447 1306 sa-

1862 1353 2121 1400 turarent.
2145 1345 2440 1400 Duravitea
2466 1346 2772 1415 persecutio
2801 1346 3069 1414 tantisper
3082 1345 3254 1400 donec
3270 1344 3449 1398 Theoo

1861 1437 2047 1492 dosius
2075 1439 2258 1492 senior
2283 1450 2471 1516 contra
2499 1437 2740 1492 Firmum
2767 1455 2796 1492 a
2825 1437 3201 1494 Valentiniano
3223 1437 3275 1491 in
3306 1434 3448 1490 Afri-

1863 1547 1978 1586 cam
1995 1547 2114 1586 cum
2151 1535 2390 1587 exercitu
2407 1532 2603 1586 missus
2619 1533 2946 1602 perduellem
2972 1531 3180 1601 imperii
3205 1531 3448 1602 pluribus

1864 1629 2063 1696 prtuliis
2093 1629 2319 1682 fractum
2349 1629 2416 1682 ad
2447 1629 2608 1682 vitam
2639 1629 2835 1697 laqueo
2857 1626 3146 1683 finiendam
3167 1626 3446 1696 compulit;

151 1715 298 1768 illius
327 1716 571 1783 temporis
588 1715 859 1788 judicibus
887 1715 1068 1769 relatio
1093 1716 1393 1768 mitteretur.
1425 1712 1503 1765 Eo
1518 1723 1759 1780 tempore
1790 1707 1837 1766 B
1866 1721 2071 1791 [togam
2101 1722 2190 1792 qui
2231 1721 2412 1776 Firmo
2454 1731 2731 1791 superstes
2763 1721 2860 1776 ίηίι
2898 1721 2950 1774 in
2992 1719 3284 1775 schismale
3320 1735 3444 1790 ρει-

153 1807 441 1863 innumera
475 1808 711 1865 facinora
761 1818 815 1865 et
852 1809 1131 1880 sacrilegia
1172 1825 1199 1862 a
1225 1808 1324 1880 15
1353 1807 1640 1863 Donatistis
1672 1820 1762 1874 pa-

154 1909 297 1956 trata
347 1911 494 1968 sunt,
547 1918 667 1973 qua:
700 1904 805 1958 late
831 1902 1087 1958 deseribit
1140 1901 1280 1956 idem
1313 1901 1540 1970 Optatus
1567 1898 1758 1955 eodem

155 1991 212 2047 in
243 1993 408 2060 libro,
448 2004 558 2049 tum
588 1995 750 2050 etiam
786 1994 922 2051 libro
965 2009 1037 2060 vn,
1073 1994 1159 2048 ubi
1204 2009 1266 2048 ea
1316 1993 1498 2062 legere
1528 1991 1753 2061 pcteris.

232 2088 394 2161 Leges
427 2088 801 2160 lmperatorum
846 2091 900 2144 in
945 2087 1270 2143 Donatistas.
1303 2116 1374 2129 -—-
1402 2087 1620 2142 Juliauo
1663 2085 1756 2156 qui

156 2181 248 2238 die
271 2182 343 2236 26
388 2182 536 2238 Junii
563 2183 693 2238 anni
732 2182 861 2250 565,
895 2182 1140 2238 sublatus
1167 2194 1270 2247 eat,
1291 2181 1554 2236 successit
1580 2179 1760 2235 Jovia-

157 2292 266 2332 nus
295 2278 386 2348 qui
417 2279 526 2332 cito
570 2288 849 2343 mortuus,
889 2277 1023 2332 nihil
1058 2277 1124 2332 de
1162 2277 1322 2331 rebus
1349 2276 1415 2330 ad
1443 2273 1757 2329 Africanam

162 2371 467 2426 Ecclesiam
506 2369 878 2441 spectantibus
913 2377 1151 2424 statuere
1177 2368 1369 2437 potuit.
1405 2366 1473 2421 At
1520 2365 1758 2420 Valenti-

159 2463 361 2518 nianus
383 2462 566 2517 senior
596 2462 909 2516 Donatistas
934 2461 1143 2516 severis
1168 2461 1376 2531 legibus
1404 2459 1758 2529 compescuit,

161 2569 397 2626 quarum
434 2568 538 2608 una
569 2562 745 2608 exstat
773 2552 897 2606 data
929 2569 961 2606 x
990 2550 1248 2606 kalendas
1277 2551 1495 2606 Martias
1517 2547 1761 2605 Treviris

158 2663 312 2703 anno
340 2647 466 2712 575,
499 2661 602 2717 qua
633 2646 932 2700 antistitem
963 2647 1052 2716 qui
1078 2645 1341 2715 baptisma
1376 2645 1649 2700 iteraverit
1675 2659 1760 2697 sa-

163 2742 413 2798 cerdotio
459 2741 743 2811 indignum
791 2755 914 2796 esse
972 2739 1234 2795 declarat.
1281 2739 1482 2794 Eodem
1515 2749 1760 2808 tempore

163 2837 449 2892 Romanus
498 2849 681 2892 comes
729 2835 819 2908 qui
851 2834 1029 2905 copiis.
1050 2834 1104 2888 in
1139 2834 1317 2889 Africa
1347 2832 1564 2903 prtefuit
1592 2848 1760 2902 usque

162 2930 232 2986 ad
283 2925 484 2986 annum
516 2931 644 2995 575,
687 2929 1066 2985 schismatieos
1090 2943 1153 2984 ea
1185 2945 1303 2999 qua:
1351 2927 1554 2984 vellent
1592 2925 1759 2981 libere

159 3040 330 3096 agere
381 3039 487 3078 non
521 3023 797 3094 permisit,
830 3037 952 3076 cum
1003 3037 1127 3077 eum
1181 3022 1325 3075 inter
1381 3031 1758 3090 persecutores

1867 1824 2138 1873 manente.
2195 1816 2298 1869 Per
2348 1815 2400 1868 id
2433 1824 2644 1884 tempus
2679 1857 2693 1881 ,
2736 1814 2824 1883 qui
2860 1814 3253 1884 Rogatistarum
3272 1810 3451 1868 Ca-sa-

1863 1907 2055 1963 riensis
2082 1909 2369 1977 episcopus
2401 1920 2550 1972 erat,
2585 1923 2706 1963 cum
2739 1906 2922 1962 Firmo
2964 1915 3192 1978 tyranno
3220 1921 3445 1961 suorum

1861 1998 2285 2054 incolumitatem
2316 2009 2504 2068 pactus
2531 2008 2713 2068 portas
2741 1999 2787 2052 ei
2815 1999 3044 2069 aperuit,
3065 2009 3225 2068 atque
3255 1999 3306 2052 in
3330 2012 3453 2052 vas-

1862 2093 2118 2146 tationem
2141 2091 2576 2146 nonCatboliCOS
2607 2101 2837 2156 tantum,
2862 2090 2956 2145 sed
2989 2091 3291 2145 universam
3317 2091 3452 2144 civi-

1863 2190 2026 2237 tatem
2068 2183 2234 2238 dedit.
2274 2182 2479 2254 Rogato
2508 2183 3021 2237 mortuo’successit
3055 2180 3373 2236 Vincentius
3399 2180 3452 2234 in

1862 2277 1990 2332 sedc
2023 2288 2078 2332 et
2117 2277 2433 2332 schismate.
2469 2276 2592 2332 Fuit
2634 2285 2690 2332 et
2732 2277 2870 2331 alius
2917 2275 3238 2331 Vincentius
3275 2274 3453 2330 Victor

1861 2370 2105 2439 ejusdem
2129 2380 2315 2435 secue,
2342 2370 2538 2441 prioris
2565 2368 2833 2424 Vincentii
2853 2368 3151 2439 discipulus
3178 2376 3233 2423 et
3252 2367 3449 2434 cultor,

1861 2465 1950 2532 qui
1983 2463 2108 2519 licet
2139 2463 2204 2518 ad
2235 2464 2498 2518 unitatem
2526 2462 2862 2518 Catholicam
2890 2463 3143 2519 rediisset
3169 2504 3184 2529 ,
3229 2478 3335 2516 non
3375 2471 3453 2515 ta-

1864 2573 1985 2611 men
2011 2557 2147 2612 adeo
2178 2558 2506 2628 deposuerat
2533 2557 2797 2613 Vincentii
2830 2558 3111 2627 pristinam
3150 2555 3454 2611 veneratio-

1863 2665 2010 2715 nem,
2031 2651 2158 2720 quin
2179 2667 2304 2707 eum
2335 2653 2435 2706 sibi
2458 2651 2778 2721 apparuisse
2801 2652 3052 2722 jactaret,
3077 2657 3132 2706 et
3153 2649 3453 2720 adjutorem

1863 2745 2029 2810 fuisse
2056 2745 2121 2799 ad
2153 2745 2550 2800 conficiendum
2584 2760 2719 2814 opus
2746 2745 2888 2815 quod
2921 2743 3181 2800 adversus
3205 2743 3458 2813 Augusti-

1863 2855 1989 2893 num
2018 2838 2189 2894 edidit
2213 2838 2281 2894 de
2305 2840 2484 2894 anima
2513 2847 2569 2894 et
2595 2841 2712 2907 ejus
2739 2841 2969 2909 origine.

1936 2932 2438 2987 Muxiinianislarum
2467 2935 2706 2986 scliisma.
2746 2931 3047 2987 Primianus
3074 2931 3457 3004 Maximianus";

1864 3024 2094 3080 damnat.
2116 3024 2404 3080 Concilium
2427 3022 2830 3101 Carthaginense
2847 3026 3089 3082 adversus
3116 3024 3454 3082 Primianum.

159 3131 296 3171 suos
321 3124 609 3171 numerent
632 3116 921 3169 Donatistas
945 3114 997 3169 in
1017 3114 1302 3169 collatione
1328 3111 1754 3184 Carthaginensi.
1785 3093 1830 3155 Ο
1865 3116 2149 3173 Concilium
2195 3093 2674 3172 Cabarsussitanuitt
2747 3120 2800 3171 in
2859 3118 3202 3182 Primianum.
3237 3150 3306 3160 —
3331 3119 3459 3174 Nul-

163 3206 420 3262 Postlttec
447 3207 738 3262 Gratianus
767 3221 1014 3261 sexeram
1047 3206 1220 3274 legem
1261 3205 1520 3261 adversus
1549 3220 1642 3260 eos
1673 3212 1758 3258 tu-

160 3299 222 3353 lit
257 3315 349 3353 xvi
381 3297 640 3355 kalendas
662 3297 984 3354 Novembris
1014 3297 1143 3353 anui
1164 3299 1289 3354 577.

237 3384 529 3450 Donatista:
569 3396 623 3448 in
675 3397 866 3449 multas
925 3403 1088 3449 sectas
1126 3393 1296 3447 divisi.
1345 3423 1416 3434 —
1454 3390 1610 3447 CirCa
1645 3389 1762 3444 hmc

161 3499 413 3559 tempora
446 3489 638 3543 Donati
687 3498 836 3542 secta
888 3489 940 3541 in
972 3487 1172 3541 multas
1219 3495 1398 3556 partes
1433 3495 1517 3540 est
1543 3483 1714 3538 divisa
1743 3498 1760 3547 ;

159 3595 330 3652 atque
357 3589 416 3635 ut
442 3582 756 3636 omittamus
775 3580 1020 3641 Tichonii
1043 3589 1096 3635 et
1116 3579 1456 3634 Parmenioni
1481 3578 1548 3631 de
1573 3575 1760 3630 Eccle-

158 3677 241 3727 sia
273 3682 330 3728 et
355 3674 548 3728 iterato
576 3674 844 3742 baptismo
871 3671 1177 3737 dissidium,
1209 3672 1387 3741 plures
1415 3677 1759 3724 emerserunt

162 3765 653 3840 inter-Donatistas
681 3763 942 3818 factiones
964 3763 1017 3815 in
1047 3762 1363 3816 Mauritania
1391 3773 1443 3815 et
1477 3760 1755 3824 Numidia,

159 3871 304 3928 quas
355 3854 495 3910 haud
529 3855 687 3925 vulgo
737 3865 890 3909 notas
941 3854 1105 3909 fuisse
1159 3853 1348 3908 scribit
1382 3852 1755 3923 Augustinus:

162 3951 303 4004 hinc
350 3948 697 4004 Urbancnses
752 3947 805 4001 in
863 3946 1093 4017 quodam
1141 3944 1403 4000 Numidiae
1446 3943 1665 4013 angulo,
1701 3953 1758 3998 et

159 4043 547 4100 Claudianistae
579 4042 670 4112 qui
711 4050 892 4110 postea
921 4056 1044 4095 cum
1087 4040 1362 4094 Primiano
1411 4038 1754 4092 Parmeniani

156 4153 484 4196 successore
513 4137 564 4191 in
594 4136 820 4208 gratiam
854 4136 1152 4191 redierunt.
1180 4137 1250 4190 At
1276 4134 1673 4204 Rogatistarum
1702 4141 1757 4185 et

157 4232 685 4289 Maximianistarum
727 4229 1061 4300 frequentior
1085 4239 1170 4284 est
1207 4227 1352 4298 apud
1394 4227 1756 4297 Augustinum

157 4325 383 4382 mentio.
400 4334 454 4380 et
481 4324 659 4379 notior
685 4323 934 4377 historia.
1377 4381 1385 4392 ν

239 4417 622 4488 Rogatistarum
651 4417 889 4470 schisma.
921 4445 989 4454 -—
1012 4414 1410 4483 Rogatistarum
1438 4421 1626 4464 auctor
1656 4409 1757 4463 fuit

1865 3211 1975 3265 lum
2002 3221 2186 3264 autem
2211 3211 2351 3264 inter
2382 3211 2693 3266 Donatistas
2711 3210 2991 3265 dissidium
3023 3211 3196 3282 majus
3227 3226 3292 3276 ac
3315 3210 3458 3271 cele-

1863 3301 2016 3357 brius
2059 3302 2200 3368 fuit,
2245 3316 2406 3370 quam
2439 3301 2583 3372 quod
2613 3302 2755 3357 inter
2784 3301 3156 3368 Primianistas
3194 3311 3247 3356 et
3290 3301 3458 3356 Maxi-

1864 3394 2143 3447 mianistas
2176 3394 2506 3449 intercessit.
2525 3395 2702 3463 Cuspit
2726 3393 2870 3448 istud
2891 3393 3127 3449 schisma
3157 3394 3314 3464 paulo
3338 3401 3456 3462 post

1862 3507 2061 3546 annum
2114 3490 2239 3552 591,
2280 3505 2385 3560 quo
2419 3490 2724 3544 Primianus
2765 3489 3047 3548 ordinatus
3074 3497 3157 3544 est
3189 3489 3239 3541 in
3276 3489 3452 3542 locum

1863 3582 2209 3637 Parmeniani
2252 3581 2699 3650 Cartliaginensis
2728 3581 3016 3649 episcopus
3045 3589 3307 3648 exparte
3347 3579 3453 3634 Do-

1863 3674 2030 3741 nati,'
2060 3677 2198 3730 sicut
2247 3675 2436 3730 eodem
2470 3673 2640 3727 ferme
2681 3682 2924 3740 tempore
2955 3671 3092 3743 apud
3143 3660 3452 3735 Catholicos

1862 3767 2151 3824 Genethliu
2175 3774 2512 3820 successerat
2532 3763 2806 3819 Aurelius.
2835 3763 2883 3817 ls
2905 3763 3210 3816 Primianus
3255 3776 3450 3817 recens

1861 3861 2141 3916 ordinatus
2169 3858 2567 3920 Maximianum,
2587 3857 2874 3911 diaconum
2908 3853 3162 3909 Ecclesia:
3195 3870 3328 3916 sum,
3357 3853 3450 3923 qui

1862 3953 2053 4007 Donati
2085 3951 2356 4006 ferebatur
2387 3966 2508 4005 esse
2535 3951 2991 4018 consanguineus,
3025 3948 3177 4018 cujus
3200 3933 3451 4017 superbia

1861 4060 1918 4100 se
1947 4045 2134 4099 lzesum
2171 4043 2413 4113 putabat,
2444 4051 2498 4096 et
2522 4058 2642 4097 cum
2668 4058 2732 4095 eo
2766 4051 2876 4097 tres
2899 4041 3032 4095 alios
3061 4042 3319 4096 diaconos
3347 4041 3449 4095 fio.

1858 4139 2155 4208 gatianum,
2172 4136 2438 4190 Donatum
2456 4145 2510 4190 et
2525 4136 2854 4207 Salgamium
2875 4135 3132 4190 danmare
3151 4135 3449 4204 constituit,

1859 4240 1914 4286 et
1932 4232 1998 4287 de
2025 4231 2157 4284 facto
2183 4229 2232 4283 in
2250 4228 2637 4283 Maximianum
2659 4229 2940 4283 absentem
2963 4227 3286 4282 sententiam
3312 4228 3446 4281 tulit.

1857 4322 2208 4376 Maximianus
2231 4319 2412 4374 divitis
2445 4319 2726 4389 cujusdam
2768 4319 3004 4374 nemina:
3045 4318 3234 4388 opibus
3260 4317 3448 4381 fretus,

1860 4415 1998 4468 sicut
2027 4414 2153 4468 olim
2181 4411 2472 4481 Majorinus
2503 4411 2724 4466 LUCilliE
2754 4413 3014 4482 potentia,
3067 4411 3334 4465 Primiani)
3363 4427 3453 4465 rc-

159 4486 408 4578 Rogatus
437 4507 653 4562 Maurus
684 4507 982 4574 Episcopus
1023 4521 1085 4560 ac
1140 4506 1277 4558 forte
1331 4503 1753 4565 Carletmensis;
1783 4486 1838 4544 D
1863 4508 1998 4562 stitit
2020 4551 2034 4573 ,
2059 4520 2112 4563 et
2139 4507 2391 4576 adjuncta
2423 4505 2522 4560 sibi
2551 4505 2719 4576 plebis
2741 4502 3178 4574 Carthaginiensis
3212 4511 3360 4573 parte
3389 4517 3453 4563 ac

157 4615 332 4674 atque
379 4602 448 4657 ob
496 4601 544 4655 id
584 4616 680 4670 per
721 4599 1093 4652 Mauritaniam
1144 4595 1532 4652 Caesariensem
1582 4594 1757 4661 δρία·δὶ

160 4707 394 4749 numero
428 4692 608 4761 pauci.
665 4691 837 4744 Causa
891 4689 1217 4759 secessionis
1245 4703 1430 4743 eorum
1470 4703 1499 4740 a
1545 4688 1758 4740 caeteris

157 4785 461 4842 DOnatistis
509 4785 732 4838 incerta.
777 4781 1020 4852 Reliquis
1062 4791 1218 4837 erant
1262 4782 1508 4835 mitiores
1549 4790 1602 4834 et
1639 4780 1758 4832 Cir-

155 4877 590 4952 cumcellionum
620 4875 871 4944 gregibus
906 4889 1010 4928 non
1045 4874 1351 4928 utebantur.
1384 4872 1487 4926 Sed
1515 4871 1751 4941 [legatus

157 4972 226 5027 de
263 4970 451 5025 nescio
481 4969 675 5038 quibus
719 4985 937 5022 suorum
996 4968 1161 5022 rebus
1193 4967 1455 5022 acerrima
1505 4981 1756 5035 perseve—

159 5065 341 5120 rantia
373 5064 534 5117 etiam
568 5063 764 5117 forensi
797 5061 1166 5133 disputatioi-e
1196 5059 1508 5114 conflixisse
1537 5058 1754 5128 legitur.

157 5155 446 5212 Jactabant
475 5154 549 5207 illi
579 5154 849 5208 Christum
879 5169 998 5207 eum
1042 5154 1252 5206 veniret
1296 5151 1360 5205 ad
1399 5150 1661 5221 judicium
1701 5150 1754 5203 in

158 5252 278 5306 suis
303 5259 510 5304 tantum
536 5256 876 5317 reperturum
903 5248 1096 5312 fidem;
1134 5257 1294 5316 atque
1333 5248 1404 5300 ita
1440 5263 1544 5299 non
1577 5246 1752 5299 minus

158 5351 318 5398 erant
352 5341 650 5396 Donatistis
676 5356 835 5412 quam
865 5339 1161 5394 Catholicis
1194 5339 1388 5392 odiosi.
1425 5337 1558 5392 Cum
1593 5339 1756 5406 igitur

159 5437 432 5506 reliquum
465 5450 661 5503 eorpus
691 5434 1092 5488 Donatistarum
1121 5433 1404 5486 factionem
1427 5431 1563 5485 hanc
1583 5447 1752 5501 aeger-

161 5533 295 5585 rime
348 5533 553 5591 ferret,
587 5528 874 5582 Sseculares
910 5527 1179 5596 principes
1228 5527 1279 5579 in
1335 5541 1426 5579 eos
1475 5526 1746 5579 excitavit.

165 5625 262 5678 l'er
294 5623 346 5677 id
381 5632 596 5690 tempus
623 5621 990 5675 Valentiniano
1019 5631 1072 5673 et
1107 5619 1752 5688 Valente‘impcrautibus

162 5713 379 5772 Firmus
409 5713 627 5769 Mauws
675 5711 892 5768 Nubelis
935 5712 1264 5766 Mauritauiw
1324 5711 1463 5780 regis
1514 5711 1675 5777 filius,
1708 5712 1752 5764 is

1865 4601 2172 4656 senioribus
2202 4599 2546 4670 quibusdam,
2588 4598 2780 4652 horum
2814 4597 3031 4650 nomine
3061 4597 3265 4650 litteras
3288 4603 3342 4650 et
3368 4595 3447 4649 le-

1863 4706 2014 4764 gatos
2040 4693 2104 4746 ad
2140 4693 2451 4745 universum
2491 4688 2716 4744 chorum
2747 4688 3120 4758 episcoporum
3153 4686 3315 4751 misit,
3349 4685 3447 4740 de-

1866 4801 2094 4855 precans
2124 4793 2179 4838 ut
2218 4783 2596 4852 Carthaginem
2639 4779 2902 4834 venirent.
2940 4778 3055 4846 Ipse
3097 4777 3448 4831 Maximianus

1861 4875 2073 4932 vicinos
2113 4875 2412 4944 Episcopus
2444 4873 2612 4936 adiit,
2664 4869 2855 4939 quibus
2902 4870 3261 4923 innocentiam
3295 4883 3446 4923 suam

1864 4971 2140 5038 exposuit,
2172 4965 2463 5021 concitavit
2491 4964 2746 5017 invidiam
2779 4961 3074 5026 Primiano,
3113 4971 3273 5028 atque
3324 4977 3447 5016 eum

1864 5060 2058 5114 deinde
2103 5056 2242 5126 apud
2299 5055 2422 5109 illos
2463 5052 2752 5107 accusavit.
2808 5051 2868 5105 lli
2917 5067 3043 5122 ergo
3072 5052 3448 5122 Carthaginem

1863 5171 1985 5210 cum
2013 5154 2288 5207 venissent
2316 5163 2540 5204 numero
2566 5147 2655 5208 45,
2691 5145 2995 5199 Primianus
3042 5146 3107 5198 ad
3146 5160 3241 5199 eos
3286 5160 3446 5200 acceo

1864 5245 1994 5301 dere
2026 5243 2216 5306 noluit,
2236 5250 2289 5294 et
2310 5240 2574 5294 conducta
2603 5237 2943 5292 multitudine
2964 5245 3126 5307 atque
3153 5239 3450 5307 impetratis

1864 5338 2187 5396 ofticialibus
2219 5335 2562 5389 basilicarum
2589 5333 2779 5402 januas
2811 5329 3045 5395 obsedit,
3075 5340 3126 5385 et
3155 5333 3445 5401 episc0pis,

1862 5431 1952 5500 qui
1981 5431 2239 5484 adversus
2284 5444 2407 5482 eum
2452 5435 2739 5488 venerant,
2775 5423 3109 5494 ingrediendi
3160 5425 3210 5476 in
3258 5439 3349 5480 eas
3395 5434 3450 5480 et

1864 5522 2056 5593 agendi
2087 5520 2348 5575 solemnia
2367 5518 2675 5573 facultatem
2708 5515 3007 5569 interdixit.
3031 5515 3231 5581 Semel,
3258 5517 3450 5570 iterum

1864 5626 1917 5670 et.
1947 5615 2105 5671 tertio
2129 5615 2191 5668 ad
2239 5629 2425 5669 eorum
2457 5609 2745 5666 concilium
2779 5617 2999 5662 vocatus
3035 5608 3224 5662 adesse
3251 5611 3446 5674 renuit,

1867 5709 2060 5764 missos
2092 5723 2121 5762 a
2144 5707 2375 5764 concilio
2406 5705 2545 5766 male
2577 5702 2878 5760 muletavit.
2915 5700 2968 5755 lu
2998 5716 3118 5756 eum
3167 5701 3448 5758 absentem
