3848 6220
372 269 478 325 807

373 379 612 452 episcopi
642 392 746 434 non
791 372 907 428 ausi
951 386 976 426 s

370 447 652 545 judicium.
681 468 777 523 sed
799 464 1020 536 quodam
1043 460 1354 534 prwjudicio
1382 456 1760 519 consuluerunt,
1788 447 1960 516 iuqttit

375 540 705 635 'Augustinus
734 559 771 634 l.
803 540 858 611 iv
885 564 1075 610 contra
1101 551 1315 616 Cresc,
1349 566 1469 619 cap.
1501 547 1553 612 6,
1582 554 1634 598 ut
1668 540 1956 605 Primiano,

376 657 420 711 si
452 633 618 709 causa:
643 665 751 705 sua:
778 648 980 717 ﬁderet,
1041 645 1268 717 sequenti
1312 640 1570 697 celebriori
1611 633 1830 690 concilio
1873 647 1957 684 re-

372 744 658 818 spondendi
689 755 898 811 seseque
926 737 1180 810 purgandi
1224 721 1956 818 relinquereturlocus.’

370 814 658 899 concilium
695 834 1014 891 CabarsuSsi
1046 834 1097 886 in
1144 831 1423 900 Byzazena
1467 820 1624 892 paulo
1653 825 1776 888 post
1806 814 1959 867 habi-

373 943 486 991 tum
516 929 683 1001 priori
705 925 1070 990 numerosius,
1087 933 1140 979 et
1156 930 1393 982 centum,
1416 914 1461 968 si
1482 910 1779 980 Augustino
1800 905 1957 1001 ﬁdes,

370 996 777 1096 episcoporum,
804 1033 930 1076 cum
968 1027 1145 1070 tamen
1196 1013 1247 1065 in
1286 1004 1682 1074 subscriptione
1710 996 1957 1096 epistolae

372 1090 534 1189 hujus
561 1090 797 1172 concilii
828 1106 1209 1189 quinquaginta
1251 1101 1411 1154 trium
1440 1090 1819 1189 tantmanth
1856 1104 1957 1189 no-

374 1179 520 1267 mina
550 1214 785 1264 ex~tent.
829 1179 886 1256 In
917 1213 984 1256 eo
1010 1185 1243 1253 concilio
1294 1187 1569 1245 sententia
1602 1182 1878 1239 deﬁnitiva
1902 1179 1955 1232 in

375 1305 707 1362 Primianum
739 1298 844 1352 lata
876 1294 961 1348 his
986 1288 1165 1345 verbis
1192 1303 1205 1339 :
1231 1282 1561 1338 Decrerimus
1586 1291 1759 1330 omnes
1784 1287 1957 1328 sacer-

369 1399 513 1451 dotes
546 1392 658 1456 Dei,
687 1394 933 1458 prtescnte
962 1382 1161 1454 Spiritu
1188 1385 1385 1440 sancto,
1423 1373 1557 1425 hunc
1578 1366 1811 1423 eumdem
1835 1362 1959 1419 Pri-

380 1486 629 1546 mianum,
645 1454 826 1551 primo
853 1475 991 1547 quod
1012 1486 1167 1540 super
1188 1468 1321 1522 vivos
1349 1465 1635 1536 episcopos,
1676 1458 1807 1513 alios
1832 1454 1953 1509 sub.

374 1578 571 1652 rogavit
601 1593 620 1631 :
662 1571 799 1643 quod
843 1571 1061 1625 incestos
1113 1580 1229 1618 cum
1270 1568 1565 1615 sanctorum
1607 1550 1959 1607 communione

371 1643 630 1729 miscuerit
656 1664 830 1737 :quod
863 1660 1182 1735 presbyteros
1226 1653 1294 1708 ad
1323 1648 1728 1723 conjurationent
1771 1643 1957 1695 ineun-

1546 242 1863 304 HISTORIA
1904 233 2458 295 DONATISTARUM.

983 376 1080 425 ant
1105 375 1215 422 tum
1247 364 1506 437 temporis
1533 363 1773 417 ultimum
1814 355 1957 409 ferre
1986 357 2036 415 Α
2064 361 2366 408 tercentum
2397 358 2451 404 et
2475 347 2665 402 decem
2695 341 2971 413 epiSCOpi:
3013 339 3064 393 in
3092 352 3158 394 eo
3188 353 3297 393 non
3327 345 3541 392 tantum
3570 339 3681 392 ab-

3556 221 3680 277 803

2061 445 2269 499 solutus
2295 454 2403 508 est,
2433 441 2529 496 scd
2560 448 2615 496 et
2642 439 2927 493 damnatus
2953 433 3310 488 Maximianus
3334 445 3401 485 ac
3427 430 3554 499 ejus
3576 445 3678 483 or-

2060 536 2337 592 dinatores
2382 550 2502 590 cum
2545 531 2762 587 clericis
2803 527 3063 583 Ecclesia:
3084 522 3536 592 Carthaginensis
3570 522 3677 591 qui

2060 630 2390 684 ordinationi
2430 629 2549 694 ejus
2594 623 2970 679 interfuerant.
3043 618 3271 674 (Sceleris
3326 618 3419 686 qui
3473 627 3677 685 partes

2061 718 2367 775 Maximiani
2390 718 2561 772 secuti
2583 725 2765 781 erant,
2781 724 2995 783 tempus
3014 711 3199 767 datum
3229 723 3402 779 usque
3418 708 3487 762 ad
3510 709 3675 763 diem

2059 827 2155 866 VIII
2183 811 2293 865 kal.
2333 807 2572 864 Januarii
2604 848 2618 872 ,
2647 808 2784 865 intra
2826 805 2970 874 quod
3003 804 3046 856 si
3095 801 3386 856 rediisseut
3430 799 3576 854 nihil
3611 801 3669 854 in

2050 908 2156 957 eos
2181 890 2471 963 statuitur;
2503 898 2584 950 sin
2620 910 2753 950 vero
2785 894 2833 949 id
2862 900 3120 963 prmslare
3147 891 3511 962 neglexerint,
3533 907 3681 946 seu-

2061 996 2228 1051 tentia
2260 995 2313 1047 in
2343 1007 2440 1048 eos
2466 991 2662 1053 fertur,
2690 989 2763 1043 ita
2797 997 2855 1042 ut
2897 1004 3004 1042 non
3052 986 3261 1057 possint
3291 995 3414 1056 post
3439 986 3669 1056 prasti-

2060 1098 2235 1145 tutum
2265 1086 2407 1143 diem
2438 1083 2539 1138 nisi
2573 1098 2668 1152 per
2697 1081 3068 1149 paenitentiam
3092 1080 3302 1135 admitti
3334 1095 3399 1135 ac
3422 1078 3671 1149 proinde

2058 1181 2275 1253 atnissis
2297 1177 2591 1233 honoribus
2619 1176 2755 1231 suis.
2795 1174 2966 1243 Hujus
2991 1175 3295 1239 sementim,
3322 1189 3489 1243 quant
3518 1173 3673 1228 inte-

2058 1287 2209 1342 grain
2253 1270 2425 1325 ferme
2454 1284 2519 1324 ex
2558 1268 2721 1321 variis
2764 1265 2823 1321 S.
2859 1267 3145 1336 Augustini
3191 1266 3324 1321 locis
3366 1266 3668 1322 retulimus

2060 1364 2202 1418 inter
2227 1368 2797 1424 vetera'monumenta,
2830 1368 3019 1413 auctor
3058 1357 3160 1410 fuit
3206 1358 3482 1441 Eiitpritus
3531 1357 3664 1426 epi-

2059 1452 2621 1524 scopusCmsaricnsis
2645 1468 2659 1502 :
2684 1465 2803 1519 qua:
2817 1466 2939 1503 cum
2974 1448 3027 1503 in
3050 1447 3283 1504 concilio
3308 1447 3665 1505 decernenda

2061 1548 2281 1603 recitata
2319 1557 2422 1612 est,
2476 1561 2572 1601 ore
2618 1543 2897 1599 liliiiSSinlO
2939 1558 3134 1598 omnes
3179 1545 3663 1607 acclamaverunt,

2062 1642 2253 1713 partim
2282 1640 2449 1712 gavisi
2474 1639 2616 1710 quod
2650 1650 2757 1693 tam
2784 1649 2927 1693 esset
2955 1637 3180 1704 diserta,
3205 1638 3403 1707 partim
3426 1637 3576 1708 quod
3607 1637 3662 1691 in

372 1766 492 1819 dant
517 1729 873 1828 constringere
904 1729 1204 1823 pertentarit
1234 1761 1253 1800 :
1284 1743 1422 1814 quod
1453 1738 1796 1794 Fortunatam
1820 1746 1961 1802 prcs-
1990 1743 2036 1803 Β
2065 1750 2127 1789 ea
2184 1732 2550 1789 Schismaticis
2611 1732 2723 1786 suis
2779 1741 2886 1784 tam
2939 1730 3223 1800 insigniter
3272 1729 3661 1787 insultasscnt,

372 1858 604 1929 bytcrum
646 1852 707 1905 in
745 1820 972 1903 cloacam
1018 1840 1191 1911 fecerit
1244 1836 1400 1901 mitti,
1451 1847 1570 1885 cum
1597 1820 1959 1929 wgrotantibus

372 1914 623 2022 baptismo
653 1940 986 2000 succurrisset
1012 1952 1031 1988 :
1061 1932 1198 2001 quod
1245 1925 1655 1982 communionem
1696 1914 1959 1971 Demetrio

373 2008 670 2117 presbytero
699 2020 985 2104 denegarit.
1019 2037 1073 2081 ut
1101 2033 1299 2099 cOgeret
1330 2015 1764 2117 ﬁli-unt‘tibdirare
1783 2027 1801 2064 :
1825 2008 1961 2117 quod

368 2101 505 2191 idem
527 2101 795 2205 jpresbyter
824 2101 1128 2195 objurgatus
1155 2117 1242 2179 sit,
1277 2112 1413 2183 quod
1442 2101 1959 2205 episcopos‘ltospitio

369 2196 863 2296 suscepisseti'quod
891 2212 1218 2284 supradictus
1251 2205 1554 2260 Primianus
1581 2196 1960 2296 multitudinem

370 2283 585 2383 miserit,
612 2283 1163 2384 quat-Christianorum
1194 2296 1645 2367 domosIevertei-et
1668 2305 1685 2342 :
1715 2284 1852 2357 quod
1873 2283 1983 2337 ob-r

369 2409 494 2466 sessi
520 2381 631 2463 sint.
649 2400 878 2474 episcOpi
901 2396 1057 2453 simul
1080 2404 1127 2448 et
1155 2392 1349 2455 clerici,
1370 2397 1415 2442 et
1440 2394 1616 2456 postea
1636 2382 1700 2435 ab
1732 2381 1843 2474 ejus
1877 2393 1960 2430 sa-

366 2502 614 2561 tellitibus
636 2470 853 2566 ldpidati
872 2489 1048 2563 :qnod
1075 2488 1127 2541 in
1157 2484 1369 2539 basilica
1406 2479 1523 2533 (εωεὶ
1566 2476 1668 2530 sint
1714 2470 1958 2566 sepiores,

365 2593 505 2667 quod
533 2564 759 2660 indigne.
783 2587 976 2656 {errent
1019 2575 1406 2635 Claudianista's
1436 2569 1505 2623 ad
1552 2564 1963 2667 communionem

367 2661 569 2741 admitti
594 2699 611 2737 :
641 2678 776 2752 quod
806 2679 1099 2730 innocentes
1142 2668 1353 2724 clericos
1395 2661 1647 2736 putaverit
1692 2672 1801 2738 esse
1840 2671 1963 2708 con-

367 2749 714 2833 damnandos:
730 2769 868 2842 quod
887 2785 939 2823 se
967 2766 1109 2820 nobis
1132 2758 1443 2817 audiendum
1466 2752 1684 2810 noluerit
1705 2749 1959 2811 exhibere,

374 2886 491 2924 cum
521 2840 849 2921 basilicarum
869 2864 1006 2931 [ores
1033 2872 1096 2909 ne
1125 2850 1527 2924 ingrederemur,
1558 2840 1884 2898 multitudine
1912 2845 1963 2894 et

368 2961 545 3031 ofﬁcio
572 2953 911 3012 intercluserit
941 2966 959 3004 :
982 2947 1117 3019 quod
1151 2945 1343 3017 legatos
1370 2959 1402 2995 a
1424 2938 1588 3002 nobis,
1609 2935 1676 2988 ad
1702 2950 1755 2988 se
1781 2932 1962 3031 missos

365 3024 615 3124 iniuriose
656 3039 1083 3118 rejecerit:quod
1113 3038 1225 3091 loca
1266 3036 1429 3088 multa
1455 3033 1501 3085 vi
1548 3029 1732 3098 primo,
1780 3024 1963 3079 dehinc

2062 1834 2354 1903 Postquam
2381 1846 2507 1886 vero
2536 1831 2773 1885 omnium
2807 1842 3076 1883 consensu
3096 1826 3365 1897 publicata
3389 1835 3496 1891 est,
3530 1840 3665 1880 ma-

2059 1927 2179 1997 gnis
2202 1923 2347 1978 illico
2386 1923 2580 1977 animis
2609 1920 2896 1976 damnatos
2933 1919 3182 1990 persequi
3218 1926 3527 1997 ceperunt“.
3574 1916 3665 1970 Ad

2069 2016 2351 2070 basilicam
2391 2014 2694 2069 Maximiani
2729 2012 2998 2076 conversi,
3022 2026 3179 2082 quam
3208 2026 3319 2065 non
3348 1993 3664 2076 basilicam,

2054 2108 2153 2163 sed
2176 2107 2487 2177 speluncam
2512 2106 2797 2173 vocabant,
2812 2106 3082 2160 concitato
3098 2120 3261 2176 grege
3280 2118 3382 2158 suo
3404 2112 3665 2158 everten-

2061 2198 2184 2253 dam
2206 2208 2493 2262 euraruut;
2521 2213 2696 2268 neque
2722 2197 2821 2251 hoc
2842 2203 3129 2251 contentus
3154 2194 3462 2250 Primianus
3488 2192 3665 2247 Maxi-

2061 2294 2299 2349 mianum
2332 2294 2563 2365 prapriis
2588 2290 2794 2347 aedibus
2816 2292 3064 2348 mandata
3097 2293 3500 2361 procuratione,
3524 2299 3583 2342 ut
3608 2288 3663 2341 in

2062 2389 2477 2446 exorcisterium
2509 2388 2949 2444 Ecclesiasticum
2981 2395 3403 2444 converteretur.
3444 2368 3669 2439 favenie

2063 2482 2168 2538 sibi
2195 2482 2481 2537 sacerdote
2513 2482 2690 2553 legato
2710 2479 3052 2551 Carthaginis
3084 2480 3409 2535 deturbavit.
3435 2478 3669 2533 Talibus

2065 2576 2233 2630 initiis
2257 2575 2438 2645 plures
2468 2591 2497 2629 c
2524 2574 2935 2629 ltlaximianistis
2964 2573 3135 2628 territi
3169 2574 3308 2627 intra
3348 2572 3491 2627 diem
3522 2572 3666 2626 dila-

2063 2666 2228 2721 tionis
2258 2666 2498 2736 pristinis
2533 2681 2593 2721 se
2633 2666 2797 2721 sociis
2825 2665 3200 2730 reddiderunt,
3222 2676 3278 2719 et
3302 2668 3509 2734 recepti
3537 2674 3669 2718 sunt

2063 2760 2131 2815 ab
2154 2760 2221 2815 iis
2244 2770 2514 2830 tamquam
2536 2759 2745 2828 purgati
2772 2769 2934 2828 atque
2975 2760 3311 2812 innocentes.
3342 2755 3449 2812 Alii
3477 2773 3506 2810 e
3528 2773 3665 2811 cnn-

2067 2865 2146 2908 Ira
2176 2855 2229 2907 in
2264 2855 2540 2922 proposito
2565 2853 2835 2907 obstinate
2859 2861 3296 2922 permanserunt,
3320 2868 3497 2922 neque
3521 2861 3579 2905 ut
3598 2853 3666 2905 ad

2066 2944 2395 3002 Primiauum
2433 2944 2672 2999 redirent
2699 2944 2894 2998 adduci
2925 2953 3235 3011 potuerunt.
3275 2943 3414 2998 ltum
3456 2943 3669 2998 idcirco

2066 3036 2131 3091 ad
2166 3036 2519 3107 proconsules
2540 3036 2652 3104 qui,
2688 3025 2813 3091 licet
2845 3054 2869 3086 ιι
2893 3027 3665 3106 Christianisimperatoribus

363 3117 668 3201 αιλειονίιαίε
706 3117 989 3208 Ῐυάίεῖανία
1041 3128 1405 3201 αευνρίιῑένίίῖ
1436 3132 1606 3196 Ρνίθίω
1648 3118 1959 3174 “ﬂauum”
1990 3132 2035 3195 C
2065 3129 2369 3195 constituti,
2398 3137 2554 3183 erant
2577 3117 3193 3184 nihilominusEthnici.
3242 3128 3403 3198 Apud
3446 3128 3551 3183 hos
3581 3131 3667 3182 in-

366 3240 480 3310 ejus
508 3232 755 3293 admissa,
778 3243 892 3300 qua:
918 3241 1010 3295 pro
1039 3224 1299 3277 honestate
1329 3217 1450 3287 styli
1478 3213 1638 3269 nostri
1658 3211 1962 3275 siluintus,a

370 3307 678 3386 sacerdotali
703 3327 859 3379 choro
890 3328 1133 3394 perpetuo
1159 3331 1266 3371 esse
1296 3314 1595 3367 damnatum
1620 3326 1637 3363 :
1666 3326 1726 3363 ne
1756 3323 1815 3361 eo
1843 3307 1959 3376 pal-

369 3432 512 3494 pato,
542 3419 636 3473 Dei
665 3415 916 3477 Ecclesia,
960 3420 1047 3464 aut
1089 3406 1411 3478 contagione,
1440 3410 1531 3456 aut
1555 3402 1726 3471 aliqua
1756 3399 1965 3452 crimine

370 3491 677 3570 maculetur.
710 3506 916 3562 Placuit
959 3518 1082 3557 sane
1107 3500 1251 3554 nobis
1273 3508 1320 3553 et
1341 3497 1562 3567 Spiritui
1593 3503 1794 3557 sancto,
1828 3491 1963 3561 quod

369 3617 563 3676 tempus
612 3600 779 3656 tardis
822 3597 891 3660 ad
923 3592 1314 3651 conoertendum
1361 3600 1642 3644 reservetur
1685 3586 1776 3641 sub
1802 3603 1881 3650 eo,
1912 3593 1965 3638 ut

367 3702 669 3770 quicumque
697 3692 1120 3750 consacerdotum
1163 3686 1244 3741 uel
1289 3686 1592 3739 clericorum
1621 3698 1730 3736 sua:
1782 3680 1965 3735 salutis

368 3796 707 3855 immemores,
739 3805 769 3841 a
797 3786 880 3840 die
908 3781 1253 3839 damnationis
1278 3776 1569 3846 supradicti
1602 3773 1877 3837 Primiani,
1910 3773 1964 3825 id

369 3898 441 3943 est
452 3905 481 3940 a
494 3886 578 3941 die
593 3900 685 3939 Vttt
698 3880 1032 3936 kalendarum
1046 3874 1327 3939 Iuliarum,
1348 3886 1504 3939 usque
1516 3868 1583 3922 ad
1596 3869 1732 3921 diem
1758 3867 1862 3939 ιθ
1874 3881 1965 3920 \‘lll

369 3980 701 4034 kalendarum
740 3970 1132 4032 Ianuariarum,
1161 3966 1328 4019 ntinus
1357 3980 1389 4016 a
1440 3960 1695 4040 Primiani
1735 3958 1965 4013 damnati
2011 4035 2022 4044 ι

372 4071 726 4129 communione
751 4063 1071 4126 recesserint,
1114 4058 1205 4113 tali
1232 4057 1479 4112 sententia
1507 4054 1923 4123 constringuntur
1943 4068 1962 4105 :

369 4165 517 4219 Laici
538 4177 733 4231 quoque
759 4159 858 4212 nisi
880 4173 933 4210 se
951 4172 982 4209 tt
1004 4152 1303 4224 supradicto
1324 4150 1406 4202 die
1427 4146 1775 4201 damnationis
1801 4145 1962 4210 illius,

371 4259 509 4312 intra
538 4255 672 4307 diem
702 4250 922 4305 Pascha:
968 4250 1175 4317 futurae,
1225 4241 1287 4294 ab
1330 4242 1442 4305 eius
1473 4240 1731 4292 consortio
1759 4253 1968 4308 separa-

369 4350 528 4405 verint
557 4388 570 4412 ,
615 4361 717 4399 non
770 4356 917 4414 posse
969 4350 1273 4409 quemquam
1312 4332 1410 4386 nisi
1461 4348 1551 4402 per
1600 4330 1965 4401 paenitentiam,

369 4439 620 4510 siquidem
688 4432 1068 4495 meminerint,
1140 4425 1381 4481 Ecclesia:
1457 4412 1754 4493 reformari.
1830 4420 1968 4475 Hittc

2068 3222 2288 3278 ductum
2320 3232 2402 3278 est
2431 3223 2707 3278 decretum
2738 3221 3055 3293 Bagaiense,
3097 3221 3343 3293 allegant:
3385 3222 3536 3291 leges
3569 3220 3669 3275 ad~

2067 3335 2257 3375 versus
2302 3321 2626 3387 haereticos,
2678 3321 2873 3391 quibus
2915 3320 3246 3391 jubebantur
3285 3319 3528 3376 basilicis
3572 3336 3667 3374 cx-

2068 3411 2193 3481 pclli
2220 3429 2232 3462 :
2264 3409 2566 3480 impetrata:
2612 3412 2681 3466 ab
2710 3412 2775 3465 iis
2802 3411 3072 3482 jussinnes
3105 3412 3303 3481 quibus
3329 3412 3667 3482 exequendis

2066 3501 2370 3557 ofﬁciorum
2399 3512 2452 3556 et
2473 3502 2751 3557 civitatum
2777 3503 2972 3557 auxilia
3006 3504 3296 3572 postulata,
3319 3514 3375 3556 ut
3396 3504 3485 3573 qui
3510 3511 3667 3558 erant

2065 3592 2309 3650 damnati
2363 3594 2414 3649 in
2464 3593 2693 3649 concilio
2722 3592 3240 3665 Bagaicnsi'suaqne
3267 3594 3487 3663 prepria
3535 3608 3668 3648 eon-

2056 3686 2333 3741 venticula
2381 3674 2813 3756 frequentabant,
2851 3686 2967 3742 loca
3004 3699 3059 3742 et
3092 3686 3344 3741 basilicas
3384 3702 3520 3756 quas
3558 3703 3664 3742 non

2068 3781 2397 3845 invaserant,
2428 3779 2523 3834 sed
2556 3770 2680 3834 icum
2715 3779 2927 3849 populis
2972 3779 3078 3836 sibi
3114 3780 3521 3835 cohaerentibus
3548 3796 3670 3851 per-

2066 3880 2226 3943 petua
2248 3871 2597 3943 possessione
2635 3872 2964 3935 retinebant,
2998 3888 3065 3927 ex
3098 3872 3203 3927 illis
3231 3873 3663 3944 espellereutur.

2069 3964 2227 4018 llisce
2254 3963 2517 4018 molestiis
2543 3963 2761 4030 quidam
2791 3964 2945 4019 facile
2969 3978 3250 4020 cesserunt
3283 3981 3462 4033 neque
3502 3971 3667 4022 multa

2069 4058 2211 4127 passi
2241 4065 2401 4121 sunt;
2434 4058 2522 4126 qui
2553 4069 2734 4113 autem
2766 4059 3018 4115 resistere
3042 4069 3408 4126 lellliu'el'lllll,
3432 4064 3669 4131 graviter

2067 4149 2284 4215 alllicti;
2312 4150 2404 4220 qui
2428 4151 2739 4235 superiores
2762 4149 2967 4206 viribus
3008 4166 3116 4206 non
3170 4152 3320 4207 luere
3340 4193 3357 4219 ,
3386 4154 3514 4208 victi
3545 4166 3668 4209 sunt

2067 4250 2123 4298 ct
2142 4242 2372 4312 expulsi,
2398 4242 2595 4312 aliique
2627 4244 2678 4296 in
2702 4258 2890 4298 eorum
2921 4246 3095 4298 locum
3122 4244 3379 4299 ordinati.

2142 4334 2592 4388 Primianistarum
2644 4336 2776 4389 actio
2806 4338 3051 4391 adversus
3080 4337 3321 4393 Saluium
3363 4337 3666 4393 Meinbresi-

2071 4436 2266 4489 (unum,
2288 4423 2605 4479 Felicianum
2630 4424 2681 4477 Μ
2692 4427 2971 4480 ustilanum
2992 4438 3039 4480 et
3062 4426 3435 4483 Prtetetctatum
3456 4431 3636 4485 Assuri

369 4532 629 4590 discimus
664 4524 953 4583 concilium
1006 4522 1177 4575 hocce
1223 4518 1463 4570 habitum
1515 4512 1687 4568 fuisse
1748 4510 1837 4567 die
1890 4512 1961 4565 24
1998 4516 2045 4573 1)
2073 4529 2270 4571 (unum.
2298 4546 2369 4558 —
2400 4517 2455 4571 In
2485 4517 2839 4573 Ordinatores
2870 4519 3175 4573 Maximiani
3208 4521 3298 4590 qui
3346 4526 3663 4578 nominatim

369 4624 513 4681 Junii
570 4620 695 4675 anni
750 4616 885 4681 595,
950 4627 1073 4668 cum
1132 4608 1423 4665 concilium
1483 4605 1869 4675 Bagaitanum,
1906 4603 1960 4657 in

371 4731 479 4787 quo
508 4712 666 4783 hujus
694 4718 811 4764 actu
844 4708 1076 4763 rescissa
1119 4705 1295 4761 sunt,"
1321 4698 1578 4753 consules
1606 4696 1801 4751 habeat
1838 4697 1963 4749 anni

369 4809 499 4866 594.
536 4804 754 4873 Dejecto
788 4799 1061 4855 Primiano
1086 4794 1251 4849 iidem
1294 4791 1536 4861 episcopi
1572 4789 1963 4842 Maximianum

373 4898 854 4968 Carthaginiensem
899 4891 1213 4960 episcopum
1265 4886 1315 4940 in
1348 4884 1467 4953 ejus
1496 4879 1670 4936 locum
1709 4880 1962 4950 designa-

373 5003 519 5058 runt,
548 4993 637 5063 qui
666 4990 821 5061 paulo
851 4998 1022 5058 posta
1055 4983 1341 5039 duodecim
1383 4979 1655 5050 episcopis
1685 4977 1965 5032 ordinatus

371 5099 458 5146 est
482 5096 669 5141 contra
717 5081 1045 5136 Primianum
1096 5077 1237 5131 sicut
1265 5074 1395 5129 olim
1438 5070 1727 5141 Majorinus
1776 5076 1965 5123 c‘outra

375 5182 746 5240 Caecilianum.

447 5274 733 5330 Concilium
758 5266 1042 5341 Bagaiense
1063 5272 1241 5317 contra
1268 5260 1643 5315 Maximianum
1661 5271 1706 5313 et
1734 5262 1849 5332 ejus
1876 5274 1961 5310 us-

374 5371 554 5428 seclas.
584 5363 1035 5420 Primianistarum
1053 5359 1105 5410 in
1129 5353 1540 5407 Maximianistas
1566 5352 1867 5421 persecutio.
1897 5378 1969 5388 -—

379 5464 651 5521 Adversus
671 5459 895 5513 istorum
918 5460 1148 5506 conatus
1170 5457 1358 5502 utsese
1377 5454 1617 5501 tueretur
1640 5446 1962 5504 Primianus.

379 5557 666 5614 concilium
699 5545 1044 5604 numerosius
1066 5540 1366 5612 cogendum
1397 5554 1519 5594 esse
1556 5556 1658 5592 non
1681 5539 1966 5605 dubitavit,

380 5661 432 5704 ct
475 5649 528 5701 in
561 5660 627 5700 eo
667 5637 970 5697 Maximiani
1017 5650 1236 5698 causam
1288 5632 1576 5702 agi-mlunt.
1611 5629 1858 5682 llabitum
1887 5638 1971 5684 est

384 5742 542 5812 Bagai
586 5741 638 5793 ιιι
668 5730 1016 5792 Nitittiditt‘tii
1045 5729 1131 5786 die
1159 5726 1361 5797 Aprilis
1402 5725 1528 5780 anni
1560 5724 1686 5779 Sili.
1738 5724 1969 5778 Atlluct'c

2070 4609 2311 4664 damnati
2340 4609 2554 4665 fuerant
2586 4610 2635 4663 in
2668 4611 2901 4665 concilio
2932 4610 3225 4681 Bagaitano
3261 4616 3537 4685 przecipue
3563 4631 3663 4669 sm.

2068 4704 2273 4767 vitum;
2316 4718 2381 4757 ac
2426 4704 2726 4772 praesertim
2783 4703 2839 4758 in
2898 4704 3139 4761 Salvium
3188 4706 3661 4763 Membrcsitanum

2069 4797 2407 4865 episcopum,
2428 4797 2478 4848 in
2509 4797 2664 4863 cujus
2686 4796 2863 4850 locum
2897 4812 3040 4851 anno
3070 4798 3189 4866 ipso
3210 4799 3337 4854 594.
3365 4799 3663 4855 Restitutus

2070 4885 2249 4940 fuerat
2279 4884 2636 4940 Primianistis
2663 4886 2962 4942 ordinatus.
2994 4888 3179 4943 Delata
3208 4903 3368 4945 causa
3400 4892 3467 4945 ad
3494 4891 3660 4946 Hero-

2072 4976 2198 5032 dem
2242 4977 2623 5046 proconsulem
2672 4976 3015 5033 Nummasius
3070 4980 3320 5035 Restituti
3369 4984 3663 5039 advocatus

2075 5071 2251 5141 petiit,
2297 5078 2355 5123 ut
2389 5069 2647 5124 Primiani
2679 5072 3047 5126 communioni
3099 5073 3513 5129 Membresitaua
3561 5075 3661 5129 Ec-

2073 5161 2240 5217 clesia
2273 5161 2599 5227 traderetur,
2638 5162 2878 5232 allegatis
2903 5164 3147 5219 Salvium
3180 5181 3210 5219 e
3238 5165 3543 5221 Maximiani
3572 5186 3660 5220 or.

2074 5254 2414 5309 tlinatoribus
2469 5270 2632 5308 unum
2690 5255 3002 5326 Bagaieusis
3048 5258 3273 5327 plenarii
3322 5260 3536 5314 concilii
3573 5262 3662 5316 dc~

2076 5358 2227 5403 creto
2258 5364 2378 5403 esse
2404 5347 2738 5413 damnatum,
2762 5350 3008 5419 adeoque
3037 5360 3095 5405 ut
3132 5351 3443 5409 hmreticum
3472 5355 3663 5410 cedere

2078 5441 2277 5496 debere
2303 5440 2572 5495 Restituto
2600 5442 2715 5496 loca
2740 5445 2921 5496 omnia
2943 5459 3066 5514 quso
3090 5457 3360 5514 tamquam
3379 5447 3662 5516 episcopus

2081 5538 2316 5599 tenebat,
2349 5546 2442 5591 aut
2464 5548 2611 5592 certe
2648 5537 2713 5590 atl
2748 5529 3073 5592 Primianum
3112 5539 3310 5595 redire.
3354 5538 3432 5594 lta
3460 5540 3663 5609 jtttlit'n-

2079 5636 2189 5681 tum
2220 5645 2248 5681 a
2282 5628 2630 5683 Proetmsule.
2671 5629 3005 5685 Felicianum
3053 5646 3266 5701 quoque
3319 5631 3662 5686 Mustitauum

2080 5737 2141 5776 ac
2182 5722 2569 5778 l'rattcxtntum
2614 5712 2989 5779 ASwritauum
3035 5727 3124 5794 qui
3168 5724 3369 5795 pariter
3402 5735 3559 5780 erant
3600 5742 3665 5780 cs
