3848 6220
191 220 293 275 809

184 441 506 484 accusarunt
531 447 753 486 causam
780 444 974 504 agente
1001 435 1261 493 adversus
1290 443 1517 507 primum
1536 445 1771 513 Titiano,

184 520 269 576 die
318 521 355 575 2
398 523 573 579 Martii
622 525 753 580 anni
779 525 905 592 595,
947 537 1001 582 et
1045 528 1231 583 eadem
1262 546 1382 601 qttte
1430 532 1775 591 Nummasius

183 614 393 671 dixerat
416 617 472 672 in
504 618 744 675 Salvium
775 620 1068 691 allegante.
1096 622 1395 681 Proconsul
1418 626 1660 684 Herodes
1682 632 1772 701 qtti

176 697 367 775 jam‘in
396 708 643 765 Salvium
675 721 729 767 et
774 711 1159 769 Prtetcxtatum
1186 721 1511 774 sententiam
1538 709 1768 787 dixerat,

180 797 509 857 Felicianum
550 821 766 875 quoque
804 806 1100 870 damnavit.
1131 809 1401 883 iussitque
1442 825 1499 867 ttt
1530 816 1771 883 explosis

178 890 584 950 Maximianistis
620 898 878 954 Ecclesiae
901 900 1261 957 Primianistis
1287 906 1557 973 episcopis
1592 909 1771 963 trade-

180 996 386 1041 rentur.
410 987 778 1046 Nihilominus
796 1000 973 1047 tamen
1002 992 1306 1050 Felicianus
1326 1007 1382 1052 et
1412 998 1770 1069 Praetextatus

178 1074 447 1133 Ecclesias
473 1094 598 1136 suas
626 1085 987 1161 retinuerunt,
1010 1103 1332 1159 quamquam
1356 1106 1384 1144 a
1412 1091 1769 1147 l‘ritniauistis

176 1170 524 1230 Assut-itanus
551 1178 839 1248 episcopus
880 1181 1162 1238 ordinatus
1197 1194 1343 1239 esset
1373 1185 1610 1257 Rogatus
1631 1229 1647 1252 ,
1679 1191 1763 1242 cui

177 1273 354 1331 posma
401 1264 472 1317 ad
500 1264 837 1322 Catholicam
867 1285 1132 1329 conversrt
1163 1273 1558 1329 Donatismrunt
1601 1292 1761 1333 exer-

175 1355 329 1418 citus,
364 1354 470 1411 hoc
511 1367 593 1411 est
624 1357 1133 1418 Circumcellionum
1184 1370 1416 1436 agmen,
1448 1369 1683 1436 linguam
1712 1382 1768 1425 et

175 1463 359 1502 manus
386 1450 653 1519 praecidit.
711 1453 932 1508 Frustra
981 1455 1242 1513 adtersus
1272 1474 1366 1514 eos
1404 1460 1764 1517 Primianista:

174 1556 309 1595 anno
334 1544 589 1613 sequenti
615 1543 964 1600 Theodorum
992 1550 1368 1617 proconsulem
1389 1564 1437 1607 et
1474 1554 1762 1623 magistra-

175 1642 253 1686 tus
281 1632 551 1689 adieruut.
582 1633 897 1691 Manserunt
938 1637 991 1720 in
1022 1639 1132 1693 suis
1161 1640 1381 1696 sedibus
1410 1642 1581 1698 donec
1610 1645 1766 1700 malis

172 1722 309 1787 victi,
342 1741 469 1780 cum
500 1727 771 1782 Primiano
799 1730 850 1781 in
876 1730 1189 1785 societatem
1221 1733 1517 1790 redierunt.
1548 1736 1617 1791 At
1636 1736 1758 1791 Sal-
1794 1748 1847 1810 Β·

172 1816 281 1882 vius
326 1818 779 1874 Membresitauus
811 1821 1004 1876 iterum
1048 1839 1230 1877 coram
1286 1824 1492 1881 Serano
1527 1834 1758 1896 pro‘con-

169 1908 280 1965 sule
327 1908 529 1965 citatus
558 1911 610 1965 in
637 1912 844 1981 judicio
871 1928 1088 1969 causam
1122 1915 1394 1983 defendit;
1429 1935 1489 1973 ea
1526 1920 1662 1976 forte
1700 1921 1761 1975 ll-

168 1999 355 2067 dueia,
404 2004 579 2072 inquit
622 2007 950 2076 Augustinus
979 2049 992 2071 ,
1036 2008 1177 2079 quod
1208 2011 1375 2065 sciret
1420 2013 1759 2069 adversarios

167 2105 289 2147 suos
326 2092 538 2165 legibus
584 2105 770 2150 contra
808 2097 1095 2154 lueretieos
1134 2103 1495 2185 promulgatis
1536 2110 1611 2160 uti
1635 2122 1754 2182 _nou

166 2197 318 2252 posse
344 2184 489 2254 apud
515 2179 753 2256 judicent
786 2176 901 2244 nisi
949 2190 1113 2245 etiam
1167 2192 1379 2262 seipsos
1418 2176 1510 2250 'eis
1551 2176 1757 2265 pariter

166 2275 457 2333 irretit'ettt.

230 2369 298 2425 At
341 2372 791 2442 apud'Seranum
841 2376 1262 2446 Proconsulem,
1306 2381 1390 2435 vel
1431 2383 1602 2452 gratia
1636 2384 1755 2453 plus

165 2460 342 2528 valuit,
364 2464 447 2518 vel
483 2467 652 2535 magis
674 2464 815 2522 forte
839 2467 1140 2537 Bagaiense
1156 2472 1449 2527 concilium
1483 2474 1627 2544 quod
1647 2474 1755 2528 illic

163 2554 315 2608 etiam
358 2564 552 2610 contra
597 2557 844 2612 eumdem
889 2559 1131 2615 Salvium
1184 2564 1473 2619 recitatum
1525 2576 1629 2621 est.
1664 2566 1754 2622 Sic

162 2645 295 2699 enim
353 2646 710 2704 interlocutus
752 2659 838 2705 est
876 2667 891 2705 :
928 2650 1019 2706 Lis
1066 2655 1429 2724 episcoporum
1474 2661 1753 2713 secundum

163 2740 313 2813 legem
332 2740 395 2795 ab
414 2743 673 2813 episcopis
698 2745 957 2800 audienda
980 2756 1053 2803 est
1075 2764 1093 2803 :
1118 2750 1345 2821 episcOpi
1355 2752 1752 2823 judicaverunt:

162 2848 309 2901 quare
335 2851 436 2888 non
468 2845 555 2889 aut
585 2836 676 2891 sub
729 2840 1082 2911 satisfactione
1134 2844 1204 2896 ad
1251 2844 1463 2899 chorum
1490 2847 1754 2901 reverteris

162 2928 417 2981 vetustatis
434 2944 457 2994 ;
488 2938 577 2982 aut
625 2938 682 2983 ut
711 2929 866 2986 habes
895 2933 1143 3001 scriptum
1182 2945 1324 3007 terga
1350 2938 1753 3009 persecutoribus

162 3020 344 3088 prodis.
392 3021 534 3078 Cum
562 3021 773 3080 Salvius
799 3041 989 3096 parere
1027 3030 1369 3097 procOusulis
1408 3031 1636 3088 consilio
1665 3030 1752 3087 r'e-

165 3114 386 3181 nuisset,
428 3116 595 3186 jussit
646 3132 771 3172 eum
821 3122 1113 3187 proconsul
1160 3121 1229 3176 ab
1261 3123 1501 3179 Ecclesia
1532 3140 1629 3180 sua
1651 3140 1747 3180 ex-

174 3203 322 3271 pelli;
350 3214 406 3260 et
449 3207 575 3277 quia
606 3207 1173 3278 Membresitanorum,
1201 3213 1293 3284 qui
1321 3213 1424 3268 sibi
1464 3215 1717 3271 favebant
1737 3258 1752 3283 ,

169 3294 349 3359 ﬁducia
378 3298 568 3356 sedem
601 3298 838 3356 retinere
864 3304 1105 3359 tentabat
1125 3346 1141 3371 ,
1179 3305 1591 3365 Abitinensibus
1619 3311 1751 3366 vici-

169 3386 244 3442 nis
272 3391 581 3446 mandatum
608 3401 695 3448 est
720 3403 777 3447 ut
803 3393 1064 3471 judicium
1094 3399 1147 3452 in
1173 3415 1293 3454 eum
1312 3401 1478 3456 latum
1492 3418 1757 3474 exseque-

166 3489 358 3535 rentur.
390 3482 840 3554 Comprehensus
861 3488 929 3543 ab
957 3488 1024 3544 iis
1045 3490 1262 3548 Salvius
1294 3508 1400 3548 non
1446 3504 1654 3552 tantum
1687 3499 1756 3555 de

164 3568 389 3628 Ecclesia
430 3590 529 3630 sua
561 3576 771 3645 pulsus,
815 3578 910 3635 sed
939 3582 1235 3639 miserabili
1286 3601 1484 3657 pompa
1516 3589 1755 3664 ludibrio

166 3658 387 3720 habitus.
416 3664 591 3736 Capto
617 3669 763 3725 enim
792 3672 911 3726 seni
959 3672 1058 3744 (ut
1086 3675 1252 3731 refert
1278 3679 1611 3750 Augustinus
1640 3682 1676 3736 l.
1703 3660 1752 3737 tv

168 3765 341 3812 contra
360 3758 735 3825 Cresconium,
769 3762 910 3819 unde
936 3764 1051 3820 fere
1091 3776 1201 3822 tota
1234 3769 1355 3825 [nec
1386 3774 1626 3829 narratio
1656 3774 1753 3831 de-

166 3862 361 3919 sumpta
387 3852 498 3931 est)
550 3864 796 3911 mortuos
816 3870 981 3915 canes
1025 3860 1383 3932 alligaverunt
1413 3866 1467 3921 in
1503 3869 1664 3949 clollo,
1699 3878 1755 3926 et

164 3941 235 3995 sic
258 3928 503 3999 cumillo
532 3959 793 4017 quantum
826 3950 984 4006 libuit
1022 3928 1381 4024 Saltaveruut.
1419 3932 1643 4015 Faciam
1672 3961 1754 4015 itt-

168 4029 446 4090 lnnnanum
476 4051 596 4093 eum
631 4039 981 4098 Etruscorum
1018 4061 1202 4116 regum
1234 4050 1325 4119 qui
1363 4062 1573 4106 mortua
1617 4054 1753 4108 vivis

166 4142 377 4196 corpora
402 4130 806 4201 conjungebant
830 4137 1262 4206 comparandum
1294 4158 1308 4194 :
1342 4141 1450 4197 imo
1472 4152 1627 4200 tanto
1655 4143 1754 4201 fte-

168 4219 274 4275 dius
297 4233 497 4292 quanto
528 4228 725 4281 mortui
761 4245 925 4285 canes
958 4232 1185 4290 mortuis
1216 4233 1531 4291 hominibus
1554 4238 1750 4294 foedioo

167 4328 247 4371 res
269 4329 411 4374 sunt.
448 4318 598 4373 Adeo
619 4329 677 4374 ut
716 4321 761 4375 si
796 4322 978 4381 Salvio
1007 4327 1125 4380 seni
1156 4335 1208 4382 et
1236 4329 1495 4398 episcopo
1520 4329 1588 4385 de
1616 4332 1755 4386 duo-

168 4407 256 4465 bus
301 4412 578 4482 suppliciis
621 4412 925 4486 eligendum
955 4457 972 4485 ,
1046 4418 1206 4491 longe
1255 4420 1437 4491 potius
1498 4423 1753 4494 elegisset

169 4500 361 4563 bterere
387 4522 512 4562 cum
543 4508 896 4566 cadaveribus
927 4512 1177 4569 humanis
1205 4531 1368 4586 quam
1400 4518 1601 4573 saltare
1629 4535 1749 4575 cum
1778 4527 1833 4587 D

168 4598 379 4654 caninis.
410 4600 617 4655 Privari
666 4603 876 4659 interea
912 4605 1152 4663 Ecclesia
1199 4609 1533 4683 sedibusque
1560 4615 1672 4668 suis
1697 4622 1754 4670 et

173 4690 268 4753 pati
300 4691 411 4749 ltme
439 4694 616 4749 omnia
652 4697 827 4767 potuit
851 4695 1089 4766 Salvius,
1118 4717 1295 4773 neque
1326 4712 1507 4760 tamen
1535 4707 1610 4766 ad
1630 4705 1750 4761 Pri-

171 4781 320 4838 miani
362 4788 799 4846 communionem
858 4792 1038 4850 redire
1089 4797 1288 4863 voluit;
1333 4808 1497 4869 atque
1533 4799 1605 4854 ita
1644 4800 1754 4871 egit

171 4888 282 4931 eum
310 4879 442 4945 suis,
472 4884 541 4935 ita
561 4881 824 4951 justitiam
854 4888 1046 4943 extulit
1079 4904 1176 4959 pro
1211 4907 1315 4962 qua
1359 4894 1483 4969 talia
1534 4908 1594 4949 se
1643 4896 1777 4964 pati.

172 4965 367 5024 dicebat
400 5013 416 5036 ,
472 4973 541 5026 ita
589 4988 651 5028 se
713 4988 960 5033 sanetum
1020 4985 1287 5051 persuasit
1349 4965 1474 5055 quia
1540 4998 1752 5056 passus,

174 5056 235 5111 ita
279 5059 616 5120 adversarios
676 5058 1057 5138 iniquissi‘mos~
1081 5074 1205 5144 quia
1249 5074 1519 5146 fecerant,
1574 5086 1631 5132 ut
1676 5080 1757 5134 al-

174 5158 329 5209 teram
371 5157 419 5211 ei
479 5154 755 5214 basilicam
816 5165 899 5217 sui
949 5164 1266 5224 Membreste
1314 5172 1645 5240 labricariut,
1700 5174 1752 5228 in

175 5259 265 5313 qua
293 5246 413 5303 dum
455 5250 608 5306 sedet
639 5254 796 5309 novis
845 5256 915 5311 ab
956 5261 1293 5329 antagonista
1340 5262 1751 5322 Restitutomo-

176 5332 330 5393 lestiis
376 5341 598 5398 affectus
655 5355 757 5412 est,
806 5357 870 5404 et
899 5361 1122 5426 propter
1174 5355 1399 5411 cellulas
1443 5366 1497 5411 et
1548 5360 1753 5428 agellos

176 5426 361 5489 forensi
400 5451 523 5491 cum
563 5452 630 5494 eo
670 5442 897 5512 strepitu
946 5450 1422 5519 controversiaque
1474 5454 1752 5520 conﬂixit;

177 5534 321 5593 atque
394 5530 465 5586 ita
532 5547 565 5588 a
632 5535 872 5604 partibus
950 5537 1204 5596 Primiani
1274 5543 1531 5600 adversus
1589 5548 1758 5602 Misi-

181 5617 397 5674 miaunm
458 5633 513 5679 et
562 5640 657 5681 eos
710 5629 957 5699 quicum
1000 5632 1092 5686 illo
1139 5634 1191 5688 in
1242 5633 1521 5707 Bagaiensi
1575 5643 1758 5695 conci-

182 5711 245 5769 lio
288 5715 519 5775 damnati
576 5720 837 5789 fuerant,
902 5727 1063 5795 :tputl'
1096 5739 1329 5800 quatuor
1386 5733 1467 5791 vel
1524 5735 1757 5806 amplius

746 5820 1024 5883 Ρλοηιοι..
1084 5823 1200 5890 XI.

1368 236 1692 297 HISTORIA
1734 244 2289 309 DONA'I‘ISTARL’M.

186 339 587 396 ortlinatoribus
633 340 938 396 Maximiani
999 359 1183 398 coram
1223 349 1414 403 eodem
1459 359 1776 420 proconsule
1808 364 1844 418 ,ἰ
1881 368 2229 428 proconsules

3369 277 3474 332 810

2285 368 2336 422 in
2392 372 2507 425 foro
2560 388 2658 441 per
2713 377 3002 433 advomtns
3057 381 3320 453 litigatum
3371 400 3472 445 est.

1951 453 2186 510 Gildonis
2245 462 2596 529 tyrannis:—
2625 464 2833 522 Mortuo
2866 469 3171 527 Theodosio
3224 492 3333 532 n’tt
3379 478 3475 533 ka-

1877 541 2020 596 lend.
2058 546 2336 604 Februarii
2360 555 2487 607 anni
2522 556 2645 617 595,
2682 569 2804 626 post
2832 561 3036 632 aliquot
3066 582 3282 625 menses
3313 572 3473 628 Gildo

1875 647 2059 688 comes
2099 647 2149 690 et
2205 643 2485 713 utriusque
2535 648 2744 703 militiae
2783 655 2834 704 in
2887 654 3066 711 Africa
3116 662 3373 731 magister
3403 666 3471 720 ab

1874 739 2020 781 anno
2046 727 2172 795 586,
2201 736 2543 802 tyrannidem
2592 752 2820 811 occupat
2864 755 2917 799 et
2968 727 3229 807 universa
3266 758 3473 825 potitur

1869 817 2071 875 Africa.
2099 824 2255 893 Apud
2290 826 2431 881 hunc
2458 828 2733 888 hominem
2761 834 3050 893 barbarum
3097 853 3155 898 et
3203 817 3467 918 paganum

1872 911 2015 967 inter
2038 915 2177 970 alios
2208 917 2514 976 Donatistas
2540 926 2711 994 gratia
2742 930 2969 984 multum
3002 911 3215 992 valebat
3239 911 3468 1011 optatus

1873 1003 2332 1078 Thatnugadensis
2351 1014 2454 1086 17
2474 1017 2831 1089 episcOpusiu
2854 1021 3100 1081 Numidia
3116 1003 3470 1093 Giltloniauus

1868 1102 2092 1159 satelles
2129 1105 2307 1163 dictus
2330 1110 2474 1178 quod
2514 1112 2581 1169 de
2606 1115 2857 1172 Gildouis
2893 1124 3149 1179 satellitio
3180 1142 3342 1185 esset.
3375 1132 3473 1188 llic

1870 1191 2033 1247 homo
2061 1195 2204 1253 ferus
2232 1211 2287 1254 et
2311 1201 2528 1260 Gildoni
2559 1222 2665 1262 non
2694 1202 2977 1268 dissimilis
3010 1231 3116 1271 non
3146 1229 3349 1278 tantum
3372 1225 3477 1279 ὕει-ν

1867 1286 2085 1344 tltolicis
2128 1292 2223 1347 sed
2263 1306 2317 1348 et
2352 1299 2604 1356 omnibus
2649 1306 2831 1373 gravis
2870 1307 2991 1363 fuit.
3024 1312 3227 1369 Solitus
3256 1320 3470 1387 agmine

1868 1381 2083 1436 militari
2114 1387 2405 1444 comitatus
2448 1393 2725 1461 incedere,
2758 1399 2949 1455 viduas
2974 1381 3337 1476 opprimebat,
3367 1428 3467 1481 pu-

1868 1472 2026 1540 pillns
2073 1476 2227 1532 bonis
2254 1484 2578 1551 evertebat,
2619 1504 2817 1546 uxores
2847 1508 2876 1545 a
2914 1497 3124 1553 maritis
3173 1503 3468 1573 avellebat,

1866 1565 2119 1621 dominos
2174 1586 2261 1625 res
2303 1586 2431 1630 suas
2458 1580 2697 1636 vendere
2736 1587 2984 1656 cogebat,
3017 1600 3075 1645 et
3124 1596 3464 1655 venditorum

1868 1658 2100 1725 pretium
2133 1675 2253 1715 cum
2284 1664 2417 1733 ipsis
2457 1667 2753 1737 dividebat,
2787 1692 2893 1730 uno
2925 1682 3113 1748 verbo,
3144 1685 3219 1752 vi,
3262 1691 3472 1758 rapinis

1864 1763 1927 1804 ac
1950 1749 2228 1809 fraudibus
2256 1756 2307 1810 in
2340 1774 2530 1816 omnes
2555 1767 2924 1834 grassabatur.
2958 1772 3052 1828 His
3082 1778 3325 1835 moribus
3345 1798 3467 1840 cum

1864 1854 2029 1911 esset,
2054 1860 2083 1898 a
2113 1848 2226 1901 suis
2252 1861 2428 1906 tamen
2461 1862 2608 1909 tanto
2630 1857 2933 1918 habebatur
2959 1866 3010 1919 in
3042 1868 3238 1938 pretio,
3267 1884 3323 1927 ut
3343 1889 3466 1931 eum

1864 1928 1972 1989 non
2006 1937 2165 1991 modo
2198 1954 2303 1994 non
2332 1944 2450 1998 ausi
2477 1943 2680 2005 fuerint
2706 1950 2986 2020 damnare,
3016 1959 3111 2013 sed
3148 1977 3215 2015 ne
3246 1978 3467 2023 monere

1860 2026 2272 2110 quidemkinter
2300 2039 2702 2097 tantosAfricte
2727 2047 2960 2112 gemitus
2986 2049 3097 2104 imo
3131 2056 3277 2121 pacis
3308 2073 3470 2113 oscu-

1858 2117 1971 2175 lum
1998 2137 2103 2177 non
2135 2123 2511 2195 detrectarint,
2561 2133 2611 2187 in
2642 2136 2760 2205 ejus
2789 2142 3037 2197 manibus
3064 2143 3464 2206 Eucharistiam

1862 2215 2143 2279 posuerint
2168 2227 2222 2272 et
2249 2213 2486 2275 vicissim
2531 2230 2842 2295 acceperint
2864 2276 2878 2299 ,
2905 2231 2968 2287 ac
2994 2235 3215 2293 demum
3240 2244 3467 2301 extincti

1858 2302 1913 2357 in
1942 2319 2185 2373 carcere,
2214 2310 2340 2380 quia
2362 2312 2430 2367 de
2458 2313 2711 2375 Gildmtis
2739 2325 3000 2380 satellitio
3029 2328 3247 2397 fuerat,
3287 2333 3465 2404 Optati

1858 2397 2102 2453 natalitia
2152 2404 2447 2472 quotannis
2498 2418 2768 2481 tamquam
2814 2421 3069 2491 martyris
3099 2438 3290 2494 magna
3323 2428 3466 2484 cele-

1859 2485 2054 2544 britate
2095 2490 2577 2561 frequentaverint.
2613 2500 2783 2573 Hujus
2801 2485 2972 2577 opera
2994 2513 3075 2567 usi
3106 2485 3465 2574 Frintianistte

1856 2576 2281 2641 Maximianistas
2327 2598 2383 2644 et
2426 2590 2740 2663 Rogatistas
2767 2576 3005 2670 graviter
3034 2596 3371 2666 vexaverunt
3409 2626 3468 2670 et

1856 2672 2151 2747 plerosque
2189 2679 2255 2733 ad
2284 2679 2615 2740 Primianum
2648 2688 2826 2749 redire
2849 2696 3250 2765 compulerunt.
3279 2701 3460 2774 Cives,

1857 2776 1915 2822 ut
1942 2768 2202 2838 diximus,
2257 2780 2558 2834 Assuritani
2585 2792 2641 2838 et
2701 2786 2975 2846 Mustitani
3014 2781 3304 2865 episcopos
3333 2813 3463 2856 suos

1857 2857 2186 2919 Felicianum
2211 2876 2265 2922 et
2298 2868 2680 2930 Prtetextatum
2708 2878 2972 2936 adversus
2996 2883 3462 2946 Primianistnrum

1855 2967 2088 3013 conatus
2128 2960 2234 3017 ltue
2267 2978 2437 3035 usque
2470 2969 2584 3023 tuiti
2610 2969 2846 3027 fuerant.
2892 2976 2962 3030 lis
2999 2980 3318 3048 gravissima
3350 2988 3463 3041 exi-

1857 3052 1927 3106 tia
1957 3054 2317 3113 comminatus
2340 3070 2421 3114 est
2451 3061 2700 3131 Optatus,
2748 3068 2849 3122 nisi
2884 3069 3071 3125 relicta
3102 3087 3324 3131 suorum
3350 3065 3466 3133 ian-

1772 3140 1818 3204 C
1853 3146 2080 3201 tistitum
2126 3148 2470 3219 defensione,
2505 3170 2601 3212 eos
2634 3157 2700 3211 ad
2729 3158 2987 3217 Primiani
3018 3170 3460 3227 communionem

1859 3236 2039 3293 redire
2082 3252 2363 3311 cogerent.
2409 3243 2568 3301 Cives
2615 3250 2840 3307 militem
2886 3252 3070 3324 Optati
3111 3257 3464 3320 formidantes

1860 3343 2175 3398 paruerunt.
2199 3333 2505 3394 Felicianus
2526 3350 2581 3394 et
2600 3339 2961 3401 Prtetextatus
2982 3362 3103 3403 cum
3127 3350 3287 3407 aliter
3306 3355 3465 3411 sedes

1856 3437 1985 3477 suas
2024 3425 2268 3481 retinere
2300 3442 2406 3482 non
2447 3443 2669 3499 possent
2690 3473 2706 3497 ,
2737 3450 2931 3491 manus
2968 3438 3257 3508 dederunt,
3289 3455 3463 3502 coetus

1857 3528 2180 3570 numerosus
2211 3519 2592 3589 episcoporum
2625 3523 2839 3580 habitus
2884 3530 2968 3583 cui
3016 3532 3180 3586 etiam
3222 3534 3463 3593 interfuit

1857 3604 2160 3662 Primianus
2189 3623 2310 3664 cum
2328 3611 2529 3681 Optato
2558 3614 2904 3675 Giltlouiano.
2932 3621 2989 3676 In
3013 3637 3079 3677 eo
3102 3630 3304 3696 recepti
3335 3639 3463 3685 sunt

1857 3696 1966 3754 duo
1988 3698 2066 3755 illi
2098 3701 2339 3774 episcopi
2370 3717 2587 3761 servato
2616 3708 2843 3779 honore,
2883 3729 2947 3769 ac
2974 3718 3205 3773 retentis
3236 3722 3456 3779 sedibus

1856 3789 1971 3845 suis
2000 3784 2236 3862 suscepti
2281 3806 2411 3851 sunt
2439 3812 2469 3851 a
2498 3788 2884 3867 Primian‘istis,
2928 3815 2984 3860 et
3025 3809 3353 3883 quicumque
3387 3817 3457 3872 ab

1856 3880 1986 3950 ipsis
2018 3882 2069 3937 in
2101 3883 2396 3943 schismate
2434 3889 2691 3961 baptizati
2717 3893 2935 3952 fuerant
2958 3900 3078 3957 sine
3109 3880 3303 3960 iterato
3327 3910 3457 3979 bap-
3498 3970 3499 3973 η

1854 3974 2017 4030 tismo
2043 3980 2266 4049 recepti.
2296 3980 2609 4054 Rogatistas
2638 4003 2856 4059 quoque
2882 4008 2989 4047 non
3020 4010 3207 4064 parum
3240 3974 3456 4058 vexavit

1854 4065 2104 4136 Optatus,
2138 4071 2233 4126 sed
2270 4072 2325 4128 in
2351 4073 2659 4135 Catholieos
2682 4084 2955 4154 praecipue
2991 4090 3165 4145 saeviit
3194 4103 3250 4149 et
3276 4095 3327 4149 in
3361 4110 3457 4155 eos

1852 4156 2330 4222 Circumcelliones
2356 4184 2572 4225 rursum
2590 4174 2878 4245 excitavit,
2898 4194 2925 4231 a
2954 4182 3149 4252 quibus
3173 4184 3458 4246 innumera

1854 4254 1999 4309 mala
2044 4258 2187 4326 passi
2233 4268 2364 4315 sunt
2390 4261 2675 4321 Catholici.
2710 4266 2829 4323 Non
2869 4273 3015 4327 enim
3042 4274 3151 4343 jam
3201 4288 3258 4333 ut
3295 4294 3452 4340 antea

1854 4344 2085 4403 fustibus
2124 4357 2333 4431 tantum
2365 4355 2558 4411 armati
2588 4356 2968 4419 discurrebant
2989 4406 3002 4429 ,
3030 4367 3125 4422 sed
3154 4373 3330 4426 omnis
3360 4390 3454 4443 ge-

1855 4437 1999 4491 neris
2041 4440 2210 4495 armis
2252 4457 2317 4501 ac
2346 4444 2468 4500 telis
2494 4446 2771 4520 instructi,
2812 4465 3000 4524 aperte
3027 4458 3135 4514 vim
3160 4437 3451 4534 faciebant,

1858 4530 2113 4587 basilicas
2142 4535 2468 4594 invadebant
2517 4556 2580 4597 ae
2615 4534 2983 4615 compilabant
3009 4592 3024 4617 ,
3068 4554 3354 4627 episcopos
3399 4530 3457 4616 et

1854 4622 2086 4679 clericos
2114 4627 2433 4685 occidebant
2481 4641 2576 4687 aut
2624 4636 2762 4692 male
2807 4640 3157 4713 mulctabant,
3199 4622 3456 4707 et—latro-

1855 4716 1995 4794 cinia
2025 4719 2202 4789 palam
2231 4737 2294 4777 ac
2325 4725 2538 4792 publice
2568 4732 2917 4788 exercebant.

1928 4808 2040 4888 Lex
2060 4810 2285 4868 Honorii
2303 4816 2358 4869 in
2381 4816 2640 4874 invasere:
2670 4820 3201 4888 Ecclesiarum.--Ad
3240 4836 3338 4893 bos
3371 4848 3455 4893 tu-
3533 4827 3536 4831 C

1857 4903 2059 4977 multus
2083 4911 2528 4976 compescendos,
2545 4912 2759 4969 sublato
2776 4916 2887 4987 jam
2910 4918 3141 4981 Gildone
3162 4928 3277 4999 (qui
3303 4947 3331 4984 a
3349 4932 3455 4990 fra-

1858 5006 1939 5051 tre
1963 5010 2065 5052 suo
2101 4999 2382 5057 Mascezile
2402 5015 2764 5076 oppugnatus,
2793 5026 2823 5065 a
2851 5015 2965 5070 suis
2995 5017 3269 5092 desertus,
3305 5028 3461 5097 initio

1853 5092 1983 5143 anni
2004 5089 2130 5157 398,
2162 5092 2356 5162 laqueo
2387 5095 2547 5150 vitam
2564 5098 2743 5172 finiit),
2772 5102 3039 5165 Honorius
3062 5089 3358 5185 imperator
3380 5122 3458 5179 le-

1855 5196 1977 5250 gem
2015 5182 2165 5236 dedit
2207 5184 2294 5240 die
2322 5184 2394 5241 25
2433 5186 2637 5264 Aprilis
2663 5196 2790 5281 anni
2823 5197 2962 5268 598,
3012 5219 3116 5275 qua
3142 5182 3241 5264 eos
3267 5214 3357 5283 qui
3400 5216 3455 5271 in

1857 5274 2117 5331 ecclesias
2147 5277 2446 5336 catholicas
2486 5280 2760 5344 irruentes
2824 5274 3225 5368 sacerdotibus,
3270 5274 3459 5364 minis—

1859 5366 1957 5420 tris
1986 5368 2073 5421 vel
2099 5368 2266 5424 cultui
2290 5379 2345 5425 et
2370 5371 2493 5429 loco
2518 5376 2723 5448 aliquid
2758 5382 2969 5453 injuriae
2997 5366 3283 5463 faciebant,
3306 5415 3464 5457 com-

1863 5458 2122 5525 prehendi
2151 5470 2204 5516 et
2246 5466 2522 5521 convictos
2559 5472 2775 5541 capitali
2805 5480 3071 5550 supplicio
3101 5458 3417 5559 afliciiuhet
3442 5540 3458 5565 ,

1863 5551 2082 5620 vultque
2129 5563 2187 5608 ut
2215 5558 2425 5612 cunctis
2465 5571 2610 5616 esset
2656 5564 2881 5622 liherutn
2939 5570 3105 5629 factas
3134 5551 3344 5638 atroces
3376 5551 3462 5644 sa:

1863 5643 2178 5701 cerdotihus
2205 5662 2295 5703 aut
2325 5652 2590 5708 ministris
2624 5657 2847 5727 injurias
2870 5663 3015 5719 velut
3057 5672 3324 5735 publicum
3356 5684 3470 5737 cri-

1867 5752 1987 5794 men
2014 5744 2290 5815 persequi.
2311 5743 2366 5802 Si
2386 5761 2515 5803 vero
2543 5750 2829 5813 multitudo
2861 5758 3095 5816 violenta
3112 5780 3169 5823 se
3191 5752 3360 5831 armis
3381 5787 3479 5839 aut

2768 5934 2772 5939 _
2828 5853 2906 5916 26
