3848 6220
352 159 454 216 8H

1739 151 2277 215 PROLEGOMENA.

3559 164 3677 221 812

350 274 595 329 locorum
624 270 939 327 difficultate
968 276 1178 326 tueatur
1203 312 1216 336 ,
1239 265 1510 340 iudicibus
1542 267 1795 337 mandat,
1835 279 1893 325 ιιι
1922 285 1951 325 a
1978 281 2034 341 Α
2057 271 2240 326 Clerici
2264 282 2487 327 correcta
2513 272 2726 328 consilio
2744 274 2811 328 ad
2837 274 3140 329 catholicam
3162 275 3411 330 unitatem
3436 281 3679 337 lt'ans’re

353 367 555 421 comite
582 365 780 420 Africae
807 373 1029 419 armatae
1049 363 1403 433 apparitionis
1429 362 1737 432 praesidium
1763 362 1954 435 depos-

354 466 498 523 cant,
530 473 597 513 ne
628 456 708 512 rei
728 456 917 511 talium
950 457 1235 511 criminum
1269 455 1518 510 evadant.

425 552 645 607 Decreta
682 550 1018 607 conciliorum
1059 553 1121 607 de
1149 551 1506 623 promovendis
1532 551 1599 605 ad
1622 550 1815 623 clerum
1866 560 1958 606 aut

354 646 775 717 relinquendisin‘
793 662 850 701 eo
869 645 1182 701 Donatistis.
1216 676 1288 687 ——-
1304 639 1518 699 Interim
1539 644 1798 700 Catholici
1827 644 1958 700 nihil

255 752 260 757 ‘
354 755 463 795 non
486 739 763 795 tentabant
784 747 844 794 ut
866 738 1173 795 Donatistas
1196 738 1261 794 ad
1284 736 1627 793 concordiam
1646 736 1954 792 invitarent.

350 832 474 889 Jam
508 833 850 888 observatum
896 840 979 887 est
1009 807 1162 886 initio
1212 822 1535 886 scltismatis‘
1561 828 1847 885 redeuntes
1889 829 1957 885 ad

354 923 650 987 Ecclesiam
678 929 963 1001 episcopos
996 938 1049 984 et
1073 928 1303 983 clericos
1332 942 1399 982 ex
1437 935 1585 997 parte
1613 924 1806 982 Donati
1834 940 1956 981 cum

359 1025 651 1081 honoribus
671 1024 784 1078 suis
813 1022 976 1080 fuisse
1027 1033 1332 1095 susceptos.
1362 1023 1433 1077 At
1461 1031 1743 1079 crescente
1768 1037 1959 1080 eorum

354 1135 581 1175 numero
612 1128 667 1174 et
696 1118 996 1188 pervicacia
1023 1118 1073 1173 in
1100 1116 1555 1188 subsequentibus
1576 1115 1821 1172 conciliis
1851 1104 1961 1172 sta-

277 1275 286 1283 ,
352 1221 525 1268 tutum
556 1212 767 1278 fuerat,
797 1228 865 1268 ne
894 1212 1016 1284 quis
1045 1212 1444 1267 Donatistarum
1482 1226 1602 1267 cum
1630 1211 1837 1266 honore
1860 1225 1960 1267 suo

356 1309 691 1380 reciperetur
711 1311 764 1364 in
798 1307 1175 1376 Ecclesia,sed
1199 1315 1407 1363 tantum
1434 1308 1488 1361 in
1513 1322 1741 1379 numero
1769 1305 1961 1363 Laico-

354 1417 501 1457 rum.
541 1402 599 1458 In
655 1401 882 1459 concilio
931 1402 1261 1473 llipponensi
1291 1402 1416 1455 mini
1460 1402 1597 1469 593,
1622 1401 1958 1472 propositum

353 1505 469 1562 est,
516 1504 576 1550 ut
600 1496 979 1567 exciperentur
1014 1494 1083 1551 ab
1114 1495 1213 1550 hac
1252 1494 1369 1565 lege
1401 1492 1437 1549 ii
1465 1508 1601 1565 quos
1625 1504 1716 1549 aut
1740 1509 1847 1550 non
1874 1510 1960 1550 re.

353 1589 656 1661 baptizasse
684 1590 1023 1657 constiterit,
1052 1598 1158 1646 aut
1187 1590 1276 1661 qui
1302 1604 1424 1645 cum
1470 1590 1582 1645 suis
1611 1590 1857 1660 plebibus
1891 1590 1959 1646 ad

2056 365 2304 419 voluerint
2347 365 2626 420 secundum
2677 368 3082 441 uniuscujusque
3109 368 3347 439 ,episcOpi
3397 367 3679 425 Catholici

2056 458 2363 513 uoluntatem
2413 470 2563 529 atque
2598 460 2910 527 consilium,
2941 461 3028 531 qui
3049 460 3100 514 in
3130 460 3304 515 eodem
3328 460 3441 516 loco
3470 447 3692 534 guber?

2059 561 2148 606 nat
2177 549 2461 606 Ecclesium
2479 595 2492 619 ,
2542 554 2587 606 si
2613 554 2709 607 hoc
2746 555 2864 625 paci
2894 555 3188 610 christiana:
3226 556 3472 632 prodesse
3490 559 3673 612 visum

2059 645 2213 714 fuerit
2233 686 2245 707 ,
2263 646 2315 698 in
2333 646 2439 699 suis
2461 646 2737 703 honoribus
2760 649 3131 716 suscipiantur.
3164 647 3416 717 Addunt,
3443 649 3499 703 id
3521 652 3672 720 prio.

2057 735 2200 790 ribus
2229 737 2457 809 ejusdem
2477 738 2744 796 divisionis
2763 742 3074 812 temporibus
3098 746 3289 814 factum
3317 759 3457 798 esse:
3485 759 3590 800 nec
3607 744 3667 800 id

2058 827 2091 883 a
2130 844 2189 884 se
2217 830 2471 899 postulari
2501 840 2592 887 aut
2619 833 2810 900 statui,
2851 844 2909 889 ut
2930 834 3203 892 decretum
3246 835 3498 903 concilii,
3522 838 3671 909 quod

2060 922 2113 976 in
2144 924 2505 979 transmarinis
2536 926 2771 996 partibus
2798 927 2861 982 de
2886 929 2983 983 hac
3008 946 3062 983 re
3105 929 3335 985 habitum
3360 933 3530 992 fuerat
3561 932 3675 985 disc

2060 1015 2355 1072 solveretur.
2379 1017 2484 1074 Sed
2511 1034 2573 1073 ea
2589 1020 2898 1077 conditione
2918 1021 3120 1077 utillud
3150 1031 3394 1078 maneret
3415 1037 3544 1093 erga
3570 1037 3672 1079 eos

2061 1125 2125 1165 ex
2152 1127 2377 1182 quorum
2405 1114 2581 1170 reditu
2612 1132 2717 1172 non
2742 1132 2992 1201 magnum
3028 1099 3311 1173 accederet
3356 1120 3668 1175 animarum

2064 1208 2267 1263 lucrum
2292 1247 2307 1275 ,
2337 1205 2439 1263 hoc
2466 1216 2548 1264 est
2571 1250 2585 1274 ,
2610 1218 2670 1265 ut
2689 1210 2723 1265 ii
2750 1210 3044 1266 secundum
3078 1212 3421 1267 transmarini
3446 1212 3671 1268 concilii

2062 1299 2337 1355 decretum
2361 1315 2466 1354 non
2496 1303 2898 1372 susciperentur
2936 1302 2992 1357 in
3040 1302 3338 1358 honoribus
3370 1304 3521 1369 suis;
3550 1304 3671 1359 sed

2062 1392 2130 1449 ab
2160 1393 2258 1449 hac
2289 1379 2666 1465 eiciperentur
2687 1395 2741 1450 hi
2772 1413 2861 1467 per
2880 1412 3006 1467 quos
3023 1396 3292 1451 catholica:
3316 1396 3509 1451 unitati
3538 1413 3669 1452 con-

2061 1487 2270 1541 sulitur.
2488 1482 2491 1487 ’

2134 1579 2191 1635 In
2221 1580 2414 1637 eodem
2448 1582 2680 1638 concilio
2730 1583 2986 1640 Africano
3009 1584 3255 1641 catholici
3287 1585 3531 1655 episc0pi
3554 1594 3671 1641 sta-

356 1682 690 1745 Catholicam
735 1685 1171 1741 communionem
1228 1684 1459 1740 transire
1513 1684 1799 1740 Voluerint.
1856 1683 1961 1740 Sed
1992 1684 2040 1747 B
2070 1680 2327 1730 luerunt:
2371 1686 2427 1730 ut
2458 1677 2641 1731 littera:
2667 1677 2912 1733 darentur
2956 1680 3024 1733 ad
3056 1680 3264 1751 judices
3312 1679 3597 1749 Africanos
3643 1696 3679 1734 a

355 1778 499 1834 hanc
529 1777 906 1848 exceptionem
936 1779 1137 1849 placuit
1164 1792 1271 1833 non
1309 1776 1619 1832 conﬁrmari
1649 1778 1961 1849 priusquam

330 1870 427 1927 ~‘de
455 1887 518 1927 ea
551 1873 907 1927 transmarina
934 1871 1177 1927 Ecclesia
1208 1867 1453 1925 consulta
1478 1870 1635 1927 foret.
1677 1872 1873 1927 lterum
1906 1872 1961 1926 in

353 1963 763 2034 Carthaginensi
812 1963 1042 2019 concilio
1069 1963 1194 2017 anni
1249 1962 1353 2018 597
1399 1963 1717 2017 'mandatutn
1777 1971 1861 2018 est
1908 1971 1964 2018 ttt

326 2051 767 2114 consulerentur
788 2054 1010 2112 Siricius
1038 2055 1312 2110 Romanus
1333 2055 1619 2126 episc0pus
1651 2064 1704 2109 et
1736 2054 1962 2125 Simpli-

355 2152 545 2206 cianus
567 2149 1021 2217 Mediolaneusis,
1048 2158 1225 2203 utrunt
1256 2148 1487 2203 infantes
1517 2148 1771 2218 baptizati
1794 2161 1825 2201 a
1856 2148 1964 2203 Do-

356 2244 720 2311 natistis,cum
736 2242 801 2298 ad
818 2242 1113 2299 Ecclesiam
1130 2243 1223 2297 Dei
1238 2242 1453 2298 salubre
1470 2243 1747 2313 proposito
1764 2242 1965 2299 fuerint

353 2337 594 2405 reversi,
625 2337 695 2391 ad
718 2336 859 2391 sacri
890 2335 1077 2391 altaris
1100 2334 1456 2391 ministerium
1489 2336 1797 2407 promoveri
1835 2351 1961 2407 pos-

360 2438 505 2487 sent.
527 2429 610 2485 Ad
636 2429 975 2500 questiouem
1004 2429 1332 2499 propositam
1366 2429 1640 2485 Romanus
1683 2438 1736 2486 et
1764 2430 1965 2486 Medio-

351 2524 599 2579 lanentns
623 2522 892 2583 antistites
921 2522 1351 2593 responderunt,
1378 2522 1429 2577 id
1457 2516 1578 2578 esse
1611 2523 1960 2593 prohibitum.

355 2616 721 2694 Nihilominus
738 2624 919 2671 tamen
938 2616 1172 2669 Africani
1190 2615 1424 2685 episcopi
1446 2614 1624 2685 inepia
1639 2616 1962 2671 clericorum

360 2724 417 2770 et
443 2711 855 2773 necessitatibus
878 2712 1227 2769 coclesiarum
1247 2727 1487 2779 suarum,
1507 2727 1625 2782 quae
1643 2711 1714 2766 ita
1734 2711 1966 2768 desertae

354 2816 513 2865 erant
535 2816 595 2863 ut
621 2807 805 2862 multa:
820 2805 1067 2863 ecclesia:
1095 2821 1161 2861 ne
1182 2805 1398 2875 quidem
1421 2804 1708 2860 diaconum
1740 2804 1827 2861 vel
1859 2804 1968 2861 illi-

362 2910 597 2958 tcratum
642 2900 941 2969 haberent,
971 2901 1175 2966 coacti;
1209 2910 1506 2957 statuerunt
1533 2902 1771 2973 parvulis
1823 2903 1966 2973 apud

363 2996 677 3052 Donatistas
700 3003 985 3066 antequam
1017 2995 1241 3050 rationis
1264 3010 1415 3049 usum
1439 2996 1702 3056 haberent
1730 2995 1968 3067 baptiza~
2008 3008 2029 3031 η

2064 1768 2248 1838 quibus
2287 1757 2568 1840 peteretur,
2598 1782 2653 1826 ut
2674 1773 2963 1845 judiciaria
2992 1767 3239 1845 potestate
3261 1786 3415 1845 atque
3446 1776 3678 1847 diligen-

2067 1865 2139 1918 tia
2166 1865 2217 1918 in
2250 1866 2353 1934 ﬁde
2378 1866 2662 1922 christiana
2681 1908 2696 1933 ,
2739 1868 2865 1938 quid
2882 1878 3082 1939 gestum
3110 1869 3175 1923 sit
3199 1870 3252 1923 in
3277 1868 3518 1923 omnibus
3544 1869 3679 1923 locis

2064 1958 2116 2011 in
2143 1958 2323 2030 quibus
2348 1957 2755 2015 Maximianistar
2800 1960 3041 2016 basilicas
3070 1962 3400 2016 obtinuerunt
3425 2004 3439 2028 ,
3472 1964 3562 2034 qui
3611 1964 3680 2017 ab

2064 2053 2138 2107 eis
2168 2052 2391 2106 schisma
2422 2056 2651 2125 fecerunt
2676 2055 2978 2125 {inquirant
3009 2065 3054 2109 et
3080 2056 3238 2126 gestis
3261 2055 3495 2126 publicis
3512 2072 3682 2127 prap-

2066 2153 2140 2200 ter
2161 2146 2366 2215 ﬁrmam
2393 2148 2626 2201 notitiam
2656 2148 2890 2203 omnibus
2909 2149 3256 2203 necessariam
3280 2149 3479 2220 faciant
3508 2150 3682 2204 innare

2063 2259 2191 2297 rere.
2212 2242 2409 2299 Deinde
2423 2244 2615 2313 placuit
2626 2245 2779 2298 etiam
2791 2245 3066 2315 episcopis,
3082 2255 3136 2299 ut
3151 2244 3310 2316 legati
3323 2246 3681 2316 praedicanda:

2068 2337 2212 2406 pacis
2240 2346 2390 2407 atque
2417 2338 2631 2394 unitatis
2657 2334 2768 2393 sine
2787 2356 2890 2408 qua
2915 2340 3056 2394 salus
3074 2339 3361 2394 christiana
3384 2356 3486 2394 non
3508 2350 3685 2409 potest

2067 2428 2313 2497 obtineri,
2347 2448 2374 2485 e
2399 2447 2607 2485 numero
2635 2448 2729 2486 suo
2754 2431 2823 2485 ad
2843 2430 3507 2505 ipsoram'Donatistarum
3560 2433 3683 2502 epi-

2065 2540 2249 2595 scOpos
2280 2534 2327 2579 et
2350 2526 2518 2596 plebes
2541 2527 2891 2593 mitterentur,
2926 2542 3016 2595 per
3037 2541 3162 2596 quos
3186 2525 3422 2585 omnibus
3452 2528 3688 2580 innotes-

2068 2628 2199 2674 cerel
2228 2634 2382 2689 quant
2420 2619 2550 2673 nihil
2574 2619 2814 2680 haberent
2838 2618 2976 2690 quod
3002 2618 3242 2673 adversus
3268 2617 3560 2684 Ecclesium
3602 2612 3685 2673 ca-

2067 2709 2314 2765 tholicam
2345 2722 2552 2781 possent
2597 2712 2768 2765 dicere
2800 2753 2814 2780 ,
2848 2722 2895 2765 et
2941 2712 3274 2783 manifestum
3314 2712 3407 2782 ﬁat
3441 2714 3684 2767 omnibus

2066 2819 2159 2874 per
2180 2814 2321 2875 gesta
2339 2803 2674 2875 municipalia
2695 2802 2821 2873 quid
2839 2803 2939 2875 ipsi
2965 2802 3101 2856 circa
3121 2802 3546 2858 Maximianistas
3568 2820 3686 2875 ege-

2067 2898 2202 2963 rint,
2222 2915 2348 2968 quos
2359 2899 2476 2969 jam
2505 2898 2721 2970 plenarii
2743 2882 2947 2952 concilii
2972 2899 3053 2952 sui
3076 2901 3179 2970 ιε
3197 2898 3508 2953 auctoritate
3526 2900 3684 2952 dam-

2069 3001 2248 3058 natos,
2281 2993 2335 3046 in
2365 2993 2472 3049 suis
2501 2992 2779 3047 honoribus
2805 2992 2971 3046 denuo
3018 3002 3356 3061 receperunt,
3400 3002 3450 3048 et
3487 2992 3687 3063 baptis-

360 3090 463 3157 tis,
486 3090 578 3160 qui
603 3088 802 3145 deinde
825 3089 1003 3161 agnita
1029 3089 1252 3143 veritate
1276 3089 1341 3143 ad
1370 3089 1663 3144 Ecclesiam
1696 3090 1787 3144 Dei
1810 3091 1965 3145 acce-
1989 3080 2036 3145 C
2068 3104 2204 3141 mum
2226 3104 2375 3158 quem
2402 3089 2635 3142 damnati
2650 3098 2697 3144 et
2725 3088 2919 3143 exclusi
2943 3088 3187 3142 dederant
3205 3130 3218 3153 ,
3243 3098 3642 3159 acceptaverunt
3664 3132 3681 3156 ,

360 3182 553 3238 dentes
566 3195 663 3252 per
680 3196 871 3237 manus
885 3179 1282 3250 impositioncm
1306 3181 1508 3251 recepti
1527 3190 1642 3236 sunt
1655 3224 1668 3248 ,
1696 3183 1745 3235 in
1761 3168 1965 3238 clerum

360 3272 672 3348 promoveri
697 3290 879 3346 posse.
905 3273 1081 3344 thue
1105 3273 1245 3329 istud
1269 3282 1528 3329 statutum
1560 3282 1769 3347 gratum
1803 3274 1968 3330 habe-

355 3378 482 3426 rent
511 3366 854 3424 transmarini
906 3367 1144 3437 episcopi
1179 3409 1189 3431 ,
1223 3367 1545 3437 legationem
1576 3367 1871 3423 solenmem
1898 3366 1967 3423 ad

362 3456 708 3516 Anastasium
756 3458 1058 3513 Romanum
1090 3468 1143 3514 et
1184 3457 1476 3514 Venerium
1507 3444 1966 3515 Mediolanensem

367 3554 635 3612 miserunt
653 3570 721 3610 ex
750 3555 983 3611 concilio
1008 3553 1421 3625 Carthaginensi
1466 3554 1649 3619 habito
1674 3571 1815 3611 anno
1837 3556 1963 3624 401,

365 3661 563 3704 mense"
584 3645 766 3703 Junio.
796 3645 1139 3703 Addiderunt
1167 3646 1330 3701 etiam
1358 3646 1409 3700 id
1434 3645 1575 3715 quod
1593 3645 1740 3716 prius
1773 3662 1969 3718 propo—

364 3749 606 3808 suerant,
661 3748 720 3795 ut
754 3738 997 3795 nonnulli
1027 3737 1425 3793 Donatistarum
1474 3738 1667 3795 Clerici
1702 3740 1789 3811 qui
1844 3757 1967 3798 cum

363 3834 665 3889 honoribus
703 3841 760 3889 et
798 3832 1049 3903 plebibus
1105 3831 1217 3886 suis
1265 3833 1493 3888 transire
1541 3832 1966 3902 desiderabant,

365 3927 531 3996 recipi
559 3932 820 3995 possent:
844 3926 937 3981 sed
963 3939 1070 3979 non
1098 3926 1214 3979 ausi
1245 3934 1371 3980 sunt
1393 3926 1531 3981 istud
1554 3938 1714 3997 caput
1752 3943 1965 3998 urgere.

367 4020 437 4075 At
457 4017 525 4072 de
552 4016 844 4073 infantibus
868 4016 1148 4088 baptizatis
1178 4018 1318 4087 apud
1346 4019 1659 4075 Donatistas
1680 4020 1745 4075 ad
1761 4021 1907 4075 cleru
1919 4036 1969 4075 ιιι

371 4110 751 4183 promovendis
792 4110 1012 4165 omnino
1039 4110 1388 4179 satagendum
1429 4126 1548 4166 esse
1571 4112 1839 4167 duxerunt
1870 4153 1884 4176 ,
1915 4122 1974 4167 ut

372 4204 629 4259 Afrorum
651 4202 914 4259 voluntati
939 4202 1287 4256 transmarini
1313 4202 1548 4271 episcopi
1573 4184 1967 4262 con-entirent.

365 4298 507 4367 Quid
527 4298 595 4354 ad
616 4299 731 4353 haec
752 4295 1097 4366 responderit
1118 4293 1432 4350 Anastasius
1459 4305 1606 4352 certo
1626 4314 1731 4351 non
1757 4299 1922 4368 liquet
1954 4316 1968 4352 :

374 4410 501 4448 nam
546 4394 599 4447 in
637 4390 867 4446 concilio
915 4388 1325 4460 Carthaginensi
1367 4387 1547 4444 habito
1573 4405 1713 4443 anno
1753 4376 1966 4457 eodem,

2069 3190 2125 3235 ut
2145 3190 2319 3235 notum
2345 3182 2443 3249 sit,
2475 3198 2631 3253 quam
2661 3181 2816 3236 stulto
2836 3181 2989 3235 corde
3015 3182 3255 3236 resistant
3276 3182 3393 3252 paci
3426 3180 3689 3235 Ecclesia

2071 3283 2175 3329 toto
2199 3274 2318 3328 orbe
2345 3272 2581 3343 cli/fuste,
2612 3290 2728 3329 cum
2754 3275 2858 3329 ista
2903 3275 3100 3346 faciant
3122 3292 3215 3345 pro
3267 3284 3414 3344 parte
3444 3274 3643 3330 Donati
3666 3317 3687 3343 ,

2071 3350 2230 3436 neque
2259 3383 2313 3421 se
2330 3368 2548 3421 istorum
2566 3382 2691 3437 quos
2716 3367 2790 3420 ita
2815 3377 3113 3437 receperunt
3133 3363 3497 3422 commtI‘nione
3512 3385 3684 3440 prap-

2081 3469 2156 3514 ter
2183 3459 2429 3515 intuitum
2456 3461 2600 3531 pacis
2626 3462 2969 3516 contaminari
2998 3461 3172 3516 dicant
3203 3477 3223 3515 :
3251 3470 3298 3516 et
3329 3477 3424 3515 nos
3476 3472 3696 3517 conten-

2073 3552 2317 3619 dant,id
2343 3564 2417 3608 est
2463 3552 2752 3608 Ecclesium
2797 3551 3103 3608 catholicam
3131 3550 3388 3608 etiam'in
3438 3555 3689 3608 extremis

2074 3655 2333 3702 terrarum
2349 3648 2581 3718 partibus
2603 3647 2931 3703 constitutam
2956 3664 3045 3718 per
3065 3662 3241 3701 eorum
3262 3648 3690 3715 communionem

2074 3742 2396 3812 inquinatam
2424 3758 2585 3809 ,quos
2618 3750 2745 3795 tunc
2774 3739 3401 3809 accusantesocanvincere
3448 3742 3693 3808 nequive-

2075 3845 2233 3900 runt,
2290 3831 2396 3888 suis
2444 3834 2639 3888 artibus
2665 3833 3046 3905 vigilantissinti
3084 3832 3335 3887 antistites
3376 3830 3692 3888 Donatistas

2076 3943 2108 3979 a
2132 3927 2408 3981 schismate
2441 3942 2686 3982 revocare
2703 3936 2750 3981 et
2778 3927 2829 3981 in
2852 3925 3135 3981 Ecclesium
3154 3926 3401 3981 inducere
3425 3942 3524 3998 pro
3550 3924 3692 3980 virili

2076 4021 2393 4089 satagebant.
2968 4090 2973 4093 1

2148 4111 2335 4183 De;scri
2341 4114 2439 4179 ptis
2452 4123 2497 4169 et
2509 4115 2639 4168 actis
2656 4114 2693 4169 S
2704 4154 2715 4167 .
2732 4115 2866 4185 Aug.
2882 4123 3060 4168 contra
3080 4112 3407 4168 Donatistas.
3440 4110 3693 4167 Psalmus

2076 4206 2605 4263 abeccdarius.-—Sed
2626 4209 2737 4277 jam
2753 4217 2963 4277 tempus
2975 4214 3061 4262 est
3080 4214 3139 4261 ut
3157 4207 3406 4261 dicamus
3423 4206 3494 4261 de
3518 4204 3696 4260 sancti

2076 4287 2475 4367 Angustiniscri
2485 4301 2586 4367 ptis
2608 4309 2662 4353 et
2682 4298 3171 4354 conflictationibus
3190 4299 3453 4354 adversus
3472 4298 3698 4352 Donati-

2076 4398 2188 4444 stas
2216 4392 2410 4460 quibus
2432 4390 2507 4444 nn
2528 4391 2705 4458 fracti,
2725 4391 3281 4447 debilitatiettandem
3311 4377 3441 4445 victi
3464 4400 3610 4445 sunt.
3644 4390 3696 4445 ts

369 4499 555 4539 mense
573 4478 1149 4553 Septembri,debujtts
1167 4480 1358 4534 litteris
1382 4481 1482 4534 hoc
1505 4490 1709 4535 tantum
1724 4482 1971 4549 habetur,
2001 4484 2055 4545 D
2082 4497 2202 4535 ι·ιιιιι
2230 4498 2370 4537 anno
2384 4483 2477 4538 59f
2499 4484 2563 4538 ad
2583 4483 3207 4555 presbyteriigradumin
3222 4483 3467 4538 Ecclesia
3485 4484 3692 4554 llippo-

327 4580 335 4584 ’
373 4597 497 4636 eum
529 4590 755 4652 paterna:
780 4595 838 4631 ac
857 4582 1098 4649 fraterna:
1115 4578 1381 4631 charitatis
1408 4579 1753 4634 sollicitudine
1784 4598 1841 4634 ac
1869 4584 1976 4635 sin—

330 4672 348 4681 ’
367 4673 574 4730 feritate
602 4675 934 4727 adhortatum
957 4689 1064 4726 esse
1094 4672 1369 4741 Africanos
1392 4660 1642 4727 antistites
1666 4715 1678 4736 ,
1706 4685 1757 4727 ut
1778 4677 1840 4737 tle
1865 4677 1976 4729 Ita:-

368 4773 645 4824 reticorunt
671 4778 718 4821 et
754 4766 1198 4822 schistnaticorum
1245 4767 1453 4839 injuriis
1475 4768 1655 4835 quibus
1680 4753 1977 4837 Africanam

371 4862 655 4916 Ecclesium
682 4862 904 4931 graviter
934 4859 1181 4914 vexabant
1215 4860 1357 4912 nullo
1386 4860 1535 4912 modo
1567 4860 1971 4917 dissitttttlarcnl.

371 4952 666 5009 lndulsissc
717 4963 893 5006 tamen
932 4969 1054 5007 cum
1097 4962 1151 5006 ιιι
1209 4952 1460 5020 baptizati
1491 4951 1630 5022 apud
1665 4954 2005 5009 DonatistaS’

368 5049 524 5119 pueri
557 5054 778 5118 possent
831 5045 897 5097 ad
926 5044 1143 5100 ordines
1178 5048 1481 5114 promoveri
1514 5045 1806 5100 verisimile
1837 5055 1921 5102 cst
1952 5064 1965 5100 :

368 5157 491 5195 nam
521 5128 838 5195 οἱτειίὶδιιιιι
870 5136 1031 5207 caput
1078 5137 1207 5190 nihil
1236 5137 1467 5206 amplius
1504 5136 1745 5192 Africani
1777 5147 1967 5207 petunt

367 5246 397 5285 a
426 5230 555 5286 sede
597 5230 928 5299 Apostolica.
962 5227 1065 5281 Sed
1112 5228 1253 5282 circa
1283 5229 1509 5282 alterunt
1542 5229 1609 5283 de
1636 5229 1964 5298 recipiendis

367 5322 662 5379 Donatistis
690 5339 810 5377 cum
840 5322 1134 5375 honoribus
1159 5319 1273 5373 suis
1301 5329 1528 5374 statuunt
1552 5331 1606 5374 ut
1640 5322 1822 5377 littera?
1849 5325 1967 5376 mito

363 5427 536 5471 tantur
576 5420 643 5472 ad
674 5420 858 5484 fratres
901 5425 946 5468 et
972 5413 1309 5482 (Iocpiscopos
1351 5423 1397 5465 et
1428 5417 1645 5469 maxime
1693 5418 1759 5471 ad
1796 5418 1965 5472 sedent

362 5512 697 5579 apostolicam
742 5510 923 5578 inqua
961 5507 1198 5575 prwsidct
1248 5506 1586 5569 Anastasius,
1629 5527 1729 5578 quo
1772 5513 1969 5566 noverit

363 5602 545 5656 habere
564 5602 794 5671 Africam
822 5599 1461 5669 magnant‘iteressilatem,
1492 5610 1697 5670 propter
1718 5601 1968 5657 Ecclesia:

361 5710 533 5761 putent
577 5703 622 5747 et
663 5692 965 5758 tttilitvtetn,
1002 5704 1053 5746 ut
1079 5710 1140 5746 cx.
1186 5692 1311 5761 ipsis
1356 5688 1637 5747 Donatistis
1667 5697 1968 5767 quicumque

2086 4577 2240 4632 nensi
2269 4585 2545 4647 prottlnttts
2569 4578 2793 4643 fuisset,
2831 4578 3093 4647 psalmum
3124 4576 3511 4631 abecetlarium
3535 4592 3689 4630 com-

2084 4671 2266 4739 posuit
2293 4670 2359 4724 ad
2390 4671 2624 4726 rudioris
2649 4671 2830 4741 populi
2853 4679 3067 4739 captum
3099 4669 3597 4735 accommodatum,
3634 4677 3694 4723 ut

2085 4764 2137 4817 in
2170 4764 2454 4818 humillimi
2488 4765 2629 4833 vulgi
2676 4773 2733 4819 et
2784 4764 3006 4818 omnino
3036 4764 3410 4833 imperitorum
3443 4762 3692 4817 ιιοιίιίςιιιι

2085 4855 2368 4922 pervenire
2436 4854 2643 4908 valeret
2708 4855 3110 4908 Donatistarum
3166 4868 3330 4909 causa
3377 4869 3441 4909 ac
3499 4869 3691 4909 eorum

2083 4957 2341 5016 quantum
2366 4947 2486 5009 ﬁeri
2517 4957 2702 5018 posset
2732 4946 3006 5003 memoria:
3036 4946 3326 5004 inhxerere.
3352 4948 3410 5004 In
3433 4964 3500 5005 eo
3530 4952 3694 5004 totius

2079 5042 2387 5096 schismatis
2418 5042 2696 5097 historiam
2718 5034 3001 5099 etbreve‘tn
3034 5042 3150 5113 ejus
3175 5042 3554 5099 refutationem
3594 5042 3697 5097 hu-

2078 5135 2190 5189 mili
2212 5146 2264 5191 et
2286 5146 2472 5206 aperto
2501 5154 2751 5193 sermone
2779 5138 3046 5209 exposuit.
3084 5139 3197 5194 Iloc
3224 5146 3408 5195 autem
3436 5137 3715 5193 inRetra;

2074 5229 2403 5283 ctationihus
2416 5230 3015 5300 opusc‘ulumlocatpost
3030 5229 3257 5285 alterum
3270 5230 3337 5284 de
3350 5228 3460 5286 fide
3477 5239 3693 5301 etsym-

2082 5322 2206 5377 bolo
2232 5324 2371 5393 quod
2400 5324 2450 5377 in
2481 5324 2709 5379 concilio
2740 5324 3067 5393 llippouensi
3088 5323 3216 5377 anni
3236 5322 3343 5378 595
3363 5322 3691 5394 composuit.

2156 5416 2308 5471 Liber
2334 5424 2512 5469 contra
2526 5416 2789 5486 epistolam
2802 5414 3315 5470 Donati—Librum
3329 5416 3491 5470 etiam
3504 5423 3693 5469 contra

2085 5510 2363 5580 epistolam
2412 5509 2604 5563 Donati
2649 5509 2738 5579 qui
2784 5509 2949 5579 partis
2996 5506 3189 5563 Donati
3242 5507 3517 5563 secundus
3571 5512 3697 5576 post

2086 5604 2165 5656 sui
2216 5611 2458 5672 tempore
2502 5583 2785 5673 scripsisse
2819 5610 3043 5656 testatur
3070 5599 3121 5653 in
3148 5598 3340 5654 eodem
3369 5596 3695 5670 presbyterii

2087 5692 2891 5766 Majoriuuntepiscopttsfuerat
2910 5693 3019 5759 ,lib.
3035 5690 3500 5747 Retrataetionutu
3524 5705 3573 5745 c.
3597 5688 3689 5744 Si.
