3848 6220
344 186 446 243 815

1727 162 2260 220 PROLEGOMENA.

3533 141 3657 201 8l6

345 294 617 369 pontiﬁce,
641 301 735 346 aut
753 270 942 344 saltem
966 285 1113 341 obitu
1134 284 1273 354 ejus,
1295 280 1384 352 qui
1409 281 1596 337 incidit
1619 280 1669 334 in
1695 279 1835 334 diem
1859 278 1928 332 27

2082 276 2293 332 ttisfecit
2316 286 2363 332 et
2381 275 2576 330 librum
2597 288 2703 344 quo
2719 267 3009 338 reSpondet
3035 265 3285 322 eumdem
3309 262 3527 318 titultnn
3544 262 3656 315 lia-

341 387 546 460 Aprilis
581 386 702 440 anni
746 380 854 436 402
891 377 1127 434 nondttm
1169 387 1482 444 comperto,
1531 374 1580 426 in
1617 387 1720 442 qua
1766 370 1933 426 verba

339 483 547 553 singula
595 475 838 532 Pctiliani
894 471 1060 528 refert
1105 481 1158 526 et
1205 485 1355 524 suam
1403 468 1470 521 iis
1519 465 1935 535 responsionem

345 575 585 646 subjicit.
618 571 725 629 Sed
758 570 908 642 prius
938 569 987 623 id
1020 565 1164 638 quod
1193 564 1490 632 scripserat
1520 561 1785 616 adversus
1817 575 1936 628 par-

346 682 451 728 tem
477 667 741 740 epistolae,
774 663 1022 736 penenit
1045 661 1108 714 ad
1138 657 1462 714 Petilianum
1491 657 1579 724 qui
1606 653 1939 724 reSpondere

346 773 572 821 conatus
593 768 699 825 est,
734 759 821 816 cui
852 753 1193 826 reSponsioni
1224 751 1442 807 tertium
1467 749 1664 806 librum
1689 747 1942 819 opposuit

345 855 701 928 Augustinus.

418 951 571 1007 Liber
598 950 662 1004 de
684 947 875 1003 unitate
904 943 1164 999 Ecclcsicc.
1192 972 1264 983 —
1293 942 1594 1012 Antequam
1625 938 1766 994 edita
1798 943 1944 1011 esset

345 1049 446 1104 ista
469 1043 750 1117 responsio
774 1040 1055 1112 epistolam
1079 1038 1150 1118 ad
1171 1037 1478 1094 Catltolicos
1507 1035 1598 1107 qui
1613 1037 1770 1104 vulgo
1790 1031 1944 1086 Liber

346 1144 411 1196 de
452 1139 657 1196 Unitate
707 1135 951 1191 Ecclesia:
1007 1132 1239 1199 dicitur,
1283 1129 1674 1201 conscripsisse
1709 1126 1940 1180 videtur.

346 1234 479 1290 Nam
506 1232 662 1302 hujus
688 1230 842 1285 initio
869 1227 1112 1284 meminit
1142 1225 1370 1282 duorum
1410 1225 1648 1293 priorum
1684 1221 1942 1276 librorum

344 1333 399 1388 in
430 1329 783 1394 Petilianum,
816 1332 922 1382 non
955 1324 1119 1381 tertii.

417 1423 563 1478 Libri
587 1431 763 1476 contra
791 1413 1612 1474 Cresconium.-—Grammalicus
1635 1413 1798 1468 etiam
1827 1409 1946 1481 qni-

351 1519 477 1574 dam
529 1514 804 1572 Donatista
851 1512 1177 1568 Cresconius
1220 1526 1342 1567 cum
1398 1510 1689 1565 invenisset
1716 1507 1946 1577 primunt

351 1612 637 1685 Augustini
659 1612 852 1666 librum
883 1610 934 1664 in
959 1607 1516 1675 Petilianum,putavit
1539 1588 1948 1671 ei'reSpOnden-

2039 371 2169 426 bere
2199 371 2364 424 voluit
2394 369 2471 423 Dc
2502 369 2656 422 unico
2681 366 2956 436 baptismo.
2992 363 3088 416 llic
3124 360 3258 413 liber
3288 369 3484 413 exstat.

2111 463 2228 518 Non
2256 470 2437 518 exstat
2476 462 2615 515 alius
2644 457 2868 531 grandis
2900 456 3034 510 liber
3059 463 3249 508 contra
3285 451 3602 505 Donatistas
3628 489 3651 513 ,

2039 557 2092 611 in
2121 572 2226 626 quo
2251 553 2570 609 ostendebat
2602 566 2787 605 cormn
2821 550 3080 604 adversus
3105 544 3409 599 Ecclesiam
3435 540 3653 597 Catho-
3744 567 3750 569 -

2044 652 2197 704 licam
2245 649 2469 718 impium
2509 661 2574 701 ac
2615 644 3063 715 superbissimum
3092 653 3333 695 errorem
3367 639 3480 692 sola
3516 637 3659 690 fun-

2043 745 2185 801 ditus
2217 743 2736 798 Maximianistarum
2771 754 2934 795 causa
2960 735 3218 792 subverti.
3303 794 3307 799 ,

2113 836 2367 894 Catholici
2394 835 2691 888 Donatistas
2712 834 2780 887 ad
2800 833 3124 886 collationem
3143 829 3381 883 invitant.
3408 857 3476 868 -
3500 827 3655 883 Dum

2048 933 2165 986 hate
2199 930 2448 998 prii-alim
2496 930 2547 982 in
2579 927 2883 982 Donatistas
2923 924 3142 979 molitur
3169 921 3502 992 Augustinus
3524 960 3542 984 ,
3591 918 3651 974 id

2045 1024 2275 1096 agebant
2303 1023 2541 1079 Africani
2571 1021 2808 1091 episcopi
2835 1029 2892 1075 ut
2920 1019 3228 1074 Donatistas
3255 1018 3446 1087 quovis
3477 1016 3656 1070 modo

2047 1119 2112 1174 ad
2139 1118 2488 1173 collationem
2518 1115 2883 1182 adducerent,
2916 1113 3019 1169 rati
3048 1112 3190 1168 nulla
3221 1111 3328 1166 alia
3353 1113 3436 1164 via
3466 1109 3660 1164 schis-

2048 1211 2277 1266 maticos
2303 1217 2395 1264 aut
2417 1204 2758 1264 reconciliari
2781 1216 2874 1262 aut
2901 1205 3146 1277 superari
3177 1219 3359 1275 posse.
3390 1202 3562 1274 Igitur
3592 1203 3655 1256 in

2048 1305 2282 1362 concilio
2311 1303 2552 1374 generali
2595 1303 2972 1374 episcOporum
3011 1301 3207 1355 Africa:
3234 1313 3376 1353 anno
3396 1296 3529 1365 403,
3557 1295 3656 1351 die

2050 1401 2120 1456 25
2162 1400 2412 1471 Augusti,
2455 1396 2780 1468 Carthagini
2816 1395 2998 1450 habito
3023 1394 3297 1449 decretum
3335 1401 3438 1454 est,
3465 1401 3523 1444 ut
3563 1403 3661 1443 so-

2051 1496 2218 1553 lemni
2260 1496 2624 1550 instrumento
2656 1498 3079 1562 provocarentur
3110 1486 3405 1542 Donatista:
3445 1485 3510 1537 ad
3538 1483 3661 1537 col-

2054 1591 2311 1645 lationem
2339 1587 2647 1644 habendam
2679 1586 2819 1639 inter
2849 1582 3094 1638 delectos
3122 1595 3190 1635 ex
3226 1589 3458 1648 utraque
3497 1583 3660 1645 parte

351 1707 572 1771 dum,et
596 1705 1004 1773 responsionem
1018 1716 1166 1757 suam
1188 1699 1253 1754 ad
1275 1696 1630 1768 Augustinum
1665 1693 1830 1748 misit.
1851 1690 1946 1746 Cui
1980 1677 2026 1736 B
2054 1685 2356 1754 episcopos.
2388 1680 2565 1737 Simul
2596 1694 2625 1733 a
2656 1677 2976 1747 Septiminio
3001 1674 3275 1744 petierunt
3309 1683 3361 1726 et
3399 1666 3660 1724 obtinue-

355 1800 506 1872 operi
536 1798 688 1855 libris
718 1805 950 1868 quatuor
979 1794 1071 1849 ille
1100 1791 1411 1862 respondit,
1439 1790 1510 1842 ita
1540 1803 1671 1842 sane
1704 1794 1760 1840 ut
1781 1783 1952 1839 tribus

353 1893 785 1966 perageretquod
802 1890 1046 1946 universa
1063 1885 1354 1955 responsio
1378 1882 1669 1952 flagitabat.
1697 1879 1802 1934 Sed
1825 1891 1947 1933 cum

355 1989 564 2046 videret
590 1987 658 2041 de
685 1986 796 2048 sola
813 1980 1316 2039 Maximianensium
1348 1969 1950 2043 causaquasuosschis-

355 2081 584 2160 maticos
613 2078 1006 2134 damnaverunt
1030 2084 1088 2128 et
1115 2086 1301 2128 eorum
1329 2070 1538 2139 aliquos
1550 2080 1760 2120 rursum
1775 2061 1828 2116 in
1840 2059 1951 2116 suis

354 2175 650 2232 honoribus
661 2180 1006 2242 receperunt,
1026 2168 1088 2224 ba
1095 2167 1459 2239 ptismumque
1469 2162 1536 2216 ab
1549 2160 1626 2215 eis
1642 2169 1792 2215 extra
1805 2171 1952 2212 com-

354 2270 665 2328 munionem
697 2275 854 2324 suam
883 2267 1065 2321 datum
1090 2279 1197 2318 non
1220 2261 1608 2332 repetiverunt,
1637 2252 1952 2324 responderi

357 2377 516 2438 pusse
537 2367 603 2421 ad
624 2375 818 2420 cuncta
834 2377 951 2433 qua:
965 2359 1214 2430 scripsit,
1228 2367 1479 2427 quartum
1502 2352 1699 2407 librum
1723 2347 1949 2418 adjecit,

354 2460 408 2515 in
437 2476 543 2531 quo
572 2459 622 2514 id
637 2445 1746 2530 quantumpotuitdiligentcretevidenter
1767 2452 1952 2496 osten-

355 2557 458 2612 dit.
495 2553 722 2622 Quando
759 2560 935 2605 autem
977 2547 1078 2602 bos
1105 2555 1336 2616 quatuor
1366 2541 1532 2595 libros
1575 2535 1816 2605 scripsit,
1841 2533 1952 2603 jam

355 2655 542 2705 contra
568 2644 878 2701 Donatistas
908 2643 1052 2712 leges
1080 2636 1306 2693 dederat
1327 2631 1601 2688 Hormi-ius
1626 2629 1948 2697 Imperator.

359 2740 438 2796 lta
469 2739 799 2810 Augustinus
827 2737 942 2805 ipse
969 2734 1035 2787 de
1065 2733 1168 2784 hoc
1195 2743 1361 2798 opere
1391 2726 1445 2780 in
1483 2723 1578 2778 lib.
1607 2738 1644 2776 ιι
1676 2721 1954 2775 Rctracta—
1998 2753 2006 2762 ο

363 2804 594 2897 tionuui,
629 2846 694 2887 ex
718 2829 913 2901 quibus
944 2823 1295 2894 intelligimus
1321 2821 1581 2887 scriptum
1607 2823 1729 2885 post
1749 2804 1953 2868 annum

361 2929 490 2994 406,
522 2941 644 2982 eum
672 2926 817 2995 leges
844 2919 1068 2978 Honorii
1101 2918 1168 2973 de
1199 2912 1663 2986 quibusloquitur
1687 2908 1825 2963 data:
1847 2905 1956 2960 sint

364 3038 507 3078 anno
534 3019 663 3079 405.
1571 3059 1573 3061 ,

434 3115 582 3170 Libri
610 3112 984 3175 Probationum
1016 3118 1062 3163 et
1084 3106 1484 3162 testimoniorum
1506 3110 1683 3155 contra
1707 3096 1953 3152 Donatis-

367 3224 464 3268 tas.
477 3209 794 3265 ——Posthaec
812 3217 867 3261 ut
885 3204 953 3260 ad
967 3203 1264 3259 Donatistas
1276 3200 1612 3272 pervenirent,
1630 3195 1800 3266 inquit
1814 3193 1954 3247 idem

368 3305 702 3374 Augustinus
729 3299 889 3368 ibid.,
924 3308 1104 3352 contra
1131 3310 1303 3349 eorum
1330 3307 1552 3346 errorem
1576 3298 1622 3342 et
1650 3303 1742 3358 pro
1776 3284 1953 3339 catho-

352 3401 468 3456 lica
497 3400 708 3455 veritate
728 3395 1012 3469 necessaria
1040 3392 1346 3445 documenta
1374 3387 1547 3440 curavi
1569 3385 1671 3438 sive
1692 3382 1754 3435 de
1779 3380 1958 3434 Eccle-

363 3495 619 3558 siasticis,
653 3493 759 3546 sive
783 3490 847 3545 de
874 3486 1089 3558 publicis
1121 3483 1294 3556 gestis,
1318 3481 1420 3534 sive
1450 3478 1514 3531 de
1544 3475 1832 3542 Scripturis
1861 3472 1957 3525 Ca-

365 3589 595 3652 nonicis,
629 3596 676 3640 et
711 3585 875 3654 primo
905 3580 974 3633 ad
1011 3579 1128 3632 illos
1161 3575 1337 3628 cadent
1379 3570 1635 3642 promissa
1666 3565 1865 3628 direxi,
1903 3570 1960 3616 ut

361 3685 464 3769 ipsi
488 3700 548 3738 ea
577 3681 621 3736 si
645 3679 755 3749 ﬁeri
787 3685 954 3746 posset
993 3676 1343 3740 exposcerent.
1394 3663 1521 3731 Qtue
1565 3676 1680 3714 cum
1711 3658 1959 3712 venissent

364 3757 420 3832 in
456 3791 629 3832 eorum
667 3767 1007 3840 quorumdam
1044 3777 1226 3817 manus
1252 3802 1266 3826 ,
1313 3757 1483 3811 nescio
1511 3753 1623 3824 quis
1653 3749 1842 3805 exstitit
1873 3745 1960 3816 qui

366 3886 460 3925 suo
489 3867 690 3922 nomine
720 3862 872 3917 tacito
901 3865 1078 3911 contra
1109 3854 1216 3907 ha'c
1246 3849 1505 3908 scriberet,
1534 3845 1609 3898 ita.
1639 3859 1690 3897 se
1715 3840 1961 3909 conﬁtens

370 3960 698 4017 Donatistam
739 3966 994 4022 tamquam
1037 3949 1128 4002 hoc
1168 3950 1452 3998 vocaretur.
1502 3936 1598 3992 Cui
1634 3951 1726 4006 ego
1757 3949 1961 4001 respon-

294 4044 298 4048 ⁷
370 4056 495 4110 deus
523 4052 684 4105 alium
728 4048 911 4102 librum
952 4040 1153 4112 scripsi.
1202 4037 1308 4090 Illa
1345 4049 1462 4087 vero
1503 4031 1808 4085 documenta
1847 4039 1962 4095 qua:

370 4150 703 4223 promiseram
719 4141 898 4216 junxi,
930 4147 975 4193 et
1003 4153 1066 4191 ea:
1087 4144 1302 4202 utroque
1329 4145 1483 4183 unum
1513 4143 1619 4180 esse
1645 4123 1803 4182 volui,
1833 4137 1966 4174 eum.

370 4216 469 4316 que
507 4242 582 4296 sic
618 4237 755 4293 edidi
777 4277 791 4301 ,
819 4243 872 4288 ut
899 4234 952 4285 in
977 4227 1254 4301 parietibus
1284 4223 1508 4278 basiliCte
1527 4234 1640 4290 qua:
1666 4216 1963 4270 Donatista-

372 4308 489 4391 rum
522 4336 690 4406 fuerat
733 4328 875 4400 prius
913 4321 1222 4394 prtepositus
1266 4317 1550 4388 legeretur,
1603 4313 1747 4382 cujus
1789 4308 1965 4362 titulus

373 4439 481 4494 est,
519 4401 906 4481 i’robationum
937 4426 991 4472 et
1029 4411 1461 4468 testimoniorum
1491 4415 1677 4460 contra
1709 4401 1963 4458 Donatis-

374 4536 480 4581 tas.
526 4519 754 4576 Alterius
791 4507 909 4568 libri
941 4525 1087 4580 quem
1123 4488 1718 4575 supracommemoravi,
1758 4496 1964 4549 titulum

376 4633 482 4674 esse
507 4613 668 4678 volui,
699 4609 902 4665 Contra
931 4601 1112 4657 nescio
1139 4612 1298 4668 quem
1325 4593 1678 4648 Donatistam.

451 4677 745 4764 Admonitio
787 4695 1175 4753 Donatistarum
1211 4689 1274 4742 de
1319 4681 1734 4739 Maximianistis.
1773 4708 1838 4717 --
1873 4677 1968 4732 llis

379 4803 591 4861 duobus
632 4775 786 4853 libris
827 4791 918 4863 qui
973 4801 1118 4843 nunc
1173 4781 1586 4840 desiderantur,
1632 4773 1822 4827 tertius
1875 4771 1968 4840 qui

379 4899 612 4954 amissus
661 4901 878 4962 quoque
915 4890 1020 4950 est,
1055 4875 1378 4936 accedebat,
1413 4871 1496 4925 cui
1546 4869 1736 4924 titulus
1774 4865 1966 4918 Admo-

379 4991 503 5044 nitio
558 4957 948 5038 Donatistarum
989 4973 1052 5027 de
1109 4964 1546 5026 Maximianistis,
1610 4962 1700 5030 qui
1750 4957 1963 5028 quidem

377 5082 594 5141 libellus
621 5085 740 5134 erat
767 5069 1145 5131 brevissimus,
1179 5072 1236 5117 ut
1268 5068 1450 5130 posset
1476 5055 1737 5111 facilitate
1763 5050 1966 5106 descri-

379 5173 542 5233 bendi
576 5174 629 5226 in
661 5167 895 5241 plurium
929 5174 1121 5217 manus
1162 5153 1469 5224 pervenire,
1502 5158 1556 5204 et
1589 5149 1701 5218 ipsa
1730 5145 1811 5200 sui
1845 5143 1966 5198 bre-

380 5268 549 5322 vitate
578 5262 789 5318 faciliu-s
818 5254 1096 5312 memoriae
1125 5243 1514 5303 commendari.

384 5366 407 5418 Ξ
457 5335 1579 5420 Liberdeunicobaptismo.—-—Postaliquod
1616 5346 1849 5401 tempus,
1877 5329 1972 5384 sed

327 5503 330 5506 .
387 5465 512 5510 ante
524 5450 865 5508 collationem
877 5439 1356 5508 Carthaginensem
1371 5445 1523 5502 ,cum
1538 5427 1744 5481 amicus
1755 5423 1972 5493 quidam

387 5551 569 5604 illiusa
583 5542 766 5600 nescio
779 5531 1165 5609 quoDonatista
1181 5526 1499 5598 presbytero
1518 5521 1714 5576 librum
1727 5513 1978 5571 Petiliani

389 5645 458 5699 de
470 5607 906 5706 uuicobaptismo
919 5625 1283 5696 accepissetet
1301 5619 1366 5674 ad
1393 5617 1747 5687 Augustinum
1761 5607 1977 5664 attulis-

390 5748 495 5803 set,
517 5735 676 5792 enixe
693 5701 886 5799 rogans
901 5724 1050 5781 illum
1064 5728 1123 5777 ut
1135 5718 1184 5774 ei
1199 5711 1582 5785 responderet,
1601 5704 1848 5778 precibus
1859 5701 1977 5772 ejus

2055 1787 2180 1833 runt
2229 1787 2339 1830 tum
2383 1771 2740 1830 conveniendi
2792 1768 3135 1833 Donatistas,
3183 1775 3295 1818 tum
3341 1758 3660 1831 inquirendi

2054 1872 2122 1927 de
2177 1871 2343 1941 gestis
2404 1871 2455 1923 in
2513 1881 2674 1922 causa
2746 1847 3286 1919 Illasimianistarum.
3353 1855 3660 1908 Donatistae

2057 1983 2152 2036 pro
2199 1979 2298 2018 suo
2346 1976 2498 2016 more
2539 1957 2891 2014 collationem
2944 1956 3281 2007 recusarunt.
3327 1946 3483 2000 Tunc
3541 1943 3664 2012 epi-

2054 2058 2247 2113 stolam
2303 2056 2454 2110 laicis
2484 2052 2726 2121 ejusdem
2779 2059 2940 2104 secta:
2993 2034 3208 2118 scripsit
3265 2041 3608 2111 Augustinus
3640 2080 3656 2103 ,

2054 2164 2114 2208 ut
2162 2167 2227 2208 ex
2293 2150 2393 2203 hac
2456 2149 2832 2218 episcoporum
2897 2139 3275 2210 repudiationc
3337 2141 3656 2204 suspectam

2053 2261 2230 2301 causae
2263 2258 2374 2298 sua:
2398 2241 2660 2311 juStitiam
2690 2235 2908 2292 tandem
2938 2234 3139 2288 habere
3167 2232 3468 2285 discerent.
3599 2295 3610 2303 .

2128 2338 2415 2393 Donatist
2448 2334 2638 2388 irritati
2671 2332 2732 2386 ob
2764 2331 2897 2384 hanc
2934 2326 3368 2400 provocationem.
3403 2320 3590 2394 Legati
3627 2337 3662 2373 a

2056 2433 2334 2489 Cat/iolicis
2383 2430 2450 2483 ad
2501 2430 2860 2493 imperatorem
2905 2421 3070 2475 missi.
3119 2448 3190 2460 --
3243 2419 3311 2471 At
3356 2413 3659 2470 Donatista

2056 2543 2162 2598 quo
2189 2523 2511 2580 clementius
2540 2501 2909 2576 et'instantius
2939 2514 3309 2569 invitabantur
3338 2509 3406 2564 ad
3440 2521 3658 2578 pacem,

2057 2637 2122 2677 eo
2148 2619 2380 2674 ferocius
2401 2631 2464 2670 ac
2489 2614 2685 2668 SlBViUS
2717 2612 2768 2665 in
2793 2608 3111 2664 Catholicos
3141 2605 3323 2660 furere
3345 2611 3657 2672 coeperunt.

2060 2715 2387 2783 Argumento
2440 2722 2561 2763 esse
2595 2713 2769 2775 potest
2813 2701 3112 2770 Crispinus,
3157 2696 3499 2752 Calamensis
3542 2693 3662 2762 epi-

2056 2807 2272 2877 sc0ptfs,
2298 2818 2503 2874 magna:
2525 2802 2665 2856 inter
2687 2811 2815 2854 suos
2838 2791 3196 2857 auctoritatis,
3224 2788 3313 2859 qni
3347 2783 3660 2842 Possidium

2057 2900 2300 2970 ejusdem
2332 2897 2564 2952 civitatis
2587 2892 2927 2948 Catholicum
2957 2888 3272 2956 episcopum
3300 2881 3381 2935 sic
3417 2879 3662 2933 insecta—

2060 3006 2144 3048 tus
2170 3003 2272 3058 cst,
2305 3000 2364 3045 ut
2391 2989 2436 3044 is
2469 2989 2560 3042 vix
2587 2985 2711 3054 fuga
2743 2981 2903 3037 saluti
2932 2992 3047 3034 sua:
3076 2974 3362 3031 consulere
3392 2970 3657 3040 potuerit.

1982 3063 2027 3127 C
2059 3086 2138 3143 Ob
2167 3086 2282 3141 Ιιατε
2312 3094 2367 3139 et
2397 3078 2504 3136 alia
2538 3079 2779 3134 facinora
2809 3073 3096 3141 CriSpinus
3124 3069 3178 3122 in
3200 3065 3468 3136 judicium
3499 3077 3662 3118 voca-

2061 3189 2146 3236 tus
2187 3187 2239 3233 et
2269 3185 2538 3244 tamquam
2579 3169 2867 3225 haereticus
2906 3171 3191 3220 accusatus
3216 3202 3230 3226 ,
3261 3174 3384 3214 cum
3417 3173 3487 3214 ex
3521 3171 3663 3226 prs:-

2061 3277 2264 3346 scripto
2299 3273 2436 3342 legis
2464 3266 2865 3324 Theudosianas
2903 3260 3030 3315 anni
3077 3256 3184 3313 392
3215 3254 3402 3310 decem
3446 3251 3565 3306 auri
3595 3250 3663 3304 li-

2026 3370 2278 3425 .brarum
2333 3364 2586 3419 mulctam
2645 3357 2750 3413 sibi
2802 3354 3109 3425 impositam
3161 3348 3420 3410 vidisset,
3472 3358 3659 3399 coram

2061 3460 2382 3536 proconsule
2412 3471 2630 3513 causam
2673 3466 2824 3523 suam
2866 3464 2960 3518 per
2990 3445 3222 3501 triduum
3257 3438 3543 3512 peroravit
3577 3446 3661 3491 at-

2061 3573 2165 3627 quc
2205 3553 2442 3609 lncretici
2476 3551 2685 3604 crimen
2728 3562 2756 3600 a
2798 3560 2857 3600 se
2898 3536 3115 3596 amoliri
3140 3543 3367 3592 conatus
3405 3541 3509 3587 est.
3551 3529 3662 3587 Sed

2056 3650 2256 3720 justam
2307 3661 2370 3700 ac
2418 3644 2713 3714 legitimam
2762 3636 2926 3692 fuisse
2971 3633 3075 3688 hoc
3125 3631 3344 3684 nomine
3389 3624 3659 3695 prolatam

2062 3715 2389 3796 sententiam
2417 3733 2698 3790 Possidius
2725 3731 2777 3783 in
2819 3728 3028 3799 publica
3055 3720 3426 3793 disputatione
3466 3715 3664 3786 proba-

2062 3835 2174 3898 vit;
2221 3843 2274 3888 et
2304 3842 2480 3886 tamen
2512 3828 2738 3883 remissa
2769 3822 2999 3879 Possidii
3034 3801 3219 3888 rogatu
3245 3814 3445 3869 mulcta
3471 3852 3486 3877 ,
3513 3808 3666 3864 Cris-

2062 3930 2220 3999 pinus
2249 3916 2953 3995 imperatorem,appellavit
2991 3911 3084 3983 qui
3115 3906 3361 3965 eamdem
3395 3903 3658 3957 mulctam

2064 4021 2164 4090 ipsi
2195 4016 2517 4083 cmterisque
2549 4008 2845 4066 Donatistis
2876 4005 3090 4060 inflixit.
3119 4000 3252 4056 Cum
3286 3999 3402 4051 haec
3429 4008 3665 4064 ageren-

2066 4120 2151 4166 tur
2206 4104 2686 4163 Circumcellioncs
2731 4102 2783 4154 in
2832 4097 3212 4152 Maximianum
3266 4089 3663 4159 Bagaiensem,

2066 4204 2158 4276 qui
2201 4201 2480 4257 basilicam
2523 4197 2730 4266 legibus
2761 4191 3052 4262 repetierat
3095 4197 3147 4242 et
3190 4187 3241 4239 in
3287 4184 3520 4240 Servum
3557 4180 3667 4234 Tu-

2068 4295 2411 4355 bursicuburi
2452 4287 2801 4360 episcopum,
2843 4284 2935 4355 qui
2963 4283 3121 4336 aliam
3163 4278 3381 4350 petebat
3414 4276 3665 4343 aliosque

2071 4394 2353 4463 episcopos
2379 4430 2392 4452 ,
2434 4386 2664 4442 clericos
2691 4423 2706 4447 ,
2735 4389 2788 4435 et
2820 4379 2985 4432 lairos
3017 4386 3122 4429 tam
3150 4371 3409 4426 atrociter
3437 4365 3667 4438 grassati

1992 4461 2045 4520 Ῑ)
2072 4460 2129 4541 ut
2178 4481 2395 4540 concilii
2445 4473 2892 4546 Carthaginiensis
2932 4485 3074 4524 anno
3121 4464 3225 4520 404
3265 4461 3437 4516 habiti
3479 4460 3666 4514 Patres
3714 4475 3716 4477 ν

2068 4581 2154 4636 die
2174 4579 2245 4632 ‘26
2270 4576 2412 4632 Junii
2439 4571 2728 4628 Theasium
2755 4577 2809 4622 et
2837 4563 3098 4620 Evodium
3128 4559 3332 4628 legatos
3379 4554 3447 4608 ad
3490 4553 3660 4620 impe-

2069 4681 2304 4726 ratorem
2345 4664 2635 4721 mittendos
2678 4675 2800 4716 esse
2840 4653 3192 4714 censuerint,
3223 4648 3312 4718 qui
3338 4646 3386 4702 ei
3422 4659 3664 4714 expone-

2071 4773 2194 4819 rent
2233 4777 2392 4828 quam
2437 4757 2692 4812 immania
2737 4769 2765 4807 a
2798 4747 3094 4806 Donatistis
3125 4745 3178 4799 in
3219 4735 3535 4812 Catltolicos
3571 4751 3665 4807 pa-

2074 4848 2374 4918 trarentur,
2394 4851 2594 4920 quique
2622 4853 2906 4916 poscerent
2938 4852 2992 4896 ut
3017 4831 3512 4898 Ecclesiatuitioni
3539 4845 3663 4900 pro-

2079 4947 2330 5006 viderent
2364 4919 2430 4997 ac
2475 4943 2646 5009 legem
2690 4934 2978 4991 Theodosii
3009 4928 3398 5001 promulgatam
3429 4925 3482 4978 in
3516 4919 3666 4977 ordi-

2085 5049 2304 5093 natores
2328 5034 2408 5089 vel
2437 5033 2715 5088 ordinatos
2744 5025 3022 5080 hmreticos
3050 5021 3333 5076 seuetiam
3362 5019 3416 5070 in
3447 5027 3667 5082 posses-

2084 5145 2236 5187 sores
2276 5130 2516 5182 locorum
2557 5125 2610 5178 in
2644 5121 2838 5193 quibus
2874 5109 3435 5183 eorum'congregatio
3474 5107 3668 5174 depre-

2085 5222 2358 5286 henditur,
2384 5219 2794 5280 conlirmarent,
2822 5221 2873 5265 et
2899 5211 2951 5263 in
2980 5205 3288 5263 Donatistas
3311 5200 3491 5254 valere
3512 5197 3667 5267 jubeo

2082 5325 2223 5372 rent.
2267 5312 2526 5369 Similiter
2564 5317 2619 5364 ut
2657 5308 2759 5361 alia
2803 5306 2888 5359 lex
2917 5315 3039 5372 qua:
3073 5299 3141 5354 de
3171 5293 3443 5350 haereticis
3479 5289 3567 5344 vel
3600 5303 3665 5343 ex

2084 5407 2458 5467 donationibus
2486 5404 2568 5458 vel
2597 5417 2668 5456 ex
2703 5395 3037 5455 testamentis
3061 5387 3267 5460 aliquid
3305 5381 3555 5455 cnpiendi
3583 5378 3667 5435 vel

2083 5500 2421 5575 relinquendi
2446 5500 2535 5569 jus
2563 5495 2784 5560 adimit,
2812 5497 3178 5558 repeteretur;
3212 5484 3282 5538 ita
3310 5490 3488 5536 tamen
3519 5486 3579 5530 ut
3603 5473 3668 5529 iis

2086 5599 2174 5671 qui
2203 5592 2636 5652 consideratione
2661 5587 2883 5644 unitatis
2919 5591 2975 5638 et
3009 5579 3156 5651 pacis
3178 5592 3237 5633 se
3265 5573 3544 5643 corrigere
3571 5584 3667 5621 vo-

2087 5665 2320 5762 luerint,
2349 5687 2679 5749 bwreditatis
2717 5671 3231 5752 aditusjpateret,-si
3263 5669 3438 5724 adhuc
3465 5665 3520 5719 in
3562 5666 3670 5718 Inc-
