3848 6220
247 292 358 348 817

1427 289 1742 348 HISTORIA
1785 289 2343 348 DONATISTAHUM.

3425 291 3530 346 818

249 409 363 465 resi
390 409 696 464 constitutis
722 408 920 480 aliquid
941 416 1062 462 ante
1091 407 1400 463 donationis
1434 410 1520 464 vel
1550 408 1836 463 haeredita-
1867 407 1920 466 A
2013 408 2173 460 Anno
2201 397 2330 471 408,
2361 405 2623 462 Stilieone
2652 407 2717 462 ad
2735 366 2894 463 .diem
2919 407 2992 465 2'5
3019 406 3241 480 Augusti
3271 405 3528 461 interfec-

251 505 327 558 tis
357 504 637 559 obvenerit
668 522 680 555 :
717 505 795 556 bis
845 513 1020 556 tamen
1067 493 1335 568 exceptis,
1376 501 1467 571 qui
1518 501 1609 555 lite
1646 499 1840 567 pulsati

251 584 569 666 putaverint
597 598 668 650 ad
697 595 1028 651 Catholicam
1062 595 1472 671 transeundum,
1516 596 1637 663 quia
1667 592 1732 648 de
1762 599 1843 645 ta-

249 687 397 742 libus
425 690 684 744 credibile
719 699 801 744 est
845 704 951 742 non
994 697 1137 742 metu
1170 683 1407 742 caelestis
1449 685 1633 756 judicii
1666 686 1843 755 p0tius

250 796 416 852 quam
464 783 660 837 terreni
691 781 960 836 commodi
1008 779 1267 834 aviditate
1296 780 1557 834 unitatem
1599 777 1841 833 Catholi-

247 886 372 927 cam
414 885 766 942 praeoptasse.
805 872 941 927 Huic
983 872 1215 942 publica}
1261 873 1513 942 legationi
1556 880 1608 926 et
1651 869 1844 925 litteris

247 963 471 1043 concilii
499 965 563 1018 ad
588 966 966 1034 imperatorem
998 966 1223 1043 adjectae
1255 976 1380 1019 sunt
1407 967 1641 1035 querelte
1668 965 1842 1034 priva-

217 1041 431 1113 ‘tornni
456 1061 544 1129 qui
574 1061 766 1131 injuria
795 1060 969 1116 all'ecti
999 1041 1154 1116 erant
1183 1075 1212 1114 a
1243 1060 1557 1114 Donatistis.

329 1151 568 1206 Edictum
596 1153 660 1206 de
691 1151 899 1208 Unitate
927 1153 987 1206 ab
1021 1153 1252 1208 Honorio
1282 1155 1462 1207 latum.
1498 1152 1679 1207 Unitas
1708 1154 1844 1222 facta

248 1243 574 1313 Carthagini.
605 1272 674 1282 ——
704 1243 798 1298 His
827 1253 1129 1298 commotus
1154 1245 1428 1298 Honorius
1456 1244 1506 1297 in
1537 1243 1841 1297 Donatistas

249 1352 350 1392 seu
381 1335 798 1403 Rebaptizantes
823 1338 1227 1392 severissimum
1262 1338 1379 1392 tulit
1407 1337 1642 1392 edictum
1673 1336 1842 1406 pridie

249 1430 376 1484 idus
412 1426 713 1491 Februarii,
750 1428 1011 1485 Stilicone
1048 1428 1092 1484 Il
1121 1440 1174 1483 et
1207 1430 1495 1483 Anthemio
1519 1428 1700 1495 Coss.,
1740 1430 1843 1484 hoc

249 1530 339 1592 est
363 1535 507 1575 anno
536 1520 663 1576 405.
693 1520 867 1590 Hujus
891 1520 1050 1575 edicti
1085 1522 1252 1590 partis
1279 1533 1401 1591 sunt
1429 1523 1589 1596 leges.
1612 1531 1844 1590 quatuor

250 1613 499 1679 haeuna
541 1620 598 1667 et
632 1611 820 1667 eadem
864 1612 951 1667 die
996 1613 1135 1667 datm
1175 1617 1225 1666 in
1271 1612 1405 1667 Cod.
1437 1612 1841 1667 Theodosiano.

251 1708 465 1762 Dictum
498 1715 581 1760 eSt
616 1714 795 1758 autem
836 1703 1069 1760 Unitatis
1105 1705 1375 1771 edictum,
1409 1706 1533 1774 quia
1577 1692 1841 1771 per‘illod

1947 507 2002 552 to
2023 538 2037 562 ,
2073 513 2226 553 novae
2259 513 2355 568 per
2382 498 2683 554 Donatistas
2711 501 2881 554 turbae
2906 501 3153 556 excitata:
3184 508 3308 555 sunt
3331 543 3347 568 ,
3375 498 3534 569 quasi

1943 606 2010 647 eo
2038 602 2252 648 mortuo
2275 592 2485 662 legibus
2511 593 2670 647 soluti
2693 602 2897 660 essent,
2930 605 2986 650 et
3011 609 3077 650 ne
3099 593 3342 650 audacia:
3376 593 3530 649 color
3591 619 3595 622 ν

1943 683 2181 748 deesset,
2215 683 2606 763 indulgentiam
2639 684 2706 738 ab
2730 685 2966 740 Honorio
3005 685 3198 740 iactam
3229 686 3523 742 commenti

1944 789 2087 836 sunt.
2123 777 2228 833 Sed
2270 786 2637 832 commentum
2681 779 2860 833 statim
2901 779 3231 849 dissiparunt
3277 781 3423 850 leges
3461 779 3530 833 ab

1948 873 2277 942 imperatore
2306 870 2495 926 eodem
2523 887 2665 926 anno
2686 880 2740 928 et
2769 873 3016 942 sequenti
3048 873 3102 928 in
3131 887 3224 928 eos
3260 870 3405 929 latae.
3437 873 3534 928 His

1946 979 2137 1020 severe
2169 962 2534 1033 exsequendis
2563 977 2684 1017 cum
2713 961 3088 1018 incumberent
3109 964 3389 1032 praesides,
3415 979 3535 1035 βαε-
3574 1027 3582 1032 η

1949 1070 2072 1109 nam
2102 1055 2382 1124 sanguinis
2411 1069 2439 1107 a
2472 1053 2713 1130 factiosis
2744 1053 3105 1108 schismaticis
3132 1055 3341 1109 amoliri
3371 1070 3536 1111 cona-

1945 1155 2033 1201 tus
2061 1155 2143 1201 est
2166 1146 2514 1217 Augustinus.
2548 1147 2749 1203 Verum
2780 1156 2838 1202 ut
2863 1156 2991 1202 sunt
3016 1147 3299 1203 versatiles
3329 1149 3534 1217 princi-

1947 1255 2073 1310 pum
2115 1241 2264 1310 lt-ges
2284 1281 2297 1303 ,
2333 1238 2476 1294 circa
2506 1240 2739 1294 medium
2771 1239 2897 1294 anni
2927 1238 3035 1296 409
3061 1239 3331 1295 Honorius
3352 1239 3538 1313 ntere.

1947 1332 2069 1386 tieis
2096 1331 2413 1386 exercendae
2450 1332 2854 1399 superstitionis
2883 1348 2994 1386 suae
3031 1314 3358 1403 potestatem
3401 1347 3533 1388 con-

1946 1427 2128 1479 cessit.
2180 1425 2284 1480 Sed
2331 1441 2448 1479 eam
2500 1425 2824 1490 libertatem,
2883 1425 3243 1497 ﬂagitantibus
3320 1428 3536 1488 concilii

1945 1517 2387 1587 Carthaginiensis
2420 1518 2686 1584 Patribus,
2718 1535 2747 1573 a
2778 1519 2971 1591 quibus
2999 1521 3235 1592 quinque
3255 1523 3538 1596 episcopo-

1947 1625 2065 1664 rum
2108 1611 2302 1681 legatio
2351 1612 2418 1665 ad
2474 1612 2784 1667 comitatum
2840 1614 3000 1668 missa
3047 1624 3163 1670 erat
3193 1657 3209 1682 ,
3263 1619 3536 1671 revocavit
3597 1597 3600 1600 λ

1948 1701 2137 1756 eodem
2163 1717 2326 1767 anno,
2351 1711 2404 1756 et
2428 1704 2824 1758 severissimam
2856 1705 2910 1758 in
2950 1719 3044 1760 eos
3090 1705 3261 1777 legem
3289 1707 3537 1762 tulitdao

249 1802 356 1856 sub
384 1801 560 1870 poenis
590 1799 698 1870 20
725 1799 1059 1869 gravissimis
1088 1797 1385 1867 injunctum
1416 1809 1532 1852 erat
1575 1798 1842 1853 haereticis
1876 1795 1919 1854 Β
1951 1804 2056 1847 tam
2126 1809 2218 1849 vm
2299 1793 2524 1850 Kalend;
2600 1796 2928 1866 Septembris
3001 1796 3162 1866 hujus
3226 1799 3351 1872 anni
3429 1797 3537 1856 410

248 1905 310 1947 et
368 1892 727 1947 schismaticis
783 1891 848 1944 ad
897 1889 1229 1945 Catholicam
1288 1891 1586 1947 Ecclesium
1644 1891 1842 1946 redire.

250 1986 476 2040 Missum
505 1984 572 2038 ad
606 1983 934 2038 Hadrianum
970 1984 1072 2038 PP.
1109 1984 1273 2037 Italiae
1302 1995 1356 2038 et
1386 1985 1661 2054 speciatim
1693 1985 1781 2039 die
1811 1985 1844 2041 5

251 2079 429 2133 Martii
461 2077 528 2132 ad
556 2081 933 2148 proconSnlcm
968 2076 1187 2140 Africae,
1221 2086 1277 2130 ut
1307 2077 1378 2130 ibi
1412 2077 1844 2148 promulgaretnr

249 2182 310 2227 et
338 2172 642 2226 executioni
675 2171 1040 2226 mandaretur.
1067 2171 1128 2226 Vi
1161 2172 1317 2240 hujus
1340 2172 1501 2226 edicti
1523 2172 1843 2228 cito.Unitas

247 2266 394 2335 apud
431 2265 816 2336 Carthaginem
861 2265 1018 2331 facta,
1061 2266 1264 2325 tardius
1306 2266 1357 2319 in
1391 2267 1603 2321 etcteris
1647 2266 1842 2321 Airicze

250 2359 548 2431 provinciis
586 2358 635 2411 id
679 2359 846 2425 potuit
883 2357 1140 2412 obtineri.
1187 2357 1244 2410 In
1292 2357 1525 2412 concilio
1561 2356 1841 2428 Carthagi-

250 2454 413 2509 nensi
441 2452 624 2507 habito
648 2452 720 2506 ‘25
744 2450 1242 2522 Augusticjusdem
1273 2451 1420 2516 anni,
1456 2450 1732 2506 decretum
1761 2460 1843 2504 est

249 2555 314 2600 ut
346 2546 466 2615 quia
497 2543 637 2615 apud
664 2544 1046 2613 Carthaginem
1073 2551 1278 2621 tantum
1306 2543 1482 2596 unitas
1512 2541 1654 2597 facta
1689 2552 1798 2597 erat
1823 2584 1838 2610 ,

247 2641 515 2695 darentur
544 2639 705 2694 etiam
741 2638 938 2694 litterae
968 2637 1033 2692 ad
1058 2635 1266 2708 judices
1287 2678 1301 2701 ,
1337 2647 1392 2689 ut
1420 2645 1468 2688 et
1504 2636 1554 2689 in
1577 2637 1697 2689 aliis
1721 2650 1843 2704 pro-

246 2731 448 2785 vinciis
469 2741 523 2783 et
544 2729 853 2784 civitatibus
876 2742 1096 2798 cperant
1125 2727 1359 2797 impendi
1381 2727 1607 2795 jubeant
1628 2726 1840 2789 unitati,

246 2834 424 2891 utque
454 2824 750 2891 gratiarum
786 2824 1031 2878 actiones
1061 2823 1128 2878 de
1156 2821 1566 2892 Carthaginensi
1595 2820 1838 2875 Ecclesia

245 2931 356 2988 pro
409 2916 655 2970 universa
712 2915 895 2970 Africa
951 2915 1020 2970 de
1067 2913 1380 2970 exclusione
1435 2914 1837 2967 Donatistarum

246 3025 379 3065 cum
409 3011 784 3080 episcoporum
815 3010 1008 3064 litteris
1030 3011 1099 3065 ad
1129 3010 1443 3065 comitatum
1474 3010 1836 3062 mitterentur.

247 3105 323 3159 Et
348 3119 558 3159 rursum
593 3104 741 3158 missi
769 3103 877 3159 duo
906 3104 1083 3158 clerici
1113 3103 1178 3158 ad
1204 3101 1515 3159 comitatum
1544 3103 1610 3156 ad
1642 3102 1841 3172 gratia-

1947 1888 2013 1941 ad
2047 1886 2418 1942 Heraclianum
2442 1888 2692 1944 comitem
2716 1890 2911 1945 Africa:
2935 1907 2949 1943 :
2973 1907 3074 1960 qua
3100 1879 3309 1946 oraculo
3335 1893 3538 1962 penitus

1946 1989 2137 2032 remoto
2165 1995 2264 2044 quo
2295 1979 2363 2032 ad
2382 1981 2512 2036 ritus
2538 1983 2659 2035 suos
2688 1982 2939 2036 haeretica:
2966 1985 3341 2052 superstitionis
3370 1984 3537 2040 Itami-

1947 2087 2033 2124 nes
2062 2071 2405 2142 obrepserant,
2439 2075 2729 2141 plectendos
2769 2092 2853 2130 eos
2891 2078 3464 2145 ptena‘proscriptionis
3489 2089 3537 2133 et

1946 2164 2210 2235 sanguinis
2237 2168 2430 2231 statuit,
2463 2166 2506 2220 si
2532 2170 2667 2220 ultra
2695 2170 2960 2220 convenire
2985 2183 3073 2236 per
3111 2167 3374 2240 publicum
3419 2185 3537 2224 exe-

1947 2256 2138 2308 cranda
2163 2257 2363 2309 sceleris
2385 2259 2462 2311 sui
2493 2259 2769 2313 temeritate
2797 2261 3139 2338 tentaverint;

2020 2347 2203 2402 Edicta
2216 2350 2278 2402 de
2291 2350 2649 2405 cenvocatione
2660 2355 3014 2423 episwporum
3025 2354 3095 2408 ad
3107 2354 3532 2409 collationem.—

1945 2439 2182 2495 Tandem
2235 2457 2355 2497 cum
2407 2444 2475 2499 ab
2518 2452 2739 2516 utraque
2770 2458 2922 2517 parte
2944 2448 3535 2517 petita'essetcollatio,

1944 2552 2172 2607 eamque
2193 2539 2350 2594 enixe
2370 2538 2674 2610 ﬂagitarent
2697 2541 2977 2604 Catholici,
3009 2549 3171 2613 atque
3198 2558 3259 2598 ea
3281 2543 3347 2599 de
3376 2559 3538 2600 causa

1945 2629 2150 2700 legatos
2174 2632 2241 2687 ad
2270 2634 2649 2704 imperatorem
2681 2635 2979 2690 Honorium
3027 2638 3319 2704 misissent,
3365 2639 3432 2693 ab
3471 2654 3538 2694 eo

1944 2724 2114 2779 edic1a
2139 2733 2241 2791 est,
2277 2729 2556 2783 sanctione
2600 2729 2722 2784 data
2745 2730 3015 2785 Ravennae
3046 2731 3219 2801 pridie
3246 2732 3365 2788 idus
3389 2743 3540 2788 octo-

1944 2817 2055 2872 bris
2079 2819 2178 2873 sub
2207 2821 2490 2876 consulatu
2538 2822 2785 2889 Varanis,
2833 2839 2975 2878 anno
3017 2825 3223 2881 scilicet
3265 2826 3401 2891 410,
3433 2843 3535 2896 qua

1949 2909 2257 2966 Donatistas
2283 2913 2567 2991 episcopos
2593 2925 2646 2970 et
2679 2913 2988 2972 Catholicos
3015 2917 3068 2971 in
3097 2919 3283 2973 urbem
3310 2917 3540 2974 Cartha-

1940 3003 2218 3070 ginensem
2247 3005 2386 3058 intra
2415 3014 2646 3074 quatuor
2688 3023 2904 3063 menses
2950 3005 3244 3065 convenire
3279 3010 3451 3080 jubet,
3480 3020 3539 3066 ut

1944 3095 2130 3152 electis
2151 3098 2219 3153 ab
2249 3110 2475 3169 utraque
2505 3109 2656 3171 parte
2685 3103 3081 3170 sacerdotibus,
3103 3119 3261 3160 causa
3290 3107 3541 3161 commit-

245 3213 376 3253 rum
419 3197 682 3253 actionem
726 3197 988 3268 agendam
1021 3208 1076 3250 et
1106 3195 1391 3266 petendam
1437 3196 1835 3250 Donatistarum
1865 3177 2087 3246 C'tatur
2111 3191 2569 3262 disputationibus
2594 3195 2863 3266 agitanda.
2893 3196 3046 3265 Quod
3077 3197 3121 3252 si
3160 3198 3298 3252 intra
3330 3200 3540 3267 praesti-

249 3288 458 3358 ubique
487 3287 540 3342 in
570 3287 748 3344 Africa
776 3289 1166 3345 exclusionem.

330 3378 642 3434 Maximinus
672 3379 945 3434 Sinitensis
975 3379 1240 3434 Donatista
1262 3381 1584 3435 collationem
1598 3379 1838 3451 postulat.

159 3552 165 3557 _
207 3477 214 3481 ’
245 3503 325 3514 -
346 3472 504 3526 Anno
536 3472 645 3528 406
663 3474 796 3540 ,‘die
821 3475 891 3530 30
916 3473 1187 3542 Januarii,
1215 3474 1532 3529 Maximinus
1558 3475 1844 3546 episcOpus

248 3565 548 3620 Sinitensis
584 3565 784 3630 aliique
823 3567 1061 3621 nonnulli
1095 3567 1384 3620 Donatista:
1427 3566 1755 3621 audientiam
1788 3566 1842 3620 in

248 3658 474 3730 publico
518 3659 656 3729 apud
702 3658 1012 3713 Ravennam
1057 3647 1315 3714 consessu
1362 3673 1544 3713 coram
1586 3657 1845 3729 praefecto

249 3754 496 3823 prmtorii
528 3752 799 3822 petierunt
826 3753 913 3806 ubi
953 3767 1073 3806 cum
1106 3752 1401 3807 Catholicis
1441 3766 1658 3806 causam
1687 3767 1841 3808 suam

251 3846 607 3902 ventilarent.
660 3845 798 3915 Quid
843 3849 1104 3901 Statut'unt
1148 3845 1311 3900 fuerit
1358 3847 1618 3900 incertum
1648 3887 1661 3910 ,
1709 3843 1845 3898 nihil

250 3948 406 3993 certe
444 3947 619 3992 actum
666 3947 770 3992 est.
820 3937 1142 3993 Maximinus
1185 3938 1355 3993 redux
1400 3939 1452 3992 in
1497 3938 1732 3992 Africam
1776 3936 1844 3992 ad

250 4029 555 4085 Ecclesium
588 4030 917 4093 Catholicam
948 4015 1199 4085 arcessit.

329 4123 593 4178 Statutum
629 4125 692 4177 de
730 4120 997 4193 Episcopis
1036 4132 1088 4175 et
1117 4120 1502 4194 It‘piscOpaIibus
1548 4121 1843 4176 Donatista-

251 4236 389 4272 rum.
417 4245 487 4255 --
508 4217 663 4269 Anno
692 4215 821 4280 407,
863 4217 913 4269 itt
951 4217 1183 4271 concilio
1212 4214 1623 4284 Cstt‘lhﬂgillt‘llSl
1659 4229 1846 4270 mense

248 4312 438 4380 Juoio,
472 4311 729 4367 statuitur
766 4320 821 4364 ut
854 4311 1039 4379 plebes
1072 4325 1190 4379 qua:
1219 4325 1498 4367 conversae
1525 4318 1650 4363 sunt
1673 4324 1700 4360 a
1746 4309 1850 4362 Do-

253 4406 474 4460 natistis
501 4414 554 4458 et
582 4404 886 4458 habuerunt
908 4401 1214 4471 episcOpos,
1247 4417 1343 4455 eos
1385 4401 1690 4457 inconsulto
1718 4416 1850 4455 con-
1895 4473 1898 4477 ι

195 4503 205 4509 ’
250 4499 386 4553 cilio
415 4497 682 4552 retineant
717 4513 732 4550 ι
765 4510 888 4564 qute
908 4504 1086 4547 autem
1121 4493 1422 4548 habuerunt
1451 4495 1761 4562 episcopum
1793 4503 1846 4547 et

1947 3293 2118 3339 tutum
2161 3294 2372 3353 tempus
2423 3287 2821 3342 Donatistarum
2857 3289 3097 3360 episcopi
3129 3306 3234 3345 non
3274 3305 3541 3346 convene-

1946 3377 2084 3443 rint,
2116 3379 2238 3433 trini
2269 3379 2433 3435 edicti
2462 3383 2745 3438 vocatione
2785 3391 3130 3440 contumaces
3172 3383 3539 3450 declarentur,

1947 3470 2142 3539 quibus
2169 3473 2455 3528 transactis
2483 3474 2527 3528 si
2555 3476 2826 3542 provocati
2871 3475 3061 3545 adesse
3090 3477 3535 3545 contempserint,

1946 3561 2102 3616 cedat
2139 3558 2262 3618 cum
2294 3564 2550 3621 Ecclesiis
2591 3567 2819 3636 populus
2863 3568 2952 3638 qui
2977 3568 3230 3623 doctores
3259 3583 3387 3623 suos
3414 3583 3537 3623 cum

1945 3654 2163 3710 silentio
2192 3658 2511 3727 cognoverit
2537 3667 2843 3728 superatos,
2876 3661 3116 3730 sciatque
3143 3659 3437 3717 Catholica:
3462 3661 3541 3717 le—

1947 3746 2030 3818 gis
2058 3747 2202 3803 veris
2233 3749 2471 3818 imperiis
2501 3751 2864 3805 serviendum.
2913 3751 3007 3807 Cui
3039 3750 3255 3821 quidem
3298 3751 3542 3824 disputa-

1949 3840 2082 3894 tioni
2119 3841 2388 3917 principe.
2414 3842 2536 3897 loco
2572 3843 2808 3912 judicem
2858 3846 3050 3900 sedere
3094 3845 3266 3901 voluit
3295 3845 3539 3902 Flavium

1951 3931 2320 3987 Marcellinum
2365 3941 2420 3988 et
2464 3933 2768 4001 Notarium,
2821 3937 2908 3991 cui
2960 3951 3175 3992 omnem
3224 3939 3278 3992 in
3311 3953 3540 4010 congre-

1947 4024 2107 4094 gandi
2136 4035 2190 4078 et
2219 4027 2481 4081 evocandi
2509 4026 2812 4097 episcopos,
2845 4031 3074 4084 actionis
3111 4030 3455 4086 instituenda:
3484 4043 3541 4088 et

1951 4118 2317 4184 moderandae,
2348 4134 2411 4174 ac
2434 4119 2502 4175 de
2533 4129 2647 4176 toto
2686 4125 2903 4194 negotio
2929 4123 3198 4177 statuendi
3231 4124 3417 4181 tribuit
3444 4139 3540 4193 po-

1950 4219 2217 4265 testatem.
2250 4210 2590 4268 Marcellinus
2615 4214 2716 4270 hoc
2736 4215 2914 4270 edicto
2942 4217 3201 4282 munitus,
3229 4217 3539 4272 mandatum

1951 4307 2236 4382 proposuit
2257 4323 2364 4376 quo
2391 4315 2614 4363 cunctos
2659 4325 2755 4379 per
2798 4311 3033 4365 Africam
3090 4320 3201 4366 tant
3248 4311 3541 4368 Catholica:

1950 4411 2112 4464 quam
2161 4397 2475 4454 Donatiante
2516 4403 2680 4471 partis
2710 4404 2992 4474 episc0pos
3023 4404 3436 4471 commonebat,
3483 4413 3542 4459 ut

1953 4489 2090 4543 intra
2124 4498 2334 4562 tempus
2365 4493 2480 4564 lege
2510 4498 2906 4568 praescriptum,
2940 4497 2991 4553 id
3020 4507 3122 4561 est,
3149 4499 3289 4553 intra
3309 4508 3543 4568 quatuor

251 4605 322 4644 eo
351 4587 606 4642 defuncto
638 4603 742 4640 non
785 4586 984 4640 habere
1019 4587 1296 4656 proprium
1350 4588 1663 4654 episcopum
1691 4628 1705 4651 ,
1749 4583 1844 4639 sed
1873 4568 1926 4627 D
1952 4596 2167 4636 menses
2197 4583 2285 4650 qui
2311 4584 2377 4639 ad
2408 4585 2550 4666 diem
2573 4587 2794 4643 Kalend.
2827 4590 3104 4644 Juuiarum
3140 4591 3541 4647 concludeban-

252 4682 323 4736 ad
355 4681 586 4748 alicujus
633 4679 872 4748 episcopi
896 4666 1182 4737 dioecesim
1217 4679 1490 4747 pertinere
1531 4679 1799 4732 voluerint
1829 4719 1844 4743 ,

256 4777 310 4830 id
357 4774 522 4829 etiam
558 4773 689 4841 ipsis
721 4788 824 4826 non
853 4771 1173 4842 denegetur.
1211 4772 1287 4826 De
1313 4757 1583 4841 episcOpis
1610 4781 1740 4824 vero
1765 4770 1848 4839 ip-

251 4869 332 4923 sis
363 4867 466 4921 hoc
493 4864 771 4921 decretum
794 4907 807 4929 ,
843 4874 901 4919 ut
930 4865 1018 4935 qui
1063 4873 1186 4920 ante
1214 4866 1386 4936 legem
1416 4864 1484 4919 de
1518 4863 1731 4921 Unitate
1772 4864 1848 4917 la-

254 4973 367 5016 tsm
393 4961 461 5024 ab
488 4958 815 5029 imperatore
836 4959 902 5014 ad
924 4959 1257 5014 Catholicam
1283 4961 1633 5025 accesserint,
1664 4960 1848 5030 plebes

252 5069 385 5109 suas
416 5065 471 5109 et
519 5055 781 5110 ecclesias
817 5056 1135 5110 retinerent.
1167 5054 1240 5110 At
1267 5057 1356 5125 qui
1390 5056 1600 5110 nonnisi
1633 5067 1754 5125 post
1785 5055 1852 5109 il-

255 5147 350 5201 lud
389 5146 627 5201 edictum
663 5149 1053 5217 promulgatum
1097 5148 1163 5203 ad
1215 5148 1520 5203 Ecclesiam
1553 5158 1852 5215 venerant,

256 5240 521 5295 Eccles‘iis
561 5240 673 5294 suis
704 5240 927 5294 omnino
958 5241 1258 5308 spoliantur
1283 5283 1295 5306 ,
1342 5256 1528 5311 eaeque
1567 5256 1630 5295 ac
1658 5225 1853 5297 cuncta

251 5330 324 5386 ad
355 5347 449 5386 eas
495 5333 816 5399 pertinentia
861 5330 1163 5386 Catholicis
1213 5333 1402 5386 borum
1456 5335 1695 5387 loeorunt
1736 5333 1854 5404 cpio

252 5424 441 5495 scopis
472 5424 864 5493 adjndicantnr.

332 5518 560 5572 Honorii
598 5517 734 5588 leges
764 5517 818 5570 in
852 5515 1176 5570 Donatistas.
1220 5548 1291 5559 -—
1322 5518 1526 5573 Eodem
1568 5535 1711 5573 anno
1739 5519 1852 5589 HQ-

255 5611 445 5664 norius
479 5609 653 5678 legem
695 5607 817 5661 tulit
845 5623 946 5677 qua
989 5609 1260 5662 bmreticis
1298 5620 1352 5665 et
1381 5613 1738 5666 schismaticis
1784 5614 1850 5666 ad

255 5702 561 5758 Ecclesiam
607 5699 961 5755 redeuntibus
1001 5701 1069 5755 ab
1108 5705 1360 5757 omnibus
1409 5707 1584 5774 pinnis
1622 5722 1756 5776 quas
1784 5717 1850 5760 ex

255 5795 470 5861 legibus
503 5797 866 5858 incurrerant,
901 5793 1295 5849 immunitatem
1327 5799 1614 5852 concessit.

1953 4684 2060 4739 tur,
2089 4673 2470 4746 Carthaginem
2527 4681 2739 4734 Concilii
2783 4681 3016 4736 faciendi
3063 4684 3230 4752 gratia
3280 4685 3542 4740 conveni-

1952 4774 2095 4830 rent,
2115 4769 2471 4840 omnibusque
2498 4773 2891 4839 magistratibus
2917 4789 3011 4844 per
3034 4775 3271 4831 Africam
3298 4770 3543 4849 injungc-

1954 4859 2064 4925 bat,
2098 4870 2156 4914 ut
2199 4864 2482 4931 episc0pos
2530 4867 2898 4930 convenirent,
2944 4867 3132 4938 eisque
3176 4869 3545 4941 signiﬁcarent

1955 4964 2008 5008 nt
2043 4957 2181 5012 intra
2204 4968 2436 5028 quatuor
2466 4974 2680 5014 menses
2696 4959 3070 5031 Carthaginem
3097 4965 3367 5020 venirent.
3399 4966 3547 5021 Prte-

1957 5058 2102 5103 terea
2121 5059 2192 5121 ,ιιι
2225 5051 2529 5104 Donatistas
2558 5050 2623 5104 ad
2655 5051 3000 5108 collationem
3033 5059 3396 5127 promptiores
3425 5060 3548 5114 red-

1955 5143 2129 5222 deret,
2153 5144 2312 5213 jussit
2341 5154 2398 5197 ut
2432 5144 2497 5219 iis
2521 5146 2613 5215 qui
2643 5161 2700 5200 se
2728 5147 2776 5200 ei
2808 5147 3073 5203 aﬂuturos
3109 5165 3229 5206 esse
3253 5155 3552 5223 responde-

1957 5246 2098 5300 rent,
2131 5235 2410 5299 Ecclesiae,
2445 5253 2616 5306 eaque
2643 5239 2760 5293 loca
2797 5255 2918 5309 quae
2959 5243 3196 5299 tenuisse
3234 5245 3356 5300 illos
3393 5255 3556 5303 antea

1957 5326 2290 5383 constitisset
2319 5328 2758 5386 restituerentur.
2785 5332 2996 5403 Adjeeit
3022 5336 3163 5403 quod
3186 5336 3229 5389 si
3264 5336 3558 5393 Donatistis

1959 5436 2100 5481 esset
2124 5433 2428 5494 suspectus,
2457 5441 2518 5481 se
2548 5443 2654 5481 non
2686 5440 3060 5484 recusaturum
3107 5441 3164 5486 ttt
3209 5431 3346 5487 alius
3387 5433 3554 5503 jndex

1958 5532 2116 5586 quem
2144 5515 2243 5586 ipsi
2275 5519 2534 5588 elegerint
2553 5519 2866 5575 Donatiante
2891 5523 3058 5590 partis
3086 5533 3140 5577 et
3170 5522 3290 5579 ﬁdei
3341 5528 3420 5579 vel
3465 5540 3557 5580 su—

1957 5612 2185 5680 perioris
2207 5613 2289 5665 vel
2319 5615 2512 5667 similis
2537 5613 2815 5685 dignitatis
2844 5630 3026 5670 secum
3074 5617 3334 5671 resideat.
3391 5618 3574 5672 Deni-~

1962 5722 2065 5770 que
2092 5706 2388 5760 declaravit
2417 5708 2558 5776 quod
2587 5709 2698 5760 sive
2725 5723 2822 5777 pro
2849 5708 3142 5762 Donatistis
3179 5709 3293 5763 sive
3324 5725 3420 5779 pro
3455 5707 3559 5763 Ca-

1964 5797 2180 5850 tholici»
2210 5797 2310 5851 lata
2343 5799 2474 5852 foret
2504 5800 2806 5856 sentt-tilia.
2855 5802 2907 5852 in
2948 5783 3114 5854 nullo
3154 5795 3553 5856 Donatistan
