3848 6220
369 401 475 456 819

1731 396 2266 457 PllOLEGOMENA.

3566 404 3685 459 820

368 515 651 586 episcopos
666 514 893 583 aliquam
911 512 1212 567 molestiam
1226 527 1344 568 esse
1359 525 1633 583 passuros,
1650 510 1743 565 sed
1761 510 1961 565 liberos
1988 514 2041 572 Α
2067 516 2363 572 sentiarum
2387 517 2563 574 dicam
2578 526 2887 589 postscrem
2902 527 2955 574 et
2968 516 3276 572 diuturnam
3290 517 3647 577 collationem
3661 563 3679 585 ,

371 616 428 663 et
470 608 539 661 ab
587 605 737 659 omni
765 602 986 672 'injuria
1031 603 1239 659 alienos
1290 603 1353 658 ad
1402 603 1627 674 propria
1665 601 1957 657 redituros.

446 698 694 752 Mandata
746 696 1105 769 episcoporum
1144 697 1210 749 ad
1255 697 1475 767 collegas
1516 696 1602 765 qui
1637 694 1963 749 collationem

368 790 594 844 habituri
620 787 1063 843 erant.——Juxta
1110 788 1240 843 illud
1286 788 1595 843 mandatum
1650 772 1961 841 Donatista-

368 898 487 939 rum
540 880 774 951 episcopi
825 878 1208 952 Carthaginem
1262 897 1329 937 ex
1371 880 1621 936 omnibus
1666 877 1964 951 provinciis

368 974 642 1033 Africanis
667 974 1042 1037 convolarunt,
1101 982 1157 1029 et
1182 973 1252 1029 ibi
1280 973 1589 1045 congregati
1628 971 1715 1027 die
1742 988 1810 1026 xv
1841 971 1961 1026 Kal.

368 1068 555 1125 Junias
583 1067 869 1123 certiorem
903 1068 1147 1122 fecerunt
1174 1064 1403 1137 epistola
1448 1080 1546 1121 sua
1596 1064 1961 1120 Marcellinum

365 1177 429 1217 se
475 1160 530 1216 in
573 1159 713 1215 hanc
765 1158 952 1214 urbem
1011 1158 1295 1214 advenisse
1350 1157 1655 1213 collationis
1716 1155 1965 1212 ineundae

367 1253 558 1326 gratia.
589 1252 852 1308 Catholici
875 1268 1090 1323 quoque
1116 1252 1378 1322 episcopi,
1412 1267 1533 1307 cttm
1557 1250 1685 1321 illuc
1711 1249 1963 1305 advenis-

368 1355 510 1414 sent,
560 1345 846 1416 epistolam
903 1346 1069 1401 etiam
1111 1344 1376 1400 dederunt
1429 1343 1495 1399 ad
1546 1343 1960 1411 Marcellinum,

370 1456 471 1511 qua
500 1427 704 1512 gratam
742 1440 843 1496 sibi
882 1440 1227 1495 collationem
1268 1454 1389 1495 esse
1431 1437 1720 1506 testantur,
1752 1446 1808 1494 et
1834 1452 1966 1492 con-

366 1538 605 1593 sentiunt
636 1545 697 1591 ut
717 1535 752 1590 ii
783 1534 977 1607 quibus
1007 1533 1198 1606 agendi
1226 1548 1441 1589 causam
1468 1548 1621 1588 suam
1649 1532 1967 1603 delegerunt

372 1630 634 1696 ofﬁcium,
661 1628 1003 1684 subscribant
1029 1625 1497 1697 prosecutionibus
1513 1625 1625 1680 suis
1652 1631 1708 1680 et
1726 1624 1967 1679 omnium

371 1722 593 1778 nomine
638 1721 931 1793 disputent.
965 1720 1113 1775 llauc
1160 1735 1289 1775 vero
1334 1718 1697 1775 conditionem
1729 1719 1968 1775 unanimi

374 1814 750 1885 episc0porum
833 1812 1071 1866 omnium
1134 1825 1399 1867 consensu
1450 1820 1620 1865 ratam
1673 1810 1968 1865 Donatistis

2067 607 2413 679 Cognilorem
2445 611 2495 666 in
2522 612 2747 682 gratiam
2789 611 3187 667 Catholicorum
3242 610 3516 668 adversos
3562 613 3681 669 Do-

2068 702 2296 762 natistas
2340 706 2665 760 sententiam
2711 705 2899 761 tulisse
2921 720 2984 759 ac
3009 704 3079 760 de
3105 718 3247 759 novo
3275 705 3670 762 conventicula

2066 796 2471 851 Donatistarum
2503 797 2867 867 prohibuisse.
2894 807 2948 852 et
2971 796 3246 853 Ecclesias
3274 812 3411 868 Quas
3437 785 3681 853 ﬁducia-

2067 890 2150 944 rio
2197 890 2417 946 decreto
2474 892 2766 948 Donatistis
2824 891 2974 947 reddi
3031 890 3295 959 voluerat,
3375 891 3683 948 Catholicis

2068 982 2206 1038 tradi
2229 984 2481 1053 iussisse.
2518 983 2751 1039 Indulsit
2777 992 2953 1040 tamen
2987 984 3255 1055 episcOpis
3286 984 3585 1054 Donatistis
3614 993 3685 1040 ut

2068 1075 2134 1130 ad
2162 1077 2374 1146 propria
2401 1086 3009 1148 remearent,quatenus
3031 1077 3081 1131 in
3101 1077 3334 1149 propriis
3360 1078 3684 1160 constituti,

2068 1181 2163 1227 aut
2184 1171 2250 1227 ad
2283 1188 2444 1226 unam
2473 1188 2767 1245 veramque
2793 1174 3092 1229 Ecclesiam
3125 1182 3553 1246 reverterentur,
3584 1186 3689 1232 aut

2068 1264 2446 1321 satisfacerent
2470 1265 2703 1337 legibus.
2737 1267 2980 1337 Denique
3010 1266 3129 1323 loca
3154 1282 3216 1323 ea
3249 1272 3302 1323 in
3325 1269 3523 1340 quibus
3551 1268 3685 1325 Cir-

2067 1359 2483 1415 cumcellionum
2528 1360 2702 1416 turbae
2730 1360 3105 1429 convenirent,
3138 1376 3166 1414 a
3197 1360 3328 1417 ﬁsco
3353 1361 3688 1432 occupanda

2039 1526 2041 1528 η
2067 1469 2189 1511 esse
2210 1454 2470 1511 decernit.
2490 1453 2657 1526 Hujus
2683 1443 2991 1530 collationis
3010 1455 3331 1511 breviarium
3362 1455 3538 1513 texuit
3563 1455 3687 1511 Au-

2068 1546 2896 1619 gustinus,etpostcollationem
2917 1549 3112 1604 librum
3126 1548 3191 1603 ad
3222 1549 3565 1616 Donatistas,
3624 1549 3687 1604 in

2070 1640 2414 1710 eosscripsit,
2430 1645 2497 1696 ne
2517 1656 2547 1696 a
2570 1641 2682 1697 suis
2706 1642 2977 1711 episcopis
3004 1641 3398 1698 seducerentnr
3422 1643 3686 1698 ulterius.

2144 1732 2253 1787 Lex
2280 1732 2525 1797 Honorii,
2557 1742 2671 1800 post
2697 1734 3043 1801 collationem,
3073 1744 3251 1789 contra
3275 1713 3692 1791 Donatium.—

2072 1826 2204 1884 Cum
2232 1825 2493 1898 quidquid
2520 1827 2572 1882 in
2599 1827 2889 1884 collatione
2918 1837 3127 1899 gestum
3161 1829 3370 1896 fuerat,
3396 1829 3679 1902 latamque

374 1907 629 1973 offerunt,
659 1922 738 1972 se,
773 1906 818 1960 si
844 1905 1139 1962 adversarii
1171 1905 1457 1961 ostendere
1487 1904 1760 1975 potuerint
1782 1903 1969 1958 Eccle-

2136 1918 2435 1988 Cognitore
2461 1920 2789 1974 sententiam
2820 1920 3123 1987 accepisset
3176 1919 3495 1991 imperator,
3532 1922 3690 1977 inse-

374 1999 510 2055 siam
555 1991 799 2069 periisse,
847 2007 902 2052 et
939 1998 991 2052 in
1037 1998 1149 2052 sola
1197 2005 1347 2067 parte
1380 1995 1571 2050 Donati
1621 1992 1969 2059 remansisse,

276 2100 283 2107 ‘
375 2092 582 2147 nullum
611 2090 749 2161 apud
778 2104 871 2145 eos
893 2089 1214 2160 episcOpalis
1246 2088 1483 2143 muneris
1514 2095 1606 2141 aut
1644 2085 1866 2141 honoris
1893 2085 1973 2140 lo-

377 2184 825 2251 cumhabituros;
853 2185 935 2240 sin
960 2199 1092 2240 vero
1118 2198 1149 2239 e
1174 2191 1362 2239 contra
1390 2182 1685 2237 Donatista:
1699 2181 1835 2238 .victi
1862 2180 1975 2237 fue-

376 2280 488 2334 rint
521 2288 577 2333 et
618 2277 682 2331 ad
710 2278 970 2332 unitatem
999 2276 1175 2331 redire
1205 2275 1496 2341 voluerint,
1529 2272 1633 2330 hoc
1662 2274 1729 2329 iis
1760 2288 1819 2337 se
1845 2288 1975 2328 con-

378 2370 575 2425 cedere
599 2380 655 2423 ut
686 2369 948 2425 honorem
980 2368 1335 2439 Episcopatus
1364 2381 1467 2422 non
1491 2367 1738 2420 amittant
1775 2382 1788 2419 :
1822 2365 1892 2435 ita
1921 2374 1980 2420 ut

377 2464 472 2519 ubi
494 2476 620 2518 sunt
648 2462 756 2517 duo
786 2462 1046 2532 episcopi,
1080 2458 1389 2516 Catholicus
1420 2458 1644 2517 honoris
1682 2459 1783 2513 sibi
1830 2458 1979 2514 socio

381 2560 655 2632 cepulato,
689 2560 914 2616 sedeant
943 2561 1101 2615 ambo
1131 2558 1462 2615 eminentius
1484 2558 1639 2614 sicuti
1664 2557 1980 2627 peregrinus

380 2656 669 2724 episcopus
695 2651 846 2723 juxta
877 2651 1163 2726 collegam,
1196 2665 1259 2707 ac
1285 2651 1515 2722 primum
1543 2649 1772 2706 subinde
1801 2649 1982 2704 locum

380 2748 590 2804 honore
620 2762 742 2802 sese
772 2745 1164 2817 prtevenientes
1196 2746 1248 2799 in
1286 2743 1512 2800 diversis
1546 2742 1786 2800 basilicis
1821 2757 1984 2797 occu-

380 2851 535 2914 pent,
564 2850 620 2897 et
642 2856 752 2897 uno
779 2856 966 2897 eorum
1024 2840 1275 2897 defuncto
1322 2840 1580 2909 deinceps
1617 2838 1727 2909 jam
1758 2837 1983 2907 singulis

385 2937 580 3008 singuli
627 2925 859 3007 pristino
908 2952 1059 2991 more
1096 2935 1394 2991 succedant
1427 2954 1440 2991 :
1472 2946 1564 2989 aut
1593 2935 1637 2989 si
1664 2933 1803 2989 forte
1828 2933 1984 2988 Chri-

385 3030 547 3085 stiani
578 3029 763 3100 populi
788 3029 1016 3100 singulis
1039 3028 1374 3084 delectantur
1389 3028 1659 3097 episcopis
1680 3036 1733 3084 et
1757 3027 1983 3082 duorum

386 3124 718 3179 consortium
770 3122 1021 3178 inusitata
1070 3137 1248 3176 rerum
1290 3122 1425 3176 fat-ie
1464 3122 1697 3178 tolerare
1727 3137 1831 3177 non
1863 3138 1985 3193 pos.

389 3225 536 3284 sunt,
570 3224 678 3269 tam
710 3213 974 3270 Catholici
1004 3230 1165 3284 quam
1215 3214 1508 3269 Donatistae
1540 3214 1606 3269 de
1634 3215 1810 3269 medio
1835 3230 1986 3270 sece-

2077 2018 2277 2081 qucnte
2308 2026 2471 2076 anno,
2501 2026 2557 2065 ttt
2592 2010 2851 2066 kalendas
2901 2010 3204 2079 Februarii,
3254 2013 3430 2083 legem
3486 2012 3680 2083 dedit,

2076 2117 2181 2172 qua
2212 2102 2440 2157 mulctas
2484 2104 2826 2174 pecuniarias
2849 2103 3027 2158 varias
3073 2120 3169 2174 pro
3213 2105 3365 2160 varia
3412 2105 3688 2177 cujusque

2077 2193 2391 2250 conditione
2417 2195 2469 2248 in
2496 2194 2801 2265 Donatistas
2822 2197 2910 2267 qui
2939 2196 3003 2250 ad
3029 2196 3345 2253 catholicam
3379 2198 3687 2255 Ecclesiam

2080 2286 2338 2341 accedere
2367 2286 2602 2351 nollent,
2633 2288 2863 2356 imponit
2883 2287 3148 2359 jubetque
3179 2303 3367 2345 eorum
3394 2292 3691 2362 episcopos

2084 2392 2144 2432 ac
2169 2377 2394 2434 clericos
2421 2378 2489 2433 ab
2516 2377 2693 2434 Africa
2725 2379 2925 2449 expelli
2956 2395 3020 2435 ac
3045 2381 3098 2435 in
3141 2381 3364 2449 exilium
3407 2383 3589 2452 mitti,
3628 2395 3689 2438 et

2082 2485 2436 2541 quaecumque
2463 2471 2706 2526 ecclesiis
2734 2486 2919 2527 eorum
2961 2472 3153 2528 Collata
3196 2473 3448 2542 fuerant,
3477 2473 3689 2531 Catho-

2086 2561 2205 2616 licis
2230 2561 2475 2617 ecclesiis
2500 2562 2791 2632 adjudicat.

2142 2653 2546 2709 Donatistarum
2572 2659 2720 2727 furor
2748 2654 3089 2712 accensus-.—
3120 2657 3232 2713 Hac
3277 2660 3397 2730 lege
3427 2659 3590 2715 multi
3621 2675 3692 2717 ex

2088 2748 2383 2803 Donatistis
2404 2748 2670 2803 emendati
2693 2749 2758 2803 ad
2771 2748 3107 2805 Catholicam
3122 2750 3420 2817 redierunt;
3449 2761 3535 2806 ast
3548 2768 3688 2807 non-

2088 2841 2217 2897 nulli
2248 2856 2311 2896 ea
2353 2840 2532 2911 potius
2560 2842 2868 2897 exacerbati
2901 2841 3181 2913 plusquam
3231 2851 3390 2898 antea
3445 2843 3693 2900 insanie-

2087 2943 2232 2990 runt.
2266 2934 2321 2990 Iu
2350 2934 2567 2991 dioecesi
2599 2918 2929 3012 llipponensi
2958 2935 3283 2990 ReStitutum
3307 2936 3695 3008 presbyterum

2090 3030 2416 3085 catholicum
2448 3040 2731 3100 exceptum
2766 3030 2979 3086 insidiis
3006 3031 3378 3100 trucidarunt,
3409 3032 3491 3087 uti
3518 3041 3577 3087 et
3606 3033 3703 3087 lno

2090 3122 2397 3177 nocentium
2426 3121 2793 3193 presbyterum
2827 3138 2857 3177 e
2877 3122 3039 3178 domo
3062 3133 3269 3191 raptum
3298 3123 3459 3178 oculo
3487 3123 3698 3179 effosso

2094 3215 2375 3286 digitoque
2425 3225 2704 3285 amputato
2756 3223 3162 3283 truncaverunt.
3195 3213 3544 3272 Marcellinus
3574 3216 3699 3272 Tri-

391 3307 523 3361 dant
551 3316 604 3362 et
636 3306 891 3363 Ecclesiis
917 3307 1142 3378 singulis
1171 3305 1423 3361 damnata
1473 3305 1778 3361 schismatis
1825 3321 1984 3361 causa
2016 3305 2061 3367 C
2091 3306 2266 3361 bnnus
2280 3307 2555 3362 cuicausze
2584 3307 2743 3375 hujus
2774 3307 3050 3362 exsecutio
3070 3317 3186 3362 erat
3211 3306 3476 3378 injuncta,
3503 3308 3690 3364 habita

390 3400 447 3455 in
474 3401 680 3455 unitate
712 3401 933 3469 pacifica
983 3400 1289 3455 constitutis
1336 3399 1402 3453 ab
1447 3399 1529 3453 his
1577 3400 1666 3469 qui
1698 3400 1891 3470 singuli
1933 3400 1983 3453 in

392 3493 621 3564 singulis
650 3492 908 3549 Ecclesiis
936 3492 1300 3557 invenientur,
1335 3492 1536 3547 unitate
1564 3492 1718 3560 facta,
1756 3508 1851 3562 per
1876 3493 1987 3547 loca

392 3585 599 3655 singula
628 3584 1299 3654 constituanturepiscopi.

470 3675 624 3731 Gesta
646 3677 956 3730 collationis.
988 3706 1058 3716 —
1088 3676 1342 3730 Kalendis
1384 3675 1531 3731 Junii
1580 3676 1706 3729 anni
1746 3676 1883 3743 411,
1937 3678 1988 3731 in

398 3770 693 3825 seerelario
723 3785 814 3825 seu
859 3768 1116 3839 praetorio
1165 3769 1517 3824 Thermarum
1562 3769 1990 3840 Gargilianarum

398 3861 705 3934 Carthagini
768 3872 1138 3918 convenerunt
1186 3864 1423 3934 episcopi
1471 3864 1751 3934 utriusque
1800 3867 1990 3934 partis.

398 3954 564 4011 Lecto
593 3956 934 4025 imperatoris
959 3955 1135 4011 edicto
1167 3954 1462 4011 Marcellini
1493 3957 1764 4019 mandato.
1796 3965 1850 4011 et
1882 3958 1995 4026 epi-

401 4060 688 4114 scoporum
722 4054 832 4100 tum
861 4044 1266 4102 Catltolicornm
1300 4058 1407 4101 tum
1456 4048 1853 4103 Donatistarum
1881 4050 1995 4118 epi-

400 4139 699 4205 stolis,non
714 4139 879 4193 alium
911 4149 1106 4208 praeter
1131 4140 1496 4194 Marcellinum
1524 4140 1858 4211 cognitorem
1883 4142 1995 4197 ele-

405 4234 717 4304 geruntgl
744 4232 1055 4303 Dooalistaa,
1089 4232 1183 4288 sed
1205 4233 1273 4288 de
1302 4234 1737 4304 temporeelapso
1751 4235 1996 4289 nonnihil

408 4324 641 4379 cavillati
673 4333 817 4378 sunt.
848 4323 1125 4379 Receusiti
1167 4324 1364 4380 deinde
1414 4326 1651 4395 episcopi
1693 4341 1882 4381 omnes
1907 4326 1998 4396 qui

408 4415 635 4471 aderant
659 4422 715 4470 et
736 4414 1006 4470 mandatis
1030 4415 1482 4485 subscripseraut,
1516 4417 1715 4472 inventi
1748 4433 1777 4474 e
1803 4418 1998 4473 Catho-

409 4508 529 4564 licis
572 4508 700 4575 286,
747 4517 803 4563 et
838 4524 905 4563 ex
951 4509 1353 4563 Donatistarum
1385 4520 1539 4574 parte
1566 4510 1693 4566 279.
1740 4510 1889 4566 Lecti
1932 4513 1999 4569 ab

409 4610 637 4671 utraque
670 4610 823 4670 parte
850 4610 1055 4668 septem
1098 4601 1187 4669 qui
1232 4614 1449 4654 causam
1492 4602 1731 4654 omnium
1784 4604 2000 4658 nomine

2093 3402 2145 3456 in
2169 3416 2291 3455 reos
2313 3400 2610 3471 quaestione
2626 3398 2927 3465 moderata,
2951 3417 3056 3454 non
3088 3399 3421 3455 sulcantibus
3449 3401 3697 3471 ungulis,

2096 3508 2201 3547 nou
2248 3491 2530 3546 urentibus
2579 3490 2841 3554 ﬂammis,
2898 3491 2992 3545 sed
3048 3492 3318 3561 virgarum
3370 3493 3703 3548 verberibus

2096 3583 2491 3639 confessionem
2518 3583 2781 3638 scelerum
2802 3591 3039 3638 eruerat.
3068 3583 3124 3637 In
3156 3598 3279 3639 reos
3307 3598 3372 3638 ex
3401 3584 3586 3655 legum
3612 3601 3703 3639 sc-

2097 3678 2323 3731 vcritate
2351 3675 2885 3730 animadvertendtnn
2925 3686 3073 3741 erat,
3128 3686 3183 3730 ut
3220 3676 3399 3746 qualia
3451 3675 3702 3732 fecerant

2100 3769 2225 3823 talia
2256 3779 2586 3838 paterentur.
2636 3768 2969 3837 Augustinus
3015 3775 3194 3823 autem
3225 3770 3309 3823 cui
3362 3784 3469 3823 non
3517 3769 3706 3838 placc-

2098 3861 2231 3916 bant
2260 3862 2462 3915 atrocia
2486 3860 2591 3914 ulla
2618 3875 2679 3913 ac
2704 3862 2975 3931 praecipue
2997 3860 3247 3930 capitalia
3274 3860 3569 3929 supplicia,
3602 3877 3705 3929 per

2100 3953 2308 4007 litteras
2339 3951 2479 4023 apud
2506 3951 2902 4015 Marcellinum,
2941 3951 3206 4005 Donatum
3236 3951 3619 4021 proconsulem
3646 3962 3705 4005 et

2100 4046 2419 4117 Apringinm
2451 4044 2973 4115 egitinstanlissime
3001 4054 3061 4098 ut
3083 4059 3238 4114 paena
3273 4044 3467 4097 mortis
3503 4042 3616 4098 imo
3647 4053 3705 4098 et

2101 4138 2533 4194 detruncationis
2569 4137 2936 4192 membrorum
2993 4136 3381 4192 remitteretur.
3435 4135 3541 4193 Sed
3599 4137 3703 4191 hoc

2101 4246 2131 4284 a
2158 4229 2466 4284 Marcellino
2492 4226 2681 4298 petiit,
2709 4238 2767 4281 ut
2794 4238 2911 4282 acta
2943 4227 3138 4298 quibus
3170 4227 3572 4281 Donatistarum
3595 4228 3704 4280 cri-

2096 4306 2248 4375 niina
2278 4320 2668 4392 probabantur,
2703 4319 2913 4388 publica
2946 4319 3138 4374 fierent
3181 4328 3235 4373 et
3268 4318 3471 4389 populo
3500 4331 3703 4388 pr0p0-

2106 4424 2385 4480 nerentur,
2420 4426 2477 4469 ut
2504 4414 2707 4484 pudore
2740 4428 2803 4467 ac
2831 4412 3119 4482 ignominia
3154 4412 3404 4467 homines
3428 4411 3497 4466 ab
3526 4411 3705 4465 nomi-

2104 4507 2264 4561 nibus
2291 4506 2413 4560 talia
2461 4506 2666 4561 scelera
2696 4506 3032 4575 patrantihus
3070 4514 3466 4559 averterentur.
3506 4502 3705 4560 Caeteri

2105 4605 2268 4660 etiam
2301 4603 2575 4658 antistites
2601 4616 2698 4672 pro
2730 4604 2839 4656 reis
2867 4600 3177 4673 nefcapitali
3210 4600 3477 4673 supplicio
3503 4599 3705 4670 plecte-

413 4701 655 4763 agerent,
687 4694 808 4764 qua:
838 4693 1161 4748 dicebantur
1187 4707 1215 4746 a
1239 4692 1473 4747 Notariis
1502 4708 1573 4748 ex
1600 4702 1821 4764 utraque
1852 4705 2002 4764 parte
2030 4697 2081 4761 1)
2110 4707 2322 4761 rentur,
2355 4695 2494 4765 apud
2519 4694 2731 4765 judices
2757 4693 3202 4776 intercedebant:
3238 4707 3337 4747 nec
3370 4701 3551 4747 tamen
3602 4693 3703 4745 ista

355 4832 359 4837 .
414 4794 638 4854 excepta
668 4795 722 4839 et
748 4784 1047 4856 recognita,
1068 4786 1261 4841 etindc
1283 4795 1399 4840 acta
1423 4784 1490 4839 ab
1511 4784 1689 4841 ofﬁcio
1714 4784 1956 4841 confecta
1984 4806 1996 4840 :

414 4877 611 4945 quibus
644 4877 869 4944 peractis
889 4873 1121 4947 cognitio
1140 4876 1193 4932 in
1218 4878 1360 4932 diem
1387 4876 1758 4932 tertiumJunii
1785 4892 2002 4947 compe-

415 4966 699 5023 rendinata
727 4978 826 5024 est.
852 4968 1059 5025 Hacdie
1084 4978 1516 5041 sempertantum
1539 4984 1604 5023 cx
1619 4978 1839 5039 utraque
1854 4980 2002 5038 parte

418 5060 613 5115 delecti
639 5069 850 5116 actores
876 5076 995 5115 cum
1021 5062 1241 5116 tetidem
1274 5056 1597 5117 consiliariis
1614 5076 1677 5115 ac
1694 5060 2000 5116 chartarum

418 5152 735 5209 custodibus
762 5163 1015 5222 quatuor,
1061 5164 1115 5208 et
1146 5155 1368 5209 notariis
1398 5153 1463 5207 ad
1495 5155 1667 5207 locum
1700 5153 2002 5209 collationis

418 5255 705 5301 venerunt.
740 5244 873 5299 Cum
897 5255 1046 5315 gesta
1078 5248 1311 5300 nondum
1342 5247 1517 5301 forent
1548 5247 1816 5316 descripta
1843 5288 1856 5311 ,
1887 5254 2006 5315 post

419 5342 637 5397 brevem
667 5340 1073 5396 altercationem
1122 5340 1189 5395 ad
1237 5352 1444 5396 sextum
1488 5342 1673 5398 Iduum
1721 5342 2001 5399 Juniarum

420 5435 585 5491 dilata
617 5435 854 5492 collatio.
884 5434 1001 5502 Quo
1035 5434 1122 5489 die
1150 5445 1267 5489 acta
1293 5446 1376 5489 est
1402 5436 1540 5490 inter
1589 5447 1769 5506 partes
1816 5450 2006 5505 magna

420 5528 581 5581 animi
616 5537 670 5583 et
705 5528 853 5581 vocis
901 5527 1246 5582 contentione
1294 5541 1472 5580 causa.
1522 5528 1649 5593 Quae
1696 5527 1891 5582 fuerint
1939 5527 2006 5580 ab

422 5630 647 5690 utraque
675 5630 827 5691 parte
852 5620 993 5675 dicta
1024 5631 1077 5677 et
1119 5620 1371 5691 allegata,
1406 5620 1490 5674 hic
1526 5621 1726 5676 referre
1753 5619 1885 5674 nihil
1914 5635 2007 5675 ne-

425 5724 575 5764 cesse
602 5721 706 5777 est,
739 5727 859 5766 cum
883 5727 944 5767 ea
965 5728 1033 5768 ex
1059 5712 1193 5767 actis
1223 5712 1391 5782 ipsius
1423 5712 1723 5767 collationis
1745 5722 1799 5765 et
1824 5713 2005 5766 brevi-

425 5801 547 5853 culo
589 5801 647 5856 S.
694 5804 973 5871 Augustini
1021 5803 1086 5856 ad
1144 5803 1347 5859 calcem
1398 5800 1555 5870 hujus
1586 5805 1765 5869 operis
1792 5816 1819 5853 a
1854 5803 2008 5857 nobis

427 5893 758 5955 memoratis,
788 5894 1001 5951 abunde
1022 5898 1191 5967 repeti
1217 5897 1443 5967 possint.
1469 5895 1582 5952 Hoc
1611 5909 1771 5949 unum
1798 5893 2011 5965 imprac-

2111 4788 2499 4843 catholicorum
2534 4785 2891 4840 mansuetudo
2921 4778 3093 4855 potuit
3126 4784 3532 4839 Donatistarum
3558 4781 3705 4837 furo-

2109 4898 2222 4938 rem
2266 4881 2532 4951 mitigare.
2578 4879 2772 4934 Narrat
2799 4878 3127 4947 Augustinus
3144 4877 3498 4943 Macrobium,
3528 4892 3696 4931 unum

2109 4991 2174 5030 ex
2234 4989 2417 5028 eorum
2450 4973 2761 5042 episcopis,
2811 4971 3063 5041 stipatum
3118 4970 3304 5025 cuneis
3355 4969 3696 5038 perditorum

2113 5068 2393 5134 utriusque
2424 5080 2585 5119 sexus
2615 5064 2716 5119 hac
2759 5073 2921 5133 atque
2968 5063 3092 5118 illac
3137 5062 3477 5117 circumiisse
3516 5073 3568 5118 et
3596 5063 3699 5118 sibi

2113 5158 2363 5214 basilicas
2391 5172 2484 5225 per
2511 5156 2616 5209 vim
2644 5155 2938 5223 aperuisse.
3476 5148 3483 5155 “

2187 5248 2471 5303 Culumuiaz
2501 5246 2888 5299 Donatistarum
2931 5245 2985 5297 iu
3029 5241 3494 5297 Marcellinum—
3513 5242 3582 5298 Ut
3611 5258 3706 5296 au-

2119 5324 2224 5395 tem
2248 5339 2510 5410 judicium
2556 5352 2582 5390 a
2616 5336 2920 5391 Marcellino
2948 5343 3133 5389 contra
3163 5348 3223 5389 se
3267 5334 3433 5389 latum
3463 5334 3703 5388 infirma.

2117 5442 2273 5497 rent,
2308 5432 2521 5486 aiebant
2544 5445 2664 5485 eum
2696 5427 2866 5497 pretio
2896 5437 3206 5498 corruptum
3229 5424 3545 5491 catholicis,
3568 5442 3703 5496 quo-

2116 5540 2235 5579 rum
2261 5523 2658 5579 communionis
2686 5531 2799 5576 erat
2819 5563 2834 5587 ,
2869 5520 3064 5577 favisse
3092 5530 3147 5577 et
3175 5521 3227 5576 in
3258 5535 3445 5575 eorum
3474 5522 3704 5591 gratiam

2113 5617 2437 5673 sententiam
2470 5617 2687 5685 tulisse,
2717 5616 2808 5671 sed
2855 5632 3139 5688 perperam
3167 5625 3221 5671 et
3258 5624 3443 5671 noctu.
3476 5618 3703 5671 Assere-

2110 5708 2242 5765 bant
2271 5712 2431 5763 etiam
2459 5725 2581 5764 eum
2629 5724 2733 5764 non
2762 5709 3100 5779 permisisse,
3131 5719 3187 5763 ut
3232 5709 3411 5763 omnia
3456 5722 3555 5777 pro
3598 5708 3707 5761 suis

2116 5803 2354 5871 partibus
2389 5800 2681 5856 Donatistae
2710 5800 3016 5870 proferrent
3070 5815 3134 5855 ac
3188 5802 3293 5853 vim
3327 5800 3428 5853 sibi
3475 5814 3711 5866 conque-

2123 5894 2375 5951 rebantur
2404 5894 2607 5957 illatam
2633 5890 2851 5966 quodin
2877 5892 3172 5959 secretario
3197 5890 3558 5955 Thermarum
3577 5889 3707 5952 Gar-
