3848 6220
250 354 353 411 82f

1441 346 1759 404 HISTORIA
1800 345 2363 405 DONATISTARUM.

250 467 579 536 gilianarum
634 462 935 520 collationis
993 472 1236 534 tempore
1305 462 1533 518 fuissent
1588 452 1849 517 conclusi.
1878 466 1933 526 Α
1957 461 2204 533 gustinns
2227 503 2240 528 ,
2270 460 2353 515 cui
2384 460 2569 517 titulus
2599 471 2714 517 erat
2740 463 2816 516 ΑΛ
2850 464 3138 521 Emeritam
3170 466 3555 525 Donatistarum
3598 466 3601 467 ⁷

251 556 391 626 Quae
420 555 848 627 vitilitigatoruin
894 555 1087 626 effugia
1125 554 1317 610 merito
1361 553 1610 610 ridebant
1652 550 1851 607 Catho-

224 651 350 707 ‘lici
373 667 387 704 :
413 665 537 705 nam
559 659 870 721 corruptum
896 664 1029 704 auro
1049 648 1281 716 iudicem
1306 647 1473 718 gratis
1493 656 1549 702 et
1574 645 1690 701 sine
1718 653 1854 701 teste

255 744 559 811 dicebatur;
591 745 636 799 si
667 742 795 815 quid
824 755 954 798 vero
983 740 1395 814 proponendum
1438 747 1557 796 erat
1594 737 1853 794 adversus

255 853 388 895 eum
406 881 421 906 ,
447 838 499 893 id
524 848 649 895 ante
668 826 1043 909 disputationis
1066 836 1346 892 exordium
1369 834 1549 892 facere
1571 848 1666 890 eos
1693 847 1855 905 opor-

256 939 460 986 tuerat.
507 930 661 999 Quod
715 945 822 985 non
854 930 1014 986 modo
1045 944 1153 985 non
1198 928 1471 997 fecerant,
1499 928 1594 984 sed
1625 935 1679 983 et
1720 925 1855 983 offe-

254 1024 404 1078 renti
429 1032 487 1078 ut
512 1022 676 1078 artum
699 1023 936 1093 judicem
964 1022 1052 1093 qui
1082 1035 1266 1077 secum
1307 1020 1534 1077 sederet.
1550 1020 1811 1090 eligerent
1835 1061 1851 1087 ,

254 1114 651 1184 responderant
674 1128 733 1169 se
758 1114 989 1193 alterum
1017 1113 1163 1169 nolle
1198 1113 1434 1183 judicem
1457 1155 1470 1178 ,
1502 1120 1664 1184 atque
1710 1111 1853 1166 hunc

257 1207 474 1278 prolixe
503 1222 611 1261 non
641 1206 811 1263 semel
852 1207 1202 1262 laudaverant
1233 1224 1246 1260 :
1277 1206 1418 1277 quod
1467 1206 1534 1260 ad
1582 1204 1851 1263 actionem

256 1300 534 1369 pertinet,
566 1300 859 1370 unicuique
882 1301 1164 1372 clepsydra
1194 1299 1403 1371 adjecta
1449 1291 1707 1371 quidquid
1756 1311 1854 1352 vo-

258 1393 454 1449 luisset
498 1404 553 1450 et
589 1406 845 1465 quantum
889 1395 1152 1451 voluisset
1198 1396 1411 1452 dicendi
1453 1397 1723 1451 licentiam
1752 1394 1850 1450 de-

256 1484 431 1541 disse.
481 1485 559 1540 De
597 1490 649 1541 vi
677 1486 821 1541 illata
847 1487 968 1557 quia
1013 1487 1066 1541 in
1106 1487 1428 1557 Gargilianis
1474 1487 1723 1543 Thermis
1769 1487 1853 1541 in-

256 1578 400 1633 clusi
430 1576 643 1632 fuerant
695 1591 801 1632 non
858 1562 1026 1647 magis
1072 1577 1333 1648 conqueri
1381 1592 1574 1648 posse,
1604 1580 1648 1632 si
1698 1578 1853 1634 locus

255 1668 455 1724 fuisset
478 1667 715 1739 querela:
732 1709 749 1734 ,
774 1668 1072 1724 catholicos
1097 1683 1258 1737 quam
1290 1669 1599 1724 Donatistas
1623 1685 1743 1725 cum
1778 1669 1849 1725 ibi

257 1762 478 1837 uitrique
513 1770 696 1816 essent
729 1776 742 1814 :
770 1767 826 1815 at
853 1746 1125 1832 quemodo
1154 1776 1252 1830 pro
1294 1775 1512 1817 carcere
1556 1759 1856 1816 habebatur

1957 557 2249 628 episcopum
2276 566 2390 627 post
2416 558 2758 625 collationem,
2784 575 2886 629 quo
2902 576 2988 616 res
3010 562 3202 632 quibus
3225 560 3304 618 illi
3324 562 3555 620 vincun-

1959 659 2045 704 tur
2070 648 2155 704 vel
2184 648 2310 704 victi
2354 664 2476 705 esse
2503 660 2892 721 monstrantur,
2942 654 3180 711 breviter
3224 656 3557 728 complecte-

1957 739 2134 796 batur.
2166 740 2268 807 Qui
2294 740 2430 797 libcr
2460 742 2650 812 periit,
2690 744 2786 799 sed
2832 754 2979 802 extat
3002 747 3121 818 ejus
3142 749 3279 806 liber
3297 750 3367 806 de
3389 753 3560 823 gestis

1956 847 2081 889 cum
2102 832 2372 901 Emerito,
2405 846 2459 890 et
2489 850 2670 892 sermo
2698 850 2763 892 eo
2799 848 3070 908 praesente
3095 841 3163 896 ad
3200 842 3556 902 Ctesariensis

1957 927 2220 984 Ecclesite
2249 928 2461 999 plebem
2490 929 2687 986 dictus.

2028 1025 2135 1095 22
2157 1023 2443 1079 Concilium
2470 1023 2961 1080 Donatistarum.-—
2974 1024 3131 1084 Circa
3164 1028 3309 1085 idem
3338 1038 3556 1102 tempus

1956 1112 2172 1170 habitus
2202 1123 2283 1170 est
2337 1114 2736 1171 Donatistarum
2765 1127 3093 1185 conventus,
3147 1118 3235 1173 cui
3260 1119 3554 1177 Petilianus

1956 1222 2078 1263 cum
2107 1207 2227 1263 aliis
2258 1207 2538 1279 plusquam
2570 1209 2785 1281 triginta
2810 1211 3082 1282 episcopis
3105 1211 3370 1268 interfuit.
3399 1213 3455 1267 In
3484 1227 3551 1268 co

1955 1301 2241 1357 consilium
2271 1300 2544 1371 inierunt,
2576 1317 2684 1373 quo
2728 1312 2886 1375 pacto
2932 1304 3130 1360 edictis
3154 1294 3367 1375 'quibrs
3414 1304 3553 1361 adeo

1955 1394 2365 1465 premebantur,
2390 1394 2605 1449 obviam
2634 1395 2810 1463 irent,
2855 1411 2975 1451 cum
3007 1395 3323 1452 viderentur
3360 1412 3422 1454 sc
3454 1414 3551 1468 po-

1956 1487 2064 1542 tius
2095 1487 2338 1557 pristinis
2361 1487 2573 1558 ignibus
2602 1486 2782 1544 daturi
2811 1489 2942 1561 (imo
2980 1489 3033 1544 id
3084 1489 3263 1561 reipsa
3308 1488 3554 1546 facerent

1960 1594 2058 1650 spe
2086 1580 2315 1635 nominis
2336 1590 2633 1652 martyrum
2660 1581 2801 1651 apud
2841 1597 2967 1637 suos
2998 1582 3266 1653 potiundi)
3298 1598 3460 1653 quam
3491 1566 3575 1639 ut.

1962 1659 2020 1724 in
2048 1669 2254 1725 insulas
2277 1670 2711 1741 deportarentur.
2758 1670 2816 1725 in
2846 1671 3038 1728 eodem
3073 1683 3343 1729 conventu
3385 1675 3455 1730 ah
3485 1675 3555 1730 iis

1958 1762 2014 1817 id
2038 1752 2295 1818 statutum
2343 1772 2425 1819 est
2456 1780 2469 1817 :
2527 1762 2596 1819 Ut
2618 1766 2704 1834 qui
2735 1747 3000 1820 catholicis
3030 1766 3513 1821 communicaverint
3532 1809 3549 1835 ,

254 1859 414 1913 locus
456 1857 547 1911 ubi
577 1865 697 1912 erat
724 1865 779 1911 et
827 1856 991 1927 judex
1022 1856 1155 1913 etin
1179 1870 1286 1926 quo
1312 1848 1507 1910 retenti
1554 1870 1659 1909 non
1684 1861 1849 1920 sunt,
1881 1872 1931 1933 Β
1956 1858 2314 1928 episcoporum
2357 1854 2437 1909 vel
2474 1854 2885 1927 presbyterorum
2932 1864 3131 1910 tantum
3160 1858 3205 1912 si
3239 1857 3553 1927 sacriﬁcium

253 1952 357 2008 sed
413 1951 556 2007 unde
582 1951 788 2007 dimissi
819 1950 1053 2023 'quando
1100 1948 1534 2005 voluerunt?D‘e
1584 1948 1852 2004 sententia

172 2050 179 2053 '
221 2057 424 2103 .noctu
449 2046 555 2100 lata
584 2044 814 2102 forensis
869 2044 1072 2101 rabulze
1098 2043 1346 2099 Petiliani
1394 2040 1667 2097 cavillatio
1694 2047 1848 2105 erat;

251 2139 397 2194 nihil
425 2136 572 2194 enim
596 2137 776 2193 obstat
812 2136 941 2208 quin
970 2138 1013 2192 si
1057 2150 1219 2191 causa
1249 2135 1516 2204 postulet,
1539 2131 1742 2189 diutius
1765 2132 1867 2201 ju-.

250 2231 365 2287 dex
393 2232 560 2300 possit
586 2230 747 2285 etiam
779 2228 991 2285 sedere.
1020 2226 1378 2283 Nihilominus
1407 2227 1523 2281 lucc
1548 2224 1855 2280 Donatista-

251 2341 380 2380 rum
409 2324 773 2380 calumniandi
802 2322 1023 2379 audacia
1050 2330 1210 2396 atque
1236 2321 1509 2392 protervia
1558 2321 1629 2374 ita
1676 2319 1853 2374 incre-

250 2418 375 2482 vit,
426 2424 485 2471 ut
531 2416 597 2471 de
643 2414 885 2481 remedio
926 2413 1248 2485 apponendo
1298 2413 1487 2468 Patres
1516 2410 1753 2467 Africani
1797 2408 1851 2464 in

254 2507 553 2564 commune
581 2508 951 2574 consuluerint
981 2508 1033 2562 in
1064 2506 1272 2578 synodo
1301 2504 1536 2561 Cirtensi
1582 2518 1677 2559 seu
1722 2502 1853 2558 Zer—

206 2620 211 2629 ·
252 2601 402 2656 tensi
440 2616 582 2655 anno
629 2611 751 2671 post
802 2600 1151 2655 collationem.
1173 2598 1394 2666 habito,
1438 2599 1591 2670 cujus
1634 2598 1854 2654 nomine

253 2692 594 2765 Augustinus
618 2693 903 2763 epistolam
923 2692 1144 2763 scripsit
1170 2693 1234 2749 ad
1261 2692 1566 2763 Donatistas
1592 2692 1727 2747 olim-
1747 2705 1852 2747 CLII

255 2801 409 2841 nunc
454 2800 613 2852 cxu,
660 2801 761 2856 qua
790 2784 1097 2856 hujusmodi
1145 2784 1468 2841 calumniam
1497 2783 1670 2840 diluit.
1721 2784 1853 2839 Data

257 2888 351 2934 est
378 2894 515 2934 xvm
538 2877 757 2933 kalend.
789 2878 977 2935 Julias.

340 2971 486 3027 Mors
508 2971 823 3030 Marcellini.
852 2972 1186 3043 Conﬁrmatio
1224 2973 1489 3028 sententia:
1534 2971 1853 3029 Marcellini.

255 3068 428 3120 ——At
476 3065 770 3121 Donatistae
812 3079 918 3120 non
963 3066 1203 3121 contenti
1251 3065 1544 3120 Marcellini
1593 3066 1857 3123 honorem

256 3155 553 3214 calumniis
578 3158 693 3213 suis
722 3158 982 3214 infamare
1002 3180 1023 3223 ,ι
1067 3158 1230 3212 vitam
1255 3157 1416 3212 etiam
1441 3158 1817 3229 appetiverunt
1839 3201 1854 3226 ,

1957 1968 2061 2007 non
2090 1949 2365 2006 obtulerint
2395 1959 2482 2004 aut
2520 1951 2576 2003 in
2606 1949 2801 2026 papula
2830 1966 2931 2005 non
2976 1952 3339 2021 tractaverint,
3374 1952 3444 2005 ad
3470 1969 3553 2007 ve-

1956 2045 2096 2097 niam
2122 2042 2418 2114 peroeniant
2446 2042 2571 2096 etin
2600 2042 2708 2097 suis
2729 2042 3008 2097 honoribus
3034 2043 3368 2115 recipiantur.

2029 2134 2424 2191 Donatistarum
2473 2124 2698 2189 scliisma
2736 2134 3159 2191 debilitatum.-—
3184 2137 3395 2193 interea
3425 2137 3553 2192 Dul-

1955 2230 2110 2287 citius
2139 2228 2412 2286 Tribunus
2441 2238 2494 2284 et
2520 2228 2776 2283 Notarius
2804 2230 2808 2233 ’
2832 2228 3195 2298 imperialium
3239 2229 3553 2300 jussionum

1955 2332 2142 2380 contra
2166 2324 2474 2379 Donatistas
2500 2322 2554 2378 in
2577 2320 2761 2377 Africa
2793 2330 3074 2390 executor,
3106 2337 3298 2393 poenas
3342 2322 3553 2394 legibus

1958 2416 2011 2471 in
2044 2430 2139 2471 eos
2165 2397 2632 2471 sancitassevere
2672 2412 2958 2484 exigebat,
2992 2413 3326 2469 intestabiles
3375 2415 3554 2469 Dona-

1957 2507 2112 2563 tistas
2141 2521 2263 2562 esse
2292 2506 2637 2587 declarabat,
2689 2505 2917 2560 mulctas
2962 2497 3257 2576 imperatas
3302 2506 3551 2577 impone-

1954 2601 2048 2655 bat
2067 2641 2082 2667 ,
2114 2598 2364 2655 basilicas
2390 2576 2657 2657 eorumiet
2681 2598 2820 2654 bona
2850 2597 3096 2654 ecclesiae
3128 2576 3412 2657 catholicae
3451 2599 3553 2654 ad-

1955 2691 2258 2765 judicabat,
2287 2692 2573 2763 episcopos
2618 2698 2674 2746 et
2719 2690 2947 2745 clericos
2986 2690 3043 2746 in
3096 2690 3302 2745 insulas
3346 2698 3403 2746 et
3424 2706 3590 2761 pro-'

1954 2784 2159 2839 vincias
2187 2783 2506 2854 longinquas
2540 2780 2828 2848 exulatum
2872 2782 3145 2838 mittebat.
3176 2776 3346 2853 Hujus
3392 2784 3558 2853 igitur

1955 2874 2229 2947 vigilantia
2245 2874 2401 2941 multi
2416 2884 2529 2930 tum
2555 2874 2815 2945 temporis
2837 2873 2904 2928 ad
2932 2873 3233 2929 Ecclesiam
3250 2873 3553 2941 redierunt,

1958 2977 2015 3026 ct
2045 2970 2339 3026 Donatiana
2384 2979 2567 3036 secta,
2601 2983 2723 3040 qua:
2751 2974 2933 3024 ‘antea
2980 2967 3037 3022 in
3082 2966 3263 3023 Africa
3308 2967 3558 3039 vigebat,

1956 3063 2128 3123 fracta
2150 3071 2205 3119 ct
2231 3062 2509 3118 debilitata
2533 3076 2756 3133 prorsus
2784 3070 2889 3117 est.
2918 3060 2988 3116 At
3012 3060 3257 3115 nonnulli
3289 3060 3345 3116 in
3383 3061 3559 3131 pervi-

1961 3154 2108 3211 cacia
2139 3168 2237 3209 sua
2266 3134 2518 3211 obstinati
2541 3153 2911 3225 perdurabant
2930 3194 2945 3221 ,
2972 3168 3203 3225 quorum
3234 3151 3325 3207 alii
3368 3152 3556 3208 basili-

258 3260 342 3316 εἰ,
374 3250 528 3321 quasi
571 3249 905 3305 Heracliante
934 3248 1189 3306 factionis
1217 3249 1514 3317 hominem,
1537 3250 1637 3306 sub
1660 3249 1856 3305 invidia
1885 3266 1929 3329 ο
1956 3263 2055 3330 cas
2086 3262 2157 3308 ne
2180 3247 2472 3304 Catholicis
2528 3247 2826 3314 traderent,
2883 3246 2974 3301 alii
3019 3261 3116 3316 pro
3146 3260 3245 3300 suo
3278 3236 3431 3300 more
3458 3258 3554 3298 va-

262 3344 570 3417 tyrannidis
609 3359 925 3416 oppressum
973 3344 1109 3401 licet’
1142 3345 1522 3411 innocentem,
1574 3354 1632 3417 ut
1658 3344 1744 3400 die
1790 3344 1860 3400 i3

261 3438 605 3508 Septembris
634 3437 763 3492 anni
786 3438 915 3504 415,
938 3437 1093 3507 jussu
1118 3437 1304 3492 Marini
1334 3438 1549 3500 comitis
1571 3439 1661 3508 qui
1692 3438 1859 3512 flera-

263 3531 505 3587 clianum
544 3532 598 3587 in
643 3530 823 3587 Africa
868 3531 1266 3597 debellaverat,
1310 3529 1487 3601 capite
1532 3531 1862 3601 plecteretur

265 3622 589 3681 effecerunt.
622 3624 756 3678 Hinc
790 3623 1131 3679 occasionem
1165 3630 1461 3693 coeperunt
1480 3622 1769 3693 jactitandi
1791 3624 1866 3679 ir-

202 3746 215 3751 -
265 3716 432 3771 ritum
465 3716 589 3771 esse
612 3715 872 3788 judicium
903 3730 933 3770 a
965 3714 1277 3771 Marcellino
1315 3716 1478 3771 latum
1513 3732 1526 3771 :
1567 3716 1862 3796 quodcum

264 3807 629 3865 intellexisset
658 3807 959 3875 Honorius,
989 3806 1393 3864 severissimam
1442 3808 1495 3862 in
1549 3822 1646 3864 eos
1688 3809 1861 3880 legem

269 3899 397 3954 tulit
426 3899 514 3956 die
552 3899 625 3953 22
671 3898 815 3955 Junii
865 3892 1010 3954 anni'
1039 3897 1175 3967 414,
1230 3910 1284 3955 et
1331 3899 1582 3970 aliaJege
1624 3899 1747 3954 data
1796 3900 1866 3956 50

266 3990 499 4062 Augusti
518 3994 645 4049 anni
664 3991 770 4048 415
788 4035 804 4061 ,
832 3992 1021 4048 statuit
1045 4007 1108 4047 ea
1132 4007 1250 4063 quae
1276 4007 1304 4046 a
1338 3992 1672 4062 Marcellino,
1703 4008 1863 4066 quem

270 4083 566 4155 spectabilis
622 4083 868 4139 memoria
922 4084 1087 4138 virum
1134 4080 1409 4154 appellat,
1452 4084 1507 4139 in
1553 4067 1864 4141 Don’atistas

268 4185 425 4248 gesta
447 4184 606 4232 erant
634 4186 691 4232 et
718 4176 771 4231 in
799 4176 1011 4247 publica
1052 4186 1401 4245 monumenta
1432 4177 1699 4255 translata
1721 4220 1736 4246 ,
1770 4178 1865 4233 fir-l

270 4271 517 4326 mitatem
549 4279 860 4343 perpetuam
894 4272 1112 4329 habere.

343 4364 463 4419 Non
494 4365 690 4420 melius
736 4365 1026 4421 Donatistis
1052 4367 1216 4423 cessit
1262 4365 1564 4436 importuna
1594 4366 1733 4436 apud
1764 4365 1871 4422 Bo-

272 4457 531 4513 nifacium
576 4457 830 4514 comitem
862 4459 1254 4529 interpellatio,
1287 4460 1377 4530 qui
1406 4459 1620 4529 rejectis
1652 4460 1873 4515 menda-

176 4547 192 4555 ”
271 4536 620 4607 cissimorum
652 4550 932 4608 hominum
973 4551 1259 4608 calumniis
1307 4552 1593 4623 Augustini
1640 4553 1869 4609 consilia

1964 3340 2047 3396 rio
2074 3340 2264 3395 mortis
2290 3354 2493 3410 genere
2522 3348 2755 3398 mortem
2806 3339 2911 3396 sibi
2938 3339 3442 3406 conciscebant,.ut
3465 3352 3565 3407 pro

1922 3462 1933 3467 ~
1962 3432 2290 3507 martyribus
2319 3433 2669 3490 haberentur.
2704 3431 2956 3487 Nonnulli
2984 3431 3038 3486 in
3065 3427 3365 3486 eatliolicos
3390 3428 3561 3485 irrue-

1965 3525 2096 3581 bant
2119 3533 2176 3580 et
2202 3540 2268 3580 ex
2296 3525 2365 3580 iis
2390 3525 2657 3596 plurimos
2688 3524 2809 3581 neci
2833 3524 3159 3580 tradebant:
3192 3523 3321 3578 dum
3365 3538 3398 3578 c
3426 3538 3559 3578 con-

1967 3631 2049 3674 tra
2078 3617 2330 3674 catholici
2362 3619 2633 3674 antistites
2660 3616 2892 3674 sollicite
2914 3616 3108 3672 mortis
3150 3630 3366 3687 prunam
3396 3628 3426 3669 a
3455 3615 3563 3670 Do-

1966 3713 2287 3787 natistarum
2318 3713 2496 3782 capite
2523 3711 2891 3783 depulsarcnt.

2040 3802 2122 3859 De
2150 3803 2445 3859 Gaudentio
2466 3804 2981 3877 Thamugadensi.——
3002 3802 3135 3861 Cum
3163 3804 3428 3861 malorum
3460 3804 3563 3858 hu-

1963 3895 2275 3969 juscemodl
2295 3898 2403 3952 dux
2429 3904 2485 3952 et
2511 3896 2595 3951 fax
2625 3908 2769 3953 esset
2795 3896 3132 3953 Gaudentius
3151 3896 3569 3968 Thamngadeu-

1968 3992 2063 4060 sis,
2101 4008 2239 4048 unus
2277 4001 2544 4064 e'septem
2583 3993 2861 4048 actoribus
2893 3993 3292 4048 Donatistarum
3322 3993 3377 4047 in
3402 3991 3570 4047 colla-

1972 4086 2146 4154 tione,
2200 4084 2348 4141 dedit
2391 4084 2459 4140 ad
2507 4085 2659 4140 illum
2707 4085 2921 4141 litteras
2955 4084 3225 4141 Dulcitius
3274 4080 3568 4141 exhortans

1969 4196 2093 4238 eum
2136 4169 2216 4258 ad
2246 4180 2504 4236 unitatem
2537 4179 2863 4236 catholicam
2914 4189 2971 4235 et
3019 4178 3339 4235 dissuadens
3387 4178 3570 4233 incen-

1970 4276 2119 4331 dium
2145 4290 2253 4345 quo
2282 4289 2341 4330 se
2363 4289 2427 4329 ac
2456 4289 2585 4330 suos
2626 4258 2754 4329 cum.
2795 4274 2912 4344 ipsa
2967 4272 3210 4329 Ecclesia
3248 4284 3571 4327 consumere

1972 4367 2278 4424 minabatur
2306 4384 2319 4421 :
2346 4366 2554 4424 addens
2584 4365 2747 4422 etiam
2798 4375 2856 4421 ut
2886 4366 2930 4420 si
2968 4380 3026 4421 se
3052 4365 3228 4436 justos
3277 4372 3531 4436 putarent
3553 4406 3570 4432 ,

1973 4441 2222 4534 fugerent
2252 4460 2429 4533 potius
2455 4460 2752 4518 secundum
2783 4469 3110 4531 praeceptum
3132 4458 3345 4514 Domini
3369 4456 3577 4513 Christi

1976 4563 2136 4629 quam
2155 4571 2227 4611 se
2255 4537 2505 4611 nefandis
2532 4555 2747 4627 ignibus
2791 4560 3224 4608 concremarent.
3272 4549 3577 4621 Respondit

271 4648 513 4721 praetulit
531 4648 633 4704 sibi
662 4648 973 4720 prmscripta
1005 4650 1055 4703 in
1085 4649 1286 4706 eximio
1315 4632 1409 4704 illo
1440 4651 1578 4705 libro
1606 4666 1701 4706 seu
1729 4651 1873 4721 epis:
1897 4664 1952 4724 ι)
1978 4649 2317 4706 Gaudentius
2346 4648 2555 4704 duabus
2584 4647 2777 4703 litteris
2797 4689 2811 4713 ,
2844 4644 3089 4701 breviore
3112 4657 3217 4700 una
3237 4686 3253 4711 ,
3287 4644 3576 4713 festinante

274 4740 386 4796 tola
410 4756 533 4812 quae
554 4749 639 4796 est
663 4742 731 4801 de
758 4740 1114 4796 Correctione
1142 4741 1564 4798 Donatistarum.

348 4833 508 4889 Gesta
530 4834 802 4905 Augustini
829 4851 944 4889 cum
978 4834 1301 4892 Emerito.—
1320 4836 1478 4895 Anno
1523 4839 1650 4906 418,
1697 4828 1875 4909 prima

277 4925 431 4992 Maii,
464 4926 788 4983 universalis
817 4928 1035 4983 concilii
1076 4928 1513 5000 Cartliaginensis
1544 4914 1731 4987 Patres
1780 4932 1873 4987 de-

277 5032 426 5078 creta
478 5021 769 5078 condidere
797 5024 867 5080 ad
899 5024 1291 5095 extinguendas
1338 5026 1654 5081 Donatianae
1695 5031 1873 5083 secta:
1906 5047 1911 5051 ·

276 5117 566 5188 reliquias.
598 5116 781 5173 Mense
805 5132 936 5173 vero
962 5118 1252 5189 septembri
1295 5119 1574 5190 proximo,
1616 5135 1740 5175 cum
1767 5121 1877 5176 Au-

278 5209 533 5283 gustinus
559 5209 697 5280 apud
728 5202 921 5266 Iuliam
943 5209 1246 5267 Caesaream
1277 5223 1586 5267 versaretur
1607 5229 1728 5269 cum
1762 5213 1879 5283 qui-

280 5303 509 5360 husdam
551 5305 805 5378 collegis,
842 5308 1077 5385 occurrit
1110 5300 1247 5363 forte
1297 5309 1347 5362 in
1391 5299 1687 5363 Eine‘ritum
1721 5310 1880 5380 hujus

284 5399 433 5455 urbis
462 5399 865 5470 episcOpum-ex
900 5409 1049 5469 parte
1076 5401 1304 5468 Donati,
1333 5402 1421 5472 qui
1454 5418 1593 5457 unus
1619 5402 1793 5458 fuerat
1813 5419 1878 5458 ex

282 5491 559 5548 actoribus
588 5492 930 5559 collationis,
963 5502 1121 5563 quam
1170 5508 1291 5548 cum
1343 5494 1407 5548 ad
1438 5494 1736 5551 Ecclesiam
1788 5495 1884 5551 ad-

283 5586 560 5651 duxisset,
597 5600 717 5640 cum
746 5601 812 5641 eo
838 5595 1153 5641 concertare
1181 5586 1368 5641 voluit.
1398 5587 1467 5649 At
1512 5587 1786 5643 Emeritus
1815 5604 1884 5645 ne

285 5682 487 5736 mutire
518 5680 737 5750 quidem
768 5688 861 5734 aut
901 5680 1115 5736 hiscere
1148 5695 1310 5735 ausus
1336 5688 1469 5747 est,
1498 5691 1553 5736 et
1599 5682 1885 5752 Augustini

288 5789 598 5829 sermonem
653 5770 919 5843 patienter
970 5783 1156 5828 contra
1204 5788 1334 5829 suos
1381 5773 1606 5829 audivit.
1661 5774 1883 5831 Librum

292 5868 454 5945 paulo
484 5877 614 5928 ante
640 5868 905 5926 adversus
948 5868 1089 5926 hunc
1116 5868 1415 5927 Emeritum
1445 5871 1732 5943 scripserat
1779 5872 1888 5927 Au-

1892 4802 1896 4810 ,
1981 4744 2278 4800 ut'aiebaut
2302 4744 2572 4815 perlatore
2592 4784 2607 4811 ,
2636 4740 2739 4795 alia
2770 4740 2974 4811 prolixa
2999 4781 3014 4807 ,
3044 4739 3197 4809 quasi
3246 4732 3459 4809 plenius
3487 4738 3573 4809 di-

1977 4838 2349 4915 ligentiusque
2405 4834 2761 4906 respondens.
2816 4823 3099 4888 Dulcitius'
3127 4832 3317 4887 ambas
3373 4840 3431 4886 ut
3484 4846 3580 4887 eas

1979 4934 2270 4991 Gaudentii
2316 4932 2574 5004 epistolas
2602 4927 2931 5001 existimavit
2971 4925 3039 4980 ad
3070 4941 3193 4981 eum
3219 4940 3341 4980 esse
3364 4926 3581 4981 mitten-

1983 5026 2081 5082 das
2112 5015 2389 5082 refelleret
2411 5066 2424 5089 ,
2453 5022 2719 5092 simulque
2750 5035 2874 5075 cum
2910 5034 3009 5092 per
3038 5018 3249 5074 litteras
3276 5018 3580 5084 consuluit,

1984 5111 2255 5191 quodnam
2284 5120 2402 5175 istis
2434 5116 2703 5173 haereticis
2741 5130 3064 5185 responsum
3120 5114 3239 5169 dari
3285 5125 3579 5185 oporteret.

1983 5213 2305 5285 Augustinus
2333 5211 2519 5287 ambas
2568 5208 2858 5266 Gaudentii
2904 5208 3161 5278 epistolas
3191 5222 3301 5262 uno
3331 5206 3471 5261 libro
3498 5222 3584 5262 re-

1985 5307 2228 5378 darguit.
2259 5305 2351 5375 qui
2400 5319 2522 5359 cum
2574 5304 2626 5357 in
2676 5302 2921 5372 ejusdem
2975 5300 3310 5370 pervenisset
3355 5314 3584 5368 manus,

1986 5398 2269 5469 rescripsit
2291 5397 2380 5453 ille
2408 5397 2553 5468 quod
2576 5398 2623 5466 ei
2658 5400 2831 5451 visum
2856 5404 2971 5460 est;
3014 5393 3110 5449 sed
3138 5392 3467 5465 Augustinus
3511 5410 3589 5449 re-

1987 5492 2337 5565 sponsionem
2366 5491 2482 5563 ejus
2515 5492 2843 5560 contempsit
2882 5505 2979 5544 nec
3010 5488 3222 5557 dignam
3266 5487 3590 5542 refutatione

1986 5588 2268 5659 judicavit.
2294 5586 2374 5641 Ad
2402 5588 2728 5657 posuilatuni
2760 5601 2887 5641 vero
2917 5583 3125 5639 Dnlcitii
3150 5584 3428 5653 respondit
3460 5585 3590 5638 isto-

1992 5698 2110 5737 rum
2141 5680 2405 5735 insaniam
2434 5695 2543 5735 non
2570 5680 2768 5736 debere
2797 5679 3013 5733 obstare
3044 5676 3333 5745 quominus
3364 5677 3429 5730 ad
3463 5677 3589 5731 uni-

1995 5782 2157 5827 tatem
2190 5771 2488 5828 faciendam
2513 5772 2843 5827 allaborarct
2871 5778 2924 5825 et
2955 5767 3221 5838 Principis
3244 5767 3391 5839 leges
3431 5784 3593 5826 exsc—

1994 5867 2203 5924 cutioni
2230 5865 2599 5923 demandarct.

3444 354 3588 409 821.
3648 360 3653 361 ⁷
