  <div class='ocr_page' id='page_1' title='image "/cluster/home/n/w/nwhite01/storage/ocr_20150623/11/uva.x000826576/420.png"; bbox 0 0 3848 6220; ppageno 0'>
   <div class='ocr_carea' id='block_1_1' title="bbox 168 248 282 303">
    <p class='ocr_par' dir='ltr' id='par_1_1' title="bbox 168 248 282 303">
     <span class='ocr_line' id='line_1_1' title="bbox 168 248 282 303; baseline 0.009 -3"><span class='ocrx_word' id='word_1_1' title='bbox 168 248 282 303; x_wconf 67' lang='grc' dir='ltr'><strong>82ῖί</strong></span> 
     </span>
    </p>
   </div>
   <div class='ocr_carea' id='block_1_2' title="bbox 1296 250 2349 308">
    <p class='ocr_par' dir='ltr' id='par_1_2' title="bbox 1296 250 2349 308">
     <span class='ocr_line' id='line_1_2' title="bbox 1296 250 2349 308; baseline -0.001 -3"><span class='ocrx_word' id='word_1_2' title='bbox 1296 251 1742 308; x_wconf 70' lang='lat' dir='ltr'><strong>CEOGRAPHIA</strong></span> <span class='ocrx_word' id='word_1_3' title='bbox 1785 253 2005 307; x_wconf 65' lang='lat' dir='ltr'><strong>SACRA</strong></span> <span class='ocrx_word' id='word_1_4' title='bbox 2050 250 2349 306; x_wconf 69' lang='grc' dir='ltr'><strong>ΛΡΠΙΟᾸΞ.</strong></span> 
     </span>
    </p>
   </div>
   <div class='ocr_carea' id='block_1_3' title="bbox 3360 255 3464 311">
    <p class='ocr_par' dir='ltr' id='par_1_3' title="bbox 3360 255 3464 311">
     <span class='ocr_line' id='line_1_3' title="bbox 3360 255 3464 311; baseline 0.019 -2"><span class='ocrx_word' id='word_1_5' title='bbox 3360 255 3464 311; x_wconf 69' lang='lat'><strong>836</strong></span> 
     </span>
    </p>
   </div>
   <div class='ocr_carea' id='block_1_4' title="bbox 170 368 3468 448">
    <p class='ocr_par' dir='ltr' id='par_1_4' title="bbox 170 368 3468 448">
     <span class='ocr_line' id='line_1_4' title="bbox 170 368 3468 448; baseline 0.002 -27"><span class='ocrx_word' id='word_1_6' title='bbox 170 382 237 422; x_wconf 89' lang='lat' dir='ltr'><strong>ac</strong></span> <span class='ocrx_word' id='word_1_7' title='bbox 269 369 323 422; x_wconf 89' lang='lat' dir='ltr'><strong>in</strong></span> <span class='ocrx_word' id='word_1_8' title='bbox 366 368 503 424; x_wconf 89' lang='lat' dir='ltr'><strong>duas</strong></span> <span class='ocrx_word' id='word_1_9' title='bbox 542 370 883 427; x_wconf 65' lang='lat' dir='ltr'><strong>distribuitur</strong></span> <span class='ocrx_word' id='word_1_10' title='bbox 913 414 927 436; x_wconf 91' lang='lat'><strong>,</strong></span> <span class='ocrx_word' id='word_1_11' title='bbox 961 388 1187 436; x_wconf 86' lang='lat' dir='ltr'><strong>quarum</strong></span> <span class='ocrx_word' id='word_1_12' title='bbox 1238 390 1337 425; x_wconf 91' lang='lat' dir='ltr'><strong>una</strong></span> <span class='ocrx_word' id='word_1_13' title='bbox 1372 372 1567 448; x_wconf 80' lang='lat' dir='ltr'><strong>dicitur</strong></span> <span class='ocrx_word' id='word_1_14' title='bbox 1601 372 1765 442; x_wconf 84' lang='lat' dir='ltr'><strong>Byza-</strong></span> <span class='ocrx_word' id='word_1_15' title='bbox 1800 384 1849 437; x_wconf 74' lang='grc' dir='ltr'><strong>Α</strong></span> <span class='ocrx_word' id='word_1_16' title='bbox 1878 388 1996 441; x_wconf 73' lang='lat' dir='ltr'><strong>qure</strong></span> <span class='ocrx_word' id='word_1_17' title='bbox 2018 372 2277 442; x_wconf 85' lang='lat' dir='ltr'><strong>deinceps</strong></span> <span class='ocrx_word' id='word_1_18' title='bbox 2302 390 2330 426; x_wconf 90' lang='lat' dir='ltr'><strong>a</strong></span> <span class='ocrx_word' id='word_1_19' title='bbox 2363 373 2609 428; x_wconf 79' lang='lat' dir='ltr'><strong>Numidia</strong></span> <span class='ocrx_word' id='word_1_20' title='bbox 2658 372 2841 427; x_wconf 86' lang='lat' dir='ltr'><strong>avulsa</strong></span> <span class='ocrx_word' id='word_1_21' title='bbox 2872 374 3204 443; x_wconf 74' lang='lat' dir='ltr'><strong>provinciam</strong></span> <span class='ocrx_word' id='word_1_22' title='bbox 3236 377 3468 444; x_wconf 80' lang='lat' dir='ltr'><strong>peculia-</strong></span> 
     </span>
    </p>
   </div>
   <div class='ocr_carea' id='block_1_5' title="bbox 169 464 1775 533">
    <p class='ocr_par' dir='ltr' id='par_1_5' title="bbox 169 464 1775 533">
     <span class='ocr_line' id='line_1_5' title="bbox 169 464 1775 533; baseline 0.001 -17"><span class='ocrx_word' id='word_1_23' title='bbox 169 477 309 516; x_wconf 86' lang='lat' dir='ltr'><strong>cena</strong></span> <span class='ocrx_word' id='word_1_24' title='bbox 339 505 355 529; x_wconf 94' lang='lat'><strong>,</strong></span> <span class='ocrx_word' id='word_1_25' title='bbox 389 464 554 517; x_wconf 89' lang='lat' dir='ltr'><strong>altera</strong></span> <span class='ocrx_word' id='word_1_26' title='bbox 598 464 950 533; x_wconf 87' lang='lat' dir='ltr'><strong>Tripolitana.</strong></span> <span class='ocrx_word' id='word_1_27' title='bbox 1004 465 1060 518; x_wconf 87' lang='lat' dir='ltr'><strong>In</strong></span> <span class='ocrx_word' id='word_1_28' title='bbox 1109 466 1278 519; x_wconf 85' lang='lat' dir='ltr'><strong>veteri</strong></span> <span class='ocrx_word' id='word_1_29' title='bbox 1325 465 1527 520; x_wconf 84' lang='lat' dir='ltr'><strong>N0titia</strong></span> <span class='ocrx_word' id='word_1_30' title='bbox 1580 465 1775 518; x_wconf 78' lang='lat' dir='ltr'><strong>Africa:</strong></span> 
     </span>
    </p>
   </div>
   <div class='ocr_carea' id='block_1_6' title="bbox 168 551 1773 624">
    <p class='ocr_par' dir='ltr' id='par_1_6' title="bbox 168 551 1773 624">
     <span class='ocr_line' id='line_1_6' title="bbox 168 551 1773 624; baseline 0 -15"><span class='ocrx_word' id='word_1_31' title='bbox 168 551 477 609; x_wconf 82' lang='lat' dir='ltr'><strong>Constantii</strong></span> <span class='ocrx_word' id='word_1_32' title='bbox 509 556 851 622; x_wconf 87' lang='lat' dir='ltr'><strong>imperatoris</strong></span> <span class='ocrx_word' id='word_1_33' title='bbox 879 598 892 619; x_wconf 89' lang='lat'><strong>,</strong></span> <span class='ocrx_word' id='word_1_34' title='bbox 924 565 985 610; x_wconf 82' lang='lat' dir='ltr'><strong>ut</strong></span> <span class='ocrx_word' id='word_1_35' title='bbox 1008 556 1205 614; x_wconf 86' lang='lat' dir='ltr'><strong>ferunt.</strong></span> <span class='ocrx_word' id='word_1_36' title='bbox 1233 556 1563 624; x_wconf 88' lang='lat' dir='ltr'><strong>temporibus</strong></span> <span class='ocrx_word' id='word_1_37' title='bbox 1597 556 1731 609; x_wconf 82' lang='lat' dir='ltr'><strong>facta</strong></span> <span class='ocrx_word' id='word_1_38' title='bbox 1758 598 1773 621; x_wconf 90' lang='lat'><strong>,</strong></span> 
     </span>
    </p>
   </div>
   <div class='ocr_carea' id='block_1_7' title="bbox 169 645 1774 718">
    <p class='ocr_par' dir='ltr' id='par_1_7' title="bbox 169 645 1774 718">
     <span class='ocr_line' id='line_1_7' title="bbox 169 645 1774 718; baseline 0.001 -19"><span class='ocrx_word' id='word_1_39' title='bbox 169 648 258 700; x_wconf 82' lang='lat' dir='ltr'><strong>sic</strong></span> <span class='ocrx_word' id='word_1_40' title='bbox 313 645 640 700; x_wconf 71' lang='lat' dir='ltr'><strong>describitur</strong></span> <span class='ocrx_word' id='word_1_41' title='bbox 681 656 736 701; x_wconf 90' lang='lat' dir='ltr'><strong>et</strong></span> <span class='ocrx_word' id='word_1_42' title='bbox 779 648 1034 701; x_wconf 88' lang='lat' dir='ltr'><strong>dividitur</strong></span> <span class='ocrx_word' id='word_1_43' title='bbox 1085 649 1297 702; x_wconf 82' lang='lat' dir='ltr'><strong>Africa:</strong></span> <span class='ocrx_word' id='word_1_44' title='bbox 1362 648 1657 718; x_wconf 83' lang='lat' dir='ltr'><strong>Vergentem</strong></span> <span class='ocrx_word' id='word_1_45' title='bbox 1706 650 1774 702; x_wconf 87' lang='lat' dir='ltr'><strong>ad</strong></span> 
     </span>
    </p>
   </div>
   <div class='ocr_carea' id='block_1_8' title="bbox 169 738 1771 812">
    <p class='ocr_par' dir='ltr' id='par_1_8' title="bbox 169 738 1771 812">
     <span class='ocr_line' id='line_1_8' title="bbox 169 738 1771 812; baseline 0.003 -22"><span class='ocrx_word' id='word_1_46' title='bbox 169 738 354 791; x_wconf 78' lang='lat' dir='ltr'><strong>Austri</strong></span> <span class='ocrx_word' id='word_1_47' title='bbox 386 748 572 792; x_wconf 84' lang='lat' dir='ltr'><strong>terram</strong></span> <span class='ocrx_word' id='word_1_48' title='bbox 603 739 828 795; x_wconf 81' lang='lat' dir='ltr'><strong>invenies</strong></span> <span class='ocrx_word' id='word_1_49' title='bbox 863 752 1048 795; x_wconf 84' lang='lat' dir='ltr'><strong>terram</strong></span> <span class='ocrx_word' id='word_1_50' title='bbox 1090 740 1475 807; x_wconf 75' lang='lat' dir='ltr'><strong>Mauritaniam,</strong></span> <span class='ocrx_word' id='word_1_51' title='bbox 1503 744 1653 812; x_wconf 83' lang='lat' dir='ltr'><strong>cujus</strong></span> <span class='ocrx_word' id='word_1_52' title='bbox 1681 743 1771 795; x_wconf 84' lang='lat' dir='ltr'><strong>lto-</strong></span> 
     </span>
    </p>
   </div>
   <div class='ocr_carea' id='block_1_9' title="bbox 173 830 1772 902">
    <p class='ocr_par' dir='ltr' id='par_1_9' title="bbox 173 830 1772 902">
     <span class='ocr_line' id='line_1_9' title="bbox 173 830 1772 902; baseline 0.004 -21"><span class='ocrx_word' id='word_1_53' title='bbox 173 830 343 883; x_wconf 80' lang='lat' dir='ltr'><strong>mincs</strong></span> <span class='ocrx_word' id='word_1_54' title='bbox 379 831 584 886; x_wconf 85' lang='lat' dir='ltr'><strong>barbari</strong></span> <span class='ocrx_word' id='word_1_55' title='bbox 612 842 861 902; x_wconf 88' lang='lat' dir='ltr'><strong>quantum</strong></span> <span class='ocrx_word' id='word_1_56' title='bbox 898 834 966 887; x_wconf 89' lang='lat' dir='ltr'><strong>ad</strong></span> <span class='ocrx_word' id='word_1_57' title='bbox 1009 836 1162 888; x_wconf 84' lang='lat' dir='ltr'><strong>vitam</strong></span> <span class='ocrx_word' id='word_1_58' title='bbox 1188 845 1238 889; x_wconf 88' lang='lat' dir='ltr'><strong>et</strong></span> <span class='ocrx_word' id='word_1_59' title='bbox 1281 851 1444 889; x_wconf 84' lang='lat' dir='ltr'><strong>mores</strong></span> <span class='ocrx_word' id='word_1_60' title='bbox 1476 878 1491 901; x_wconf 94' lang='lat'><strong>,</strong></span> <span class='ocrx_word' id='word_1_61' title='bbox 1528 836 1772 890; x_wconf 77' lang='lat' dir='ltr'><strong>Romanis</strong></span> 
     </span>
    </p>
   </div>
   <div class='ocr_carea' id='block_1_10' title="bbox 172 924 1771 1000">
    <p class='ocr_par' dir='ltr' id='par_1_10' title="bbox 172 924 1771 1000">
     <span class='ocr_line' id='line_1_10' title="bbox 172 924 1771 1000; baseline 0.003 -24"><span class='ocrx_word' id='word_1_62' title='bbox 172 933 346 978; x_wconf 78' lang='lat' dir='ltr'><strong>tamen</strong></span> <span class='ocrx_word' id='word_1_63' title='bbox 381 924 692 981; x_wconf 85' lang='lat' dir='ltr'><strong>subditi.....</strong></span> <span class='ocrx_word' id='word_1_64' title='bbox 722 925 931 981; x_wconf 76' lang='lat' dir='ltr'><strong>Exinde</strong></span> <span class='ocrx_word' id='word_1_65' title='bbox 971 937 1085 1000; x_wconf 89' lang='lat' dir='ltr'><strong>post</strong></span> <span class='ocrx_word' id='word_1_66' title='bbox 1116 928 1481 983; x_wconf 72' lang='lat' dir='ltr'><strong>Mauritaniam</strong></span> <span class='ocrx_word' id='word_1_67' title='bbox 1517 927 1771 982; x_wconf 76' lang='lat' dir='ltr'><strong>Numidia</strong></span> 
     </span>
    </p>
   </div>
   <div class='ocr_carea' id='block_1_11' title="bbox 174 1016 1769 1093">
    <p class='ocr_par' dir='ltr' id='par_1_11' title="bbox 174 1016 1769 1093">
     <span class='ocr_line' id='line_1_11' title="bbox 174 1016 1769 1093; baseline 0.006 -27"><span class='ocrx_word' id='word_1_68' title='bbox 174 1016 532 1083; x_wconf 81' lang='lat' dir='ltr'><strong>provincia....</strong></span> <span class='ocrx_word' id='word_1_69' title='bbox 588 1017 833 1073; x_wconf 70' lang='lat' dir='ltr'><strong>Proxima</strong></span> <span class='ocrx_word' id='word_1_70' title='bbox 860 1021 977 1073; x_wconf 85' lang='lat' dir='ltr'><strong>huic</strong></span> <span class='ocrx_word' id='word_1_71' title='bbox 1011 1021 1283 1089; x_wconf 70' lang='lat' dir='ltr'><strong>provincitr</strong></span> <span class='ocrx_word' id='word_1_72' title='bbox 1312 1016 1504 1093; x_wconf 74' lang='grc' dir='ltr'><strong>Δι’νὶεῶ</strong></span> <span class='ocrx_word' id='word_1_73' title='bbox 1539 1022 1678 1093; x_wconf 80' lang='lat' dir='ltr'><strong>regio</strong></span> <span class='ocrx_word' id='word_1_74' title='bbox 1715 1023 1769 1075; x_wconf 85' lang='lat' dir='ltr'><strong>in</strong></span> 
     </span>
    </p>
   </div>
   <div class='ocr_carea' id='block_1_12' title="bbox 172 1112 1771 1185">
    <p class='ocr_par' dir='ltr' id='par_1_12' title="bbox 172 1112 1771 1185">
     <span class='ocr_line' id='line_1_12' title="bbox 172 1112 1771 1185; baseline 0.006 -23"><span class='ocrx_word' id='word_1_75' title='bbox 172 1112 412 1165; x_wconf 81' lang='lat' dir='ltr'><strong>omnibus</strong></span> <span class='ocrx_word' id='word_1_76' title='bbox 432 1114 570 1167; x_wconf 85' lang='lat' dir='ltr'><strong>dives</strong></span> <span class='ocrx_word' id='word_1_77' title='bbox 590 1116 830 1169; x_wconf 84' lang='lat' dir='ltr'><strong>occurrit.</strong></span> <span class='ocrx_word' id='word_1_78' title='bbox 881 1114 1037 1185; x_wconf 77' lang='lat' dir='ltr'><strong>Apud</strong></span> <span class='ocrx_word' id='word_1_79' title='bbox 1061 1115 1408 1171; x_wconf 57' lang='lat' dir='ltr'><strong>Ptolemaeum</strong></span> <span class='ocrx_word' id='word_1_80' title='bbox 1437 1132 1499 1172; x_wconf 87' lang='lat' dir='ltr'><strong>ac</strong></span> <span class='ocrx_word' id='word_1_81' title='bbox 1540 1116 1771 1184; x_wconf 88' lang='lat' dir='ltr'><strong>Pompo-</strong></span> 
     </span>
    </p>
   </div>
   <div class='ocr_carea' id='block_1_13' title="bbox 171 1204 1766 1276">
    <p class='ocr_par' dir='ltr' id='par_1_13' title="bbox 171 1204 1766 1276">
     <span class='ocr_line' id='line_1_13' title="bbox 171 1204 1766 1276; baseline 0.004 -19"><span class='ocrx_word' id='word_1_82' title='bbox 171 1204 325 1257; x_wconf 85' lang='lat' dir='ltr'><strong>nium</strong></span> <span class='ocrx_word' id='word_1_83' title='bbox 357 1204 542 1260; x_wconf 81' lang='lat' dir='ltr'><strong>\lelam</strong></span> <span class='ocrx_word' id='word_1_84' title='bbox 575 1207 751 1262; x_wconf 82' lang='lat' dir='ltr'><strong>Africa</strong></span> <span class='ocrx_word' id='word_1_85' title='bbox 780 1222 994 1276; x_wconf 86' lang='lat' dir='ltr'><strong>quoque</strong></span> <span class='ocrx_word' id='word_1_86' title='bbox 1042 1209 1296 1265; x_wconf 77' lang='lat' dir='ltr'><strong>dividitur</strong></span> <span class='ocrx_word' id='word_1_87' title='bbox 1323 1210 1373 1263; x_wconf 92' lang='lat' dir='ltr'><strong>in</strong></span> <span class='ocrx_word' id='word_1_88' title='bbox 1421 1219 1529 1265; x_wconf 88' lang='lat' dir='ltr'><strong>tres</strong></span> <span class='ocrx_word' id='word_1_89' title='bbox 1561 1219 1766 1264; x_wconf 89' lang='lat' dir='ltr'><strong>tantum</strong></span> 
     </span>
    </p>
   </div>
   <div class='ocr_carea' id='block_1_14' title="bbox 178 1299 1765 1368">
    <p class='ocr_par' dir='ltr' id='par_1_14' title="bbox 178 1299 1765 1368">
     <span class='ocr_line' id='line_1_14' title="bbox 178 1299 1765 1368; baseline 0.006 -17"><span class='ocrx_word' id='word_1_90' title='bbox 178 1307 386 1368; x_wconf 85' lang='lat' dir='ltr'><strong>partes,</strong></span> <span class='ocrx_word' id='word_1_91' title='bbox 434 1299 829 1368; x_wconf 80' lang='lat' dir='ltr'><strong>Mauritaniam,</strong></span> <span class='ocrx_word' id='word_1_92' title='bbox 876 1303 1176 1358; x_wconf 82' lang='lat' dir='ltr'><strong>Numidiam</strong></span> <span class='ocrx_word' id='word_1_93' title='bbox 1220 1313 1273 1358; x_wconf 90' lang='lat' dir='ltr'><strong>et</strong></span> <span class='ocrx_word' id='word_1_94' title='bbox 1301 1304 1536 1359; x_wconf 81' lang='lat' dir='ltr'><strong>Africam</strong></span> <span class='ocrx_word' id='word_1_95' title='bbox 1578 1306 1765 1360; x_wconf 81' lang='lat' dir='ltr'><strong>stricte</strong></span> 
     </span>
    </p>
   </div>
   <div class='ocr_carea' id='block_1_15' title="bbox 168 1394 1765 1469">
    <p class='ocr_par' dir='ltr' id='par_1_15' title="bbox 168 1394 1765 1469">
     <span class='ocr_line' id='line_1_15' title="bbox 168 1394 1765 1469; baseline 0.006 -28"><span class='ocrx_word' id='word_1_96' title='bbox 168 1400 443 1460; x_wconf 87' lang='lat' dir='ltr'><strong>sumptam</strong></span> <span class='ocrx_word' id='word_1_97' title='bbox 478 1433 493 1457; x_wconf 92' lang='lat'><strong>,</strong></span> <span class='ocrx_word' id='word_1_98' title='bbox 518 1394 618 1447; x_wconf 85' lang='lat' dir='ltr'><strong>sub</strong></span> <span class='ocrx_word' id='word_1_99' title='bbox 670 1410 773 1465; x_wconf 87' lang='lat' dir='ltr'><strong>qua</strong></span> <span class='ocrx_word' id='word_1_100' title='bbox 828 1396 1361 1466; x_wconf 85' lang='lat' dir='ltr'><strong>comprehenduntur</strong></span> <span class='ocrx_word' id='word_1_101' title='bbox 1408 1398 1679 1469; x_wconf 80' lang='lat' dir='ltr'><strong>Byzacena</strong></span> <span class='ocrx_word' id='word_1_102' title='bbox 1710 1406 1765 1452; x_wconf 91' lang='lat' dir='ltr'><strong>ct</strong></span> 
     </span>
    </p>
   </div>
   <div class='ocr_carea' id='block_1_16' title="bbox 168 1481 533 1554">
    <p class='ocr_par' dir='ltr' id='par_1_16' title="bbox 168 1481 533 1554">
     <span class='ocr_line' id='line_1_16' title="bbox 168 1481 533 1554; baseline 0.008 -18"><span class='ocrx_word' id='word_1_103' title='bbox 168 1481 533 1554; x_wconf 76' lang='lat' dir='ltr'><strong>Tripolitana.</strong></span> 
     </span>
    </p>
   </div>
   <div class='ocr_carea' id='block_1_17' title="bbox 245 1576 1764 1651">
    <p class='ocr_par' dir='ltr' id='par_1_17' title="bbox 245 1576 1764 1651">
     <span class='ocr_line' id='line_1_17' title="bbox 245 1576 1764 1651; baseline 0.005 -20"><span class='ocrx_word' id='word_1_104' title='bbox 245 1576 373 1631; x_wconf 70' lang='lat' dir='ltr'><strong>Haec</strong></span> <span class='ocrx_word' id='word_1_105' title='bbox 398 1592 612 1649; x_wconf 87' lang='lat' dir='ltr'><strong>quoque</strong></span> <span class='ocrx_word' id='word_1_106' title='bbox 649 1579 748 1635; x_wconf 77' lang='lat' dir='ltr'><strong>fuit</strong></span> <span class='ocrx_word' id='word_1_107' title='bbox 794 1581 1162 1651; x_wconf 78' lang='lat' dir='ltr'><strong>antiquissima</strong></span> <span class='ocrx_word' id='word_1_108' title='bbox 1214 1582 1471 1641; x_wconf 62' lang='lat' dir='ltr'><strong>Ecclesiae</strong></span> <span class='ocrx_word' id='word_1_109' title='bbox 1498 1583 1764 1638; x_wconf 75' lang='lat' dir='ltr'><strong>Africana:</strong></span> 
     </span>
    </p>
   </div>
   <div class='ocr_carea' id='block_1_18' title="bbox 166 1672 1762 1748">
    <p class='ocr_par' dir='ltr' id='par_1_18' title="bbox 166 1672 1762 1748">
     <span class='ocr_line' id='line_1_18' title="bbox 166 1672 1762 1748; baseline 0.004 -24"><span class='ocrx_word' id='word_1_110' title='bbox 166 1672 388 1737; x_wconf 77' lang='lat' dir='ltr'><strong>divisio,</strong></span> <span class='ocrx_word' id='word_1_111' title='bbox 426 1682 481 1726; x_wconf 90' lang='grc' dir='ltr'><strong>ιιι</strong></span> <span class='ocrx_word' id='word_1_112' title='bbox 512 1675 663 1729; x_wconf 86' lang='lat' dir='ltr'><strong>testis</strong></span> <span class='ocrx_word' id='word_1_113' title='bbox 688 1683 771 1730; x_wconf 85' lang='lat' dir='ltr'><strong>est</strong></span> <span class='ocrx_word' id='word_1_114' title='bbox 816 1675 963 1730; x_wconf 88' lang='lat' dir='ltr'><strong>omni</strong></span> <span class='ocrx_word' id='word_1_115' title='bbox 994 1677 1315 1746; x_wconf 76' lang='lat' dir='ltr'><strong>exceptione</strong></span> <span class='ocrx_word' id='word_1_116' title='bbox 1363 1677 1534 1745; x_wconf 84' lang='lat' dir='ltr'><strong>major</strong></span> <span class='ocrx_word' id='word_1_117' title='bbox 1563 1677 1623 1730; x_wconf 87' lang='lat' dir='ltr'><strong>D.</strong></span> <span class='ocrx_word' id='word_1_118' title='bbox 1652 1676 1762 1748; x_wconf 83' lang='lat' dir='ltr'><strong>Cy-</strong></span> 
     </span>
    </p>
   </div>
   <div class='ocr_carea' id='block_1_19' title="bbox 1880 464 3468 531">
    <p class='ocr_par' dir='ltr' id='par_1_19' title="bbox 1880 464 3468 531">
     <span class='ocr_line' id='line_1_19' title="bbox 1880 464 3468 531; baseline 0.003 -14"><span class='ocrx_word' id='word_1_119' title='bbox 1880 478 1993 518; x_wconf 91' lang='lat' dir='ltr'><strong>rem</strong></span> <span class='ocrx_word' id='word_1_120' title='bbox 2038 465 2318 518; x_wconf 79' lang='lat' dir='ltr'><strong>cunStituit</strong></span> <span class='ocrx_word' id='word_1_121' title='bbox 2346 507 2361 531; x_wconf 92' lang='lat'><strong>,</strong></span> <span class='ocrx_word' id='word_1_122' title='bbox 2412 465 2637 519; x_wconf 82' lang='lat' dir='ltr'><strong>alteram</strong></span> <span class='ocrx_word' id='word_1_123' title='bbox 2684 464 2848 521; x_wconf 82' lang='lat' dir='ltr'><strong>fuisse</strong></span> <span class='ocrx_word' id='word_1_124' title='bbox 2895 481 2924 521; x_wconf 93' lang='lat' dir='ltr'><strong>e</strong></span> <span class='ocrx_word' id='word_1_125' title='bbox 2973 466 3181 521; x_wconf 86' lang='lat' dir='ltr'><strong>duabus</strong></span> <span class='ocrx_word' id='word_1_126' title='bbox 3210 465 3468 522; x_wconf 84' lang='lat' dir='ltr'><strong>Nnmidiis</strong></span> 
     </span>
    </p>
   </div>
   <div class='ocr_carea' id='block_1_20' title="bbox 1878 554 3483 627">
    <p class='ocr_par' dir='ltr' id='par_1_20' title="bbox 1878 554 3483 627">
     <span class='ocr_line' id='line_1_20' title="bbox 1878 554 3483 627; baseline 0.002 -17"><span class='ocrx_word' id='word_1_127' title='bbox 1878 564 2159 610; x_wconf 80' lang='lat' dir='ltr'><strong>censeant.</strong></span> <span class='ocrx_word' id='word_1_128' title='bbox 2184 556 2285 611; x_wconf 88' lang='lat' dir='ltr'><strong>Sed</strong></span> <span class='ocrx_word' id='word_1_129' title='bbox 2336 558 2385 610; x_wconf 93' lang='lat' dir='ltr'><strong>in</strong></span> <span class='ocrx_word' id='word_1_130' title='bbox 2419 557 2650 611; x_wconf 90' lang='lat' dir='ltr'><strong>concilio</strong></span> <span class='ocrx_word' id='word_1_131' title='bbox 2693 554 3101 627; x_wconf 75' lang='lat' dir='ltr'><strong>Carthaginiensi</strong></span> <span class='ocrx_word' id='word_1_132' title='bbox 3134 560 3259 611; x_wconf 88' lang='lat' dir='ltr'><strong>anni</strong></span> <span class='ocrx_word' id='word_1_133' title='bbox 3314 557 3418 613; x_wconf 69' lang='grc'><strong>416</strong></span> <span class='ocrx_word' id='word_1_134' title='bbox 3446 561 3483 624; x_wconf 87' lang='grc'><em>,’</em></span> 
     </span>
    </p>
   </div>
   <div class='ocr_carea' id='block_1_21' title="bbox 1876 637 3467 721">
    <p class='ocr_par' dir='ltr' id='par_1_21' title="bbox 1876 637 3467 721">
     <span class='ocr_line' id='line_1_21' title="bbox 1876 637 3467 721; baseline 0.001 -18"><span class='ocrx_word' id='word_1_135' title='bbox 1876 637 2081 703; x_wconf 69' lang='lat' dir='ltr'><strong>diacrte</strong></span> <span class='ocrx_word' id='word_1_136' title='bbox 2129 648 2532 721; x_wconf 85' lang='lat' dir='ltr'><strong>distinguuntur</strong></span> <span class='ocrx_word' id='word_1_137' title='bbox 2574 650 2836 705; x_wconf 72' lang='lat' dir='ltr'><strong>Numidian</strong></span> <span class='ocrx_word' id='word_1_138' title='bbox 2889 651 3008 705; x_wconf 77' lang='lat' dir='ltr'><strong>dute</strong></span> <span class='ocrx_word' id='word_1_139' title='bbox 3056 667 3086 706; x_wconf 89' lang='lat' dir='ltr'><strong>a</strong></span> <span class='ocrx_word' id='word_1_140' title='bbox 3136 651 3467 707; x_wconf 78' lang='lat' dir='ltr'><strong>Mauritaniis</strong></span> 
     </span>
    </p>
   </div>
   <div class='ocr_carea' id='block_1_22' title="bbox 1874 740 2719 815">
    <p class='ocr_par' dir='ltr' id='par_1_22' title="bbox 1874 740 2719 815">
     <span class='ocr_line' id='line_1_22' title="bbox 1874 740 2719 815; baseline -0.001 -19"><span class='ocrx_word' id='word_1_141' title='bbox 1874 740 2113 796; x_wconf 85' lang='lat' dir='ltr'><strong>Sitifeusi</strong></span> <span class='ocrx_word' id='word_1_142' title='bbox 2140 751 2191 797; x_wconf 87' lang='lat' dir='ltr'><strong>et</strong></span> <span class='ocrx_word' id='word_1_143' title='bbox 2215 740 2556 797; x_wconf 61' lang='lat' dir='ltr'><strong>stariensi.</strong></span> <span class='ocrx_word' id='word_1_144' title='bbox 2715 811 2719 815; x_wconf 26' lang='lat'><strong><em>.</em></strong></span> 
     </span>
    </p>
   </div>
   <div class='ocr_carea' id='block_1_23' title="bbox 1946 825 3463 907">
    <p class='ocr_par' dir='ltr' id='par_1_23' title="bbox 1946 825 3463 907">
     <span class='ocr_line' id='line_1_23' title="bbox 1946 825 3463 907; baseline 0.003 -18"><span class='ocrx_word' id='word_1_145' title='bbox 1946 835 2097 891; x_wconf 88' lang='lat' dir='ltr'><strong>Circa</strong></span> <span class='ocrx_word' id='word_1_146' title='bbox 2126 838 2365 905; x_wconf 79' lang='lat' dir='ltr'><strong>tempora</strong></span> <span class='ocrx_word' id='word_1_147' title='bbox 2389 836 2676 892; x_wconf 81' lang='lat' dir='ltr'><strong>Theodosii</strong></span> <span class='ocrx_word' id='word_1_148' title='bbox 2710 825 3049 907; x_wconf 86' lang='lat' dir='ltr'><strong>imperatoris</strong></span> <span class='ocrx_word' id='word_1_149' title='bbox 3077 836 3255 893; x_wconf 81' lang='lat' dir='ltr'><strong>Africa</strong></span> <span class='ocrx_word' id='word_1_150' title='bbox 3289 839 3338 901; x_wconf 90' lang='lat' dir='ltr'><strong>in</strong></span> <span class='ocrx_word' id='word_1_151' title='bbox 3368 853 3463 893; x_wconf 78' lang='lat' dir='ltr'><strong>sex</strong></span> 
     </span>
    </p>
   </div>
   <div class='ocr_carea' id='block_1_24' title="bbox 1874 926 3465 998">
    <p class='ocr_par' dir='ltr' id='par_1_24' title="bbox 1874 926 3465 998">
     <span class='ocr_line' id='line_1_24' title="bbox 1874 926 3465 998; baseline 0.004 -20"><span class='ocrx_word' id='word_1_152' title='bbox 1874 935 1956 980; x_wconf 87' lang='lat' dir='ltr'><strong>est</strong></span> <span class='ocrx_word' id='word_1_153' title='bbox 1979 926 2150 981; x_wconf 89' lang='lat' dir='ltr'><strong>divisa</strong></span> <span class='ocrx_word' id='word_1_154' title='bbox 2187 928 2514 996; x_wconf 81' lang='lat' dir='ltr'><strong>provincias,</strong></span> <span class='ocrx_word' id='word_1_155' title='bbox 2547 945 2668 998; x_wconf 69' lang='lat' dir='ltr'><strong>quin</strong></span> <span class='ocrx_word' id='word_1_156' title='bbox 2694 944 2722 981; x_wconf 90' lang='lat' dir='ltr'><strong>a</strong></span> <span class='ocrx_word' id='word_1_157' title='bbox 2754 930 2918 984; x_wconf 83' lang='lat' dir='ltr'><strong>Sexto</strong></span> <span class='ocrx_word' id='word_1_158' title='bbox 2947 929 3083 983; x_wconf 77' lang='lat' dir='ltr'><strong>Rufo</strong></span> <span class='ocrx_word' id='word_1_159' title='bbox 3110 970 3123 993; x_wconf 88' lang='lat'><strong>,</strong></span> <span class='ocrx_word' id='word_1_160' title='bbox 3151 940 3199 985; x_wconf 90' lang='lat' dir='ltr'><strong>et</strong></span> <span class='ocrx_word' id='word_1_161' title='bbox 3236 931 3287 984; x_wconf 89' lang='lat' dir='ltr'><strong>in</strong></span> <span class='ocrx_word' id='word_1_162' title='bbox 3318 930 3465 985; x_wconf 86' lang='lat' dir='ltr'><strong>Noti-</strong></span> 
     </span>
    </p>
   </div>
   <div class='ocr_carea' id='block_1_25' title="bbox 1874 1020 3461 1091">
    <p class='ocr_par' dir='ltr' id='par_1_25' title="bbox 1874 1020 3461 1091">
     <span class='ocr_line' id='line_1_25' title="bbox 1874 1020 3461 1091; baseline 0.002 -17"><span class='ocrx_word' id='word_1_163' title='bbox 1874 1020 1944 1074; x_wconf 91' lang='lat' dir='ltr'><strong>tia</strong></span> <span class='ocrx_word' id='word_1_164' title='bbox 1976 1021 2184 1091; x_wconf 88' lang='lat' dir='ltr'><strong>imperii</strong></span> <span class='ocrx_word' id='word_1_165' title='bbox 2213 1030 2620 1087; x_wconf 80' lang='lat' dir='ltr'><strong>enumerantur,</strong></span> <span class='ocrx_word' id='word_1_166' title='bbox 2647 1030 2879 1090; x_wconf 87' lang='lat' dir='ltr'><strong>suntque</strong></span> <span class='ocrx_word' id='word_1_167' title='bbox 2910 1020 3087 1076; x_wconf 81' lang='lat' dir='ltr'><strong>Africa</strong></span> <span class='ocrx_word' id='word_1_168' title='bbox 3110 1024 3292 1076; x_wconf 83' lang='lat' dir='ltr'><strong>stricte</strong></span> <span class='ocrx_word' id='word_1_169' title='bbox 3309 1039 3461 1078; x_wconf 75' lang='lat' dir='ltr'><strong>sum~</strong></span> 
     </span>
    </p>
   </div>
   <div class='ocr_carea' id='block_1_26' title="bbox 1871 1103 3458 1186">
    <p class='ocr_par' dir='ltr' id='par_1_26' title="bbox 1871 1103 3458 1186">
     <span class='ocr_line' id='line_1_26' title="bbox 1871 1103 3458 1186; baseline 0.001 -20"><span class='ocrx_word' id='word_1_170' title='bbox 1871 1121 1979 1184; x_wconf 88' lang='lat' dir='ltr'><strong>pta,</strong></span> <span class='ocrx_word' id='word_1_171' title='bbox 2010 1114 2124 1168; x_wconf 90' lang='lat' dir='ltr'><strong>sive</strong></span> <span class='ocrx_word' id='word_1_172' title='bbox 2174 1103 2578 1183; x_wconf 82' lang='lat' dir='ltr'><strong>procOttSuIaris</strong></span> <span class='ocrx_word' id='word_1_173' title='bbox 2617 1115 2932 1183; x_wconf 91' lang='lat' dir='ltr'><strong>provincia,</strong></span> <span class='ocrx_word' id='word_1_174' title='bbox 2979 1114 3223 1168; x_wconf 80' lang='lat' dir='ltr'><strong>Numidia</strong></span> <span class='ocrx_word' id='word_1_175' title='bbox 3250 1155 3263 1177; x_wconf 93' lang='lat'><strong>,</strong></span> <span class='ocrx_word' id='word_1_176' title='bbox 3295 1115 3458 1186; x_wconf 81' lang='lat' dir='ltr'><strong>Byza-</strong></span> 
     </span>
    </p>
   </div>
   <div class='ocr_carea' id='block_1_27' title="bbox 1869 1205 3458 1276">
    <p class='ocr_par' dir='ltr' id='par_1_27' title="bbox 1869 1205 3458 1276">
     <span class='ocr_line' id='line_1_27' title="bbox 1869 1205 3458 1276; baseline 0 -17"><span class='ocrx_word' id='word_1_177' title='bbox 1869 1206 2032 1271; x_wconf 85' lang='lat' dir='ltr'><strong>cium,</strong></span> <span class='ocrx_word' id='word_1_178' title='bbox 2060 1206 2314 1276; x_wconf 87' lang='lat' dir='ltr'><strong>Tripolis.</strong></span> <span class='ocrx_word' id='word_1_179' title='bbox 2346 1206 2661 1261; x_wconf 83' lang='lat' dir='ltr'><strong>Mauritania</strong></span> <span class='ocrx_word' id='word_1_180' title='bbox 2696 1205 2967 1263; x_wconf 75' lang='lat' dir='ltr'><strong>Sitifensis</strong></span> <span class='ocrx_word' id='word_1_181' title='bbox 3001 1250 3015 1273; x_wconf 91' lang='lat'><strong>,</strong></span> <span class='ocrx_word' id='word_1_182' title='bbox 3049 1219 3101 1260; x_wconf 91' lang='lat' dir='ltr'><strong>et</strong></span> <span class='ocrx_word' id='word_1_183' title='bbox 3148 1206 3458 1260; x_wconf 83' lang='lat' dir='ltr'><strong>Mauritania</strong></span> 
     </span>
    </p>
   </div>
   <div class='ocr_carea' id='block_1_28' title="bbox 1867 1298 3462 1372">
    <p class='ocr_par' dir='ltr' id='par_1_28' title="bbox 1867 1298 3462 1372">
     <span class='ocr_line' id='line_1_28' title="bbox 1867 1298 3462 1372; baseline -0.002 -18"><span class='ocrx_word' id='word_1_184' title='bbox 1867 1298 2237 1356; x_wconf 72' lang='lat' dir='ltr'><strong>Ctesariensis.</strong></span> <span class='ocrx_word' id='word_1_185' title='bbox 2272 1301 2557 1372; x_wconf 86' lang='lat' dir='ltr'><strong>Tingitana</strong></span> <span class='ocrx_word' id='word_1_186' title='bbox 2589 1318 2714 1357; x_wconf 74' lang='lat' dir='ltr'><strong>veri.</strong></span> <span class='ocrx_word' id='word_1_187' title='bbox 2746 1301 2813 1363; x_wconf 83' lang='lat' dir='ltr'><strong>ab</strong></span> <span class='ocrx_word' id='word_1_188' title='bbox 2841 1300 3017 1356; x_wconf 76' lang='lat' dir='ltr'><strong>Africa</strong></span> <span class='ocrx_word' id='word_1_189' title='bbox 3055 1301 3238 1355; x_wconf 90' lang='lat' dir='ltr'><strong>avulsa</strong></span> <span class='ocrx_word' id='word_1_190' title='bbox 3270 1299 3462 1369; x_wconf 76' lang='lat' dir='ltr'><strong>HiSpa—</strong></span> 
     </span>
    </p>
   </div>
   <div class='ocr_carea' id='block_1_29' title="bbox 1870 1395 3455 1466">
    <p class='ocr_par' dir='ltr' id='par_1_29' title="bbox 1870 1395 3455 1466">
     <span class='ocr_line' id='line_1_29' title="bbox 1870 1395 3455 1466; baseline 0.001 -18"><span class='ocrx_word' id='word_1_191' title='bbox 1870 1396 1972 1449; x_wconf 76' lang='lat' dir='ltr'><strong>nite</strong></span> <span class='ocrx_word' id='word_1_192' title='bbox 2000 1396 2254 1451; x_wconf 81' lang='lat' dir='ltr'><strong>attributa</strong></span> <span class='ocrx_word' id='word_1_193' title='bbox 2288 1406 2389 1450; x_wconf 87' lang='lat' dir='ltr'><strong>est.</strong></span> <span class='ocrx_word' id='word_1_194' title='bbox 2419 1397 2669 1451; x_wconf 62' lang='lat' dir='ltr'><strong>liamdem</strong></span> <span class='ocrx_word' id='word_1_195' title='bbox 2711 1396 3027 1451; x_wconf 88' lang='lat' dir='ltr'><strong>divisionem</strong></span> <span class='ocrx_word' id='word_1_196' title='bbox 3058 1395 3455 1466; x_wconf 89' lang='lat' dir='ltr'><strong>provinciarum</strong></span> 
     </span>
    </p>
   </div>
   <div class='ocr_carea' id='block_1_30' title="bbox 1865 1484 3454 1551">
    <p class='ocr_par' dir='ltr' id='par_1_30' title="bbox 1865 1484 3454 1551">
     <span class='ocr_line' id='line_1_30' title="bbox 1865 1484 3454 1551; baseline 0.001 -12"><span class='ocrx_word' id='word_1_197' title='bbox 1865 1494 1921 1539; x_wconf 84' lang='lat' dir='ltr'><strong>et</strong></span> <span class='ocrx_word' id='word_1_198' title='bbox 1951 1484 2175 1541; x_wconf 88' lang='lat' dir='ltr'><strong>formam</strong></span> <span class='ocrx_word' id='word_1_199' title='bbox 2202 1486 2371 1541; x_wconf 91' lang='lat' dir='ltr'><strong>induit</strong></span> <span class='ocrx_word' id='word_1_200' title='bbox 2404 1488 2775 1543; x_wconf 82' lang='lat' dir='ltr'><strong>Ecclesiastica</strong></span> <span class='ocrx_word' id='word_1_201' title='bbox 2821 1488 3045 1543; x_wconf 72' lang='grc' dir='ltr'><strong>πολιτεία</strong></span> <span class='ocrx_word' id='word_1_202' title='bbox 3070 1528 3084 1551; x_wconf 89' lang='grc'><em>,</em></span> <span class='ocrx_word' id='word_1_203' title='bbox 3116 1497 3175 1541; x_wconf 82' lang='grc' dir='ltr'><strong>ιιι</strong></span> <span class='ocrx_word' id='word_1_204' title='bbox 3195 1503 3270 1541; x_wconf 77' lang='lat' dir='ltr'><strong>ex</strong></span> <span class='ocrx_word' id='word_1_205' title='bbox 3322 1501 3454 1541; x_wconf 85' lang='lat' dir='ltr'><strong>con-</strong></span> 
     </span>
    </p>
   </div>
   <div class='ocr_carea' id='block_1_31' title="bbox 1866 1577 3455 1650">
    <p class='ocr_par' dir='ltr' id='par_1_31' title="bbox 1866 1577 3455 1650">
     <span class='ocr_line' id='line_1_31' title="bbox 1866 1577 3455 1650; baseline 0 -18"><span class='ocrx_word' id='word_1_206' title='bbox 1866 1577 2004 1632; x_wconf 82' lang='lat' dir='ltr'><strong>ciliis</strong></span> <span class='ocrx_word' id='word_1_207' title='bbox 2024 1594 2086 1634; x_wconf 81' lang='lat' dir='ltr'><strong>ex</strong></span> <span class='ocrx_word' id='word_1_208' title='bbox 2118 1580 2383 1634; x_wconf 75' lang='lat' dir='ltr'><strong>universis</strong></span> <span class='ocrx_word' id='word_1_209' title='bbox 2427 1579 2621 1634; x_wconf 81' lang='lat' dir='ltr'><strong>Africae</strong></span> <span class='ocrx_word' id='word_1_210' title='bbox 2655 1580 2944 1647; x_wconf 80' lang='lat' dir='ltr'><strong>provinciis</strong></span> <span class='ocrx_word' id='word_1_211' title='bbox 2988 1578 3323 1650; x_wconf 74' lang='lat' dir='ltr'><strong>congregatis</strong></span> <span class='ocrx_word' id='word_1_212' title='bbox 3360 1595 3455 1632; x_wconf 87' lang='lat' dir='ltr'><strong>no-</strong></span> 
     </span>
    </p>
   </div>
   <div class='ocr_carea' id='block_1_32' title="bbox 1869 1660 3450 1739">
    <p class='ocr_par' dir='ltr' id='par_1_32' title="bbox 1869 1660 3450 1739">
     <span class='ocr_line' id='line_1_32' title="bbox 1869 1660 3450 1739; baseline 0.001 -17"><span class='ocrx_word' id='word_1_213' title='bbox 1869 1660 1978 1723; x_wconf 82' lang='lat' dir='ltr'><strong>tum</strong></span> <span class='ocrx_word' id='word_1_214' title='bbox 2012 1682 2111 1731; x_wconf 82' lang='lat' dir='ltr'><strong>est,</strong></span> <span class='ocrx_word' id='word_1_215' title='bbox 2145 1671 2197 1724; x_wconf 90' lang='lat' dir='ltr'><strong>in</strong></span> <span class='ocrx_word' id='word_1_216' title='bbox 2227 1671 2424 1739; x_wconf 79' lang='lat' dir='ltr'><strong>quibus</strong></span> <span class='ocrx_word' id='word_1_217' title='bbox 2452 1671 2543 1727; x_wconf 76' lang='lat' dir='ltr'><strong>sex</strong></span> <span class='ocrx_word' id='word_1_218' title='bbox 2572 1671 2676 1726; x_wconf 65' lang='lat' dir='ltr'><strong>illae</strong></span> <span class='ocrx_word' id='word_1_219' title='bbox 2714 1671 3000 1737; x_wconf 63' lang='lat' dir='ltr'><strong>provincize</strong></span> <span class='ocrx_word' id='word_1_220' title='bbox 3045 1681 3450 1725; x_wconf 90' lang='lat' dir='ltr'><strong>enumerantur.</strong></span> 
     </span>
    </p>
   </div>
   <div class='ocr_carea' id='block_1_33' title="bbox 164 1756 3454 1846">
    <p class='ocr_par' dir='ltr' id='par_1_33' title="bbox 164 1756 3454 1846">
     <span class='ocr_line' id='line_1_33' title="bbox 164 1756 3454 1846; baseline -0.002 -20"><span class='ocrx_word' id='word_1_221' title='bbox 164 1766 393 1837; x_wconf 68' lang='lat' dir='ltr'><strong>primus</strong></span> <span class='ocrx_word' id='word_1_222' title='bbox 414 1769 467 1821; x_wconf 87' lang='lat' dir='ltr'><strong>in</strong></span> <span class='ocrx_word' id='word_1_223' title='bbox 507 1769 734 1838; x_wconf 84' lang='lat' dir='ltr'><strong>epistola</strong></span> <span class='ocrx_word' id='word_1_224' title='bbox 764 1769 892 1824; x_wconf 82' lang='lat' dir='ltr'><strong>edit.</strong></span> <span class='ocrx_word' id='word_1_225' title='bbox 937 1770 1110 1825; x_wconf 79' lang='lat' dir='ltr'><strong>Oxon.</strong></span> <span class='ocrx_word' id='word_1_226' title='bbox 1142 1771 1211 1825; x_wconf 65' lang='lat'><strong>48</strong></span> <span class='ocrx_word' id='word_1_227' title='bbox 1243 1813 1258 1834; x_wconf 89' lang='lat'><strong>,</strong></span> <span class='ocrx_word' id='word_1_228' title='bbox 1288 1756 1371 1823; x_wconf 60' lang='lat' dir='ltr'><strong>adt</strong></span> <span class='ocrx_word' id='word_1_229' title='bbox 1400 1771 1710 1825; x_wconf 87' lang='lat' dir='ltr'><strong>Corneliqu</strong></span> <span class='ocrx_word' id='word_1_230' title='bbox 1742 1810 1755 1830; x_wconf 88' lang='lat'><strong>.</strong></span> <span class='ocrx_word' id='word_1_231' title='bbox 1793 1787 1836 1846; x_wconf 77' lang='grc' dir='ltr'><strong><em>Β</em></strong></span> <span class='ocrx_word' id='word_1_232' title='bbox 1864 1761 2001 1818; x_wconf 88' lang='lat' dir='ltr'><strong>Sunt</strong></span> <span class='ocrx_word' id='word_1_233' title='bbox 2022 1769 2107 1833; x_wconf 85' lang='lat' dir='ltr'><strong>qui</strong></span> <span class='ocrx_word' id='word_1_234' title='bbox 2130 1763 2442 1820; x_wconf 83' lang='lat' dir='ltr'><strong>Sitifensem</strong></span> <span class='ocrx_word' id='word_1_235' title='bbox 2469 1766 2800 1834; x_wconf 82' lang='lat' dir='ltr'><strong>provinciam</strong></span> <span class='ocrx_word' id='word_1_236' title='bbox 2830 1766 3138 1820; x_wconf 75' lang='lat' dir='ltr'><strong>existiment</strong></span> <span class='ocrx_word' id='word_1_237' title='bbox 3183 1781 3287 1819; x_wconf 90' lang='lat' dir='ltr'><strong>non</strong></span> <span class='ocrx_word' id='word_1_238' title='bbox 3329 1774 3454 1819; x_wconf 88' lang='lat' dir='ltr'><strong>ante</strong></span> 
     </span>
    </p>
   </div>
   <div class='ocr_carea' id='block_1_34' title="bbox 165 1857 1758 1931">
    <p class='ocr_par' dir='ltr' id='par_1_34' title="bbox 165 1857 1758 1931">
     <span class='ocr_line' id='line_1_34' title="bbox 165 1857 1758 1931; baseline 0.004 -21"><span class='ocrx_word' id='word_1_239' title='bbox 165 1858 259 1912; x_wconf 86' lang='lat' dir='ltr'><strong>ubi</strong></span> <span class='ocrx_word' id='word_1_240' title='bbox 307 1858 507 1931; x_wconf 86' lang='lat' dir='ltr'><strong>limites</strong></span> <span class='ocrx_word' id='word_1_241' title='bbox 537 1870 592 1915; x_wconf 89' lang='lat' dir='ltr'><strong>et</strong></span> <span class='ocrx_word' id='word_1_242' title='bbox 623 1857 798 1930; x_wconf 81' lang='lat' dir='ltr'><strong>partes</strong></span> <span class='ocrx_word' id='word_1_243' title='bbox 829 1860 1095 1916; x_wconf 76' lang='lat' dir='ltr'><strong>Africaine</strong></span> <span class='ocrx_word' id='word_1_244' title='bbox 1133 1862 1388 1918; x_wconf 63' lang='lat' dir='ltr'><strong>Ecclesiae</strong></span> <span class='ocrx_word' id='word_1_245' title='bbox 1438 1864 1514 1916; x_wconf 89' lang='lat' dir='ltr'><strong>sic</strong></span> <span class='ocrx_word' id='word_1_246' title='bbox 1553 1862 1758 1917; x_wconf 70' lang='lat' dir='ltr'><strong>descri-</strong></span> 
     </span>
    </p>
   </div>
   <div class='ocr_carea' id='block_1_35' title="bbox 166 1950 1759 2023">
    <p class='ocr_par' dir='ltr' id='par_1_35' title="bbox 166 1950 1759 2023">
     <span class='ocr_line' id='line_1_35' title="bbox 166 1950 1759 2023; baseline 0.002 -19"><span class='ocrx_word' id='word_1_247' title='bbox 166 1950 247 2005; x_wconf 86' lang='lat' dir='ltr'><strong>bit</strong></span> <span class='ocrx_word' id='word_1_248' title='bbox 273 1969 285 2003; x_wconf 94' lang='lat'>:</span> <span class='ocrx_word' id='word_1_249' title='bbox 312 1950 419 2006; x_wconf 77' lang='lat' dir='ltr'><strong>Sed</strong></span> <span class='ocrx_word' id='word_1_250' title='bbox 441 1953 682 2020; x_wconf 87' lang='lat' dir='ltr'><strong>quoniam</strong></span> <span class='ocrx_word' id='word_1_251' title='bbox 707 1955 860 2007; x_wconf 84' lang='lat' dir='ltr'><strong>latius</strong></span> <span class='ocrx_word' id='word_1_252' title='bbox 887 1955 1004 2022; x_wconf 74' lang='lat' dir='ltr'><strong>fusa</strong></span> <span class='ocrx_word' id='word_1_253' title='bbox 1035 1965 1105 2008; x_wconf 76' lang='lat' dir='ltr'><strong>est</strong></span> <span class='ocrx_word' id='word_1_254' title='bbox 1137 1965 1312 2008; x_wconf 84' lang='lat' dir='ltr'><strong>nostra</strong></span> <span class='ocrx_word' id='word_1_255' title='bbox 1343 1956 1604 2023; x_wconf 85' lang='lat' dir='ltr'><strong>praviucia</strong></span> <span class='ocrx_word' id='word_1_256' title='bbox 1626 1972 1644 2008; x_wconf 88' lang='lat'><strong><em>:</em></strong></span> <span class='ocrx_word' id='word_1_257' title='bbox 1667 1955 1759 2007; x_wconf 84' lang='lat' dir='ltr'><strong>Ita-</strong></span> 
     </span>
    </p>
   </div>
   <div class='ocr_carea' id='block_1_36' title="bbox 161 2041 1752 2101">
    <p class='ocr_par' dir='ltr' id='par_1_36' title="bbox 161 2041 1752 2101">
     <span class='ocr_line' id='line_1_36' title="bbox 161 2041 1752 2101; baseline 0.004 -8"><span class='ocrx_word' id='word_1_258' title='bbox 161 2041 402 2097; x_wconf 78' lang='lat' dir='ltr'><strong>betcnim</strong></span> <span class='ocrx_word' id='word_1_259' title='bbox 446 2042 748 2098; x_wconf 85' lang='lat' dir='ltr'><strong>Numidiam</strong></span> <span class='ocrx_word' id='word_1_260' title='bbox 794 2058 841 2099; x_wconf 84' lang='lat' dir='ltr'><strong>et</strong></span> <span class='ocrx_word' id='word_1_261' title='bbox 884 2046 1231 2101; x_wconf 77' lang='lat' dir='ltr'><strong>Mauritonius</strong></span> <span class='ocrx_word' id='word_1_262' title='bbox 1261 2046 1392 2100; x_wconf 85' lang='lat' dir='ltr'><strong>duas</strong></span> <span class='ocrx_word' id='word_1_263' title='bbox 1426 2048 1752 2101; x_wconf 76' lang='lat' dir='ltr'><strong>cohtrrentes.</strong></span> 
     </span>
    </p>
   </div>
   <div class='ocr_carea' id='block_1_37' title="bbox 163 2134 1756 2209">
    <p class='ocr_par' dir='ltr' id='par_1_37' title="bbox 163 2134 1756 2209">
     <span class='ocr_line' id='line_1_37' title="bbox 163 2134 1756 2209; baseline 0.003 -20"><span class='ocrx_word' id='word_1_264' title='bbox 163 2134 222 2189; x_wconf 86' lang='lat' dir='ltr'><strong>In</strong></span> <span class='ocrx_word' id='word_1_265' title='bbox 246 2136 481 2191; x_wconf 87' lang='lat' dir='ltr'><strong>concilio</strong></span> <span class='ocrx_word' id='word_1_266' title='bbox 510 2136 923 2207; x_wconf 83' lang='lat' dir='ltr'><strong>Carthagineusi</strong></span> <span class='ocrx_word' id='word_1_267' title='bbox 960 2140 1026 2193; x_wconf 91' lang='lat' dir='ltr'><strong>de</strong></span> <span class='ocrx_word' id='word_1_268' title='bbox 1052 2139 1335 2194; x_wconf 71' lang='lat' dir='ltr'><strong>iteratione</strong></span> <span class='ocrx_word' id='word_1_269' title='bbox 1380 2140 1626 2209; x_wconf 85' lang='lat' dir='ltr'><strong>baptismi</strong></span> <span class='ocrx_word' id='word_1_270' title='bbox 1658 2142 1756 2194; x_wconf 87' lang='lat' dir='ltr'><strong>sub</strong></span> 
     </span>
    </p>
   </div>
   <div class='ocr_carea' id='block_1_38' title="bbox 161 2229 1755 2305">
    <p class='ocr_par' dir='ltr' id='par_1_38' title="bbox 161 2229 1755 2305">
     <span class='ocr_line' id='line_1_38' title="bbox 161 2229 1755 2305; baseline 0.004 -23"><span class='ocrx_word' id='word_1_271' title='bbox 161 2229 360 2283; x_wconf 87' lang='lat' dir='ltr'><strong>eodem</strong></span> <span class='ocrx_word' id='word_1_272' title='bbox 386 2229 652 2302; x_wconf 84' lang='lat' dir='ltr'><strong>Cypriane</strong></span> <span class='ocrx_word' id='word_1_273' title='bbox 677 2232 877 2295; x_wconf 89' lang='lat' dir='ltr'><strong>habito,</strong></span> <span class='ocrx_word' id='word_1_274' title='bbox 902 2250 1014 2286; x_wconf 81' lang='lat' dir='ltr'><strong>cum</strong></span> <span class='ocrx_word' id='word_1_275' title='bbox 1044 2235 1094 2287; x_wconf 92' lang='lat' dir='ltr'><strong>in</strong></span> <span class='ocrx_word' id='word_1_276' title='bbox 1130 2251 1287 2287; x_wconf 85' lang='lat' dir='ltr'><strong>unum</strong></span> <span class='ocrx_word' id='word_1_277' title='bbox 1315 2235 1615 2305; x_wconf 79' lang='lat' dir='ltr'><strong>Carthagini</strong></span> <span class='ocrx_word' id='word_1_278' title='bbox 1632 2252 1755 2289; x_wconf 85' lang='lat' dir='ltr'><strong>cou-</strong></span> 
     </span>
    </p>
   </div>
   <div class='ocr_carea' id='block_1_39' title="bbox 163 2321 1758 2396">
    <p class='ocr_par' dir='ltr' id='par_1_39' title="bbox 163 2321 1758 2396">
     <span class='ocr_line' id='line_1_39' title="bbox 163 2321 1758 2396; baseline 0.003 -21"><span class='ocrx_word' id='word_1_279' title='bbox 163 2322 417 2376; x_wconf 76' lang='lat' dir='ltr'><strong>venissent</strong></span> <span class='ocrx_word' id='word_1_280' title='bbox 437 2321 547 2395; x_wconf 61' lang='grc'><strong>24</strong></span> <span class='ocrx_word' id='word_1_281' title='bbox 570 2322 809 2395; x_wconf 80' lang='lat' dir='ltr'><strong>EpiscOpi</strong></span> <span class='ocrx_word' id='word_1_282' title='bbox 830 2327 1040 2393; x_wconf 86' lang='lat' dir='ltr'><strong>plurimi</strong></span> <span class='ocrx_word' id='word_1_283' title='bbox 1061 2344 1121 2380; x_wconf 68' lang='lat' dir='ltr'><strong>ex</strong></span> <span class='ocrx_word' id='word_1_284' title='bbox 1141 2328 1398 2389; x_wconf 79' lang='lat' dir='ltr'><strong>provincia</strong></span> <span class='ocrx_word' id='word_1_285' title='bbox 1423 2329 1614 2396; x_wconf 70' lang='lat' dir='ltr'><strong>Africa,</strong></span> <span class='ocrx_word' id='word_1_286' title='bbox 1644 2327 1758 2380; x_wconf 82' lang='lat' dir='ltr'><strong>Nn-</strong></span> 
     </span>
    </p>
   </div>
   <div class='ocr_carea' id='block_1_40' title="bbox 161 2414 1756 2488">
    <p class='ocr_par' dir='ltr' id='par_1_40' title="bbox 161 2414 1756 2488">
     <span class='ocr_line' id='line_1_40' title="bbox 161 2414 1756 2488; baseline 0.004 -22"><span class='ocrx_word' id='word_1_287' title='bbox 161 2414 350 2478; x_wconf 83' lang='lat' dir='ltr'><strong>midia,</strong></span> <span class='ocrx_word' id='word_1_288' title='bbox 383 2415 697 2470; x_wconf 75' lang='lat' dir='ltr'><strong>Mauritania</strong></span> <span class='ocrx_word' id='word_1_289' title='bbox 718 2434 735 2469; x_wconf 91' lang='lat'><strong><em>:</em></strong></span> <span class='ocrx_word' id='word_1_290' title='bbox 771 2418 962 2488; x_wconf 84' lang='lat' dir='ltr'><strong>quibus</strong></span> <span class='ocrx_word' id='word_1_291' title='bbox 982 2428 1190 2473; x_wconf 85' lang='lat' dir='ltr'><strong>constat</strong></span> <span class='ocrx_word' id='word_1_292' title='bbox 1211 2419 1318 2487; x_wconf 87' lang='lat' dir='ltr'><strong>jam</strong></span> <span class='ocrx_word' id='word_1_293' title='bbox 1353 2431 1461 2473; x_wconf 89' lang='lat' dir='ltr'><strong>ttnn</strong></span> <span class='ocrx_word' id='word_1_294' title='bbox 1490 2420 1756 2475; x_wconf 77' lang='lat' dir='ltr'><strong>Ecclesias</strong></span> 
     </span>
    </p>
   </div>
   <div class='ocr_carea' id='block_1_41' title="bbox 164 2507 1752 2583">
    <p class='ocr_par' dir='ltr' id='par_1_41' title="bbox 164 2507 1752 2583">
     <span class='ocr_line' id='line_1_41' title="bbox 164 2507 1752 2583; baseline 0.004 -22"><span class='ocrx_word' id='word_1_295' title='bbox 164 2507 390 2562; x_wconf 82' lang='lat' dir='ltr'><strong>istarum</strong></span> <span class='ocrx_word' id='word_1_296' title='bbox 447 2510 841 2576; x_wconf 86' lang='lat' dir='ltr'><strong>provinciarum</strong></span> <span class='ocrx_word' id='word_1_297' title='bbox 908 2528 1069 2566; x_wconf 89' lang='lat' dir='ltr'><strong>unum</strong></span> <span class='ocrx_word' id='word_1_298' title='bbox 1125 2528 1322 2583; x_wconf 84' lang='lat' dir='ltr'><strong>corpus</strong></span> <span class='ocrx_word' id='word_1_299' title='bbox 1391 2513 1752 2570; x_wconf 81' lang='lat' dir='ltr'><strong>Ecclesiarum</strong></span> 
     </span>
    </p>
   </div>
   <div class='ocr_carea' id='block_1_42' title="bbox 161 2600 1755 2673">
    <p class='ocr_par' dir='ltr' id='par_1_42' title="bbox 161 2600 1755 2673">
     <span class='ocr_line' id='line_1_42' title="bbox 161 2600 1755 2673; baseline 0.004 -20"><span class='ocrx_word' id='word_1_300' title='bbox 161 2600 509 2655; x_wconf 80' lang='lat' dir='ltr'><strong>constituisse</strong></span> <span class='ocrx_word' id='word_1_301' title='bbox 533 2613 586 2657; x_wconf 89' lang='lat' dir='ltr'><strong>et</strong></span> <span class='ocrx_word' id='word_1_302' title='bbox 620 2603 673 2656; x_wconf 91' lang='lat' dir='ltr'><strong>in</strong></span> <span class='ocrx_word' id='word_1_303' title='bbox 718 2615 950 2673; x_wconf 83' lang='lat' dir='ltr'><strong>quatuor</strong></span> <span class='ocrx_word' id='word_1_304' title='bbox 1007 2606 1307 2673; x_wconf 69' lang='lat' dir='ltr'><strong>provincias</strong></span> <span class='ocrx_word' id='word_1_305' title='bbox 1352 2605 1755 2660; x_wconf 82' lang='lat' dir='ltr'><strong>Ecclesiasticas</strong></span> 
     </span>
    </p>
   </div>
   <div class='ocr_carea' id='block_1_43' title="bbox 163 2691 713 2748">
    <p class='ocr_par' dir='ltr' id='par_1_43' title="bbox 163 2691 713 2748">
     <span class='ocr_line' id='line_1_43' title="bbox 163 2691 713 2748; baseline 0.007 -5"><span class='ocrx_word' id='word_1_306' title='bbox 163 2691 332 2746; x_wconf 81' lang='lat' dir='ltr'><strong>fuisse</strong></span> <span class='ocrx_word' id='word_1_307' title='bbox 362 2701 470 2746; x_wconf 90' lang='lat' dir='ltr'><strong>tum</strong></span> <span class='ocrx_word' id='word_1_308' title='bbox 494 2693 713 2748; x_wconf 88' lang='lat' dir='ltr'><strong>divisas.</strong></span> 
     </span>
    </p>
   </div>
   <div class='ocr_carea' id='block_1_44' title="bbox 236 2782 1751 2860">
    <p class='ocr_par' dir='ltr' id='par_1_44' title="bbox 236 2782 1751 2860">
     <span class='ocr_line' id='line_1_44' title="bbox 236 2782 1751 2860; baseline 0.005 -23"><span class='ocrx_word' id='word_1_309' title='bbox 236 2782 382 2838; x_wconf 83' lang='lat' dir='ltr'><strong>Nihil</strong></span> <span class='ocrx_word' id='word_1_310' title='bbox 417 2795 507 2839; x_wconf 89' lang='lat' dir='ltr'><strong>aut</strong></span> <span class='ocrx_word' id='word_1_311' title='bbox 552 2803 738 2857; x_wconf 88' lang='lat' dir='ltr'><strong>parum</strong></span> <span class='ocrx_word' id='word_1_312' title='bbox 781 2788 995 2844; x_wconf 90' lang='lat' dir='ltr'><strong>videtur</strong></span> <span class='ocrx_word' id='word_1_313' title='bbox 1035 2789 1368 2846; x_wconf 84' lang='lat' dir='ltr'><strong>Constantini</strong></span> <span class='ocrx_word' id='word_1_314' title='bbox 1413 2790 1751 2860; x_wconf 88' lang='lat' dir='ltr'><strong>imperatoris</strong></span> 
     </span>
    </p>
   </div>
   <div class='ocr_carea' id='block_1_45' title="bbox 163 2875 1749 2945">
    <p class='ocr_par' dir='ltr' id='par_1_45' title="bbox 163 2875 1749 2945">
     <span class='ocr_line' id='line_1_45' title="bbox 163 2875 1749 2945; baseline 0.004 -19"><span class='ocrx_word' id='word_1_315' title='bbox 163 2875 498 2944; x_wconf 87' lang='lat' dir='ltr'><strong>temporibus</strong></span> <span class='ocrx_word' id='word_1_316' title='bbox 531 2878 580 2930; x_wconf 94' lang='lat' dir='ltr'><strong>in</strong></span> <span class='ocrx_word' id='word_1_317' title='bbox 604 2892 665 2931; x_wconf 90' lang='lat' dir='ltr'><strong>ea</strong></span> <span class='ocrx_word' id='word_1_318' title='bbox 696 2877 960 2932; x_wconf 81' lang='lat' dir='ltr'><strong>divisione</strong></span> <span class='ocrx_word' id='word_1_319' title='bbox 994 2880 1185 2933; x_wconf 53' lang='lat' dir='ltr'><strong>Africa)</strong></span> <span class='ocrx_word' id='word_1_320' title='bbox 1218 2882 1593 2945; x_wconf 86' lang='lat' dir='ltr'><strong>immutatum;</strong></span> <span class='ocrx_word' id='word_1_321' title='bbox 1628 2897 1749 2935; x_wconf 85' lang='lat' dir='ltr'><strong>nam</strong></span> 
     </span>
    </p>
   </div>
   <div class='ocr_carea' id='block_1_46' title="bbox 162 2965 1749 3042">
    <p class='ocr_par' dir='ltr' id='par_1_46' title="bbox 162 2965 1749 3042">
     <span class='ocr_line' id='line_1_46' title="bbox 162 2965 1749 3042; baseline 0.005 -25"><span class='ocrx_word' id='word_1_322' title='bbox 162 2965 208 3020; x_wconf 91' lang='lat' dir='ltr'><strong>is</strong></span> <span class='ocrx_word' id='word_1_323' title='bbox 240 2966 293 3019; x_wconf 90' lang='lat' dir='ltr'><strong>in</strong></span> <span class='ocrx_word' id='word_1_324' title='bbox 321 2966 551 3035; x_wconf 86' lang='lat' dir='ltr'><strong>epistola</strong></span> <span class='ocrx_word' id='word_1_325' title='bbox 584 2969 648 3023; x_wconf 91' lang='lat' dir='ltr'><strong>ad</strong></span> <span class='ocrx_word' id='word_1_326' title='bbox 678 2968 1024 3024; x_wconf 66' lang='lat' dir='ltr'><strong>Cmciliannm</strong></span> <span class='ocrx_word' id='word_1_327' title='bbox 1071 2968 1582 3041; x_wconf 64' lang='lat' dir='ltr'><strong>Carthaginiensem,</strong></span> <span class='ocrx_word' id='word_1_328' title='bbox 1629 2988 1749 3042; x_wconf 71' lang='lat' dir='ltr'><strong>quze</strong></span> 
     </span>
    </p>
   </div>
   <div class='ocr_carea' id='block_1_47' title="bbox 159 3054 1749 3134">
    <p class='ocr_par' dir='ltr' id='par_1_47' title="bbox 159 3054 1749 3134">
     <span class='ocr_line' id='line_1_47' title="bbox 159 3054 1749 3134; baseline 0.005 -23"><span class='ocrx_word' id='word_1_329' title='bbox 159 3060 395 3112; x_wconf 76' lang='lat' dir='ltr'><strong>refertur</strong></span> <span class='ocrx_word' id='word_1_330' title='bbox 424 3060 499 3113; x_wconf 13' lang='lat' dir='ltr'><strong>ab;</strong></span> <span class='ocrx_word' id='word_1_331' title='bbox 525 3060 756 3115; x_wconf 86' lang='lat' dir='ltr'><strong>Eusebio</strong></span> <span class='ocrx_word' id='word_1_332' title='bbox 802 3062 835 3115; x_wconf 92' lang='lat' dir='ltr'><strong>l.</strong></span> <span class='ocrx_word' id='word_1_333' title='bbox 876 3078 905 3115; x_wconf 68' lang='grc' dir='ltr'>κ</span> <span class='ocrx_word' id='word_1_334' title='bbox 938 3062 1099 3129; x_wconf 56' lang='lat' dir='ltr'><strong>Hist,</strong></span> <span class='ocrx_word' id='word_1_335' title='bbox 1127 3064 1297 3125; x_wconf 78' lang='lat' dir='ltr'><strong>Eccl..</strong></span> <span class='ocrx_word' id='word_1_336' title='bbox 1329 3079 1376 3118; x_wconf 94' lang='lat' dir='ltr'><strong>c.</strong></span> <span class='ocrx_word' id='word_1_337' title='bbox 1414 3054 1485 3127; x_wconf 16' lang='lat'><strong>6‘,</strong></span> <span class='ocrx_word' id='word_1_338' title='bbox 1518 3074 1749 3134; x_wconf 86' lang='lat' dir='ltr'><strong>quatuor</strong></span> 
     </span>
    </p>
   </div>
   <div class='ocr_carea' id='block_1_48' title="bbox 157 3149 1750 3223">
    <p class='ocr_par' dir='ltr' id='par_1_48' title="bbox 157 3149 1750 3223">
     <span class='ocr_line' id='line_1_48' title="bbox 157 3149 1750 3223; baseline 0.004 -21"><span class='ocrx_word' id='word_1_339' title='bbox 157 3149 291 3202; x_wconf 86' lang='lat' dir='ltr'><strong>item</strong></span> <span class='ocrx_word' id='word_1_340' title='bbox 325 3150 624 3217; x_wconf 85' lang='lat' dir='ltr'><strong>provincias</strong></span> <span class='ocrx_word' id='word_1_341' title='bbox 655 3150 848 3205; x_wconf 68' lang='lat' dir='ltr'><strong>Africae</strong></span> <span class='ocrx_word' id='word_1_342' title='bbox 884 3166 1166 3208; x_wconf 84' lang='lat' dir='ltr'><strong>enumerat</strong></span> <span class='ocrx_word' id='word_1_343' title='bbox 1212 3155 1291 3209; x_wconf 91' lang='lat' dir='ltr'><strong>bis</strong></span> <span class='ocrx_word' id='word_1_344' title='bbox 1318 3157 1523 3209; x_wconf 75' lang='lat' dir='ltr'><strong>verbis:</strong></span> <span class='ocrx_word' id='word_1_345' title='bbox 1574 3156 1750 3223; x_wconf 83' lang='lat' dir='ltr'><strong>Quan-</strong></span> 
     </span>
    </p>
   </div>
   <div class='ocr_carea' id='block_1_49' title="bbox 156 3241 1745 3316">
    <p class='ocr_par' dir='ltr' id='par_1_49' title="bbox 156 3241 1745 3316">
     <span class='ocr_line' id='line_1_49' title="bbox 156 3241 1745 3316; baseline 0.006 -25"><span class='ocrx_word' id='word_1_346' title='bbox 156 3241 430 3309; x_wconf 82' lang='lat' dir='ltr'><strong>doquidem</strong></span> <span class='ocrx_word' id='word_1_347' title='bbox 462 3243 649 3309; x_wconf 80' lang='lat' dir='ltr'><strong>placuit</strong></span> <span class='ocrx_word' id='word_1_348' title='bbox 674 3244 815 3296; x_wconf 85' lang='lat' dir='ltr'><strong>nobis</strong></span> <span class='ocrx_word' id='word_1_349' title='bbox 844 3256 898 3297; x_wconf 92' lang='lat' dir='ltr'><strong>ut</strong></span> <span class='ocrx_word' id='word_1_350' title='bbox 925 3262 1015 3315; x_wconf 83' lang='lat' dir='ltr'><strong>per</strong></span> <span class='ocrx_word' id='word_1_351' title='bbox 1040 3262 1211 3299; x_wconf 74' lang='lat' dir='ltr'><strong>omnes</strong></span> <span class='ocrx_word' id='word_1_352' title='bbox 1233 3249 1518 3315; x_wconf 82' lang='lat' dir='ltr'><strong>provincias</strong></span> <span class='ocrx_word' id='word_1_353' title='bbox 1542 3250 1745 3316; x_wconf 79' lang='lat' dir='ltr'><strong>Africa‘,</strong></span> 
     </span>
    </p>
   </div>
   <div class='ocr_carea' id='block_1_50' title="bbox 158 3329 1747 3397">
    <p class='ocr_par' dir='ltr' id='par_1_50' title="bbox 158 3329 1747 3397">
     <span class='ocr_line' id='line_1_50' title="bbox 158 3329 1747 3397; baseline 0.005 -13"><span class='ocrx_word' id='word_1_354' title='bbox 158 3329 446 3397; x_wconf 68' lang='lat' dir='ltr'><strong>Numidiae,</strong></span> <span class='ocrx_word' id='word_1_355' title='bbox 480 3343 524 3385; x_wconf 86' lang='lat' dir='ltr'><strong>et</strong></span> <span class='ocrx_word' id='word_1_356' title='bbox 554 3335 814 3396; x_wconf 58' lang='lat' dir='ltr'><strong>utrius,ue</strong></span> <span class='ocrx_word' id='word_1_357' title='bbox 838 3334 1186 3390; x_wconf 74' lang='lat' dir='ltr'><strong>Mauritaniae.</strong></span> <span class='ocrx_word' id='word_1_358' title='bbox 1221 3337 1577 3393; x_wconf 83' lang='lat' dir='ltr'><strong>Nihilominus</strong></span> <span class='ocrx_word' id='word_1_359' title='bbox 1609 3340 1747 3393; x_wconf 90' lang='lat' dir='ltr'><strong>idctn</strong></span> 
     </span>
    </p>
   </div>
   <div class='ocr_carea' id='block_1_51' title="bbox 154 3424 1748 3494">
    <p class='ocr_par' dir='ltr' id='par_1_51' title="bbox 154 3424 1748 3494">
     <span class='ocr_line' id='line_1_51' title="bbox 154 3424 1748 3494; baseline 0.003 -15"><span class='ocrx_word' id='word_1_360' title='bbox 154 3425 209 3479; x_wconf 89' lang='lat' dir='ltr'><strong>in</strong></span> <span class='ocrx_word' id='word_1_361' title='bbox 236 3441 287 3493; x_wconf 70' lang='grc' dir='ltr'><strong>ε,</strong></span> <span class='ocrx_word' id='word_1_362' title='bbox 309 3424 462 3477; x_wconf 79' lang='lat' dir='ltr'><strong>islola</strong></span> <span class='ocrx_word' id='word_1_363' title='bbox 487 3426 552 3479; x_wconf 86' lang='lat' dir='ltr'><strong>ad</strong></span> <span class='ocrx_word' id='word_1_364' title='bbox 577 3424 709 3479; x_wconf 66' lang='grc' dir='ltr'><strong>Αωά</strong></span> <span class='ocrx_word' id='word_1_365' title='bbox 724 3430 863 3479; x_wconf 89' lang='lat' dir='ltr'><strong>vium</strong></span> <span class='ocrx_word' id='word_1_366' title='bbox 902 3429 967 3481; x_wconf 89' lang='lat' dir='ltr'><strong>de</strong></span> <span class='ocrx_word' id='word_1_367' title='bbox 1007 3429 1305 3484; x_wconf 75' lang='lat' dir='ltr'><strong>Arelatensi</strong></span> <span class='ocrx_word' id='word_1_368' title='bbox 1337 3431 1596 3494; x_wconf 83' lang='lat' dir='ltr'><strong>ccttcilio,</strong></span> <span class='ocrx_word' id='word_1_369' title='bbox 1630 3430 1748 3484; x_wconf 80' lang='lat' dir='ltr'><strong>Tri-</strong></span> 
     </span>
    </p>
   </div>
   <div class='ocr_carea' id='block_1_52' title="bbox 155 3517 1749 3592">
    <p class='ocr_par' dir='ltr' id='par_1_52' title="bbox 155 3517 1749 3592">
     <span class='ocr_line' id='line_1_52' title="bbox 155 3517 1749 3592; baseline 0.007 -25"><span class='ocrx_word' id='word_1_370' title='bbox 155 3518 451 3586; x_wconf 76' lang='lat' dir='ltr'><strong>politaoant</strong></span> <span class='ocrx_word' id='word_1_371' title='bbox 482 3517 631 3572; x_wconf 84' lang='lat' dir='ltr'><strong>addit</strong></span> <span class='ocrx_word' id='word_1_372' title='bbox 658 3520 1009 3588; x_wconf 83' lang='lat' dir='ltr'><strong>provinciam,</strong></span> <span class='ocrx_word' id='word_1_373' title='bbox 1038 3522 1389 3577; x_wconf 85' lang='lat' dir='ltr'><strong>ethmidias</strong></span> <span class='ocrx_word' id='word_1_374' title='bbox 1430 3524 1620 3592; x_wconf 87' lang='lat' dir='ltr'><strong>plurali</strong></span> <span class='ocrx_word' id='word_1_375' title='bbox 1652 3540 1749 3578; x_wconf 89' lang='lat' dir='ltr'><strong>nu-</strong></span> 
     </span>
    </p>
   </div>
   <div class='ocr_carea' id='block_1_53' title="bbox 154 3612 1747 3685">
    <p class='ocr_par' dir='ltr' id='par_1_53' title="bbox 154 3612 1747 3685">
     <span class='ocr_line' id='line_1_53' title="bbox 154 3612 1747 3685; baseline 0.003 -20"><span class='ocrx_word' id='word_1_376' title='bbox 154 3626 309 3666; x_wconf 88' lang='lat' dir='ltr'><strong>mero</strong></span> <span class='ocrx_word' id='word_1_377' title='bbox 338 3612 600 3675; x_wconf 86' lang='lat' dir='ltr'><strong>enuntiat,</strong></span> <span class='ocrx_word' id='word_1_378' title='bbox 636 3613 859 3667; x_wconf 79' lang='lat' dir='ltr'><strong>Ahlavio</strong></span> <span class='ocrx_word' id='word_1_379' title='bbox 891 3614 1174 3685; x_wconf 81' lang='lat' dir='ltr'><strong>injungens</strong></span> <span class='ocrx_word' id='word_1_380' title='bbox 1195 3628 1247 3669; x_wconf 80' lang='grc' dir='ltr'><strong>ιιι</strong></span> <span class='ocrx_word' id='word_1_381' title='bbox 1278 3614 1606 3670; x_wconf 64' lang='lat' dir='ltr'><strong>Caecilianum</strong></span> <span class='ocrx_word' id='word_1_382' title='bbox 1633 3633 1747 3670; x_wconf 89' lang='lat' dir='ltr'><strong>cum</strong></span> 
     </span>
    </p>
   </div>
   <div class='ocr_carea' id='block_1_54' title="bbox 148 3703 1744 3780">
    <p class='ocr_par' dir='ltr' id='par_1_54' title="bbox 148 3703 1744 3780">
     <span class='ocr_line' id='line_1_54' title="bbox 148 3703 1744 3780; baseline 0.005 -25"><span class='ocrx_word' id='word_1_383' title='bbox 148 3703 408 3772; x_wconf 78' lang='lat' dir='ltr'><strong>aliquibus</strong></span> <span class='ocrx_word' id='word_1_384' title='bbox 424 3720 485 3756; x_wconf 76' lang='lat' dir='ltr'><strong>ea:</strong></span> <span class='ocrx_word' id='word_1_385' title='bbox 509 3704 587 3757; x_wconf 83' lang='lat' dir='ltr'><strong>Itis</strong></span> <span class='ocrx_word' id='word_1_386' title='bbox 612 3722 738 3773; x_wconf 78' lang='lat' dir='ltr'><strong>quos</strong></span> <span class='ocrx_word' id='word_1_387' title='bbox 763 3706 871 3775; x_wconf 86' lang='lat' dir='ltr'><strong>ipse</strong></span> <span class='ocrx_word' id='word_1_388' title='bbox 887 3708 1151 3778; x_wconf 83' lang='lat' dir='ltr'><strong>delegerit.</strong></span> <span class='ocrx_word' id='word_1_389' title='bbox 1186 3709 1275 3760; x_wconf 86' lang='lat' dir='ltr'><strong>sed</strong></span> <span class='ocrx_word' id='word_1_390' title='bbox 1290 3719 1336 3761; x_wconf 88' lang='lat' dir='ltr'><strong>et</strong></span> <span class='ocrx_word' id='word_1_391' title='bbox 1360 3708 1421 3761; x_wconf 83' lang='lat' dir='ltr'><strong>de</strong></span> <span class='ocrx_word' id='word_1_392' title='bbox 1446 3706 1744 3780; x_wconf 69' lang='lat' dir='ltr'><strong>Byzaceuw,</strong></span> 
     </span>
    </p>
   </div>
   <div class='ocr_carea' id='block_1_55' title="bbox 153 3794 1747 3869">
    <p class='ocr_par' dir='ltr' id='par_1_55' title="bbox 153 3794 1747 3869">
     <span class='ocr_line' id='line_1_55' title="bbox 153 3794 1747 3869; baseline 0.003 -20"><span class='ocrx_word' id='word_1_393' title='bbox 153 3794 531 3864; x_wconf 75' lang='lat' dir='ltr'><strong>Tripolituna&#39;.</strong></span> <span class='ocrx_word' id='word_1_394' title='bbox 578 3797 944 3850; x_wconf 77' lang='lat' dir='ltr'><strong>Numidiarum</strong></span> <span class='ocrx_word' id='word_1_395' title='bbox 991 3808 1037 3852; x_wconf 83' lang='lat' dir='ltr'><strong>et</strong></span> <span class='ocrx_word' id='word_1_396' title='bbox 1083 3801 1514 3853; x_wconf 79' lang='lat' dir='ltr'><strong>Mauritaniorum</strong></span> <span class='ocrx_word' id='word_1_397' title='bbox 1545 3802 1747 3869; x_wconf 82' lang='lat' dir='ltr'><strong>provin—</strong></span> 
     </span>
    </p>
   </div>
   <div class='ocr_carea' id='block_1_56' title="bbox 148 3890 1744 3963">
    <p class='ocr_par' dir='ltr' id='par_1_56' title="bbox 148 3890 1744 3963">
     <span class='ocr_line' id='line_1_56' title="bbox 148 3890 1744 3963; baseline 0.004 -22"><span class='ocrx_word' id='word_1_398' title='bbox 148 3890 244 3941; x_wconf 82' lang='lat' dir='ltr'><strong>ciis</strong></span> <span class='ocrx_word' id='word_1_399' title='bbox 272 3890 501 3957; x_wconf 78' lang='lat' dir='ltr'><strong>singulos</strong></span> <span class='ocrx_word' id='word_1_400' title='bbox 534 3906 759 3959; x_wconf 76' lang='lat' dir='ltr'><strong>quosque</strong></span> <span class='ocrx_word' id='word_1_401' title='bbox 788 3908 901 3943; x_wconf 88' lang='lat' dir='ltr'><strong>cum</strong></span> <span class='ocrx_word' id='word_1_402' title='bbox 934 3893 1188 3959; x_wconf 83' lang='lat' dir='ltr'><strong>aliquibus</strong></span> <span class='ocrx_word' id='word_1_403' title='bbox 1219 3910 1280 3947; x_wconf 68' lang='lat' dir='ltr'><strong>ex</strong></span> <span class='ocrx_word' id='word_1_404' title='bbox 1306 3895 1413 3946; x_wconf 86' lang='lat' dir='ltr'><strong>suis</strong></span> <span class='ocrx_word' id='word_1_405' title='bbox 1439 3911 1565 3963; x_wconf 83' lang='lat' dir='ltr'><strong>quos</strong></span> <span class='ocrx_word' id='word_1_406' title='bbox 1596 3906 1744 3960; x_wconf 83' lang='lat' dir='ltr'><strong>puta-</strong></span> 
     </span>
    </p>
   </div>
   <div class='ocr_carea' id='block_1_57' title="bbox 145 3982 1743 4054">
    <p class='ocr_par' dir='ltr' id='par_1_57' title="bbox 145 3982 1743 4054">
     <span class='ocr_line' id='line_1_57' title="bbox 145 3982 1743 4054; baseline 0.001 -19"><span class='ocrx_word' id='word_1_407' title='bbox 145 3982 594 4053; x_wconf 73' lang='lat' dir='ltr'><strong>ver&#39;ntcligendos</strong></span> <span class='ocrx_word' id='word_1_408' title='bbox 641 3984 895 4036; x_wconf 80' lang='lat' dir='ltr'><strong>Arelatem</strong></span> <span class='ocrx_word' id='word_1_409' title='bbox 942 3986 1127 4038; x_wconf 79' lang='lat' dir='ltr'><strong>mittat.</strong></span> <span class='ocrx_word' id='word_1_410' title='bbox 1160 3986 1590 4054; x_wconf 85' lang='lat' dir='ltr'><strong>lbiTripolitana</strong></span> <span class='ocrx_word' id='word_1_411' title='bbox 1635 3995 1743 4039; x_wconf 85' lang='lat' dir='ltr'><strong>sta-</strong></span> 
     </span>
    </p>
   </div>
   <div class='ocr_carea' id='block_1_58' title="bbox 146 4073 1740 4147">
    <p class='ocr_par' dir='ltr' id='par_1_58' title="bbox 146 4073 1740 4147">
     <span class='ocr_line' id='line_1_58' title="bbox 146 4073 1740 4147; baseline 0.003 -20"><span class='ocrx_word' id='word_1_412' title='bbox 146 4074 222 4127; x_wconf 91' lang='lat' dir='ltr'><strong>tui</strong></span> <span class='ocrx_word' id='word_1_413' title='bbox 250 4073 461 4127; x_wconf 85' lang='lat' dir='ltr'><strong>videtur</strong></span> <span class='ocrx_word' id='word_1_414' title='bbox 484 4082 754 4144; x_wconf 82' lang='lat' dir='ltr'><strong>tamquam</strong></span> <span class='ocrx_word' id='word_1_415' title='bbox 799 4076 995 4131; x_wconf 78' lang='lat' dir='ltr'><strong>Afrij</strong></span> <span class='ocrx_word' id='word_1_416' title='bbox 1022 4079 1290 4146; x_wconf 80' lang='lat' dir='ltr'><strong>provincia</strong></span> <span class='ocrx_word' id='word_1_417' title='bbox 1318 4095 1345 4129; x_wconf 73' lang='grc' dir='ltr'><strong>ιι</strong></span> <span class='ocrx_word' id='word_1_418' title='bbox 1376 4089 1605 4147; x_wconf 83' lang='lat' dir='ltr'><strong>quatuor</strong></span> <span class='ocrx_word' id='word_1_419' title='bbox 1625 4078 1740 4131; x_wconf 91' lang='lat' dir='ltr'><strong>aliis</strong></span> 
     </span>
    </p>
   </div>
   <div class='ocr_carea' id='block_1_59' title="bbox 133 4156 1740 4236">
    <p class='ocr_par' dir='ltr' id='par_1_59' title="bbox 133 4156 1740 4236">
     <span class='ocr_line' id='line_1_59' title="bbox 133 4156 1740 4236; baseline 0.002 -17"><span class='ocrx_word' id='word_1_420' title='bbox 133 4166 254 4236; x_wconf 84' lang='lat' dir='ltr'><strong>jam</strong></span> <span class='ocrx_word' id='word_1_421' title='bbox 286 4166 687 4221; x_wconf 81' lang='lat' dir='ltr'><strong>lunttlistincta.</strong></span> <span class='ocrx_word' id='word_1_422' title='bbox 738 4169 887 4222; x_wconf 80' lang='lat' dir='ltr'><strong>Licet</strong></span> <span class='ocrx_word' id='word_1_423' title='bbox 941 4179 1117 4222; x_wconf 84' lang='lat' dir='ltr'><strong>autem</strong></span> <span class='ocrx_word' id='word_1_424' title='bbox 1148 4156 1515 4223; x_wconf 77' lang='grc' dir='ltr'>Νιιιιιίιιὶ.ιιίιιιι</span> <span class='ocrx_word' id='word_1_425' title='bbox 1571 4168 1654 4221; x_wconf 86' lang='lat' dir='ltr'><strong>hic</strong></span> <span class='ocrx_word' id='word_1_426' title='bbox 1684 4178 1740 4222; x_wconf 87' lang='lat' dir='ltr'><strong>et</strong></span> 
     </span>
    </p>
   </div>
   <div class='ocr_carea' id='block_1_60' title="bbox 139 4259 1733 4330">
    <p class='ocr_par' dir='ltr' id='par_1_60' title="bbox 139 4259 1733 4330">
     <span class='ocr_line' id='line_1_60' title="bbox 139 4259 1733 4330; baseline 0.001 -19"><span class='ocrx_word' id='word_1_427' title='bbox 139 4259 272 4312; x_wconf 87' lang='lat' dir='ltr'><strong>alibi</strong></span> <span class='ocrx_word' id='word_1_428' title='bbox 307 4259 359 4312; x_wconf 90' lang='lat' dir='ltr'><strong>in</strong></span> <span class='ocrx_word' id='word_1_429' title='bbox 408 4260 596 4328; x_wconf 84' lang='lat' dir='ltr'><strong>plurali</strong></span> <span class='ocrx_word' id='word_1_430' title='bbox 653 4261 741 4313; x_wconf 81' lang='lat' dir='ltr'><strong>fiat</strong></span> <span class='ocrx_word' id='word_1_431' title='bbox 771 4262 971 4315; x_wconf 71' lang='lat' dir='ltr'><strong>mentio</strong></span> <span class='ocrx_word' id='word_1_432' title='bbox 1007 4302 1023 4326; x_wconf 94' lang='lat'><strong>,</strong></span> <span class='ocrx_word' id='word_1_433' title='bbox 1076 4277 1177 4314; x_wconf 93' lang='lat' dir='ltr'><strong>non</strong></span> <span class='ocrx_word' id='word_1_434' title='bbox 1235 4273 1511 4330; x_wconf 85' lang='lat' dir='ltr'><strong>propterea</strong></span> <span class='ocrx_word' id='word_1_435' title='bbox 1561 4271 1733 4315; x_wconf 89' lang='lat' dir='ltr'><strong>tamen</strong></span> 
     </span>
    </p>
   </div>
   <div class='ocr_carea' id='block_1_61' title="bbox 137 4352 1729 4420">
    <p class='ocr_par' dir='ltr' id='par_1_61' title="bbox 137 4352 1729 4420">
     <span class='ocr_line' id='line_1_61' title="bbox 137 4352 1729 4420; baseline 0.001 -16"><span class='ocrx_word' id='word_1_436' title='bbox 137 4352 563 4405; x_wconf 74' lang='lat' dir='ltr'><strong>existimandum</strong></span> <span class='ocrx_word' id='word_1_437' title='bbox 593 4360 675 4405; x_wconf 79' lang='lat' dir='ltr'><strong>est</strong></span> <span class='ocrx_word' id='word_1_438' title='bbox 716 4352 848 4406; x_wconf 88' lang='lat' dir='ltr'><strong>duas</strong></span> <span class='ocrx_word' id='word_1_439' title='bbox 881 4352 1043 4406; x_wconf 83' lang='lat' dir='ltr'><strong>fuisse</strong></span> <span class='ocrx_word' id='word_1_440' title='bbox 1095 4354 1394 4420; x_wconf 85' lang='lat' dir='ltr'><strong>provincias</strong></span> <span class='ocrx_word' id='word_1_441' title='bbox 1424 4353 1682 4406; x_wconf 64' lang='lat' dir='ltr'><strong>Numidia!</strong></span> <span class='ocrx_word' id='word_1_442' title='bbox 1716 4396 1729 4416; x_wconf 92' lang='lat'><strong>,</strong></span> 
     </span>
    </p>
   </div>
   <div class='ocr_carea' id='block_1_62' title="bbox 136 4445 1731 4511">
    <p class='ocr_par' dir='ltr' id='par_1_62' title="bbox 136 4445 1731 4511">
     <span class='ocr_line' id='line_1_62' title="bbox 136 4445 1731 4511; baseline 0.003 -14"><span class='ocrx_word' id='word_1_443' title='bbox 136 4460 237 4498; x_wconf 89' lang='lat' dir='ltr'><strong>seu</strong></span> <span class='ocrx_word' id='word_1_444' title='bbox 266 4446 472 4511; x_wconf 83' lang='lat' dir='ltr'><strong>civiles,</strong></span> <span class='ocrx_word' id='word_1_445' title='bbox 503 4461 596 4498; x_wconf 89' lang='lat' dir='ltr'><strong>seu</strong></span> <span class='ocrx_word' id='word_1_446' title='bbox 625 4445 1042 4500; x_wconf 76' lang='lat' dir='ltr'><strong>Eeclesiasticas.</strong></span> <span class='ocrx_word' id='word_1_447' title='bbox 1078 4445 1208 4499; x_wconf 86' lang='lat' dir='ltr'><strong>Nam</strong></span> <span class='ocrx_word' id='word_1_448' title='bbox 1242 4462 1271 4500; x_wconf 93' lang='lat' dir='ltr'><strong>e</strong></span> <span class='ocrx_word' id='word_1_449' title='bbox 1300 4448 1505 4501; x_wconf 90' lang='lat' dir='ltr'><strong>duabus</strong></span> <span class='ocrx_word' id='word_1_450' title='bbox 1549 4447 1731 4501; x_wconf 87' lang='lat' dir='ltr'><strong>Numi-</strong></span> 
     </span>
    </p>
   </div>
   <div class='ocr_carea' id='block_1_63' title="bbox 1862 1855 3452 1929">
    <p class='ocr_par' dir='ltr' id='par_1_63' title="bbox 1862 1855 3452 1929">
     <span class='ocr_line' id='line_1_63' title="bbox 1862 1855 3452 1929; baseline 0 -16"><span class='ocrx_word' id='word_1_451' title='bbox 1862 1874 2059 1913; x_wconf 88' lang='lat' dir='ltr'><strong>annum</strong></span> <span class='ocrx_word' id='word_1_452' title='bbox 2110 1859 2233 1925; x_wconf 72' lang='lat'><strong>“9,</strong></span> <span class='ocrx_word' id='word_1_453' title='bbox 2281 1856 2417 1914; x_wconf 83' lang='lat' dir='ltr'><strong>inter</strong></span> <span class='ocrx_word' id='word_1_454' title='bbox 2450 1860 2854 1915; x_wconf 64' lang='lat' dir='ltr'><strong>licelesiasticas</strong></span> <span class='ocrx_word' id='word_1_455' title='bbox 2906 1855 3099 1913; x_wconf 69' lang='lat' dir='ltr'><strong>Africae</strong></span> <span class='ocrx_word' id='word_1_456' title='bbox 3131 1857 3452 1929; x_wconf 80' lang='lat' dir='ltr'><strong>provincias</strong></span> 
     </span>
    </p>
   </div>
   <div class='ocr_carea' id='block_1_64' title="bbox 1862 1936 3447 2019">
    <p class='ocr_par' dir='ltr' id='par_1_64' title="bbox 1862 1936 3447 2019">
     <span class='ocr_line' id='line_1_64' title="bbox 1862 1936 3447 2019; baseline -0.001 -15"><span class='ocrx_word' id='word_1_457' title='bbox 1862 1951 2036 2004; x_wconf 74' lang='lat' dir='ltr'><strong>locum</strong></span> <span class='ocrx_word' id='word_1_458' title='bbox 2084 1952 2404 2019; x_wconf 77' lang='lat' dir='ltr'><strong>peculiarem</strong></span> <span class='ocrx_word' id='word_1_459' title='bbox 2437 1951 2735 2005; x_wconf 82' lang='lat' dir='ltr'><strong>obtinuisse</strong></span> <span class='ocrx_word' id='word_1_460' title='bbox 2766 1960 2820 2005; x_wconf 88' lang='lat' dir='ltr'><strong>et</strong></span> <span class='ocrx_word' id='word_1_461' title='bbox 2842 1950 3128 2005; x_wconf 81' lang='lat' dir='ltr'><strong>Priniatent</strong></span> <span class='ocrx_word' id='word_1_462' title='bbox 3159 1936 3412 2004; x_wconf 79' lang='lat' dir='ltr'><strong>habuisse</strong></span> <span class='ocrx_word' id='word_1_463' title='bbox 3433 1990 3447 2012; x_wconf 88' lang='lat'><strong>,</strong></span> 
     </span>
    </p>
   </div>
   <div class='ocr_carea' id='block_1_65' title="bbox 1863 2041 3449 2113">
    <p class='ocr_par' dir='ltr' id='par_1_65' title="bbox 1863 2041 3449 2113">
     <span class='ocr_line' id='line_1_65' title="bbox 1863 2041 3449 2113; baseline -0.002 -17"><span class='ocrx_word' id='word_1_464' title='bbox 1863 2043 2022 2113; x_wconf 79' lang='lat' dir='ltr'><strong>idque</strong></span> <span class='ocrx_word' id='word_1_465' title='bbox 2066 2060 2128 2097; x_wconf 80' lang='lat' dir='ltr'><strong>ex</strong></span> <span class='ocrx_word' id='word_1_466' title='bbox 2183 2059 2389 2098; x_wconf 87' lang='lat' dir='ltr'><strong>c:.none</strong></span> <span class='ocrx_word' id='word_1_467' title='bbox 2430 2046 2493 2097; x_wconf 84' lang='grc'><strong>17</strong></span> <span class='ocrx_word' id='word_1_468' title='bbox 2542 2044 2758 2098; x_wconf 86' lang='lat' dir='ltr'><strong>concilii</strong></span> <span class='ocrx_word' id='word_1_469' title='bbox 2809 2041 3250 2113; x_wconf 75' lang='lat' dir='ltr'><strong>Carthaginensis</strong></span> <span class='ocrx_word' id='word_1_470' title='bbox 3294 2041 3449 2110; x_wconf 82' lang='lat' dir='ltr'><strong>hujus</strong></span> 
     </span>
    </p>
   </div>
   <div class='ocr_carea' id='block_1_66' title="bbox 1861 2130 3446 2204">
    <p class='ocr_par' dir='ltr' id='par_1_66' title="bbox 1861 2130 3446 2204">
     <span class='ocr_line' id='line_1_66' title="bbox 1861 2130 3446 2204; baseline -0.003 -16"><span class='ocrx_word' id='word_1_471' title='bbox 1861 2136 2007 2190; x_wconf 88' lang='lat' dir='ltr'><strong>anni.</strong></span> <span class='ocrx_word' id='word_1_472' title='bbox 2041 2131 2146 2190; x_wconf 84' lang='lat' dir='ltr'><strong>Sed</strong></span> <span class='ocrx_word' id='word_1_473' title='bbox 2177 2134 2226 2188; x_wconf 92' lang='lat' dir='ltr'><strong>bi</strong></span> <span class='ocrx_word' id='word_1_474' title='bbox 2260 2135 2456 2204; x_wconf 84' lang='lat' dir='ltr'><strong>oppido</strong></span> <span class='ocrx_word' id='word_1_475' title='bbox 2500 2135 2775 2189; x_wconf 87' lang='lat' dir='ltr'><strong>falluntur.</strong></span> <span class='ocrx_word' id='word_1_476' title='bbox 2818 2133 2947 2188; x_wconf 86' lang='lat' dir='ltr'><strong>Nam</strong></span> <span class='ocrx_word' id='word_1_477' title='bbox 2980 2135 3033 2188; x_wconf 92' lang='lat' dir='ltr'><strong>in</strong></span> <span class='ocrx_word' id='word_1_478' title='bbox 3055 2132 3286 2187; x_wconf 89' lang='lat' dir='ltr'><strong>concilio</strong></span> <span class='ocrx_word' id='word_1_479' title='bbox 3314 2130 3446 2186; x_wconf 85' lang='lat' dir='ltr'><strong>Car-</strong></span> 
     </span>
    </p>
   </div>
   <div class='ocr_carea' id='block_1_67' title="bbox 1863 2226 3446 2299">
    <p class='ocr_par' dir='ltr' id='par_1_67' title="bbox 1863 2226 3446 2299">
     <span class='ocr_line' id='line_1_67' title="bbox 1863 2226 3446 2299; baseline -0.002 -18"><span class='ocrx_word' id='word_1_480' title='bbox 1863 2229 2162 2297; x_wconf 80' lang='lat' dir='ltr'><strong>tbaginensi</strong></span> <span class='ocrx_word' id='word_1_481' title='bbox 2191 2229 2313 2281; x_wconf 91' lang='lat' dir='ltr'><strong>anni</strong></span> <span class='ocrx_word' id='word_1_482' title='bbox 2358 2230 2461 2284; x_wconf 78' lang='lat'><strong>597</strong></span> <span class='ocrx_word' id='word_1_483' title='bbox 2491 2271 2505 2293; x_wconf 88' lang='lat'><strong>,</strong></span> <span class='ocrx_word' id='word_1_484' title='bbox 2554 2230 2711 2299; x_wconf 79' lang='lat' dir='ltr'><strong>legati</strong></span> <span class='ocrx_word' id='word_1_485' title='bbox 2764 2228 3093 2282; x_wconf 72' lang='lat' dir='ltr'><strong>Mauritania:</strong></span> <span class='ocrx_word' id='word_1_486' title='bbox 3142 2226 3446 2291; x_wconf 79' lang='lat' dir='ltr'><strong>Sitifensis,</strong></span> 
     </span>
    </p>
   </div>
   <div class='ocr_carea' id='block_1_68' title="bbox 1861 2320 3446 2394">
    <p class='ocr_par' dir='ltr' id='par_1_68' title="bbox 1861 2320 3446 2394">
     <span class='ocr_line' id='line_1_68' title="bbox 1861 2320 3446 2394; baseline -0.001 -18"><span class='ocrx_word' id='word_1_487' title='bbox 1861 2325 2153 2393; x_wconf 80' lang='lat' dir='ltr'><strong>provinciae</strong></span> <span class='ocrx_word' id='word_1_488' title='bbox 2199 2339 2309 2378; x_wconf 56' lang='lat' dir='ltr'><strong>suae</strong></span> <span class='ocrx_word' id='word_1_489' title='bbox 2358 2326 2571 2378; x_wconf 89' lang='lat' dir='ltr'><strong>nomine</strong></span> <span class='ocrx_word' id='word_1_490' title='bbox 2636 2324 2886 2394; x_wconf 82' lang='lat' dir='ltr'><strong>leguntur</strong></span> <span class='ocrx_word' id='word_1_491' title='bbox 2934 2320 3307 2392; x_wconf 83' lang='lat' dir='ltr'><strong>Carthaginem</strong></span> <span class='ocrx_word' id='word_1_492' title='bbox 3353 2335 3446 2375; x_wconf 88' lang='lat' dir='ltr'><strong>ve-</strong></span> 
     </span>
    </p>
   </div>
   <div class='ocr_carea' id='block_1_69' title="bbox 1860 2412 3444 2483">
    <p class='ocr_par' dir='ltr' id='par_1_69' title="bbox 1860 2412 3444 2483">
     <span class='ocr_line' id='line_1_69' title="bbox 1860 2412 3444 2483; baseline -0.003 -13"><span class='ocrx_word' id='word_1_493' title='bbox 1860 2417 2005 2471; x_wconf 81' lang='lat' dir='ltr'><strong>nisse</strong></span> <span class='ocrx_word' id='word_1_494' title='bbox 2054 2416 2118 2470; x_wconf 91' lang='lat' dir='ltr'><strong>ad</strong></span> <span class='ocrx_word' id='word_1_495' title='bbox 2172 2416 2459 2471; x_wconf 89' lang='lat' dir='ltr'><strong>concilium</strong></span> <span class='ocrx_word' id='word_1_496' title='bbox 2505 2425 2559 2469; x_wconf 84' lang='lat' dir='ltr'><strong>et</strong></span> <span class='ocrx_word' id='word_1_497' title='bbox 2610 2418 2786 2468; x_wconf 89' lang='lat' dir='ltr'><strong>omnia</strong></span> <span class='ocrx_word' id='word_1_498' title='bbox 2841 2414 3105 2483; x_wconf 89' lang='lat' dir='ltr'><strong>postulata</strong></span> <span class='ocrx_word' id='word_1_499' title='bbox 3153 2412 3444 2468; x_wconf 79' lang='lat' dir='ltr'><strong>detulisse:</strong></span> 
     </span>
    </p>
   </div>
   <div class='ocr_carea' id='block_1_70' title="bbox 1858 2505 3437 2577">
    <p class='ocr_par' dir='ltr' id='par_1_70' title="bbox 1858 2505 3437 2577">
     <span class='ocr_line' id='line_1_70' title="bbox 1858 2505 3437 2577; baseline 0.001 -19"><span class='ocrx_word' id='word_1_500' title='bbox 1858 2508 1999 2577; x_wconf 90' lang='lat' dir='ltr'><strong>quod</strong></span> <span class='ocrx_word' id='word_1_501' title='bbox 2030 2510 2159 2563; x_wconf 89' lang='lat' dir='ltr'><strong>solis</strong></span> <span class='ocrx_word' id='word_1_502' title='bbox 2209 2512 2498 2577; x_wconf 70' lang='lat' dir='ltr'><strong>provinciis</strong></span> <span class='ocrx_word' id='word_1_503' title='bbox 2544 2524 2660 2577; x_wconf 71' lang='lat' dir='ltr'><strong>qua!</strong></span> <span class='ocrx_word' id='word_1_504' title='bbox 2708 2508 2908 2577; x_wconf 72' lang='lat' dir='ltr'><strong>primas</strong></span> <span class='ocrx_word' id='word_1_505' title='bbox 2952 2506 3107 2561; x_wconf 49' lang='lat' dir='ltr'><strong>st&#39;des</strong></span> <span class='ocrx_word' id='word_1_506' title='bbox 3168 2505 3437 2560; x_wconf 87' lang='lat' dir='ltr'><strong>habebant</strong></span> 
     </span>
    </p>
   </div>
   <div class='ocr_carea' id='block_1_71' title="bbox 1857 2597 3441 2666">
    <p class='ocr_par' dir='ltr' id='par_1_71' title="bbox 1857 2597 3441 2666">
     <span class='ocr_line' id='line_1_71' title="bbox 1857 2597 3441 2666; baseline -0.002 -13"><span class='ocrx_word' id='word_1_507' title='bbox 1857 2600 2070 2662; x_wconf 84' lang='lat' dir='ltr'><strong>licebat,</strong></span> <span class='ocrx_word' id='word_1_508' title='bbox 2106 2610 2475 2655; x_wconf 78' lang='lat' dir='ltr'><strong>utenttstatex</strong></span> <span class='ocrx_word' id='word_1_509' title='bbox 2509 2616 2713 2654; x_wconf 72' lang='lat' dir='ltr'><strong>canone</strong></span> <span class='ocrx_word' id='word_1_510' title='bbox 2750 2602 2810 2655; x_wconf 80' lang='lat' dir='ltr'><strong>l8</strong></span> <span class='ocrx_word' id='word_1_511' title='bbox 2839 2598 2971 2655; x_wconf 88' lang='lat' dir='ltr'><strong>Cod.</strong></span> <span class='ocrx_word' id='word_1_512' title='bbox 3008 2597 3174 2654; x_wconf 85' lang='lat' dir='ltr'><strong>Afric.</strong></span> <span class='ocrx_word' id='word_1_513' title='bbox 3223 2598 3278 2652; x_wconf 84' lang='lat' dir='ltr'><strong>in</strong></span> <span class='ocrx_word' id='word_1_514' title='bbox 3327 2600 3441 2666; x_wconf 89' lang='lat' dir='ltr'><strong>epi-</strong></span> 
     </span>
    </p>
   </div>
   <div class='ocr_carea' id='block_1_72' title="bbox 1854 2677 3446 2766">
    <p class='ocr_par' dir='ltr' id='par_1_72' title="bbox 1854 2677 3446 2766">
     <span class='ocr_line' id='line_1_72' title="bbox 1854 2677 3446 2766; baseline -0.003 -16"><span class='ocrx_word' id='word_1_515' title='bbox 1854 2697 1990 2751; x_wconf 88' lang='lat' dir='ltr'><strong>stola</strong></span> <span class='ocrx_word' id='word_1_516' title='bbox 2019 2694 2298 2766; x_wconf 69' lang='lat' dir='ltr'><strong>Augudini</strong></span> <span class='ocrx_word' id='word_1_517' title='bbox 2340 2695 2403 2748; x_wconf 85' lang='lat' dir='ltr'><strong>ad</strong></span> <span class='ocrx_word' id='word_1_518' title='bbox 2451 2677 2778 2750; x_wconf 65' lang='lat' dir='ltr'><strong>Victorinum</strong></span> <span class='ocrx_word' id='word_1_519' title='bbox 2806 2738 2820 2757; x_wconf 93' lang='lat'><strong>,</strong></span> <span class='ocrx_word' id='word_1_520' title='bbox 2850 2710 2967 2763; x_wconf 68' lang='lat' dir='ltr'><strong>qua:</strong></span> <span class='ocrx_word' id='word_1_521' title='bbox 2997 2708 3135 2746; x_wconf 91' lang='lat' dir='ltr'><strong>nunc</strong></span> <span class='ocrx_word' id='word_1_522' title='bbox 3175 2691 3264 2757; x_wconf 77' lang='lat'><strong>59,</strong></span> <span class='ocrx_word' id='word_1_523' title='bbox 3304 2706 3446 2746; x_wconf 90' lang='lat' dir='ltr'><strong>anno</strong></span> 
     </span>
    </p>
   </div>
   <div class='ocr_carea' id='block_1_73' title="bbox 1854 2786 3445 2857">
    <p class='ocr_par' dir='ltr' id='par_1_73' title="bbox 1854 2786 3445 2857">
     <span class='ocr_line' id='line_1_73' title="bbox 1854 2786 3445 2857; baseline -0.001 -17"><span class='ocrx_word' id='word_1_524' title='bbox 1854 2787 1955 2843; x_wconf 72' lang='grc'><strong>401</strong></span> <span class='ocrx_word' id='word_1_525' title='bbox 2011 2790 2230 2857; x_wconf 88' lang='lat' dir='ltr'><strong>scripta,</strong></span> <span class='ocrx_word' id='word_1_526' title='bbox 2256 2788 2456 2842; x_wconf 88' lang='lat' dir='ltr'><strong>diserte</strong></span> <span class='ocrx_word' id='word_1_527' title='bbox 2501 2788 2727 2841; x_wconf 86' lang='lat' dir='ltr'><strong>habetur</strong></span> <span class='ocrx_word' id='word_1_528' title='bbox 2776 2803 2879 2839; x_wconf 90' lang='lat' dir='ltr'><strong>non</strong></span> <span class='ocrx_word' id='word_1_529' title='bbox 2936 2794 3141 2839; x_wconf 86' lang='lat' dir='ltr'><strong>tantum</strong></span> <span class='ocrx_word' id='word_1_530' title='bbox 3169 2786 3302 2838; x_wconf 90' lang='lat' dir='ltr'><strong>duas</strong></span> <span class='ocrx_word' id='word_1_531' title='bbox 3325 2800 3445 2839; x_wconf 54' lang='lat' dir='ltr'><strong>esse</strong></span> 
     </span>
    </p>
   </div>
   <div class='ocr_carea' id='block_1_74' title="bbox 1856 2877 3441 2948">
    <p class='ocr_par' dir='ltr' id='par_1_74' title="bbox 1856 2877 3441 2948">
     <span class='ocr_line' id='line_1_74' title="bbox 1856 2877 3441 2948; baseline -0.003 -14"><span class='ocrx_word' id='word_1_532' title='bbox 1856 2880 2221 2945; x_wconf 84' lang='lat' dir='ltr'><strong>Mauritanias,</strong></span> <span class='ocrx_word' id='word_1_533' title='bbox 2252 2881 2344 2934; x_wconf 88' lang='lat' dir='ltr'><strong>sed</strong></span> <span class='ocrx_word' id='word_1_534' title='bbox 2370 2891 2650 2948; x_wconf 86' lang='lat' dir='ltr'><strong>utramque</strong></span> <span class='ocrx_word' id='word_1_535' title='bbox 2682 2895 2835 2933; x_wconf 87' lang='lat' dir='ltr'><strong>suum</strong></span> <span class='ocrx_word' id='word_1_536' title='bbox 2879 2877 3077 2932; x_wconf 80' lang='lat' dir='ltr'><strong>habere</strong></span> <span class='ocrx_word' id='word_1_537' title='bbox 3111 2877 3397 2931; x_wconf 79' lang='lat' dir='ltr'><strong>Primatem</strong></span> <span class='ocrx_word' id='word_1_538' title='bbox 3429 2895 3441 2930; x_wconf 90' lang='lat'>:</span> 
     </span>
    </p>
   </div>
   <div class='ocr_carea' id='block_1_75' title="bbox 1854 2970 3446 3065">
    <p class='ocr_par' dir='ltr' id='par_1_75' title="bbox 1854 2970 3446 3065">
     <span class='ocr_line' id='line_1_75' title="bbox 1854 2970 3446 3065; baseline -0.004 -37"><span class='ocrx_word' id='word_1_539' title='bbox 1854 2975 1998 3045; x_wconf 85' lang='lat' dir='ltr'><strong>Legi,</strong></span> <span class='ocrx_word' id='word_1_540' title='bbox 2025 2974 2214 3046; x_wconf 88' lang='lat' dir='ltr'><strong>inquit,</strong></span> <span class='ocrx_word' id='word_1_541' title='bbox 2239 2975 2291 3028; x_wconf 91' lang='lat' dir='ltr'><strong>in</strong></span> <span class='ocrx_word' id='word_1_542' title='bbox 2317 2978 2492 3065; x_wconf 78' lang='lat' dir='ltr'><strong>eadem</strong></span> <span class='ocrx_word' id='word_1_543' title='bbox 2522 2974 2812 3027; x_wconf 80' lang='lat' dir='ltr'><strong>tractatorio</strong></span> <span class='ocrx_word' id='word_1_544' title='bbox 2837 2973 2985 3025; x_wconf 84' lang='lat' dir='ltr'><strong>etiam</strong></span> <span class='ocrx_word' id='word_1_545' title='bbox 3017 2973 3082 3024; x_wconf 83' lang='lat' dir='ltr'><strong>ad</strong></span> <span class='ocrx_word' id='word_1_546' title='bbox 3112 2970 3446 3024; x_wconf 81' lang='lat' dir='ltr'><strong>Mauritanias</strong></span> 
     </span>
    </p>
   </div>
   <div class='ocr_carea' id='block_1_76' title="bbox 1853 3062 3438 3137">
    <p class='ocr_par' dir='ltr' id='par_1_76' title="bbox 1853 3062 3438 3137">
     <span class='ocr_line' id='line_1_76' title="bbox 1853 3062 3438 3137; baseline -0.004 -15"><span class='ocrx_word' id='word_1_547' title='bbox 1853 3085 1958 3122; x_wconf 78' lang='lat' dir='ltr'><strong>esse</strong></span> <span class='ocrx_word' id='word_1_548' title='bbox 1983 3070 2251 3137; x_wconf 83' lang='lat' dir='ltr'><strong>scriptam,</strong></span> <span class='ocrx_word' id='word_1_549' title='bbox 2280 3084 2406 3137; x_wconf 80' lang='lat' dir='ltr'><strong>quas</strong></span> <span class='ocrx_word' id='word_1_550' title='bbox 2431 3062 2719 3133; x_wconf 85' lang='lat' dir='ltr'><strong>provincias</strong></span> <span class='ocrx_word' id='word_1_551' title='bbox 2744 3067 2932 3119; x_wconf 80' lang='lat' dir='ltr'><strong>scimus</strong></span> <span class='ocrx_word' id='word_1_552' title='bbox 2952 3064 3140 3117; x_wconf 82' lang='lat' dir='ltr'><strong>habere</strong></span> <span class='ocrx_word' id='word_1_553' title='bbox 3168 3062 3438 3116; x_wconf 76' lang='lat' dir='ltr'><strong>Primatrs.</strong></span> 
     </span>
    </p>
   </div>
   <div class='ocr_carea' id='block_1_77' title="bbox 1777 3158 3443 3237">
    <p class='ocr_par' dir='ltr' id='par_1_77' title="bbox 1777 3158 3443 3237">
     <span class='ocr_line' id='line_1_77' title="bbox 1777 3158 3443 3237; baseline -0.003 -21"><span class='ocrx_word' id='word_1_554' title='bbox 1777 3176 1819 3237; x_wconf 66' lang='grc' dir='ltr'><strong>ρ</strong></span> <span class='ocrx_word' id='word_1_555' title='bbox 1853 3162 2009 3216; x_wconf 83' lang='lat' dir='ltr'><strong>Anno</strong></span> <span class='ocrx_word' id='word_1_556' title='bbox 2032 3160 2137 3216; x_wconf 64' lang='lat'><strong>40:).</strong></span> <span class='ocrx_word' id='word_1_557' title='bbox 2178 3161 2415 3216; x_wconf 84' lang='lat' dir='ltr'><strong>Nicetius</strong></span> <span class='ocrx_word' id='word_1_558' title='bbox 2435 3160 2728 3222; x_wconf 76' lang='lat' dir='ltr'><strong>Sitifensis,</strong></span> <span class='ocrx_word' id='word_1_559' title='bbox 2760 3160 2846 3228; x_wconf 81' lang='lat' dir='ltr'><strong>qui</strong></span> <span class='ocrx_word' id='word_1_560' title='bbox 2875 3159 3104 3211; x_wconf 79' lang='lat' dir='ltr'><strong>concilio</strong></span> <span class='ocrx_word' id='word_1_561' title='bbox 3137 3158 3443 3212; x_wconf 73' lang='lat' dir='ltr'><strong>Milevitana</strong></span> 
     </span>
    </p>
   </div>
   <div class='ocr_carea' id='block_1_78' title="bbox 1854 3240 3441 3321">
    <p class='ocr_par' dir='ltr' id='par_1_78' title="bbox 1854 3240 3441 3321">
     <span class='ocr_line' id='line_1_78' title="bbox 1854 3240 3441 3321; baseline -0.004 -14"><span class='ocrx_word' id='word_1_562' title='bbox 1854 3254 2114 3319; x_wconf 89' lang='lat' dir='ltr'><strong>interfuit,</strong></span> <span class='ocrx_word' id='word_1_563' title='bbox 2138 3240 2370 3309; x_wconf 73' lang='lat' dir='ltr'><strong>vocatur</strong></span> <span class='ocrx_word' id='word_1_564' title='bbox 2399 3254 2699 3321; x_wconf 80' lang='lat' dir='ltr'><strong>EpiSCopus</strong></span> <span class='ocrx_word' id='word_1_565' title='bbox 2732 3253 2916 3319; x_wconf 69' lang='lat' dir='ltr'><strong>primm</strong></span> <span class='ocrx_word' id='word_1_566' title='bbox 2946 3251 3091 3305; x_wconf 82' lang='lat' dir='ltr'><strong>sedis</strong></span> <span class='ocrx_word' id='word_1_567' title='bbox 3115 3250 3441 3304; x_wconf 72' lang='lat' dir='ltr'><strong>Mauritania:</strong></span> 
     </span>
    </p>
   </div>
   <div class='ocr_carea' id='block_1_79' title="bbox 1854 3341 3437 3409">
    <p class='ocr_par' dir='ltr' id='par_1_79' title="bbox 1854 3341 3437 3409">
     <span class='ocr_line' id='line_1_79' title="bbox 1854 3341 3437 3409; baseline -0.006 -6"><span class='ocrx_word' id='word_1_568' title='bbox 1854 3346 2145 3403; x_wconf 81' lang='lat' dir='ltr'><strong>Sitifensis.</strong></span> <span class='ocrx_word' id='word_1_569' title='bbox 2199 3346 2355 3401; x_wconf 81' lang='lat' dir='ltr'><strong>Auno</strong></span> <span class='ocrx_word' id='word_1_570' title='bbox 2398 3345 2504 3399; x_wconf 69' lang='grc'><strong>405</strong></span> <span class='ocrx_word' id='word_1_571' title='bbox 2535 3387 2548 3409; x_wconf 89' lang='grc'><em>,</em></span> <span class='ocrx_word' id='word_1_572' title='bbox 2588 3344 2853 3399; x_wconf 77' lang='lat' dir='ltr'><strong>Litt-ianus</strong></span> <span class='ocrx_word' id='word_1_573' title='bbox 2883 3353 2936 3397; x_wconf 84' lang='lat' dir='ltr'><strong>et</strong></span> <span class='ocrx_word' id='word_1_574' title='bbox 2976 3344 3272 3396; x_wconf 77' lang='lat' dir='ltr'><strong>Macrianus</strong></span> <span class='ocrx_word' id='word_1_575' title='bbox 3317 3341 3437 3396; x_wconf 78' lang='lat' dir='ltr'><strong>Siti-</strong></span> 
     </span>
    </p>
   </div>
   <div class='ocr_carea' id='block_1_80' title="bbox 1853 3434 3435 3508">
    <p class='ocr_par' dir='ltr' id='par_1_80' title="bbox 1853 3434 3435 3508">
     <span class='ocr_line' id='line_1_80' title="bbox 1853 3434 3435 3508; baseline -0.004 -15"><span class='ocrx_word' id='word_1_576' title='bbox 1853 3439 2019 3493; x_wconf 83' lang='lat' dir='ltr'><strong>fensis</strong></span> <span class='ocrx_word' id='word_1_577' title='bbox 2071 3439 2360 3508; x_wconf 69' lang='lat' dir='ltr'><strong>provincia:</strong></span> <span class='ocrx_word' id='word_1_578' title='bbox 2408 3437 2681 3505; x_wconf 78' lang='lat' dir='ltr'><strong>Episcopi.</strong></span> <span class='ocrx_word' id='word_1_579' title='bbox 2729 3438 2995 3506; x_wconf 79' lang='lat' dir='ltr'><strong>legatione</strong></span> <span class='ocrx_word' id='word_1_580' title='bbox 3049 3435 3337 3503; x_wconf 69' lang='lat' dir='ltr'><strong>ftlltgllltllll&#39;</strong></span> <span class='ocrx_word' id='word_1_581' title='bbox 3384 3434 3435 3487; x_wconf 89' lang='lat' dir='ltr'><strong>in</strong></span> 
     </span>
    </p>
   </div>
   <div class='ocr_carea' id='block_1_81' title="bbox 1850 3526 3440 3595">
    <p class='ocr_par' dir='ltr' id='par_1_81' title="bbox 1850 3526 3440 3595">
     <span class='ocr_line' id='line_1_81' title="bbox 1850 3526 3440 3595; baseline -0.004 -12"><span class='ocrx_word' id='word_1_582' title='bbox 1850 3529 2083 3584; x_wconf 86' lang='lat' dir='ltr'><strong>concilio</strong></span> <span class='ocrx_word' id='word_1_583' title='bbox 2131 3528 2561 3595; x_wconf 71' lang='lat' dir='ltr'><strong>Cartltagint‘hsi.</strong></span> <span class='ocrx_word' id='word_1_584' title='bbox 2596 3530 2747 3580; x_wconf 82' lang='lat' dir='ltr'><strong>Anno</strong></span> <span class='ocrx_word' id='word_1_585' title='bbox 2780 3528 2877 3580; x_wconf 66' lang='grc'><strong>107</strong></span> <span class='ocrx_word' id='word_1_586' title='bbox 2908 3566 2921 3587; x_wconf 88' lang='lat'><strong>,</strong></span> <span class='ocrx_word' id='word_1_587' title='bbox 2977 3526 3265 3593; x_wconf 80' lang='lat' dir='ltr'><strong>separatim</strong></span> <span class='ocrx_word' id='word_1_588' title='bbox 3309 3542 3440 3578; x_wconf 79' lang='lat' dir='ltr'><strong>cnu-</strong></span> 
     </span>
    </p>
   </div>
   <div class='ocr_carea' id='block_1_82' title="bbox 1850 3619 3436 3688">
    <p class='ocr_par' dir='ltr' id='par_1_82' title="bbox 1850 3619 3436 3688">
     <span class='ocr_line' id='line_1_82' title="bbox 1850 3619 3436 3688; baseline -0.006 -10"><span class='ocrx_word' id='word_1_589' title='bbox 1850 3634 2126 3678; x_wconf 81' lang='lat' dir='ltr'><strong>merantur</strong></span> <span class='ocrx_word' id='word_1_590' title='bbox 2158 3624 2441 3678; x_wconf 81' lang='lat' dir='ltr'><strong>Sitifenses</strong></span> <span class='ocrx_word' id='word_1_591' title='bbox 2470 3620 2707 3688; x_wconf 73' lang='lat' dir='ltr'><strong>episcopi</strong></span> <span class='ocrx_word' id='word_1_592' title='bbox 2742 3629 2796 3672; x_wconf 90' lang='lat' dir='ltr'><strong>ut</strong></span> <span class='ocrx_word' id='word_1_593' title='bbox 2832 3620 3119 3684; x_wconf 76' lang='lat' dir='ltr'><strong>provint-izn</strong></span> <span class='ocrx_word' id='word_1_594' title='bbox 3148 3633 3176 3669; x_wconf 93' lang='lat' dir='ltr'><strong>a</strong></span> <span class='ocrx_word' id='word_1_595' title='bbox 3224 3619 3436 3671; x_wconf 66' lang='lat' dir='ltr'><strong>ctete‘tis</strong></span> 
     </span>
    </p>
   </div>
   <div class='ocr_carea' id='block_1_83' title="bbox 1849 3708 3433 3779">
    <p class='ocr_par' dir='ltr' id='par_1_83' title="bbox 1849 3708 3433 3779">
     <span class='ocr_line' id='line_1_83' title="bbox 1849 3708 3433 3779; baseline -0.006 -9"><span class='ocrx_word' id='word_1_596' title='bbox 1849 3716 2095 3771; x_wconf 73' lang='lat' dir='ltr'><strong>diversae.</strong></span> <span class='ocrx_word' id='word_1_597' title='bbox 2122 3715 2278 3769; x_wconf 79' lang='lat' dir='ltr'><strong>Anno</strong></span> <span class='ocrx_word' id='word_1_598' title='bbox 2298 3716 2357 3767; x_wconf 73' lang='grc' dir='ltr'>Η</span> <span class='ocrx_word' id='word_1_599' title='bbox 2380 3714 2424 3775; x_wconf 92' lang='grc'><strong>1,</strong></span> <span class='ocrx_word' id='word_1_600' title='bbox 2455 3714 2503 3765; x_wconf 91' lang='lat' dir='ltr'><strong>in</strong></span> <span class='ocrx_word' id='word_1_601' title='bbox 2536 3712 2823 3764; x_wconf 88' lang='lat' dir='ltr'><strong>collatione</strong></span> <span class='ocrx_word' id='word_1_602' title='bbox 2854 3708 3256 3779; x_wconf 68' lang='lat' dir='ltr'><strong>Carthaginiensi</strong></span> <span class='ocrx_word' id='word_1_603' title='bbox 3287 3723 3433 3762; x_wconf 81' lang='lat' dir='ltr'><strong>seor-</strong></span> 
     </span>
    </p>
   </div>
   <div class='ocr_carea' id='block_1_84' title="bbox 1846 3800 3434 3869">
    <p class='ocr_par' dir='ltr' id='par_1_84' title="bbox 1846 3800 3434 3869">
     <span class='ocr_line' id='line_1_84' title="bbox 1846 3800 3434 3869; baseline -0.004 -9"><span class='ocrx_word' id='word_1_604' title='bbox 1846 3807 2490 3860; x_wconf 69' lang='lat' dir='ltr'><strong>sim-enumerantur-sex</strong></span> <span class='ocrx_word' id='word_1_605' title='bbox 2527 3802 2816 3869; x_wconf 79' lang='lat' dir='ltr'><strong>provincia:</strong></span> <span class='ocrx_word' id='word_1_606' title='bbox 2849 3843 2862 3862; x_wconf 87' lang='lat'><strong>,</strong></span> <span class='ocrx_word' id='word_1_607' title='bbox 2916 3811 2967 3852; x_wconf 89' lang='lat' dir='ltr'><strong>et</strong></span> <span class='ocrx_word' id='word_1_608' title='bbox 3001 3800 3142 3855; x_wconf 88' lang='lat' dir='ltr'><strong>inter</strong></span> <span class='ocrx_word' id='word_1_609' title='bbox 3172 3816 3262 3853; x_wconf 79' lang='lat' dir='ltr'><strong>eas</strong></span> <span class='ocrx_word' id='word_1_610' title='bbox 3306 3800 3434 3853; x_wconf 73' lang='lat' dir='ltr'><strong>Siti~</strong></span> 
     </span>
    </p>
   </div>
   <div class='ocr_carea' id='block_1_85' title="bbox 1845 3890 3429 3957">
    <p class='ocr_par' dir='ltr' id='par_1_85' title="bbox 1845 3890 3429 3957">
     <span class='ocr_line' id='line_1_85' title="bbox 1845 3890 3429 3957; baseline -0.004 -9"><span class='ocrx_word' id='word_1_611' title='bbox 1845 3895 2038 3950; x_wconf 85' lang='lat' dir='ltr'><strong>fensis:</strong></span> <span class='ocrx_word' id='word_1_612' title='bbox 2088 3894 2284 3947; x_wconf 79' lang='lat' dir='ltr'><strong>Pra&#39;sto</strong></span> <span class='ocrx_word' id='word_1_613' title='bbox 2333 3903 2446 3946; x_wconf 84' lang='lat' dir='ltr'><strong>sunt</strong></span> <span class='ocrx_word' id='word_1_614' title='bbox 2478 3893 2699 3944; x_wconf 55' lang='lat' dir='ltr'><strong>universi</strong></span> <span class='ocrx_word' id='word_1_615' title='bbox 2745 3892 2806 3943; x_wconf 83' lang='lat' dir='ltr'><strong>de</strong></span> <span class='ocrx_word' id='word_1_616' title='bbox 2832 3890 3064 3943; x_wconf 85' lang='lat' dir='ltr'><strong>omnibus</strong></span> <span class='ocrx_word' id='word_1_617' title='bbox 3090 3890 3282 3943; x_wconf 62' lang='lat' dir='ltr'><strong>scilicet</strong></span> <span class='ocrx_word' id='word_1_618' title='bbox 3311 3906 3429 3957; x_wconf 81' lang='lat' dir='ltr'><strong>pro-</strong></span> 
     </span>
    </p>
   </div>
   <div class='ocr_carea' id='block_1_86' title="bbox 1843 3982 3430 4054">
    <p class='ocr_par' dir='ltr' id='par_1_86' title="bbox 1843 3982 3430 4054">
     <span class='ocr_line' id='line_1_86' title="bbox 1843 3982 3430 4054; baseline -0.003 -15"><span class='ocrx_word' id='word_1_619' title='bbox 1843 3989 2017 4040; x_wconf 83' lang='lat' dir='ltr'><strong>vinciis</strong></span> <span class='ocrx_word' id='word_1_620' title='bbox 2047 3986 2324 4054; x_wconf 74' lang='lat' dir='ltr'><strong>Africanis,</strong></span> <span class='ocrx_word' id='word_1_621' title='bbox 2350 3986 2403 4037; x_wconf 88' lang='lat' dir='ltr'><strong>id</strong></span> <span class='ocrx_word' id='word_1_622' title='bbox 2424 3995 2515 4045; x_wconf 81' lang='lat' dir='ltr'><strong>est,</strong></span> <span class='ocrx_word' id='word_1_623' title='bbox 2550 3984 2612 4036; x_wconf 76' lang='lat' dir='ltr'><strong>de</strong></span> <span class='ocrx_word' id='word_1_624' title='bbox 2643 3984 2901 4051; x_wconf 79' lang='lat' dir='ltr'><strong>provincia</strong></span> <span class='ocrx_word' id='word_1_625' title='bbox 2938 3982 3335 4049; x_wconf 79' lang='lat' dir='ltr'><strong>Proconsulari,</strong></span> <span class='ocrx_word' id='word_1_626' title='bbox 3367 3984 3430 4035; x_wconf 83' lang='lat' dir='ltr'><strong>de</strong></span> 
     </span>
    </p>
   </div>
   <div class='ocr_carea' id='block_1_87' title="bbox 1841 4074 3427 4153">
    <p class='ocr_par' dir='ltr' id='par_1_87' title="bbox 1841 4074 3427 4153">
     <span class='ocr_line' id='line_1_87' title="bbox 1841 4074 3427 4153; baseline -0.004 -22"><span class='ocrx_word' id='word_1_627' title='bbox 1841 4079 2100 4147; x_wconf 80' lang='lat' dir='ltr'><strong>provincia</strong></span> <span class='ocrx_word' id='word_1_628' title='bbox 2123 4076 2421 4145; x_wconf 76' lang='lat' dir='ltr'><strong>Byzacensi.</strong></span> <span class='ocrx_word' id='word_1_629' title='bbox 2459 4079 2520 4128; x_wconf 70' lang='lat' dir='ltr'><strong>tle</strong></span> <span class='ocrx_word' id='word_1_630' title='bbox 2555 4074 2821 4137; x_wconf 66' lang='lat' dir='ltr'><strong>Numidia,</strong></span> <span class='ocrx_word' id='word_1_631' title='bbox 2856 4074 2917 4125; x_wconf 82' lang='lat' dir='ltr'><strong>tle</strong></span> <span class='ocrx_word' id='word_1_632' title='bbox 2950 4074 3278 4127; x_wconf 79' lang='lat' dir='ltr'><strong>Mauritaniis</strong></span> <span class='ocrx_word' id='word_1_633' title='bbox 3302 4074 3427 4153; x_wconf 79' lang='lat' dir='ltr'><strong>Siti-</strong></span> 
     </span>
    </p>
   </div>
   <div class='ocr_carea' id='block_1_88' title="bbox 1839 4166 3425 4241">
    <p class='ocr_par' dir='ltr' id='par_1_88' title="bbox 1839 4166 3425 4241">
     <span class='ocr_line' id='line_1_88' title="bbox 1839 4166 3425 4241; baseline -0.003 -18"><span class='ocrx_word' id='word_1_634' title='bbox 1839 4174 1970 4241; x_wconf 74' lang='lat' dir='ltr'><strong>feusi</strong></span> <span class='ocrx_word' id='word_1_635' title='bbox 2012 4182 2055 4223; x_wconf 88' lang='lat' dir='ltr'><strong>et</strong></span> <span class='ocrx_word' id='word_1_636' title='bbox 2103 4168 2403 4223; x_wconf 75' lang='lat' dir='ltr'><strong>Cwsariensi</strong></span> <span class='ocrx_word' id='word_1_637' title='bbox 2451 4180 2493 4221; x_wconf 86' lang='lat' dir='ltr'><strong>et</strong></span> <span class='ocrx_word' id='word_1_638' title='bbox 2542 4170 2625 4221; x_wconf 25' lang='lat' dir='ltr'><strong>de.</strong></span> <span class='ocrx_word' id='word_1_639' title='bbox 2653 4168 2967 4236; x_wconf 65' lang='lat' dir='ltr'><strong>&#39;I&#39;ripolitann</strong></span> <span class='ocrx_word' id='word_1_640' title='bbox 3020 4168 3297 4231; x_wconf 66' lang='lat' dir='ltr'><strong>provincia.</strong></span> <span class='ocrx_word' id='word_1_641' title='bbox 3358 4166 3425 4219; x_wconf 79' lang='grc' dir='ltr'>Ει</span> 
     </span>
    </p>
   </div>
   <div class='ocr_carea' id='block_1_89' title="bbox 1836 4258 3423 4330">
    <p class='ocr_par' dir='ltr' id='par_1_89' title="bbox 1836 4258 3423 4330">
     <span class='ocr_line' id='line_1_89' title="bbox 1836 4258 3423 4330; baseline -0.004 -12"><span class='ocrx_word' id='word_1_642' title='bbox 1836 4278 1953 4330; x_wconf 82' lang='lat' dir='ltr'><strong>cap.</strong></span> <span class='ocrx_word' id='word_1_643' title='bbox 1985 4264 2052 4315; x_wconf 66' lang='lat'><strong>72’.</strong></span> <span class='ocrx_word' id='word_1_644' title='bbox 2096 4264 2218 4315; x_wconf 84' lang='lat' dir='ltr'><strong>coll.</strong></span> <span class='ocrx_word' id='word_1_645' title='bbox 2250 4260 2501 4329; x_wconf 78' lang='lat' dir='ltr'><strong>Cartbag.</strong></span> <span class='ocrx_word' id='word_1_646' title='bbox 2555 4262 2658 4314; x_wconf 66' lang='lat' dir='ltr'><strong>diei</strong></span> <span class='ocrx_word' id='word_1_647' title='bbox 2694 4276 2707 4313; x_wconf 95' lang='lat' dir='ltr'><strong>I</strong></span> <span class='ocrx_word' id='word_1_648' title='bbox 2738 4278 2748 4311; x_wconf 74' lang='grc' dir='ltr'><strong>ε</strong></span> <span class='ocrx_word' id='word_1_649' title='bbox 2787 4262 2845 4313; x_wconf 57' lang='lat' dir='ltr'><strong>Si</strong></span> <span class='ocrx_word' id='word_1_650' title='bbox 2889 4261 2951 4312; x_wconf 86' lang='lat' dir='ltr'><strong>de</strong></span> <span class='ocrx_word' id='word_1_651' title='bbox 2983 4276 3190 4313; x_wconf 86' lang='lat' dir='ltr'><strong>numero</strong></span> <span class='ocrx_word' id='word_1_652' title='bbox 3223 4258 3423 4311; x_wconf 69' lang='lat' dir='ltr'><strong>tlubita~</strong></span> 
     </span>
    </p>
   </div>
   <div class='ocr_carea' id='block_1_90' title="bbox 1836 4352 3418 4421">
    <p class='ocr_par' dir='ltr' id='par_1_90' title="bbox 1836 4352 3418 4421">
     <span class='ocr_line' id='line_1_90' title="bbox 1836 4352 3418 4421; baseline 0.001 -15"><span class='ocrx_word' id='word_1_653' title='bbox 1836 4367 1938 4416; x_wconf 87' lang='lat' dir='ltr'><strong>tur,</strong></span> <span class='ocrx_word' id='word_1_654' title='bbox 1972 4366 2088 4408; x_wconf 85' lang='lat' dir='ltr'><strong>eant</strong></span> <span class='ocrx_word' id='word_1_655' title='bbox 2120 4356 2459 4421; x_wconf 79' lang='lat' dir='ltr'><strong>provinciales</strong></span> <span class='ocrx_word' id='word_1_656' title='bbox 2488 4358 2554 4405; x_wconf 86' lang='lat' dir='ltr'><strong>ad</strong></span> <span class='ocrx_word' id='word_1_657' title='bbox 2590 4354 2801 4405; x_wconf 75' lang='lat' dir='ltr'><strong>.ilnuros</strong></span> <span class='ocrx_word' id='word_1_658' title='bbox 2826 4394 2838 4413; x_wconf 86' lang='lat'><strong>,</strong></span> <span class='ocrx_word' id='word_1_659' title='bbox 2868 4363 2983 4404; x_wconf 80' lang='lat' dir='ltr'><strong>eant</strong></span> <span class='ocrx_word' id='word_1_660' title='bbox 3012 4354 3081 4405; x_wconf 86' lang='lat' dir='ltr'><strong>atl</strong></span> <span class='ocrx_word' id='word_1_661' title='bbox 3131 4352 3380 4404; x_wconf 76' lang='lat' dir='ltr'><strong>Numidas</strong></span> <span class='ocrx_word' id='word_1_662' title='bbox 3404 4392 3418 4407; x_wconf 96' lang='lat'><strong>.</strong></span> 
     </span>
    </p>
   </div>
   <div class='ocr_carea' id='block_1_91' title="bbox 1834 4444 3423 4516">
    <p class='ocr_par' dir='ltr' id='par_1_91' title="bbox 1834 4444 3423 4516">
     <span class='ocr_line' id='line_1_91' title="bbox 1834 4444 3423 4516; baseline -0.003 -17"><span class='ocrx_word' id='word_1_663' title='bbox 1834 4458 1951 4500; x_wconf 87' lang='lat' dir='ltr'><strong>eaut</strong></span> <span class='ocrx_word' id='word_1_664' title='bbox 1972 4448 2040 4498; x_wconf 89' lang='lat' dir='ltr'><strong>ad</strong></span> <span class='ocrx_word' id='word_1_665' title='bbox 2066 4445 2359 4516; x_wconf 79' lang='lat' dir='ltr'><strong>Byzacenos</strong></span> <span class='ocrx_word' id='word_1_666' title='bbox 2379 4488 2395 4513; x_wconf 88' lang='lat'><strong>,</strong></span> <span class='ocrx_word' id='word_1_667' title='bbox 2430 4460 2547 4501; x_wconf 81' lang='lat' dir='ltr'><strong>eunt</strong></span> <span class='ocrx_word' id='word_1_668' title='bbox 2570 4462 2767 4515; x_wconf 79' lang='lat' dir='ltr'><strong>quoque</strong></span> <span class='ocrx_word' id='word_1_669' title='bbox 2814 4447 2882 4497; x_wconf 89' lang='lat' dir='ltr'><strong>ad</strong></span> <span class='ocrx_word' id='word_1_670' title='bbox 2909 4444 3277 4512; x_wconf 82' lang='lat' dir='ltr'><strong>Tripolitanos,</strong></span> <span class='ocrx_word' id='word_1_671' title='bbox 3310 4455 3423 4497; x_wconf 82' lang='lat' dir='ltr'><strong>cant</strong></span> 
     </span>
    </p>
   </div>
   <div class='ocr_carea' id='block_1_92' title="bbox 135 4526 3421 4616">
    <p class='ocr_par' dir='ltr' id='par_1_92' title="bbox 135 4526 3421 4616">
     <span class='ocr_line' id='line_1_92' title="bbox 135 4526 3421 4616; baseline -0 -26"><span class='ocrx_word' id='word_1_672' title='bbox 135 4538 246 4591; x_wconf 87' lang='lat' dir='ltr'><strong>diis</strong></span> <span class='ocrx_word' id='word_1_673' title='bbox 276 4554 375 4591; x_wconf 90' lang='lat' dir='ltr'><strong>una</strong></span> <span class='ocrx_word' id='word_1_674' title='bbox 406 4553 620 4607; x_wconf 77' lang='lat' dir='ltr'><strong>semper</strong></span> <span class='ocrx_word' id='word_1_675' title='bbox 640 4540 833 4591; x_wconf 87' lang='lat' dir='ltr'><strong>coaluit</strong></span> <span class='ocrx_word' id='word_1_676' title='bbox 858 4539 1149 4606; x_wconf 84' lang='lat' dir='ltr'><strong>provincia,</strong></span> <span class='ocrx_word' id='word_1_677' title='bbox 1175 4556 1291 4609; x_wconf 75' lang='lat' dir='ltr'><strong>qum</strong></span> <span class='ocrx_word' id='word_1_678' title='bbox 1316 4556 1471 4592; x_wconf 83' lang='lat' dir='ltr'><strong>unam</strong></span> <span class='ocrx_word' id='word_1_679' title='bbox 1498 4547 1727 4593; x_wconf 89' lang='lat' dir='ltr'><strong>tanttun-</strong></span> <span class='ocrx_word' id='word_1_680' title='bbox 1756 4558 1807 4616; x_wconf 77' lang='grc' dir='ltr'>ι)</span> <span class='ocrx_word' id='word_1_681' title='bbox 1833 4541 1899 4594; x_wconf 84' lang='lat' dir='ltr'><strong>ad</strong></span> <span class='ocrx_word' id='word_1_682' title='bbox 1932 4538 2217 4593; x_wconf 66' lang='lat' dir='ltr'><strong>Prouincia:</strong></span> <span class='ocrx_word' id='word_1_683' title='bbox 2240 4539 2650 4593; x_wconf 77' lang='lat' dir='ltr'><strong>Proconsuluris.</strong></span> <span class='ocrx_word' id='word_1_684' title='bbox 2677 4539 2832 4593; x_wconf 76' lang='lat' dir='ltr'><strong>Anno</strong></span> <span class='ocrx_word' id='word_1_685' title='bbox 2858 4539 2984 4601; x_wconf 67' lang='lat' dir='ltr'><strong>iis,</strong></span> <span class='ocrx_word' id='word_1_686' title='bbox 3021 4537 3174 4607; x_wconf 68' lang='lat' dir='ltr'><strong>legati</strong></span> <span class='ocrx_word' id='word_1_687' title='bbox 3214 4526 3421 4606; x_wconf 85' lang='lat' dir='ltr'><strong>eligun-</strong></span> 
     </span>
    </p>
   </div>
   <div class='ocr_carea' id='block_1_93' title="bbox 133 4628 1726 4692">
    <p class='ocr_par' dir='ltr' id='par_1_93' title="bbox 133 4628 1726 4692">
     <span class='ocr_line' id='line_1_93' title="bbox 133 4628 1726 4692; baseline 0.002 -11"><span class='ocrx_word' id='word_1_688' title='bbox 133 4630 301 4681; x_wconf 77' lang='lat' dir='ltr'><strong>modo</strong></span> <span class='ocrx_word' id='word_1_689' title='bbox 330 4628 660 4692; x_wconf 66' lang='lat' dir='ltr'><strong>Mettoitolitn</strong></span> <span class='ocrx_word' id='word_1_690' title='bbox 690 4632 875 4682; x_wconf 90' lang='lat' dir='ltr'><strong>urbem</strong></span> <span class='ocrx_word' id='word_1_691' title='bbox 927 4641 978 4682; x_wconf 90' lang='lat' dir='ltr'><strong>et</strong></span> <span class='ocrx_word' id='word_1_692' title='bbox 1011 4646 1170 4682; x_wconf 90' lang='lat' dir='ltr'><strong>unmn</strong></span> <span class='ocrx_word' id='word_1_693' title='bbox 1236 4631 1520 4684; x_wconf 78' lang='lat' dir='ltr'><strong>I’rintatetn</strong></span> <span class='ocrx_word' id='word_1_694' title='bbox 1567 4633 1726 4685; x_wconf 87' lang='lat' dir='ltr'><strong>babe-</strong></span> 
     </span>
    </p>
   </div>
   <div class='ocr_carea' id='block_1_94' title="bbox 134 4723 1724 4791">
    <p class='ocr_par' dir='ltr' id='par_1_94' title="bbox 134 4723 1724 4791">
     <span class='ocr_line' id='line_1_94' title="bbox 134 4723 1724 4791; baseline 0.003 -16"><span class='ocrx_word' id='word_1_695' title='bbox 134 4723 255 4779; x_wconf 82' lang='lat' dir='ltr'><strong>bat,</strong></span> <span class='ocrx_word' id='word_1_696' title='bbox 282 4730 337 4773; x_wconf 89' lang='lat' dir='ltr'><strong>ut</strong></span> <span class='ocrx_word' id='word_1_697' title='bbox 368 4730 581 4774; x_wconf 88' lang='lat' dir='ltr'><strong>constat</strong></span> <span class='ocrx_word' id='word_1_698' title='bbox 611 4736 675 4775; x_wconf 79' lang='lat' dir='ltr'><strong>ex</strong></span> <span class='ocrx_word' id='word_1_699' title='bbox 723 4723 953 4776; x_wconf 86' lang='lat' dir='ltr'><strong>concilio</strong></span> <span class='ocrx_word' id='word_1_700' title='bbox 986 4724 1290 4779; x_wconf 82' lang='lat' dir='ltr'><strong>Milevitano</strong></span> <span class='ocrx_word' id='word_1_701' title='bbox 1342 4728 1465 4779; x_wconf 90' lang='lat' dir='ltr'><strong>anni</strong></span> <span class='ocrx_word' id='word_1_702' title='bbox 1492 4726 1595 4780; x_wconf 70' lang='lat'><strong>40:2</strong></span> <span class='ocrx_word' id='word_1_703' title='bbox 1623 4769 1636 4791; x_wconf 92' lang='lat'><strong>,</strong></span> <span class='ocrx_word' id='word_1_704' title='bbox 1673 4727 1724 4780; x_wconf 93' lang='lat' dir='ltr'><strong>in</strong></span> 
     </span>
    </p>
   </div>
   <div class='ocr_carea' id='block_1_95' title="bbox 131 4812 1725 4888">
    <p class='ocr_par' dir='ltr' id='par_1_95' title="bbox 131 4812 1725 4888">
     <span class='ocr_line' id='line_1_95' title="bbox 131 4812 1725 4888; baseline 0.005 -25"><span class='ocrx_word' id='word_1_705' title='bbox 131 4826 248 4880; x_wconf 85' lang='lat' dir='ltr'><strong>quo</strong></span> <span class='ocrx_word' id='word_1_706' title='bbox 272 4812 524 4862; x_wconf 72' lang='lat' dir='ltr'><strong>statuitur</strong></span> <span class='ocrx_word' id='word_1_707' title='bbox 551 4821 609 4863; x_wconf 90' lang='lat' dir='ltr'><strong>ut</strong></span> <span class='ocrx_word' id='word_1_708' title='bbox 648 4812 893 4867; x_wconf 71' lang='lat' dir='ltr'><strong>Are/rivus</strong></span> <span class='ocrx_word' id='word_1_709' title='bbox 942 4813 1208 4869; x_wconf 80' lang='lat' dir='ltr'><strong>Numidia:</strong></span> <span class='ocrx_word' id='word_1_710' title='bbox 1256 4827 1303 4869; x_wconf 84' lang='lat' dir='ltr'><strong>ct</strong></span> <span class='ocrx_word' id='word_1_711' title='bbox 1341 4818 1482 4886; x_wconf 83' lang='lat' dir='ltr'><strong>apud</strong></span> <span class='ocrx_word' id='word_1_712' title='bbox 1508 4821 1725 4888; x_wconf 81' lang='lat' dir='ltr'><strong>primum</strong></span> 
     </span>
    </p>
   </div>
   <div class='ocr_carea' id='block_1_96' title="bbox 130 4905 1727 4975">
    <p class='ocr_par' dir='ltr' id='par_1_96' title="bbox 130 4905 1727 4975">
     <span class='ocr_line' id='line_1_96' title="bbox 130 4905 1727 4975; baseline 0.006 -17"><span class='ocrx_word' id='word_1_713' title='bbox 130 4905 305 4958; x_wconf 73' lang='lat' dir='ltr'><strong>sedem</strong></span> <span class='ocrx_word' id='word_1_714' title='bbox 346 4905 411 4956; x_wconf 86' lang='lat' dir='ltr'><strong>sit</strong></span> <span class='ocrx_word' id='word_1_715' title='bbox 439 4914 485 4957; x_wconf 81' lang='lat' dir='ltr'><strong>et</strong></span> <span class='ocrx_word' id='word_1_716' title='bbox 507 4906 559 4957; x_wconf 85' lang='lat' dir='ltr'><strong>in</strong></span> <span class='ocrx_word' id='word_1_717' title='bbox 591 4905 865 4975; x_wconf 70' lang='lat' dir='ltr'><strong>Metropoli</strong></span> <span class='ocrx_word' id='word_1_718' title='bbox 892 4950 907 4973; x_wconf 93' lang='lat'><strong>,</strong></span> <span class='ocrx_word' id='word_1_719' title='bbox 938 4910 995 4961; x_wconf 86' lang='lat' dir='ltr'><strong>id</strong></span> <span class='ocrx_word' id='word_1_720' title='bbox 1021 4919 1095 4962; x_wconf 81' lang='lat' dir='ltr'><strong>est</strong></span> <span class='ocrx_word' id='word_1_721' title='bbox 1126 4950 1140 4971; x_wconf 88' lang='lat'><strong>,</strong></span> <span class='ocrx_word' id='word_1_722' title='bbox 1172 4908 1528 4964; x_wconf 85' lang='lat' dir='ltr'><strong>Constantina.</strong></span> <span class='ocrx_word' id='word_1_723' title='bbox 1589 4912 1727 4967; x_wconf 79' lang='lat' dir='ltr'><strong>Ecce</strong></span> 
     </span>
    </p>
   </div>
   <div class='ocr_carea' id='block_1_97' title="bbox 132 5000 1726 5069">
    <p class='ocr_par' dir='ltr' id='par_1_97' title="bbox 132 5000 1726 5069">
     <span class='ocr_line' id='line_1_97' title="bbox 132 5000 1726 5069; baseline 0.006 -19"><span class='ocrx_word' id='word_1_724' title='bbox 132 5014 297 5051; x_wconf 85' lang='lat' dir='ltr'><strong>unam</strong></span> <span class='ocrx_word' id='word_1_725' title='bbox 349 5000 681 5069; x_wconf 78' lang='lat' dir='ltr'><strong>Metropolim</strong></span> <span class='ocrx_word' id='word_1_726' title='bbox 712 5011 764 5054; x_wconf 90' lang='lat' dir='ltr'><strong>ct</strong></span> <span class='ocrx_word' id='word_1_727' title='bbox 797 5019 959 5057; x_wconf 92' lang='lat' dir='ltr'><strong>unum</strong></span> <span class='ocrx_word' id='word_1_728' title='bbox 1015 5004 1301 5058; x_wconf 85' lang='lat' dir='ltr'><strong>Primatcm</strong></span> <span class='ocrx_word' id='word_1_729' title='bbox 1350 5005 1511 5059; x_wconf 89' lang='lat' dir='ltr'><strong>totius</strong></span> <span class='ocrx_word' id='word_1_730' title='bbox 1540 5004 1726 5059; x_wconf 85' lang='lat' dir='ltr'><strong>Numi-</strong></span> 
     </span>
    </p>
   </div>
   <div class='ocr_carea' id='block_1_98' title="bbox 127 5089 1725 5160">
    <p class='ocr_par' dir='ltr' id='par_1_98' title="bbox 127 5089 1725 5160">
     <span class='ocr_line' id='line_1_98' title="bbox 127 5089 1725 5160; baseline 0.004 -15"><span class='ocrx_word' id='word_1_731' title='bbox 127 5093 258 5145; x_wconf 69' lang='grc' dir='ltr'>ιιιςιο.</span> <span class='ocrx_word' id='word_1_732' title='bbox 294 5089 361 5143; x_wconf 83' lang='lat' dir='ltr'><strong>Et</strong></span> <span class='ocrx_word' id='word_1_733' title='bbox 392 5106 457 5143; x_wconf 87' lang='lat' dir='ltr'><strong>ne</strong></span> <span class='ocrx_word' id='word_1_734' title='bbox 484 5093 604 5160; x_wconf 89' lang='lat' dir='ltr'><strong>quis</strong></span> <span class='ocrx_word' id='word_1_735' title='bbox 651 5091 793 5146; x_wconf 88' lang='lat' dir='ltr'><strong>dicat</strong></span> <span class='ocrx_word' id='word_1_736' title='bbox 818 5093 887 5148; x_wconf 86' lang='lat' dir='ltr'><strong>de</strong></span> <span class='ocrx_word' id='word_1_737' title='bbox 918 5110 1020 5147; x_wconf 90' lang='lat' dir='ltr'><strong>una</strong></span> <span class='ocrx_word' id='word_1_738' title='bbox 1080 5105 1279 5149; x_wconf 89' lang='lat' dir='ltr'><strong>tantttm</strong></span> <span class='ocrx_word' id='word_1_739' title='bbox 1332 5095 1580 5150; x_wconf 81' lang='lat' dir='ltr'><strong>Numidia</strong></span> <span class='ocrx_word' id='word_1_740' title='bbox 1640 5097 1725 5152; x_wconf 91' lang='lat' dir='ltr'><strong>hic</strong></span> 
     </span>
    </p>
   </div>
   <div class='ocr_carea' id='block_1_99' title="bbox 130 5186 1727 5257">
    <p class='ocr_par' dir='ltr' id='par_1_99' title="bbox 130 5186 1727 5257">
     <span class='ocr_line' id='line_1_99' title="bbox 130 5186 1727 5257; baseline 0.005 -20"><span class='ocrx_word' id='word_1_741' title='bbox 130 5186 215 5253; x_wconf 77' lang='lat' dir='ltr'><strong>agi</strong></span> <span class='ocrx_word' id='word_1_742' title='bbox 246 5204 260 5235; x_wconf 92' lang='lat'><em>:</em></span> <span class='ocrx_word' id='word_1_743' title='bbox 294 5188 345 5235; x_wconf 90' lang='lat' dir='ltr'><strong>in</strong></span> <span class='ocrx_word' id='word_1_744' title='bbox 374 5186 609 5239; x_wconf 81' lang='lat' dir='ltr'><strong>concilio</strong></span> <span class='ocrx_word' id='word_1_745' title='bbox 634 5187 1042 5257; x_wconf 79' lang='lat' dir='ltr'><strong>Carthaginensi</strong></span> <span class='ocrx_word' id='word_1_746' title='bbox 1074 5190 1196 5242; x_wconf 87' lang='lat' dir='ltr'><strong>anni</strong></span> <span class='ocrx_word' id='word_1_747' title='bbox 1227 5190 1367 5244; x_wconf 72' lang='lat'><strong>597:</strong></span> <span class='ocrx_word' id='word_1_748' title='bbox 1414 5187 1727 5245; x_wconf 66' lang='lat' dir='ltr'><strong>Crescentiu-</strong></span> 
     </span>
    </p>
   </div>
   <div class='ocr_carea' id='block_1_100' title="bbox 129 5282 1723 5351">
    <p class='ocr_par' dir='ltr' id='par_1_100' title="bbox 129 5282 1723 5351">
     <span class='ocr_line' id='line_1_100' title="bbox 129 5282 1723 5351; baseline 0.003 -17"><span class='ocrx_word' id='word_1_749' title='bbox 129 5300 226 5336; x_wconf 84' lang='lat' dir='ltr'><strong>nus</strong></span> <span class='ocrx_word' id='word_1_750' title='bbox 258 5283 458 5336; x_wconf 84' lang='lat' dir='ltr'><strong>dicitur</strong></span> <span class='ocrx_word' id='word_1_751' title='bbox 483 5283 662 5351; x_wconf 79' lang='lat' dir='ltr'><strong>prima:</strong></span> <span class='ocrx_word' id='word_1_752' title='bbox 689 5283 822 5340; x_wconf 66' lang='lat' dir='ltr'><strong>sudis</strong></span> <span class='ocrx_word' id='word_1_753' title='bbox 872 5282 1238 5335; x_wconf 87' lang='lat' dir='ltr'><strong>Namidiarum</strong></span> <span class='ocrx_word' id='word_1_754' title='bbox 1301 5282 1620 5351; x_wconf 75' lang='lat' dir='ltr'><strong>Episcopus:</strong></span> <span class='ocrx_word' id='word_1_755' title='bbox 1671 5287 1723 5339; x_wconf 88' lang='lat' dir='ltr'><strong>in</strong></span> 
     </span>
    </p>
   </div>
   <div class='ocr_carea' id='block_1_101' title="bbox 126 5373 1721 5450">
    <p class='ocr_par' dir='ltr' id='par_1_101' title="bbox 126 5373 1721 5450">
     <span class='ocr_line' id='line_1_101' title="bbox 126 5373 1721 5450; baseline 0.002 -24"><span class='ocrx_word' id='word_1_756' title='bbox 126 5374 323 5426; x_wconf 75' lang='lat' dir='ltr'><strong>Cra-co</strong></span> <span class='ocrx_word' id='word_1_757' title='bbox 353 5379 560 5448; x_wconf 71' lang='grc' dir='ltr'><strong>πρώτης</strong></span> <span class='ocrx_word' id='word_1_758' title='bbox 588 5374 834 5450; x_wconf 72' lang='grc' dir='ltr'><strong>καθέδρας</strong></span> <span class='ocrx_word' id='word_1_759' title='bbox 860 5383 961 5428; x_wconf 76' lang='grc' dir='ltr'><strong>τῶν</strong></span> <span class='ocrx_word' id='word_1_760' title='bbox 982 5374 1073 5427; x_wconf 69' lang='grc' dir='ltr'><strong>δύο</strong></span> <span class='ocrx_word' id='word_1_761' title='bbox 1098 5373 1395 5445; x_wconf 73' lang='grc' dir='ltr'><strong>Νουμιδιῶν.</strong></span> <span class='ocrx_word' id='word_1_762' title='bbox 1426 5374 1483 5428; x_wconf 76' lang='lat' dir='ltr'><strong>S.</strong></span> <span class='ocrx_word' id='word_1_763' title='bbox 1514 5375 1721 5445; x_wconf 84' lang='lat' dir='ltr'><strong>Augus-</strong></span> 
     </span>
    </p>
   </div>
   <div class='ocr_carea' id='block_1_102' title="bbox 131 5466 1716 5534">
    <p class='ocr_par' dir='ltr' id='par_1_102' title="bbox 131 5466 1716 5534">
     <span class='ocr_line' id='line_1_102' title="bbox 131 5466 1716 5534; baseline 0.002 -15"><span class='ocrx_word' id='word_1_764' title='bbox 131 5469 277 5519; x_wconf 89' lang='lat' dir='ltr'><strong>tinus</strong></span> <span class='ocrx_word' id='word_1_765' title='bbox 303 5484 389 5531; x_wconf 86' lang='lat' dir='ltr'><strong>ep.</strong></span> <span class='ocrx_word' id='word_1_766' title='bbox 425 5482 510 5518; x_wconf 74' lang='lat' dir='ltr'><strong>th</strong></span> <span class='ocrx_word' id='word_1_767' title='bbox 567 5466 633 5518; x_wconf 90' lang='lat' dir='ltr'><strong>ad</strong></span> <span class='ocrx_word' id='word_1_768' title='bbox 671 5466 999 5519; x_wconf 75' lang='lat' dir='ltr'><strong>Victorinum</strong></span> <span class='ocrx_word' id='word_1_769' title='bbox 1054 5480 1216 5534; x_wconf 80' lang='lat' dir='ltr'><strong>agens</strong></span> <span class='ocrx_word' id='word_1_770' title='bbox 1261 5467 1326 5519; x_wconf 70' lang='lat' dir='ltr'><strong>ile</strong></span> <span class='ocrx_word' id='word_1_771' title='bbox 1373 5472 1716 5522; x_wconf 87' lang='lat' dir='ltr'><strong>contentione</strong></span> 
     </span>
    </p>
   </div>
   <div class='ocr_carea' id='block_1_103' title="bbox 126 5554 1715 5623">
    <p class='ocr_par' dir='ltr' id='par_1_103' title="bbox 126 5554 1715 5623">
     <span class='ocr_line' id='line_1_103' title="bbox 126 5554 1715 5623; baseline 0.004 -16"><span class='ocrx_word' id='word_1_772' title='bbox 126 5573 250 5623; x_wconf 66' lang='lat' dir='ltr'><strong>qua!</strong></span> <span class='ocrx_word' id='word_1_773' title='bbox 273 5564 389 5607; x_wconf 69' lang='lat' dir='ltr'><strong>erat</strong></span> <span class='ocrx_word' id='word_1_774' title='bbox 415 5557 552 5607; x_wconf 89' lang='lat' dir='ltr'><strong>inter</strong></span> <span class='ocrx_word' id='word_1_775' title='bbox 573 5554 710 5607; x_wconf 82' lang='lat' dir='ltr'><strong>duos</strong></span> <span class='ocrx_word' id='word_1_776' title='bbox 734 5555 1019 5623; x_wconf 88' lang='lat' dir='ltr'><strong>episcopos</strong></span> <span class='ocrx_word' id='word_1_777' title='bbox 1044 5557 1185 5609; x_wconf 90' lang='lat' dir='ltr'><strong>circa</strong></span> <span class='ocrx_word' id='word_1_778' title='bbox 1216 5554 1503 5609; x_wconf 70' lang='lat' dir='ltr'><strong>trimatum</strong></span> <span class='ocrx_word' id='word_1_779' title='bbox 1531 5556 1715 5613; x_wconf 87' lang='lat' dir='ltr'><strong>Numi-</strong></span> 
     </span>
    </p>
   </div>
   <div class='ocr_carea' id='block_1_104' title="bbox 127 5644 1712 5713">
    <p class='ocr_par' dir='ltr' id='par_1_104' title="bbox 127 5644 1712 5713">
     <span class='ocr_line' id='line_1_104' title="bbox 127 5644 1712 5713; baseline 0.003 -16"><span class='ocrx_word' id='word_1_780' title='bbox 127 5648 254 5700; x_wconf 64' lang='lat' dir='ltr'><strong>tiiﬂ‘.</strong></span> <span class='ocrx_word' id='word_1_781' title='bbox 282 5660 471 5697; x_wconf 83' lang='lat' dir='ltr'><strong>omnes</strong></span> <span class='ocrx_word' id='word_1_782' title='bbox 516 5644 799 5713; x_wconf 79' lang='lat' dir='ltr'><strong>episcopos</strong></span> <span class='ocrx_word' id='word_1_783' title='bbox 853 5645 1113 5697; x_wconf 75' lang='lat' dir='ltr'><strong>Numidia:</strong></span> <span class='ocrx_word' id='word_1_784' title='bbox 1165 5646 1253 5697; x_wconf 91' lang='lat' dir='ltr'><strong>uni</strong></span> <span class='ocrx_word' id='word_1_785' title='bbox 1306 5648 1542 5712; x_wconf 73' lang='lat' dir='ltr'><strong>paruisse</strong></span> <span class='ocrx_word' id='word_1_786' title='bbox 1600 5648 1712 5703; x_wconf 80' lang='lat' dir='ltr'><strong>Pri-</strong></span> 
     </span>
    </p>
   </div>
   <div class='ocr_carea' id='block_1_105' title="bbox 126 5732 1706 5802">
    <p class='ocr_par' dir='ltr' id='par_1_105' title="bbox 126 5732 1706 5802">
     <span class='ocr_line' id='line_1_105' title="bbox 126 5732 1706 5802; baseline 0.006 -20"><span class='ocrx_word' id='word_1_787' title='bbox 126 5732 255 5787; x_wconf 77' lang='lat' dir='ltr'><strong>roati</strong></span> <span class='ocrx_word' id='word_1_788' title='bbox 288 5732 560 5801; x_wconf 60' lang='lat' dir='ltr'><strong>animauit.</strong></span> <span class='ocrx_word' id='word_1_789' title='bbox 616 5733 753 5787; x_wconf 54' lang='lat' dir='ltr'><strong>Sunt</strong></span> <span class='ocrx_word' id='word_1_790' title='bbox 787 5735 877 5797; x_wconf 77' lang='lat' dir='ltr'><strong>qui</strong></span> <span class='ocrx_word' id='word_1_791' title='bbox 929 5732 1236 5789; x_wconf 61' lang='lat' dir='ltr'><strong>Sitifensmn</strong></span> <span class='ocrx_word' id='word_1_792' title='bbox 1291 5733 1657 5793; x_wconf 61' lang='lat' dir='ltr'><strong>Milill&#39;tl&#39;s&#39;ttli‘ill</strong></span> <span class='ocrx_word' id='word_1_793' title='bbox 1691 5776 1706 5802; x_wconf 84' lang='lat'><strong>,</strong></span> 
     </span>
    </p>
   </div>
   <div class='ocr_carea' id='block_1_106' title="bbox 1832 4627 3415 4701">
    <p class='ocr_par' dir='ltr' id='par_1_106' title="bbox 1832 4627 3415 4701">
     <span class='ocr_line' id='line_1_106' title="bbox 1832 4627 3415 4701; baseline -0.003 -14"><span class='ocrx_word' id='word_1_794' title='bbox 1832 4644 1917 4688; x_wconf 89' lang='lat' dir='ltr'><strong>tur</strong></span> <span class='ocrx_word' id='word_1_795' title='bbox 1943 4649 2006 4688; x_wconf 80' lang='lat' dir='ltr'><strong>ex</strong></span> <span class='ocrx_word' id='word_1_796' title='bbox 2042 4634 2138 4688; x_wconf 85' lang='lat' dir='ltr'><strong>bac</strong></span> <span class='ocrx_word' id='word_1_797' title='bbox 2161 4633 2430 4701; x_wconf 79' lang='lat' dir='ltr'><strong>provincia</strong></span> <span class='ocrx_word' id='word_1_798' title='bbox 2461 4635 2547 4699; x_wconf 90' lang='lat' dir='ltr'><strong>qui</strong></span> <span class='ocrx_word' id='word_1_799' title='bbox 2573 4632 2882 4701; x_wconf 76' lang='lat' dir='ltr'><strong>Carthagini</strong></span> <span class='ocrx_word' id='word_1_800' title='bbox 2910 4631 3279 4684; x_wconf 86' lang='lat' dir='ltr'><strong>demorentur.</strong></span> <span class='ocrx_word' id='word_1_801' title='bbox 3310 4627 3415 4682; x_wconf 81' lang='lat' dir='ltr'><strong>Dc-</strong></span> 
     </span>
    </p>
   </div>
   <div class='ocr_carea' id='block_1_107' title="bbox 1832 4715 3415 4792">
    <p class='ocr_par' dir='ltr' id='par_1_107' title="bbox 1832 4715 3415 4792">
     <span class='ocr_line' id='line_1_107' title="bbox 1832 4715 3415 4792; baseline -0.004 -12"><span class='ocrx_word' id='word_1_802' title='bbox 1832 4744 1975 4781; x_wconf 87' lang='lat' dir='ltr'><strong>tnutn</strong></span> <span class='ocrx_word' id='word_1_803' title='bbox 2002 4729 2153 4782; x_wconf 91' lang='lat' dir='ltr'><strong>initio</strong></span> <span class='ocrx_word' id='word_1_804' title='bbox 2178 4728 2392 4782; x_wconf 88' lang='lat' dir='ltr'><strong>eoncilii</strong></span> <span class='ocrx_word' id='word_1_805' title='bbox 2436 4728 2559 4779; x_wconf 90' lang='lat' dir='ltr'><strong>anni</strong></span> <span class='ocrx_word' id='word_1_806' title='bbox 2592 4726 2717 4786; x_wconf 38' lang='lat'><strong>4&#39;19,</strong></span> <span class='ocrx_word' id='word_1_807' title='bbox 2754 4727 2908 4792; x_wconf 83' lang='lat' dir='ltr'><strong>legati</strong></span> <span class='ocrx_word' id='word_1_808' title='bbox 2960 4722 3291 4778; x_wconf 88' lang='lat' dir='ltr'><strong>Sitifensinm</strong></span> <span class='ocrx_word' id='word_1_809' title='bbox 3323 4715 3415 4774; x_wconf 78' lang='lat' dir='ltr'><strong>nti-</strong></span> 
     </span>
    </p>
   </div>
   <div class='ocr_carea' id='block_1_108' title="bbox 1830 4816 3406 4890">
    <p class='ocr_par' dir='ltr' id='par_1_108' title="bbox 1830 4816 3406 4890">
     <span class='ocr_line' id='line_1_108' title="bbox 1830 4816 3406 4890; baseline -0.003 -16"><span class='ocrx_word' id='word_1_810' title='bbox 1830 4821 1973 4874; x_wconf 83' lang='lat' dir='ltr'><strong>min‘e</strong></span> <span class='ocrx_word' id='word_1_811' title='bbox 2002 4832 2294 4890; x_wconf 67' lang='lat' dir='ltr'><strong>praesentes</strong></span> <span class='ocrx_word' id='word_1_812' title='bbox 2320 4821 2517 4875; x_wconf 87' lang='lat' dir='ltr'><strong>adsunt</strong></span> <span class='ocrx_word' id='word_1_813' title='bbox 2566 4820 2792 4873; x_wconf 88' lang='lat' dir='ltr'><strong>concilio</strong></span> <span class='ocrx_word' id='word_1_814' title='bbox 2822 4829 3106 4887; x_wconf 82' lang='lat' dir='ltr'><strong>antequam</strong></span> <span class='ocrx_word' id='word_1_815' title='bbox 3135 4832 3305 4870; x_wconf 87' lang='lat' dir='ltr'><strong>canon</strong></span> <span class='ocrx_word' id='word_1_816' title='bbox 3342 4816 3406 4869; x_wconf 75' lang='grc'><strong>17</strong></span> 
     </span>
    </p>
   </div>
   <div class='ocr_carea' id='block_1_109' title="bbox 1830 4910 3403 4981">
    <p class='ocr_par' dir='ltr' id='par_1_109' title="bbox 1830 4910 3403 4981">
     <span class='ocr_line' id='line_1_109' title="bbox 1830 4910 3403 4981; baseline -0.006 -13"><span class='ocrx_word' id='word_1_817' title='bbox 1830 4914 2017 4968; x_wconf 74' lang='lat' dir='ltr'><strong>fuisset</strong></span> <span class='ocrx_word' id='word_1_818' title='bbox 2046 4923 2319 4969; x_wconf 74' lang='lat' dir='ltr'><strong>exaratos.</strong></span> <span class='ocrx_word' id='word_1_819' title='bbox 2366 4914 2504 4967; x_wconf 85' lang='lat' dir='ltr'><strong>Nihil</strong></span> <span class='ocrx_word' id='word_1_820' title='bbox 2535 4928 2663 4981; x_wconf 85' lang='lat' dir='ltr'><strong>ergo</strong></span> <span class='ocrx_word' id='word_1_821' title='bbox 2695 4912 2975 4965; x_wconf 82' lang='lat' dir='ltr'><strong>absurdius</strong></span> <span class='ocrx_word' id='word_1_822' title='bbox 3013 4925 3169 4978; x_wconf 90' lang='lat' dir='ltr'><strong>quam</strong></span> <span class='ocrx_word' id='word_1_823' title='bbox 3203 4910 3403 4976; x_wconf 84' lang='lat' dir='ltr'><strong>lingere</strong></span> 
     </span>
    </p>
   </div>
   <div class='ocr_carea' id='block_1_110' title="bbox 1829 5004 3406 5077">
    <p class='ocr_par' dir='ltr' id='par_1_110' title="bbox 1829 5004 3406 5077">
     <span class='ocr_line' id='line_1_110' title="bbox 1829 5004 3406 5077; baseline -0.004 -15"><span class='ocrx_word' id='word_1_824' title='bbox 1829 5018 1939 5062; x_wconf 87' lang='lat' dir='ltr'><strong>ttttn</strong></span> <span class='ocrx_word' id='word_1_825' title='bbox 1966 5012 2189 5077; x_wconf 89' lang='lat' dir='ltr'><strong>primum</strong></span> <span class='ocrx_word' id='word_1_826' title='bbox 2224 5010 2275 5061; x_wconf 90' lang='lat' dir='ltr'><strong>in</strong></span> <span class='ocrx_word' id='word_1_827' title='bbox 2308 5014 2405 5059; x_wconf 79' lang='lat' dir='ltr'><strong>hoc</strong></span> <span class='ocrx_word' id='word_1_828' title='bbox 2433 5010 2660 5061; x_wconf 90' lang='lat' dir='ltr'><strong>concilio</strong></span> <span class='ocrx_word' id='word_1_829' title='bbox 2689 5006 3054 5061; x_wconf 75' lang='lat' dir='ltr'><strong>Mauritanimn</strong></span> <span class='ocrx_word' id='word_1_830' title='bbox 3081 5004 3406 5067; x_wconf 72' lang='lat' dir='ltr'><strong>Sitifensem,</strong></span> 
     </span>
    </p>
   </div>
   <div class='ocr_carea' id='block_1_111' title="bbox 1829 5098 3401 5169">
    <p class='ocr_par' dir='ltr' id='par_1_111' title="bbox 1829 5098 3401 5169">
     <span class='ocr_line' id='line_1_111' title="bbox 1829 5098 3401 5169; baseline -0.005 -13"><span class='ocrx_word' id='word_1_831' title='bbox 1829 5103 2095 5157; x_wconf 85' lang='lat' dir='ltr'><strong>diversam</strong></span> <span class='ocrx_word' id='word_1_832' title='bbox 2151 5116 2179 5153; x_wconf 87' lang='lat' dir='ltr'><strong>a</strong></span> <span class='ocrx_word' id='word_1_833' title='bbox 2224 5100 2542 5153; x_wconf 70' lang='lat' dir='ltr'><strong>Cmsariensi</strong></span> <span class='ocrx_word' id='word_1_834' title='bbox 2597 5099 2926 5169; x_wconf 68' lang='lat' dir='ltr'><strong>provint-ian&#39;:</strong></span> <span class='ocrx_word' id='word_1_835' title='bbox 2980 5098 3401 5152; x_wconf 76' lang='lat' dir='ltr'><strong>Ecclesiasticatn</strong></span> 
     </span>
    </p>
   </div>
   <div class='ocr_carea' id='block_1_112' title="bbox 1826 5190 3407 5260">
    <p class='ocr_par' dir='ltr' id='par_1_112' title="bbox 1826 5190 3407 5260">
     <span class='ocr_line' id='line_1_112' title="bbox 1826 5190 3407 5260; baseline -0.005 -10"><span class='ocrx_word' id='word_1_836' title='bbox 1826 5195 2191 5250; x_wconf 87' lang='lat' dir='ltr'><strong>constituisse.</strong></span> <span class='ocrx_word' id='word_1_837' title='bbox 2223 5192 2374 5260; x_wconf 83' lang='lat' dir='ltr'><strong>Quod</strong></span> <span class='ocrx_word' id='word_1_838' title='bbox 2407 5201 2612 5260; x_wconf 86' lang='lat' dir='ltr'><strong>spectat</strong></span> <span class='ocrx_word' id='word_1_839' title='bbox 2642 5192 2706 5245; x_wconf 87' lang='lat' dir='ltr'><strong>ad</strong></span> <span class='ocrx_word' id='word_1_840' title='bbox 2754 5208 3011 5247; x_wconf 88' lang='lat' dir='ltr'><strong>canonent</strong></span> <span class='ocrx_word' id='word_1_841' title='bbox 3044 5193 3122 5255; x_wconf 76' lang='lat' dir='ltr'><strong>li,</strong></span> <span class='ocrx_word' id='word_1_842' title='bbox 3169 5190 3407 5245; x_wconf 89' lang='lat' dir='ltr'><strong>conciliis</strong></span> 
     </span>
    </p>
   </div>
   <div class='ocr_carea' id='block_1_113' title="bbox 1823 5284 3406 5353">
    <p class='ocr_par' dir='ltr' id='par_1_113' title="bbox 1823 5284 3406 5353">
     <span class='ocr_line' id='line_1_113' title="bbox 1823 5284 3406 5353; baseline -0.004 -11"><span class='ocrx_word' id='word_1_843' title='bbox 1823 5286 2261 5353; x_wconf 86' lang='lat' dir='ltr'><strong>Carthaginensis</strong></span> <span class='ocrx_word' id='word_1_844' title='bbox 2294 5287 2415 5338; x_wconf 90' lang='lat' dir='ltr'><strong>anni</strong></span> <span class='ocrx_word' id='word_1_845' title='bbox 2445 5285 2572 5348; x_wconf 69' lang='lat'><strong>419,</strong></span> <span class='ocrx_word' id='word_1_846' title='bbox 2618 5287 2667 5337; x_wconf 93' lang='lat' dir='ltr'><strong>in</strong></span> <span class='ocrx_word' id='word_1_847' title='bbox 2697 5286 2881 5339; x_wconf 74' lang='lat' dir='ltr'><strong>codice</strong></span> <span class='ocrx_word' id='word_1_848' title='bbox 2910 5301 3171 5340; x_wconf 88' lang='lat' dir='ltr'><strong>canomnn</strong></span> <span class='ocrx_word' id='word_1_849' title='bbox 3221 5284 3406 5339; x_wconf 61' lang='lat' dir='ltr'><strong>lict-le—</strong></span> 
     </span>
    </p>
   </div>
   <div class='ocr_carea' id='block_1_114' title="bbox 1823 5375 3406 5433">
    <p class='ocr_par' dir='ltr' id='par_1_114' title="bbox 1823 5375 3406 5433">
     <span class='ocr_line' id='line_1_114' title="bbox 1823 5375 3406 5433; baseline -0.003 -1"><span class='ocrx_word' id='word_1_850' title='bbox 1823 5378 1918 5433; x_wconf 76' lang='lat' dir='ltr'><strong>site</strong></span> <span class='ocrx_word' id='word_1_851' title='bbox 1941 5375 2206 5430; x_wconf 72' lang='lat' dir='ltr'><strong>Africana:</strong></span> <span class='ocrx_word' id='word_1_852' title='bbox 2237 5378 2314 5429; x_wconf 73' lang='lat' dir='ltr'><strong>sic</strong></span> <span class='ocrx_word' id='word_1_853' title='bbox 2346 5375 2599 5429; x_wconf 77' lang='lat' dir='ltr'><strong>habetur:</strong></span> <span class='ocrx_word' id='word_1_854' title='bbox 2648 5376 2852 5430; x_wconf 84' lang='lat' dir='ltr'><strong>Placuit</strong></span> <span class='ocrx_word' id='word_1_855' title='bbox 2891 5389 2943 5430; x_wconf 84' lang='lat' dir='ltr'><strong>ut</strong></span> <span class='ocrx_word' id='word_1_856' title='bbox 2980 5377 3289 5430; x_wconf 73' lang='lat' dir='ltr'><strong>Mauritania</strong></span> <span class='ocrx_word' id='word_1_857' title='bbox 3320 5376 3406 5429; x_wconf 85' lang='lat' dir='ltr'><strong>Si—</strong></span> 
     </span>
    </p>
   </div>
   <div class='ocr_carea' id='block_1_115' title="bbox 1823 5466 3401 5537">
    <p class='ocr_par' dir='ltr' id='par_1_115' title="bbox 1823 5466 3401 5537">
     <span class='ocr_line' id='line_1_115' title="bbox 1823 5466 3401 5537; baseline -0.002 -16"><span class='ocrx_word' id='word_1_858' title='bbox 1823 5468 2038 5537; x_wconf 75' lang='lat' dir='ltr'><strong>tifensis,</strong></span> <span class='ocrx_word' id='word_1_859' title='bbox 2070 5476 2124 5519; x_wconf 84' lang='lat' dir='ltr'><strong>ut</strong></span> <span class='ocrx_word' id='word_1_860' title='bbox 2154 5468 2455 5536; x_wconf 74' lang='lat' dir='ltr'><strong>postulavit,</strong></span> <span class='ocrx_word' id='word_1_861' title='bbox 2498 5466 2774 5520; x_wconf 74' lang='lat' dir='ltr'><strong>Primatem</strong></span> <span class='ocrx_word' id='word_1_862' title='bbox 2796 5469 3071 5535; x_wconf 75' lang='lat' dir='ltr'><strong>prorinciw</strong></span> <span class='ocrx_word' id='word_1_863' title='bbox 3100 5468 3355 5520; x_wconf 69' lang='lat' dir='ltr'><strong>Numidae</strong></span> <span class='ocrx_word' id='word_1_864' title='bbox 3388 5509 3401 5529; x_wconf 92' lang='lat'><strong>,</strong></span> 
     </span>
    </p>
   </div>
   <div class='ocr_carea' id='block_1_116' title="bbox 1820 5557 3402 5629">
    <p class='ocr_par' dir='ltr' id='par_1_116' title="bbox 1820 5557 3402 5629">
     <span class='ocr_line' id='line_1_116' title="bbox 1820 5557 3402 5629; baseline -0.001 -16"><span class='ocrx_word' id='word_1_865' title='bbox 1820 5576 1882 5613; x_wconf 76' lang='lat' dir='ltr'><strong>ea:</strong></span> <span class='ocrx_word' id='word_1_866' title='bbox 1910 5560 2053 5629; x_wconf 87' lang='lat' dir='ltr'><strong>cujus</strong></span> <span class='ocrx_word' id='word_1_867' title='bbox 2083 5569 2212 5611; x_wconf 68' lang='lat' dir='ltr'><strong>cortu</strong></span> <span class='ocrx_word' id='word_1_868' title='bbox 2253 5571 2549 5627; x_wconf 68' lang='lat' dir='ltr'><strong>separatur,</strong></span> <span class='ocrx_word' id='word_1_869' title='bbox 2582 5568 2636 5610; x_wconf 87' lang='lat' dir='ltr'><strong>ut</strong></span> <span class='ocrx_word' id='word_1_870' title='bbox 2662 5574 2810 5610; x_wconf 87' lang='lat' dir='ltr'><strong>suum</strong></span> <span class='ocrx_word' id='word_1_871' title='bbox 2853 5557 3033 5610; x_wconf 71' lang='lat' dir='ltr'><strong>habeat</strong></span> <span class='ocrx_word' id='word_1_872' title='bbox 3083 5557 3354 5610; x_wconf 75' lang='lat' dir='ltr'><strong>Primntrm</strong></span> <span class='ocrx_word' id='word_1_873' title='bbox 3383 5576 3402 5611; x_wconf 90' lang='grc'><strong>.·</strong></span> 
     </span>
    </p>
   </div>
   <div class='ocr_carea' id='block_1_117' title="bbox 1817 5649 3401 5719">
    <p class='ocr_par' dir='ltr' id='par_1_117' title="bbox 1817 5649 3401 5719">
     <span class='ocr_line' id='line_1_117' title="bbox 1817 5649 3401 5719; baseline -0.001 -16"><span class='ocrx_word' id='word_1_874' title='bbox 1817 5666 1962 5719; x_wconf 77' lang='lat' dir='ltr'><strong>quem</strong></span> <span class='ocrx_word' id='word_1_875' title='bbox 1988 5649 2413 5702; x_wconf 73' lang='lat' dir='ltr'><strong>consentientibus</strong></span> <span class='ocrx_word' id='word_1_876' title='bbox 2443 5650 2671 5701; x_wconf 71' lang='lat' dir='ltr'><strong>sutoribus</strong></span> <span class='ocrx_word' id='word_1_877' title='bbox 2697 5649 3000 5717; x_wconf 71' lang='lat' dir='ltr'><strong>primatibus</strong></span> <span class='ocrx_word' id='word_1_878' title='bbox 3023 5651 3401 5717; x_wconf 81' lang='lat' dir='ltr'><strong>provinciarum</strong></span> 
     </span>
    </p>
   </div>
   <div class='ocr_carea' id='block_1_118' title="bbox 1815 5738 3390 5805">
    <p class='ocr_par' dir='ltr' id='par_1_118' title="bbox 1815 5738 3390 5805">
     <span class='ocr_line' id='line_1_118' title="bbox 1815 5738 3390 5805; baseline -0.003 -12"><span class='ocrx_word' id='word_1_879' title='bbox 1815 5742 2215 5802; x_wconf 64' lang='lat' dir='ltr'><strong>Africanarum,</strong></span> <span class='ocrx_word' id='word_1_880' title='bbox 2241 5750 2288 5794; x_wconf 78' lang='lat' dir='ltr'><strong>et</strong></span> <span class='ocrx_word' id='word_1_881' title='bbox 2318 5739 2548 5795; x_wconf 71' lang='lat' dir='ltr'><strong>omnibus</strong></span> <span class='ocrx_word' id='word_1_882' title='bbox 2600 5738 2856 5805; x_wconf 56' lang='lat' dir='ltr'><strong>episcopis</strong></span> <span class='ocrx_word' id='word_1_883' title='bbox 2885 5777 2901 5800; x_wconf 84' lang='grc'><em>,</em></span> <span class='ocrx_word' id='word_1_884' title='bbox 2955 5749 3164 5799; x_wconf 58' lang='lat' dir='ltr'><strong>propter</strong></span> <span class='ocrx_word' id='word_1_885' title='bbox 3190 5740 3390 5797; x_wconf 73' lang='lat' dir='ltr'><strong>longin-</strong></span> 
     </span>
    </p>
   </div>
  </div>
