3848 6220
431 338 535 395 827
605 333 613 343 ’

1800 306 2325 382 PROLEGOMENA.

3606 327 3745 385 823

430 460 671 531 quitatem
698 456 876 513 habere
899 453 1144 524 permissa
1188 459 1283 506 est.
1312 448 1391 506 lta
1441 448 1615 504 lectus
1654 420 1757 501 iste
1788 448 1961 498 canOn
1985 482 2000 507 ,
2032 440 2084 502 Α
2109 452 2309 509 matcs,
2342 454 2397 497 ut
2440 457 2585 515 srepe
2615 444 2813 515 sapius
2844 452 3101 500 vocantur
3130 444 3180 498 in
3218 443 3469 500 conciliis
3500 444 3745 500 Africa-

435 547 741 605 Sitifensem
771 544 1101 616 provinciam
1133 542 1369 598 Primate
1390 554 1490 596 suo
1515 536 1809 609 spoliaret,
1860 545 2013 587 eam-

426 656 540 711 que
561 636 777 694 Primati
806 635 1066 691 Numidia:
1103 634 1442 705 subjiceret,
1496 628 1638 702 quod
1685 642 1715 681 a
1746 622 2017 682 Sitifensis

436 712 721 802 provincia:
752 716 940 799 iegatis
965 730 1314 800 postulatum,
1334 735 1423 780 aut
1450 738 1482 778 a
1506 720 1714 795 synodo
1740 717 2017 774 decretum

432 838 555 881 esse
583 838 740 878 nemo
790 822 1022 877 dixerit.
1065 822 1234 877 Aliter
1267 833 1426 889 porro
1464 817 1663 889 legitur
1700 806 1803 868 iste
1846 824 2019 866 canon

439 916 492 971 in
515 914 724 971 duobus
754 914 1139 983 manuscriptis
1169 914 1221 968 in
1246 912 1384 970 hanc
1420 907 1740 966 sententiam
1763 922 1783 958 τ
1806 903 1884 959 De
1913 903 2023 973 pri-

438 1017 577 1063 matu
602 1006 934 1063 Mauritania:
967 1008 1254 1079 Sitifensis.
1283 1005 1566 1060 Primatem
1595 1016 1711 1057 vero
1758 997 2022 1071 proprium

434 1119 548 1157 cum
577 1092 910 1156 Mauritaniae
937 1100 1197 1169 Sitifensis
1240 1097 1466 1169 episcopi
1509 1093 1843 1165 postularent,
1879 1103 2041 1142 omne

435 1196 1087 1267 concilium'episcoporum
1108 1191 1374 1247 Numidia
1390 1232 1428 1255 ,_
1450 1173 1871 1249 consentientibui
1914 1196 2024 1235 om-

437 1290 584 1345 nibus
622 1289 925 1360 primatibus
953 1287 1031 1341 vel
1068 1286 1314 1340 universis
1361 1282 1612 1352 episcOpis
1650 1276 2023 1350 provinciarum

430 1382 825 1455 Africanarum,
853 1387 1057 1450 propter
1087 1378 1227 1449 longi
1263 1375 1462 1429 itineris
1511 1372 1802 1433 novitatem,
1830 1368 2024 1437 prima-

439 1485 537 1527 tem
575 1472 758 1526 habere
786 1472 1031 1540 permissa
1070 1478 1162 1523 est.
1183 1467 1312 1523 Cum
1358 1464 1575 1525 consilia
1608 1458 2025 1533 Carthaginensis

434 1558 685 1619 Ecclesia
710 1566 903 1639 factum
923 1572 1015 1616 est.
1066 1560 1269 1616 Eodem
1322 1557 1481 1613 modo
1533 1553 1838 1612 Ferrandus
1884 1553 2025 1605 hunc

436 1656 885 1728 canonenrlegit,
920 1658 994 1711 ita
1020 1656 1176 1727 hujus
1200 1655 1475 1711 decretum
1503 1652 1777 1721 caponen’s
1798 1648 1851 1701 in
1895 1645 2021 1715 bre-

436 1750 672 1805 viatione
724 1743 999 1803 Canonttm
1030 1762 1082 1803 c.
1126 1747 1246 1803 82:
1306 1744 1378 1801 Ut
1426 1743 1709 1797 Primatem
1761 1738 2026 1816 proprium

2117 536 2222 599 nis,
2255 536 2619 607 Metropoleon
2652 537 2867 593 nomine
2894 538 3281 608 ltletropolibus
3308 536 3569 592 civilibus
3595 553 3747 593 ser-

2117 636 2261 682 vato.
2293 628 2429 699 Hinc
2458 629 2720 687 Primates
2744 646 2849 686 non
2875 645 3087 701 semper
3113 629 3352 702 ejusdem
3400 629 3549 686 sedis
3593 630 3745 701 epi-

2119 735 2315 792 scopos
2370 723 2538 780 l'uiSse
2593 725 2991 801 Comperimus,
3048 724 3142 781 sed
3195 723 3558 781 diversarum.
3632 723 3750 781 Sic

2121 814 2387 872 Numidiae
2404 818 2846 888 Metropolitanus
2868 819 3117 892 Cypriani
3138 828 3379 890 tempore
3402 828 3524 875 erat
3540 820 3748 875 Nova-

2126 918 2210 965 tus
2234 910 2712 981 Thamugadensis,
2750 920 2807 967 ut
2832 920 3042 968 constat
3072 927 3135 966 ex
3169 912 3399 967 concilio
3428 910 3739 985 Cypriani,

2125 1012 2281 1066 Anno
2301 1011 2428 1077 505,
2448 1010 2726 1066 Secundus
2743 1010 3065 1081 Tigisitanus
3086 1025 3149 1064 ex
3167 1009 3378 1077 Optato.
3400 1009 3564 1065 Auno
3586 1010 3739 1075 593,

2127 1101 2378 1172 Megalius
2406 1084 2741 1157 Calumcnsis
2771 1118 2837 1156 ex
2867 1100 3185 1170 Augustino.
3211 1105 3369 1155 Anno
3398 1100 3527 1163 597,
3555 1098 3743 1155 Cres-

2125 1195 2406 1250 centianus
2431 1196 2651 1249 alterius
2677 1194 2820 1249 sedis
2841 1178 3124 1263 episcopus
3145 1210 3215 1256 ex
3233 1193 3462 1248 concilio
3486 1190 3744 1248 Cartha-

2125 1286 2352 1359 ginensi.
2388 1288 2542 1340 Anno
2569 1286 2670 1340 401
2710 1293 2765 1340 et
2788 1284 2924 1347 402,
2957 1285 3259 1355 Xantippus
3287 1284 3615 1355 Tagosensis
3648 1299 3737 1339 ex

2125 1378 2440 1449 Augustino.
2476 1383 2632 1433 Anno
2656 1379 2784 1442 411.
2816 1376 3070 1435 Silvanus
3110 1379 3481 1434 Summitanus
3506 1395 3576 1445 ex
3605 1379 3744 1435 col—

2127 1470 2326 1527 latione
2358 1471 2797 1542 Cartliagineusi.
2847 1471 3003 1531 Anno
3030 1470 3169 1537 418,
3202 1471 3521 1528 Valentinus
3552 1472 3741 1526 Vala-

2129 1565 2330 1620 nensis.
2384 1562 2541 1619 Anno
2578 1564 2711 1641 484,
2745 1560 2894 1619 Felix
2937 1565 3310 1621 Berceritanus
3357 1580 3420 1641 ex
3470 1565 3744 1635 catalogo

2127 1658 2501 1728 episc0porutn
2533 1638 2932 1717 Calbolicorum
2963 1656 3157 1713 Africa:
3188 1659 3288 1714 sub
3308 1638 3604 1720 Hiberica.
3640 1657 3743 1719 Si-

2130 1749 2330 1806 militer
2350 1746 2950 1821 Byzaéenasprovincitc
2972 1751 3178 1806 Primas
3201 1751 3741 1825 tempore'Cypriani

440 1842 756 1896 Mauritania
802 1840 1066 1912 Sitifensis
1119 1828 1322 1893 habeat.
1377 1835 1482 1891 Sed
1526 1836 1597 1889 ita
1648 1829 2026 1913 intelligendus

2183 1843 2454 1913 olycarpus
2500 1842 2903 1897 Adrumetiuus.
2955 1841 3108 1898 Circa
3144 1854 3382 1913 tempora
3414 1843 3746 1898 collationis

438 1943 521 1990 est
550 1934 654 1992 iste
672 1934 883 2001 'canon,
905 1947 1012 1989 non
1034 1931 1187 2003 quasi
1219 1939 1327 1986 tum
1348 1930 1577 1999 primum
1610 1926 1898 1981 Primatem
1924 1922 2021 1975 ha-

438 2028 615 2084 buerit
644 2026 917 2099 provincia
954 2025 1225 2089 Sitifensis
1248 2064 1265 2092 ,
1296 2038 1418 2078 cum
1450 2019 1776 2097 contrarium
1811 2031 1875 2070 ex
1914 2015 2026 2070 dic-

439 2121 505 2177 tis
529 2128 713 2192 aperte
732 2129 975 2186 constet;
1021 2118 1116 2175 sed
1160 2117 1264 2173 hoc
1309 2125 1471 2172 sensu
1512 2111 1655 2185 quod
1702 2118 1813 2165 tum
1865 2107 2029 2163 fuerit

438 2213 815 2271 confirmatum
836 2212 947 2284 ipsi
970 2212 1112 2268 istud
1134 2211 1273 2282 juris
1313 2206 1535 2264 concilii
1558 2206 1784 2262 decreto
1807 2242 1823 2270 ,
1866 2201 2027 2277 idque

355 2351 361 2357 .
444 2304 906 2361 consentientibus
951 2304 1220 2377 episcopis
1262 2300 1523 2357 Numidiae
1568 2297 1658 2370 qui
1704 2295 1809 2373 huc
1856 2288 2027 2363 usque

447 2398 896 2463 reclamaveruut.
924 2396 1061 2451 Hinc
1087 2395 1227 2451 forte
1255 2394 1307 2449 in
1334 2392 1557 2463 epistola
1580 2389 1801 2446 concilii
1831 2386 2030 2443 Gabar-

446 2489 722 2556 sussitani,
784 2488 924 2559 quod
965 2502 1109 2541 anno
1138 2487 1243 2542 595
1292 2501 1322 2540 a
1355 2483 1647 2540 Donatistis
1695 2479 2029 2535 celebratum

440 2590 546 2648 est,
562 2580 720 2637 unius
739 2589 942 2636 tantum
965 2579 1296 2635 Mauritaniae
1316 2579 1378 2631 iit
1406 2575 1631 2640 mentio,
1658 2574 1760 2627 ita:
1793 2570 2030 2627 Sanctis-

338 2744 350 2754 .
441 2672 585 2727 simis
610 2672 857 2743 fratribus
909 2680 1060 2739 atque
1084 2671 1292 2741 collegis
1314 2685 1403 2740 per
1422 2668 1715 2723 universam
1755 2663 1986 2735 Africam
2010 2702 2026 2730 ,

442 2766 536 2819 hoc
566 2773 637 2819 est
667 2764 980 2836 provinciam
1009 2761 1475 2825 Praconsularem,
1508 2757 1839 2823 Numidiam,
1870 2754 2029 2809 Mau-

444 2857 704 2922 ritaniam,
736 2854 1058 2927 Bgzacenam
1072 2866 1117 2909 et
1134 2853 1387 2925 Tripolim
1420 2851 1727 2908 constitutis.
1771 2848 1901 2914 Sed,
1945 2848 2020 2901 uti

378 3008 384 3019 ,
437 2950 550 3020 jam
577 2948 918 3004 observatum
945 2961 975 3002 a
1018 2947 1173 3003 nobis
1220 2957 1324 3014 est,
1348 2944 1599 3001 concilio.
1627 2940 2029 2997 Catltolicorum

440 3043 568 3097 anni
593 3043 715 3107 597,
758 3057 822 3099 ac
868 3024 1395 3111 caeteris—deinceps
1430 3033 1719 3093 adfuerunt
1760 3032 2031 3090 Sitifensis

398 3130 407 3143 '
441 3136 774 3193 Mauritaniae
803 3135 1295 3206 chatitamquam'
1325 3131 1621 3203 provinciae
1667 3128 1934 3184 Africane
1964 3125 2033 3180 ab

2103 1930 2565 2002 .Cartltagineusis
2610 1932 2872 1987 Mizonius
2898 1926 3173 2003 Zellensis.
3207 1934 3366 1988 Anno
3398 1934 3527 1997 417,
3563 1933 3745 1987 Lato-

2127 2026 2267 2079 mius
2295 2024 2608 2077 Tcnitanns.
2642 2026 2799 2078 Anno
2842 2025 2967 2090 418,
3003 2020 3332 2079 Βατῆέιιὶειιιυε
3357 2023 3737 2093 Teleptensis.

2092 2118 2395 2188 .Tempore
2425 2118 2678 2173 ilunerici
2720 2117 3143 2172 Nobasinnensis
3185 2116 3495 2187 episcopus.
3534 2117 3745 2187 Mauri-

2129 2210 2290 2264 taniae
2319 2208 2666 2264 Cznsaricusis
2692 2208 2900 2264 Primas
2925 2209 2978 2263 in
3000 2207 3286 2263 collatione
3304 2208 3739 2279 Carthaginensi

2130 2313 2213 2359 eSt
2255 2302 2516 2358 Martinus
2546 2300 2893 2375 Taborensis.
2942 2299 3003 2355 In
3057 2300 3296 2371 catalogo
3322 2300 3739 2370 episcoporum

2129 2393 2324 2450 Africa:
2354 2394 2455 2449 sub
2488 2393 2754 2448 Hunerico
2781 2392 3037 2448 Clorinus
3059 2393 3365 2450 Juncensis.
3390 2391 3743 2448 Mauritanim

2131 2484 2609 2559 Sitifensis‘eanno
2660 2484 2769 2541 402
2840 2485 3078 2541 Nicetius
3132 2485 3493 2556 Metropoleos
3552 2487 3743 2543 civilis

2131 2584 2451 2661 episcttpus,
2485 2581 2579 2636 sed
2624 2581 2677 2635 in
2720 2580 3012 2635 collatione
3043 2578 3275 2634 Novatus
3307 2578 3554 2651 ejusdem
3584 2581 3743 2635 sedis

2131 2678 2416 2748 episcopus
2446 2675 2647 2731 nullam
2677 2675 2840 2730 liabet
2878 2675 3285 2746 praerogativam
3306 2714 3322 2743 ,
3354 2685 3410 2730 et
3432 2690 3577 2731 anno
3605 2676 3740 2741 .408,

2132 2768 2340 2842 legatus
2365 2776 2448 2822 est
2475 2768 2694 2823 nemine
2719 2766 3009 2837 provinciae
3034 2782 3177 2835 sure,
3207 2781 3312 2822 non
3336 2769 3495 2839 igitur
3524 2768 3745 2838 praeses

2132 2860 2347 2917 concilii
2374 2851 2429 2915 et
2458 2859 2684 2914 Primas.
2713 2858 2782 2913 At
2818 2865 3061 2929 tempore
3102 2858 3356 2914 Hunerioi
3389 2859 3605 2914 Primas
3653 2871 3747 2915 est

2135 2952 2381 3008 Rufﬁnus
2411 2951 2884 3007 Tamallumensis.
2923 2951 2999 3006 Ex
3042 2952 3235 3022 quibus
3263 2951 3478 3007 abunde
3513 2962 3747 3009 constat

2137 3045 2430 3101 Primatum
2455 3059 2547 3098 seu
2574 3042 3128 3115 Mctropoliticumjus
3150 3044 3200 3098 in
3222 3041 3400 3099 Africa
3430 3059 3536 3099 non
3552 3044 3747 3110 fuisse

2136 3154 2404 3195 annexum
2436 3138 2718 3208 MetrOpoli
2748 3138 2928 3203 civili,
2974 3137 3069 3193 sed
3114 3137 3419 3208 antiquitati
3450 3137 3706 3209 episcolii
3729 3181 3745 3202 ,

440 3230 563 3286 aliis
579 3229 829 3295 diversae,
854 3245 1117 3299 suumque
1146 3228 1439 3283 Primatem
1495 3225 1764 3280 habentis.
1813 3222 1987 3290 Quam

2183 3275 2187 3286 .
2211 3235 2287 3288 sic
2315 3232 2653 3303 Metropolim
2682 3210 3302 3289 ecclesiasticam‘fuisse
3330 3233 3515 3288 sedem
3549 3232 3749 3287 senio-

440 3338 601 3397 quam
631 3335 807 3382 autem
845 3317 1125 3396 Tingitana
1161 3324 1447 3394 Hispaniae-
1467 3320 1605 3377 foret
1635 3320 1917 3384 attributa,
1945 3326 2026 3371 at-

440 3432 547 3489 que
576 3417 716 3473 inter
748 3417 1051 3488 provincias
1074 3414 1273 3473 Africae
1294 3430 1399 3471 non
1428 3414 1660 3485 amplius
1686 3417 2022 3474 numeretur,

346 3556 349 3557 ν
442 3512 496 3567 in
526 3506 643 3566 istis
670 3509 918 3583 conciliis
961 3517 1201 3565 attamen
1249 3508 1409 3579 hujus
1441 3505 1736 3578 provincia:
1792 3504 2031 3573 episcopi

441 3607 862 3685 accensebautur
889 3608 1160 3678 episcopis
1179 3606 1511 3662 Mauritaniae
1550 3601 1942 3666 Cmsariensis',
1975 3610 2031 3657 ut

437 3709 733 3757 constatex
762 3700 957 3763 Notitia
985 3699 1375 3771 Episcoporum
1406 3697 1603 3754 Africa:
1634 3696 1735 3753 sub
1767 3694 2033 3750 Hunerico

438 3792 680 3864 digesta,
734 3793 787 3848 in
812 3809 916 3864 qua
958 3793 1258 3863 Tingitana:
1304 3791 1596 3862 provinciae
1636 3788 1881 3860 episcopi
1927 3787 2028 3842 sub

439 3884 759 3942 Caésariensi
802 3887 1116 3942 Mauritania
1148 3898 1522 3941 recensentur.
1575 3884 1713 3941 Hinc
1738 3881 2035 3939 verisimile

442 3989 528 4034 est
550 3977 867 4050 Tingitanas
898 3979 1156 4035 ecclesias
1200 3978 1511 4048 semper-ad
1554 3978 1861 4032 Africanam
1913 3984 2059 4044 ρετ-ι’

445 4070 672 4126 Iinuisse
715 4069 900 4126 :unde
953 4072 1007 4125 in
1062 4070 1304 4141 epistula
1348 4068 1528 4126 Slricii
1561 4068 1627 4123 ad
1682 4066 2035 4123 Himmériutn

440 4147 900 4221 Tarraconensem
934 4206 950 4232 ,
1004 4164 1386 4237 Hispaniarum
1456 4162 1748 4233 provincia:
1801 4159 2040 4230 quinque

440 4264 649 4313 tantum
681 4266 1100 4314 enumerantur:
1136 4256 1561 4314 Tarraconensis
1584 4296 1602 4323 ,
1649 4252 2038 4323 Carthaginen-

441 4349 539 4415 sis,
572 4349 795 4416 Baetica,
820 4350 1119 4417 Lusitania,
1150 4352 1256 4424 25
1288 4359 1340 4405 et
1365 4349 1628 4418 Galiecia,
1664 4364 1764 4405 nec
1783 4348 1890 4411 ulla
1914 4347 2042 4403 Tin-

440 4441 637 4511 gitana:
669 4443 726 4494 lit
754 4442 976 4497 mentio.
1020 4443 1247 4498 Demum
1270 4442 1603 4499 Justinianus
1634 4443 1927 4512 imperator
1949 4452 2038 4495 re-

443 4540 699 4603 cuperata
726 4531 907 4589 Africa
939 4548 1081 4589 anno
1126 4544 1250 4590 acrte
1304 4516 1544 4605 vulgaris
1582 4534 1733 4601 554,,
1764 4531 2037 4605 constitu-

2132 3340 2208 3382 rts
2234 3340 2493 3395 episcopi.
3298 3370 3303 3375 .

2208 3418 2443 3488 ldipsum
2471 3409 2591 3471 non
2642 3416 2873 3472 obscure
2920 3398 3146 3481 testatur
3191 3415 3559 3486 Augustinus,
3614 3430 3747 3471 cum

2110 3506 2325 3581 'quzerit
2363 3526 2392 3566 a
2437 3509 2724 3587 Profuturo
2753 3511 2912 3580 epist.
2942 3524 3121 3575 cxux,
3164 3513 3306 3564 nunc
3335 3512 3751 3580 xxxvmtquis

2133 3605 2342 3676 Megalii
2371 3603 2705 3661 Calamensis
2735 3605 2785 3658 in
2817 3602 3056 3701 Prima”
3085 3615 3370 3660 successor
3398 3602 3748 3659 sit.Succes-

2114 3704 2301 3754 “sorem
2336 3698 2597 3773 Primatus
2625 3702 2738 3773 ejus
2767 3714 2916 3754 nasse
2937 3698 3255 3763 salumus,et
3273 3712 3362 3767 ep.
3388 3711 3568 3764 cem,
3594 3709 3749 3752 nunc

2135 3792 2417 3865 ccsc1x(sl
2464 3802 2639 3848 tamen
2667 3793 2784 3864 ejus
2813 3802 2898 3848 est
2927 3792 3041 3848 haec
3090 3791 3318 3862 epistola
3362 3806 3522 3864 quam
3579 3792 3748 3846 multi

2136 3885 2329 3942 eruditi
2375 3886 2426 3940 In
2477 3884 2695 3941 dubium
2724 3882 3002 3957 revocant)
3031 3878 3305 3940 scribitad
3328 3884 3693 3949 Caelestinum
3730 3929 3745 3955 ,

2137 3979 2325 4035 Prisco
2353 3977 2644 4048 provinciae
2674 3977 3026 4034 Caesariensis
3065 3977 3317 4046 episcopo
3360 3976 3745 4047 episcopatum

2139 4083 2261 4127 esse
2291 4072 2559 4132 relictum,
2592 4083 2653 4125 ea
2694 4074 2873 4124 tamen
2900 4067 3248 4143 conditione,
3280 4077 3338 4123 ut
3367 4069 3611 4139 ipsinon
3645 4084 3748 4141 pa-

2141 4159 2278 4219 teret
2304 4162 2479 4218 aditus
2505 4161 2571 4216 ad
2602 4162 2894 4216 Primatnm
2942 4162 3077 4215 sicut
3109 4148 3360 4215 caeteris:
3392 4146 3599 4216 Clain'et
3619 4204 3636 4229 ,
3666 4162 3751 4217 in-

2141 4256 2276 4329 quit,
2307 4255 2542 4320 Priscus,
2574 4256 2850 4327 provincia:
2876 4252 3203 4310 Caesariensis
3231 4255 3523 4327 episcopus,
3553 4264 3657 4310 aut
3686 4255 3753 4309 ad

2145 4348 2438 4404 Primatum
2480 4349 2625 4403 locus
2664 4348 2795 4402 sicut
2840 4348 3037 4402 ueteris
3065 4355 3113 4401 et
3154 4347 3281 4401 mihi
3319 4356 3494 4417 patere
3530 4334 3747 4414 debuit,

2142 4452 2228 4498 aut
2261 4441 2610 4511 Episcopatus
2635 4441 2763 4495 mihi
2790 4456 3051 4495 remanere
3081 4454 3184 4494 non
3213 4439 3408 4496 debuit.
3437 4440 3597 4495 Unde
3630 4442 3750 4497 luce

2143 4535 2345 4591 clarius
2373 4534 2598 4588 infertur
2626 4532 2919 4588 Primattun
2952 4532 3202 4611 omnibus
3231 4532 3504 4593 Afﬁranis
3531 4533 3750 4602 episco-

443 4628 592 4683 tioue
618 4641 737 4692 sua,
769 4643 888 4696 qua:
916 4637 1094 4684 exstat
1122 4629 1176 4683 in
1201 4627 1602 4693 codicelustit.,
1626 4628 1730 4699 leg.
1760 4628 1895 4705 itit.
1927 4626 1998 4681 27
2024 4667 2039 4693 ,
2071 4626 2120 4687 D
2148 4630 2229 4700 pis
2260 4629 2530 4699 patuisse,
2580 4642 2681 4682 nec
2729 4625 3011 4693 Metropoli
3040 4625 3181 4681 civili
3219 4632 3490 4691 annexum
3537 4623 3746 4690 fuisse,

441 4726 582 4779 hanc
610 4723 885 4793 regionem
927 4723 997 4777 in-
1033 4723 1320 4794 pristinum
1360 4732 1573 4797 statum
1605 4720 1840 4777 restituit
1882 4727 1939 4775 et
1982 4721 2035 4774 in

439 4831 534 4871 sex
560 4800 826 4872 dimcese$
847 4814 1079 4886 partitus
1109 4826 1214 4881 est,
1249 4814 1609 4886 Tingitauam,
1634 4812 2038 4883 Carthaginem,

442 4908 758 4980 Byzacium,
792 4908 1081 4979 Tripolim,
1123 4907 1452 4976 Numidiam,
1480 4906 1849 4971 Mauritaniam
1875 4948 1890 4972 ,
1922 4903 2042 4973 qui-

447 5003 548 5058 bus
577 5002 883 5059 Sardiuiam
908 5000 1125 5074 adjecit.

512 5093 592 5149 De
616 5093 927 5150 Primatibus
946 5094 1155 5164 Africae.
1184 5124 1251 5134 -—
1271 5092 1571 5173 Unicuique
1594 5090 1891 5164 provinciae
1913 5104 2045 5147 suus

436 5198 552 5245 erat
583 5189 635 5243 in
673 5187 851 5249 Africa
880 5188 1120 5253 Primas,
1156 5203 1340 5244 verum
1388 5202 1493 5243 non
1539 5194 1595 5241 ut
1638 5185 1690 5241 in
1735 5185 1854 5240 aliis
1896 5184 2045 5240 orbis

436 5283 682 5356 partibus
715 5274 1113 5341 Ecclesi'asticte
1156 5282 1483 5353 Metropoles
1523 5279 1912 5350 Metropolibus
1951 5292 2045 5333 ure

443 5376 598 5432 bibus
640 5376 814 5432 affixas
838 5388 1028 5445 erant,
1060 5377 1159 5433 sed
1194 5377 1303 5445 ilnc
1343 5385 1453 5431 tota
1504 5371 1904 5453 MetrOpolitsni
1934 5370 2049 5442 epis

440 5472 592 5542 scopi
620 5474 911 5527 auctoritas
924 5472 1124 5529 seniori
1151 5472 1411 5544 episcopo
1437 5470 1729 5542 provincia:
1759 5468 2046 5524 defereba-

438 5576 549 5634 tur,
591 5568 634 5622 si
684 5549 1184 5643 Cartbagiuensem“
1213 5568 1398 5623 sedem
1446 5564 1717 5637 excipias,
1768 5577 1889 5634 quae
1938 5576 2042 5615 non

442 5667 649 5715 tantum
706 5661 999 5731 provincia:
1069 5661 1475 5733 proconsularis
1527 5670 1671 5715 certa
1731 5650 2045 5727 Metropolis

451 5762 599 5817 erat.
636 5754 730 5811 sed
757 5764 813 5812 et
856 5756 1019 5813 totius
1044 5758 1246 5815 Africae
1274 5756 1636 5813 Occidentalis
1662 5763 1842 5827 caput.
1873 5754 2047 5823 Atque

459 5844 612 5906 .blnc
646 5863 752 5907 non
782 5848 1280 5927 dicebanturvulgo
1320 5851 1715 5927 MetrOpolitani
1736 5893 1752 5922 ,
1807 5848 1901 5908 sed
1932 5847 2048 5903 Pri-

2142 4716 2571 4795 qitandoquidem
2600 4723 2955 4778 Caesariensis
2984 4722 3239 4788 antistes,
3263 4722 3352 4791 qui
3378 4721 3747 4790 Metropoleos

2144 4818 2318 4873 civilis
2347 4819 2633 4889 episcopus
2677 4826 2824 4885 erat,
2860 4832 2966 4873 non
2996 4818 3236 4886 privatur
3273 4816 3395 4886 jure
3429 4815 3750 4887 Metropoiio

2146 4915 2251 4969 tico
2283 4912 2696 4979 Ecclesiastico,
2729 4912 2821 4969 sed
2866 4912 3042 4968 aditus
3086 4914 3133 4968 ei
3167 4911 3231 4966 ad
3257 4911 3346 4981 jus
3388 4909 3749 4980 Metropoliti-

2145 5022 2265 5061 cum
2297 5007 2688 5062 intercluditur;
2720 5006 2960 5074 Epistola
2982 5021 3179 5071 ccxvu,
3203 5018 3327 5074 qua:
3350 5020 3494 5061 nunc
3513 5013 3605 5060 est
3623 5022 3745 5068 ως,

2146 5111 2368 5155 excusat
2394 5112 2453 5155 se
2482 5098 2844 5169 Augustinus,
2883 5101 3023 5170 quod
3065 5099 3130 5153 ad
3163 5099 3450 5153 concilium
3478 5097 3749 5154 Numidim

2147 5202 2369 5250 vocatus
2418 5208 2447 5247 a
2480 5192 2777 5258 Victorino,
2825 5208 2930 5248 non
2979 5192 3221 5259 venerit,
3270 5208 3335 5247 eo
3384 5193 3526 5264 quod
3572 5208 3746 5248 senex

2148 5287 2453 5356 Xantippus
2484 5285 2839 5363 Tagosensis,
2884 5286 3086 5341 rectius
3114 5284 3475 5357 Tagorcnsis,
3531 5284 3745 5339 Prima-

2150 5391 2261 5437 ttun
2295 5381 2395 5436 sibi
2427 5379 2759 5447 vindicaret;
2796 5378 3019 5451 proinde
3048 5389 3098 5434 et
3123 5380 3212 5449 jus
3250 5378 3582 5433 cctivocandi
3616 5394 3750 5451 conj

2147 5470 2280 5529 cilii.
2314 5472 2465 5540 Quod
2488 5474 2530 5527 si
2561 5470 2949 5549 Metropolitica
2967 5471 3087 5542 jura
3111 5469 3229 5525 urbi
3254 5469 3484 5525 fuissent
3504 5485 3745 5533 annexa,

2148 5568 2216 5622 de
2244 5567 2483 5621 Pritnatu
2515 5566 2657 5620 nulla
2682 5566 2943 5642 potuisset
2973 5565 3112 5620 inter
3140 5565 3427 5634 episcopos
3456 5577 3575 5619 esse
3600 5563 3746 5617 difﬁ-

2148 5660 2343 5723 cultas,
2368 5674 2488 5714 cum
2524 5657 2866 5714 manifestum
2894 5656 3055 5723 foret,
3084 5671 3205 5726 quae
3232 5656 3363 5711 urbs
3394 5665 3539 5712 esset
3563 5654 3751 5711 Numi-

2150 5752 2253 5808 diae
2287 5750 2614 5821 Metropolis.
2647 5749 2720 5808 Ut
2745 5759 2921 5805 autem
2966 5748 3166 5821 liquido
3204 5757 3420 5805 constet
3446 5750 3749 5806 contentio.

2159 5861 2281 5905 nem
2309 5854 2514 5904 tantum
2542 5843 2711 5903 fuisse
2730 5844 2798 5902 de
2818 5843 3137 5918 antiquitate
3160 5842 3427 5916 episcopi,
3450 5857 3555 5905 nou
3576 5854 3753 5903 autem
