3848 6220
182 379 289 436 829

1340 382 1788 442 GEOGBAPHIA
1828 382 2053 443 SACRA
2093 386 2386 444 AFRICIE.

3336 441 3343 449 .
3367 393 3469 447 850

181 494 247 550 dc
275 498 429 554 urbis
460 499 742 571 dignitate,
776 498 1106 558 consulenda
1136 506 1220 555 est
1245 497 1463 555 concilii
1492 496 1782 553 Milevitani
1814 502 1859 559 A
1890 499 2204 572 czeterisque
2230 501 2322 573 qui
2344 500 2675 577 antiquiores
2700 512 2852 561 erant
2879 547 2893 574 ,
2922 505 3272 578 prapositum
3304 525 3315 560 :
3353 507 3478 573 Quit

179 591 303 645 anni
356 590 467 649 402
498 592 774 661 definitio,
817 593 900 648 cui
952 592 1066 662 ipse
1092 590 1393 662 Xantippus
1436 590 1623 646 aderat
1661 589 1780 644 Pri-

1884 609 1994 659 res,
2033 594 2245 667 inquit;
2286 606 2333 652 et
2361 597 2479 653 aliis
2520 600 2774 674 injuriosa
2815 604 2885 655 est
2903 601 3067 659 'satis.
3103 610 3147 655 et
3192 601 3318 657 mihi
3346 602 3475 656 invi-

178 695 357 741 matus
386 686 656 760 Numidia:
693 687 815 759 jure
861 686 1080 749 fruens,
1115 696 1173 741 ut
1202 686 1385 741 videre
1411 694 1493 770 eSt
1534 700 1656 739 ean.
1708 682 1778 745 55
1881 687 2026 742 diosa
2049 678 2585 763 :-idque‘luculente_r
2622 695 2971 751 confirmatur
3018 696 3127 770 26
3153 711 3216 751 ex
3246 707 3367 751 can.
3399 697 3467 753 56

175 778 393 833 concilii
442 780 601 852 vulgo
646 779 903 836 Africani.
953 778 1079 834 Hzec
1126 788 1306 833 autem
1356 765 1600 831 deiTrtitio
1628 775 1775 846 ejus-

176 870 323 925 modi
352 882 463 939 est,
495 887 617 943 cap.
650 873 719 929 56
746 890 759 927 :
798 869 1004 926 Placuit
1028 881 1083 926 ut
1107 872 1408 942 quicumque
1445 870 1683 940 deinceps
1712 871 1775 924 ab

175 963 435 1034 episcopis
469 966 776 1019 ordinantur
797 982 890 1035 per
920 966 1207 1035 prouincias
1238 951 1509 1036 Africanas
1528 1005 1542 1027 ,
1577 964 1774 1019 litteras

174 1058 439 1123 accipiant
468 1058 529 1112 ab
560 1056 939 1129 ordinatoribus
963 1058 1068 1112 suis
1089 1073 1243 1111 manu
1264 1045 1438 1111 eorum
1457 1057 1773 1127 conscriptas

176 1150 506 1206 continentes'
535 1152 795 1207 consulem
841 1159 889 1207 et
918 1151 1080 1215 diem,
1128 1159 1184 1205 ut
1227 1150 1369 1205 nulla
1397 1149 1673 1216 altercatio
1710 1148 1775 1202 de

158 1243 545 1325 'posterioribus
588 1245 669 1299 rel
706 1223 1045 1299 anterioribu;
1074 1244 1291 1297 oriatur.
1328 1243 1405 1297 Ex
1448 1240 1531 1295 his
1572 1239 1769 1295 intelli-

174 1350 301 1407 gere
332 1344 420 1391 est
463 1345 626 1391 totam
657 1338 797 1394 inter
826 1339 1109 1410 episcopos
1136 1337 1417 1393 Africanos
1452 1328 1767 1408 dignitatem

172 1431 239 1484 ab
270 1430 598 1501 antiquitate
643 1432 988 1502 episcopatus
1031 1430 1201 1488 fuisse
1242 1430 1561 1504 repetitam;
1597 1429 1767 1483 nulla-

154 1528 329 1579 .teuus
356 1528 541 1576 autem
569 1521 638 1576 ab
660 1521 809 1577 urbis
833 1522 1199 1593 magnitudine
1223 1533 1312 1577 aut
1333 1522 1612 1593 dignitate.
1638 1521 1771 1591 Spe-

170 1615 352 1670 ciatim
384 1630 517 1670 vero
551 1615 619 1670 de
658 1614 907 1671 Numidia
940 1616 1083 1671 idem
1110 1625 1325 1672 constat
1373 1632 1438 1671 ex
1468 1631 1676 1672 canone
1701 1616 1771 1673 55

172 1710 222 1764 in
246 1712 647 1781 quo‘statutum
679 1719 793 1779 est,
825 1718 884 1765 ut
909 1711 1200 1777 matricula,
1226 1719 1271 1766 et
1300 1710 1551 1766 Archiuus
1582 1710 1632 1764 Ν
1639 1713 1772 1765 umi-

172 1801 271 1854 dia:
295 1801 443 1874 apud
470 1803 689 1872 primam
715 1804 887 1859 sedem
925 1804 1019 1867 sit,
1042 1800 1203 1858 etin
1234 1786 1539 1873 Metropoli,
1574 1804 1629 1857 id
1664 1812 1766 1866 est,

1878 778 2093 834 concilii
2118 780 2352 838 Africani
2385 799 2549 855 supra
2580 787 2769 843 relato.

1948 868 2364 953 Carthaginensis
2407 875 2663 933 Antistitis
2693 882 3063 953 pra’rogativw.
3093 911 3164 923 ——
3200 880 3468 937 Cmterum
3563 892 3567 896 ‘

1877 952 1950 1017 ab
1977 963 2077 1019 hac
2118 966 2233 1035 lege
2261 948 2476 1038 semper
2503 948 3339 1044 excipiendusvCartbaginensis
3360 982 3470 1027 ‘au-

1878 1060 2051 1124 tistes,
2079 1062 2165 1131 qui
2200 1050 2461 1119 universae
2490 1064 2685 1120 Africa:
2714 1066 2920 1122 Primas
2944 1076 3060 1123 erat
3080 1076 3136 1124 et
3160 1068 3465 1134 Exarcltus,

1875 1167 1993 1221 seu,
2025 1162 2086 1209 ut
2121 1155 2188 1210 ita
2241 1155 2451 1227 loquar,
2475 1157 2821 1232 Patriarcha,
2867 1159 2964 1215 Diu
3005 1169 3140 1229 ante,
3178 1162 3469 1233 ipsummet

1874 1247 2197 1323 Cyprianum
2230 1246 2553 1323 Agrippinus
2591 1252 2693 1311 hoc
2735 1256 2855 1325 jure
2901 1254 3191 1325 fruebatur,
3235 1258 3461 1331 is_enitn

1873 1356 1901 1395 a
1928 1341 2197 1413 Cypriano
2241 1344 2570 1421 reliquorum
2619 1348 2997 1418 episcoporum
3054 1363 3251 1421 praeses
3284 1350 3464 1407 fuisse

1872 1434 2175 1489 insinuatur
2204 1450 2233 1495 τ,
2253 1419 2401 1504 Quod
2428 1438 2656 1509 quidem,
2685 1440 2878 1510 inquit,
2908 1456 3018 1497 cum
3046 1419 3240 1497 caterls
3266 1444 3462 1515 episco-

1872 1530 1951 1601 pis
1979 1529 2062 1599 qui
2088 1529 2181 1583 illo
2215 1539 2439 1601 tempore
2458 1532 2512 1586 in
2534 1535 2797 1603 provincia
2822 1534 2998 1607 Africa
3012 1532 3062 1590 et
3088 1536 3337 1592 Numidia
3358 1534 3475 1591 Ec-.

1874 1622 2081 1691 clesiam
2112 1620 2203 1676 Dei
2228 1623 2602 1695 gubernabant,
2632 1630 2828 1679 statuit.

1945 1712 2180 1769 Maxima
2208 1703 2419 1784 quoque
2444 1714 2605 1797 hujus
2642 1717 2789 1773 sedis
2832 1716 3109 1789 privilegia
3152 1727 3205 1774 et
3244 1720 3363 1790 jura
3405 1721 3459 1776 in
3490 1779 3495 1784 ,

1875 1806 2116 1878 epistolis
2153 1808 2404 1881 Cypriani
2435 1809 2652 1865 elucent
2679 1828 2691 1865 :
2724 1810 2803 1867 sic
2837 1826 2923 1882 ep.
2949 1826 3073 1878 xcv,
3105 1821 3271 1867 totam
3314 1810 3440 1868 Afri.

172 1892 534 1949 Constantina.
564 1896 702 1950 Ecce
723 1904 966 1966 apertam
990 1895 1392 1967 distinctionem
1415 1896 1771 1971 Metropoleus
1800 1900 1847 1959 B
1876 1916 1991 1957 catn
2022 1902 2351 1973 provinciam
2379 1912 2528 1959 suam
2552 1913 2711 1960 vocat
2740 1922 2753 1959 :
2786 1905 3060 1973 Quoniam,
3092 1906 3282 1983 inquit,
3306 1906 3461 1968 latius

169 1986 426 2051 civilis,et
448 1984 878 2041 Ecclesiasticaa:
905 1987 1187 2057 propterea
1210 1996 1398 2043 auctor
1415 1987 1550 2042 Vita:
1570 1986 1628 2045 S.
1652 1988 1772 2043 Fu!-

169 2079 357 2150 gentii,
391 2094 444 2133 c.
472 2078 565 2143 29,
598 2078 751 2134 testis
775 2078 1252 2150 est,.Fulgentium
1286 2080 1338 2134 in
1368 2080 1600 2136 concilio
1631 2064 1765 2136 Jun-

169 2172 339 2238 censi,
368 2170 750 2238 Quodvultdeo
794 2173 845 2227 in
874 2174 1217 2228 contentione
1254 2173 1321 2229 de
1360 2173 1597 2229 Primatu
1629 2189 1766 2247 prm-

170 2264 358 2331 latum,
388 2266 481 2335 jus
503 2282 659 2321 suum
694 2258 772 2321 illi
813 2276 1003 2337 postea
1026 2267 1279 2335 cessisse,
1307 2284 1415 2338 quo
1443 2268 1613 2324 relato
1641 2271 1768 2323 sub-

171 2357 248 2412 dit
288 2368 485 2413 auctor
528 2359 668 2414 iste:
705 2346 804 2414 Ubi
832 2370 953 2413 sunt
980 2375 1115 2413 nunc
1158 2360 1239 2414 illi
1283 2360 1463 2430 quibus
1509 2362 1767 2416 eminendi

171 2466 320 2519 super
351 2461 564 2505 crateras
602 2450 932 2506 dominentur
970 2449 1215 2521 affectus,
1249 2453 1335 2522 qui
1375 2468 1430 2507 se
1474 2454 1625 2507 etiam
1660 2456 1765 2507 suis

173 2544 430 2617 prioribus
456 2555 788 2615 anteponunt,
819 2544 1044 2600 indebita
1074 2546 1172 2600 sibi
1203 2542 1466 2616 privilegia
1498 2548 1769 2601 uindican—

172 2636 283 2693 tes.’
315 2637 455 2693 Ecce
484 2640 655 2693 beatus
688 2638 995 2712 Fulgentius
1028 2655 1120 2694 nec
1166 2641 1439 2709 primatum
1474 2658 1621 2711 quem
1662 2659 1765 2697 nte-

172 2734 309 2796 ruit,
339 2731 617 2803 defendere
644 2734 822 2788 voluit.
852 2733 1118 2790 Primatus
1159 2750 1286 2804 ergo
1316 2734 1456 2813 apud
1486 2735 1765 2791 Africanos

175 2826 461 2896 episcopos
482 2825 654 2896 ipsius
673 2823 943 2899 Fulgentii
972 2836 1216 2897 tempore
1242 2828 1510 2896 prioribus
1534 2828 1767 2883 debeba-

175 2927 278 2986 tur,
311 2934 415 2975 nec
445 2919 551 2975 ulli.
585 2920 700 2975 sedi
737 2931 981 2976 annexus
1009 2929 1145 2975 erat.
1198 2922 1419 2976 Demum
1449 2917 1635 2977 Victor
1659 2922 1768 2977 Tu-

172 3013 497 3075 nonensisin
509 3012 767 3069 cltronico
779 3015 942 3070 refert
955 3014 1161 3080 Boetio,
1180 3013 1725 3085 Byz‘acenodeluncto
1745 3057 1760 3080 ,

174 3105 498 3161 Primasium
528 3105 940 3162 Adrumetinum
968 3104 1299 3162 damnationi
1323 3108 1484 3162 trium
1510 3107 1766 3176 capitulo-

173 3214 289 3253 rum
313 3199 661 3254 consensisse
689 3208 745 3253 ut
770 3199 1036 3270 primatus
1057 3199 1183 3270 jure
1211 3198 1499 3254 frueretur.
1532 3197 1629 3253 llic
1650 3186 1765 3253 mos

174 3294 224 3347 in
252 3290 447 3348 Africa
470 3293 767 3361 permansit
802 3305 971 3362 usque
1001 3292 1066 3346 ad
1113 3301 1352 3363 tempora
1382 3292 1623 3363 Gregorii
1652 3293 1763 3357 Ma-

173 3387 280 3457 gni.
313 3386 449 3442 Nam
480 3386 524 3441 is
552 3386 647 3440 lib.
667 3402 707 3453 1,
737 3387 896 3456 epist.
928 3402 1088 3452 Lxxv,
1112 3386 1178 3440 ad
1199 3386 1482 3457 episcopos
1500 3385 1761 3442 Numidia:

174 3479 354 3532 statuit
383 3496 398 3532 :
433 3476 500 3531 Ut
534 3478 747 3532 illorum
775 3478 1087 3532 consuetudo
1127 3479 1190 3532 de
1230 3478 1533 3548 primatibus
1575 3479 1764 3532 consti-

174 3569 405 3635 tuendis,
437 3569 731 3632 ueterisque
768 3568 1008 3643 capitulis
1036 3570 1245 3623 immota
1272 3578 1507 3635 maneat,
1540 3570 1761 3637 exceptis

176 3662 249 3716 his
275 3664 361 3733 qui
396 3678 463 3717 ea:
486 3661 770 3717 Donatistis
792 3663 863 3716 nd
891 3663 1241 3732 episcopatum
1273 3663 1603 3732 perueniunt,
1635 3679 1760 3730 quos

175 3754 379 3821 provehi
403 3754 472 3807 ad
497 3755 745 3825 primatus
782 3750 1077 3824 dignitatem
1114 3754 1270 3808 etiam
1312 3770 1426 3808 cum
1455 3753 1582 3807 ordo
1606 3754 1749 3807 cleri-

175 3864 346 3901 corum
377 3858 461 3901 eos
497 3847 567 3899 ad
594 3847 760 3900 locum
800 3848 1029 3901 eumdem
1059 3846 1291 3917 deferat,
1333 3847 1496 3900 modis
1525 3845 1758 3899 omnibus

175 3938 422 4009 prohibet.
448 3926 611 4008 Igitur
638 3949 878 4016 tempore
898 3937 1140 4007 Gregorii
1172 3938 1314 3993 inter
1339 3937 1623 3993 Africanos
1644 3938 1760 3992 Pri-

173 4039 341 4084 matus
367 4043 475 4083 non
505 4037 623 4084 erat
651 4028 869 4083 sedibus
898 4044 1174 4094 annexus,
1202 4030 1297 4085 sed
1329 4046 1395 4084 eo
1425 4030 1757 4101 antiquiores

174 4135 361 4175 omnes
388 4121 627 4191 episcopi
656 4119 1123 4176 indiscriminatim
1149 4120 1493 4189 fruebantur,
1518 4123 1758 4192 exceptis

175 4211 235 4265 iis
280 4213 369 4282 qui
398 4210 613 4267 fuerant
643 4212 881 4266 haeretici
902 4254 916 4279 ,
961 4212 1099 4282 quos
1132 4212 1200 4267 ab
1230 4210 1333 4268 hoc
1358 4213 1480 4282 jure
1509 4213 1758 4270 excidere

172 4304 280 4357 vult
299 4303 597 4375 Gregorius
622 4322 635 4361 :
668 4305 1120 4375 quemadmodum
1146 4305 1276 4361 olim
1298 4307 1598 4378 Augustino
1620 4316 1758 4364 teste

172 4394 236 4449 ab
262 4411 327 4451 eo
354 4395 637 4451 exciderat
662 4396 900 4451 Priscus.
1121 4407 1127 4412 ·

240 4487 377 4556 Quin
403 4490 565 4544 etiam
606 4490 659 4543 in
687 4490 967 4545 Provincia
996 4493 1361 4557 proconsulari
1391 4507 1634 4547 summus
1661 4492 1756 4547 ho-

174 4592 267 4633 nos
294 4580 591 4635 habebatur
614 4581 901 4653 antiquiori
933 4582 1185 4653 episcopo
1204 4625 1218 4649 ,
1248 4584 1376 4639 licet
1399 4601 1520 4639 eum
1554 4600 1755 4655 prmce-

1871 1993 1991 2063 fusa
2032 2003 2105 2049 est
2136 1993 2311 2050 nostra
2355 1997 2648 2066 provincia,
2691 1996 2841 2051 habet
2891 1992 3191 2055 Numidiam
3236 2008 3282 2054 et
3329 1992 3483 2055 duas.

1874 2083 2337 2140 Mauritanias'sibi
2364 2084 2694 2141 coherentes.
2722 2086 2857 2143 Hinc
2883 2103 2947 2144 ex
2976 2089 3240 2145 universis
3264 2089 3457 2145 Africa:

1877 2178 2168 2247 provinciis
2196 2164 2519 2243 consulitur,
2552 2190 2605 2235 et
2634 2180 2925 2252 respondet
2948 2182 3113 2237 veluti
3137 2183 3456 2253 praecipuam

1869 2267 2243 2324 auctoritatem
2272 2267 2498 2334 habens,
2527 2278 2587 2325 ut
2613 2272 2898 2327 videreest
2920 2288 3003 2343 ep.
3026 2284 3144 2341 LIX,
3175 2273 3287 2342 Lx't,
3317 2290 3445 2342 us,
3510 2342 3511 2345 η

1870 2376 2017 2427 uxr,
2050 2377 2224 2416 Lxxnt
2254 2372 2310 2417 et
2338 2363 2635 2431 praesertim
2668 2379 2787 2417 va.

1939 2452 2067 2507 Post
2100 2453 2215 2508 haec
2240 2461 2481 2524 tempora
2517 2452 2605 2509 illa
2645 2454 3077 2526 Carthagine-usis
3105 2456 3341 2528 episcopi
3370 2457 3456 2513 di-

1867 2547 2044 2618 gnitas
2074 2542 2189 2601 non
2212 2546 2515 2613 imminuta,
2545 2556 2604 2602 ut
2628 2547 2811 2604 videre
2839 2558 2921 2605 est
2955 2565 3023 2606 ex
3054 2551 3305 2606 omnibus
3329 2566 3457 2607 con-

1868 2639 2004 2693 ciliis
2037 2637 2338 2705 Africanis,
2382 2653 2504 2709 quae
2546 2638 2613 2694 ad
2662 2639 2818 2708 hujus
2860 2640 3095 2715 episcopi
3142 2654 3332 2697 nutum
3361 2643 3456 2699 fle—

1868 2733 2018 2800 bant,
2049 2742 2103 2788 et
2128 2732 2324 2803 quibus
2351 2733 2460 2798 ille,
2492 2733 2620 2789 licet
2638 2735 2847 2789 caeteris
2868 2735 3074 2805 junior,
3109 2736 3455 2806 praesidebat,

1869 2838 1931 2878 ac
1957 2824 2195 2878 omniutn
2228 2829 2345 2894 qua:
2368 2810 2714 2894 gerebantur,
2746 2835 2935 2881 auctor
2961 2834 3017 2881 et
3040 2839 3197 2898 caput
3221 2835 3337 2883 erat
3363 2845 3376 2883 :
3408 2830 3452 2884 si

1869 2932 1989 2987 qua!
2016 2916 2314 2971 scribenda:
2344 2926 2499 2971 erant
2527 2917 2768 2987 epistola:
2795 2934 2824 2972 a
2853 2920 3127 2987 conciliis,
3156 2935 3249 2975 eas
3284 2920 3457 2976 dieta-
3552 2964 3555 2967 ‹

1854 3010 1996 3081 bat;
2051 3010 2115 3064 iis
2163 3011 2400 3066 omnium
2449 3012 2669 3066 nomine
2717 3012 3132 3080 subscribebat:
3181 3015 3246 3069 ad
3300 3015 3457 3085 hujus

1868 3102 2029 3155 etiam
2057 3100 2344 3157 concilium
2376 3117 2442 3157 ex
2482 3102 2729 3182 omnibus
2759 3104 2953 3159 Africa:
2983 3107 3272 3176 provinciis
3296 3114 3351 3161 et
3370 3122 3458 3178 sy-

1871 3195 2026 3249 nodis
2054 3198 2459 3265 provocabatur,
2486 3206 2559 3252 ~ut
2598 3199 2796 3267 regula:
2831 3198 3221 3254 Ecclesiasticaa
3250 3215 3343 3270 per
3379 3210 3457 3255 to-

1788 3285 1833 3348 C
1870 3298 1977 3342 tam
2003 3287 2242 3344 Africam"
2264 3289 2697 3355 observarentur,
2727 3300 2889 3358 utque
2923 3290 3056 3345 fides
3094 3291 3297 3346 illibata
3336 3307 3452 3346 scr-

1865 3390 2098 3446 varetur,
2125 3380 2437 3451 invigilabat
2462 3399 2474 3435 :
2499 3382 2641 3437 diem
2662 3382 2881 3436 Pascha:
2905 3382 3168 3437 universis
3189 3374 3453 3437 Africanis

1863 3476 1979 3546 ipse
2006 3474 2304 3537 nuntiabat,
2339 3485 2397 3529 ut
2424 3484 2636 3530 constat
2665 3490 2728 3529 ex
2762 3490 2966 3529 canone
2996 3476 3058 3531 5i
3090 3476 3289 3531 codicis
3314 3474 3455 3530 Alri-

1862 3569 1980 3624 cani
2014 3586 2026 3622 :
2061 3583 2168 3623 uno
2194 3569 2378 3631 verbo,
2409 3584 2593 3623 curam
2641 3556 2704 3623 ac
2747 3567 3163 3635 sollicitudinem
3213 3570 3449 3623 omnium

1862 3661 2221 3716 Ecclesiarum
2252 3660 2625 3715 Africanarum
2669 3662 2782 3728 ipse
2821 3659 3063 3729 gerebat.
3096 3658 3246 3714 Unde
3274 3659 3451 3713 Aure-

1862 3753 1966 3807 lius
1995 3754 2277 3823 cpiscopus
2305 3766 2425 3806 can.
2459 3751 2529 3806 55
2557 3749 2678 3805 cod.
2711 3749 2878 3804 Afric.
2917 3750 3019 3816 ait,
3077 3767 3130 3804 se
3171 3751 3447 3804 multarum

1860 3843 2237 3909 Ecclesiarum,
2269 3854 2317 3897 et
2345 3844 2750 3897 ordinandorum
2775 3859 2952 3909 curam
2982 3844 3347 3898 sustinere.....
3384 3843 3450 3897 Et

1860 3948 2067 4009 postea,
2100 3947 2393 3991 cunctarum
2416 3953 2470 3990 se
2494 3936 2862 4001 Ecclesiarutn,
2889 3921 3183 4006 dignatione
3202 3935 3319 4000 Dei,
3344 3937 3422 3987 sol
3437 3964 3449 3974 -

1862 4032 2173 4086 licitudinem
2191 4031 2458 4094 sustinere;
2484 4045 2585 4099 qua
2594 4037 2812 4099 propter
2831 4028 3143 4082 conceditur
3156 4029 3202 4081 ci
3225 4026 3443 4089 ibidem,

1859 4134 1915 4178 ut
1944 4124 2077 4177 unde
2104 4123 2281 4187 vellet,
2315 4133 2360 4176 et
2400 4121 2461 4175 de
2485 4124 2633 4193 cujus
2677 4122 2879 4174 nomine
2918 4120 3095 4189 fuisset
3134 4123 3441 4184 conventus,

1861 4236 1952 4288 pro
1988 4218 2244 4273 desiderio
2275 4219 2518 4289 cujusque
2548 4214 2789 4269 Ecclesitc
2830 4214 3087 4266 ordinaret
3127 4214 3439 4285 episcapum.

1859 4311 1996 4366 Hinc
2025 4309 2307 4365 tenebatur
2341 4307 2643 4377 provincias
2674 4321 2861 4360 omnes
2888 4304 3079 4359 Africa:
3107 4304 3353 4367 visitare,
3388 4312 3445 4357 ut

1860 4404 2173 4473 intelligitur
2216 4417 2280 4456 ex
2326 4415 2533 4457 canone
2578 4399 2790 4455 concilii
2844 4398 3274 4469 Carthaginiensis
3316 4398 3441 4450 anni
3501 4414 3503 4417 ί

1860 4496 1985 4563 397,
2018 4496 2070 4549 in
2119 4494 2241 4549 cod.
2281 4492 2558 4547 Canonum
2609 4492 2864 4546 Ecclesia:
2913 4490 3210 4553 Africanm,
3252 4503 3301 4544 c.
3350 4489 3438 4556 ΒΞ,

1862 4588 1949 4642 tibi
1983 4587 2280 4643 Honoratus
2306 4598 2352 4641 et
2382 4585 2617 4642 Urbanus
2652 4586 2831 4658 Legati
2869 4584 3152 4655 provinciae
3187 4582 3440 4637 Maurita-

175 4674 323 4730 deret
347 4667 791 4745 Carthaginensis
812 4678 1098 4748 episcopus
1123 4682 1287 4738 totius
1310 4680 1504 4735 Africa:
1534 4681 1751 4749 primas.
1783 4672 1833 4732 D
1861 4681 1962 4736 nim
1990 4679 2257 4735 Sitifensis
2287 4682 2437 4734 aiunt
2478 4681 2531 4733 in
2576 4680 2811 4753 concilio,
2842 4677 3159 4748 Hipponensi
3200 4677 3444 4731 constitu-

173 4766 257 4823 Sic
283 4769 336 4823 in
364 4770 594 4824 concilio
615 4768 1019 4843 Carthagineusi
1055 4788 1119 4840 ιι,
1152 4772 1330 4827 Victor
1358 4772 1716 4828 Abderitanus
1738 4816 1750 4840 ,

174 4871 223 4916 et
248 4863 299 4916 in
326 4863 487 4917 tertio
513 4863 755 4933 ejusdem
786 4866 1022 4919 nominis
1057 4866 1340 4935 episcopus
1367 4865 1753 4935 Pupianensis,

172 4958 400 5020 caeteris,
432 4966 660 5027 excepto
685 4956 1128 5029 Carthaginensi,
1156 4960 1518 5030 printer-untur
1550 4981 1561 5015 :
1596 4972 1645 5014 et
1688 4962 1756 5015 de

174 5048 268 5103 hoc
293 5048 508 5105 Victore
538 5051 650 5105 haec
672 5052 745 5105 ait
790 5051 1107 5123 Epigonius,
1136 5068 1183 5107 c.
1214 5054 1282 5107 54
1305 5052 1425 5107 cod.
1453 5069 1571 5107 can.
1602 5053 1749 5107 Eccl.

172 5139 329 5196 Afric.
362 5160 375 5195 :
408 5142 479 5195 ΑΞ
486 5152 584 5197 tate
608 5153 770 5212 pater,
801 5156 849 5199 et
869 5147 980 5215 ipsa
1006 5149 1321 5214 promotione
1342 5148 1751 5218 antiquissimus,

172 5234 242 5286 uir
268 5235 561 5301 laudabilis,
595 5240 752 5306 frater
778 5248 825 5291 et
852 5239 1045 5309 collega
1076 5249 1247 5294 noster
1283 5239 1454 5293 Victor
1486 5242 1593 5294 vult
1621 5243 1753 5295 hanc

172 5327 457 5385 petitionem
478 5330 759 5397 generalem
789 5331 1019 5383 omnibus
1046 5332 1190 5401 efﬁci.

237 5412 352 5469 Uno
378 5417 542 5470 verbo
565 5416 617 5470 in
645 5416 820 5473 Africa
853 5428 962 5474 tum
997 5421 1186 5485 honor,
1213 5430 1320 5477 tum
1351 5423 1605 5491 dignitas,
1638 5435 1746 5480 tum

172 5503 323 5557 etiam
346 5505 469 5572 jura
494 5516 549 5561 et
570 5509 843 5578 privilegia
866 5510 1240 5578 episcoporum
1266 5513 1633 5569 tribuebantur
1654 5532 1749 5570 an-

174 5594 394 5662 tiquitati
438 5598 805 5666 episcopatus,
839 5618 945 5655 non
993 5615 1168 5657 autem
1215 5606 1465 5659 Ecclesia!
1496 5609 1581 5661 cui
1622 5624 1751 5677 pras-

172 5695 315 5739 eraut
345 5687 611 5756 dignitati.
655 5690 708 5744 Id
736 5701 950 5746 conStat
977 5709 1042 5747 ex
1089 5695 1277 5761 dictis,
1314 5700 1581 5767 prmeipue
1622 5717 1748 5757 vero

174 5793 233 5834 ex
260 5780 486 5851 epistola
514 5781 793 5849 Augustini
825 5786 914 5849 59,
958 5788 1008 5842 in
1040 5804 1141 5859 qua
1175 5792 1416 5861 queritur
1443 5808 1501 5848 se
1534 5796 1749 5850 tertium

175 5874 535 5944 nominatum,
588 5878 676 5949 qui
730 5877 872 5937 haud
906 5882 976 5940 ita
1025 5883 1232 5953 pridem
1279 5887 1561 5959 episc0pus
1612 5897 1744 5955 erat,

1860 4786 1966 4829 tttm
1995 4791 2100 4828 esse
2127 4774 2355 4843 singulas
2382 4773 2665 4840 provincias
2692 4781 2909 4840 tempore
2933 4768 3138 4820 concilii
3159 4767 3442 4821 uisitandas

1859 4882 2005 4921 esse:
2036 4875 2089 4921 et
2118 4874 2308 4936 rogant
2334 4864 2605 4918 Aurelium
2638 4871 2691 4914 ut
2725 4861 2960 4931 dignetur
2990 4860 3140 4911 etiam
3169 4859 3263 4912 hoc
3308 4877 3442 4914 anno

1859 4960 1936 5012 vel
1962 4939 2066 5013 alia
2102 4958 2464 5013 Mauritaniam
2498 4953 2805 5023 provinciam
2832 4951 3054 5003 visitare.
3102 4951 3306 5016 Quibus
3334 4951 3443 5005 An-
3528 5027 3533 5032 _

1856 5055 2021 5109 rclius
2054 5050 2324 5121 respondit
2356 5065 2368 5099 :
2399 5045 2539 5099 Tunc
2570 5046 2632 5098 de
2659 5044 2916 5113 provincia
2953 5042 3289 5107 Mauritania,
3320 5060 3441 5114 pro-

1859 5158 2029 5217 pterea
2049 5145 2181 5209 quod
2202 5146 2253 5207 in
2278 5140 2460 5208 ﬁnibus
2482 5140 2669 5206 Africa:
2694 5138 2859 5208 posita
2878 5138 2964 5203 sit,
2990 5138 3119 5190 nihil
3139 5140 3404 5191 statuimus
3421 5178 3437 5202 ,

1855 5239 2102 5307 siquidem
2138 5236 2317 5287 vicime
2355 5242 2470 5283 sunt
2513 5230 2792 5293 barbarico,
2828 5230 2915 5281 sed
2949 5240 3150 5295 praestet
3206 5228 3340 5283 Deus
3378 5238 3435 5281 ut

1854 5350 1915 5387 ex
1935 5331 2214 5385 abundanti
2238 5344 2336 5381 non
2358 5326 2651 5398 pollicentes
2674 5324 2839 5377 venire
2862 5326 3111 5393 possimus
3132 5325 3199 5376 ad
3222 5334 3436 5377 vestram

1855 5424 2185 5497 provinciam.
2234 5420 2468 5490 Cogitare
2509 5420 2643 5471 enim
2684 5418 2907 5484 debetis,
2944 5419 3304 5487 fratres,.quia
3342 5417 3438 5471 hoc

1854 5518 1970 5579 sibi,
2002 5524 2047 5566 et
2073 5512 2400 5583 Tripolitani,
2428 5523 2475 5565 et
2504 5512 2802 5582 Arzugitani
2830 5514 3013 5580 fratres
3043 5520 3312 5579 potuerunt
3334 5512 3439 5565 ἐπὶ*

1854 5624 1984 5679 gere,
2021 5607 2062 5657 si
2094 5607 2223 5657 ratio
2256 5614 2528 5673 pateretur.
2732 5678 2735 5681 ἢ

1928 5700 2019 5753 llic
2052 5696 2277 5751 fortasse
2303 5698 2455 5751 alicui
2485 5697 2659 5749 veniet
2692 5696 2741 5748 in
2774 5702 3001 5747 mentem
3034 5694 3148 5749 lure.
3184 5696 3451 5765 quaestio;

1856 5802 2030 5846 utrum
2061 5790 2250 5845 melius
2276 5780 2331 5845 é't
2358 5788 2762 5843 convenientius
2790 5786 3435 5859 Metropolitica'dignitas

1856 5885 2180 5958 antiquitati,
2214 5899 2375 5958 quam
2398 5884 2514 5939 urbi
2543 5882 2699 5941 fuerit
2730 5880 2906 5948 alllxa,
2940 5881 3006 5943 de
3030 5896 3133 5955 qua
3159 5882 3283 5955 quid
3310 5898 3435 5941 sen-
