3848 6220
415 268 514 324 831

413 481 565 535 salvo
594 479 821 534 aliorum
847 475 1070 545 judicio,
1095 474 1250 545 longe
1271 475 1441 529 satius
1467 489 1588 531 esse
1609 485 1666 530 ut
1688 476 1995 545 Metropoli-

416 573 520 628 tica
548 573 776 642 dignitas
805 569 921 622 urbi
959 583 1168 623 annexa
1199 569 1269 623 sit
1296 585 1455 639 quam
1492 571 1790 640 antiquitati
1816 586 1995 626 sacer-

411 665 544 720 dotii
577 678 740 725 reum
772 665 915 716 enim
943 661 1101 716 alieni
1131 662 1249 716 sedi
1279 662 1438 716 affixa
1463 674 1568 727 est,
1597 664 1640 717 is
1661 664 1725 719 ad
1753 679 1871 725 eam
1897 664 1994 719 eli-

408 757 549 827 gitur
574 754 664 824 qui
711 753 836 807 huic
865 753 1110 823 dignitati
1155 755 1482 808 sustinenda:
1521 770 1617 824 par
1643 771 1760 811 esse
1803 761 1990 826 possit.

407 850 478 907 At
501 848 590 904 ubi
621 847 687 915 ad
733 861 922 900 omnes
971 846 1166 915 passim
1213 847 1544 916 antiquitatis
1580 849 1701 917 jure
1730 848 1989 914 defertur,

407 950 533 995 tunc
554 939 618 994 ad
643 938 820 992 minus
845 937 1069 992 idoneos
1100 938 1382 1008 pervenire
1409 950 1602 1008 potest.
1629 940 1990 1011 Praeterquam

404 1032 546 1103 quod
574 1041 824 1086 senectus
865 1030 1042 1085 minus
1071 1041 1190 1100 apta
1223 1039 1307 1086 est
1335 1032 1571 1086 ferendis
1604 1034 1908 1100 laboribus,
1940 1044 1993 1088 et

405 1127 674 1184 illo’earet
704 1126 865 1180 animi
884 1127 959 1180 "ac
984 1126 1228 1195 corporis
1256 1126 1442 1196 vigore
1471 1126 1562 1196 qui
1595 1130 1644 1180 in
1679 1127 1992 1196 Metropolis

404 1230 531 1276 tano
563 1220 794 1274 maxime
834 1218 1196 1273 desideratur.
1230 1213 1412 1288 Itaque
1443 1219 1738 1288 prudenter
1774 1220 1994 1274 omnino

405 1313 717 1384 Gregorius,
751 1313 843 1366 lib.
871 1329 909 1375 ι,
941 1314 1096 1382 epist.
1135 1328 1306 1377 Lxxtt,
1339 1312 1528 1366 scribit
1563 1312 1627 1366 ad
1658 1312 1992 1368 Gennadium

405 1407 690 1463 Patricium
714 1415 775 1481 et.
797 1407 1097 1462 Exarchum
1122 1406 1338 1469 Africae,
1369 1415 1426 1460 ut
1456 1403 1736 1460 Concilium
1767 1403 1997 1459 Cat/toli-

404 1516 578 1554 corum
605 1500 914 1567 admoneat,
945 1511 999 1554 ut
1029 1503 1294 1570 primatem
1316 1517 1418 1555 non
1447 1518 1510 1555 ex
1537 1503 1713 1555 ordine
1736 1502 1836 1555 loci
1857 1511 1995 1571 post-

404 1586 589 1664 positis
626 1593 741 1647 vita:
766 1593 958 1646 meritis
987 1594 1165 1664 faciat.
1209 1593 1462 1660 Quoniam
1508 1594 1648 1665 apud
1686 1593 1852 1646 Deum
1895 1611 1996 1647 non

404 1684 596 1758 gradus
620 1686 922 1757 elegantior,
951 1687 1039 1740 sed
1059 1689 1173 1741 vita:
1194 1688 1419 1742 melioris
1441 1689 1572 1741 actio
1595 1689 1956 1756 comprobatur
1978 1705 1996 1742 :

403 1777 516 1847 ipse
541 1793 656 1831 vero
685 1777 894 1832 Primus
919 1793 1019 1832 non
1047 1780 1259 1849 passim,
1286 1781 1417 1833 sicut
1441 1782 1597 1834 moris
1618 1791 1688 1833 est
1717 1797 1804 1849 per
1823 1781 1992 1846 uillas,
2028 1781 2073 1839 B

389 1869 496 1922 ‘sed
525 1869 576 1922 in
609 1886 712 1923 una
745 1871 901 1936 juxta
950 1886 1122 1923 eorum
1168 1870 1459 1923 electionem
1508 1871 1706 1923 civitate
1751 1871 1988 1924 resideat.

407 1962 552 2017 Idem
601 1975 776 2018 tamen
823 1963 1087 2018 Africanis
1132 1965 1291 2032 epist.
1338 1981 1500 2029 Lxxv,
1543 1966 1989 2032 consuetudinem,

404 2071 522 2124 quw
547 2056 676 2108 nihil
706 2064 878 2109 contra
908 2056 1060 2125 [idem
1106 2053 1424 2114 Catholicam
1456 2074 1702 2128 usurpare
1734 2058 1992 2129 dignosci-

409 2155 516 2212 tur,
551 2146 812 2217 immotam
858 2163 1153 2224 permanere
1183 2149 1432 2215 concedit,
1463 2150 1566 2202 sive
1608 2150 1669 2203 de
1698 2151 1996 2222 primatibus

406 2228 794 2305 conslituendis,
825 2249 929 2295 etc.

483 2331 551 2387 Ut
598 2342 654 2387 ut
698 2333 788 2398 sit,
840 2332 1116 2388 fruebatur
1139 2333 1580 2406 Carthaginensis
1614 2339 1838 2392 antistes
1892 2355 1996 2392 non

412 2433 617 2479 tantum
661 2427 883 2481 honoris
911 2427 1006 2482 scd
1034 2437 1090 2482 et
1117 2422 1390 2498 dignitatis
1421 2445 1482 2483 ac
1508 2432 1838 2486 auctoritatis
1861 2447 1995 2501 pra:-

412 2519 649 2586 rogativa
680 2519 730 2570 in
763 2520 1038 2573 universas
1064 2519 1257 2576 Africae
1283 2522 1607 2589 provincias,
1635 2537 1698 2578 ac
1720 2525 1998 2593 speciatim

415 2613 617 2681 primas
646 2623 759 2667 erat
786 2614 1074 2681 provincia:
1107 2615 1524 2681 proconsularis,
1555 2632 1674 2684 qua:
1705 2619 1844 2672 inter
1870 2618 2001 2672 alias

415 2705 583 2774 prima
627 2706 966 2760 censebatur.
1020 2707 1144 2761 Ητθο
1194 2708 1332 2760 inter
1374 2711 1674 2776 provincias
1722 2710 2004 2765 Africanas

416 2797 586 2852 media
617 2797 882 2851 clauditur
911 2799 976 2852 ab
991 2798 1121 2853 Ortu
1138 2810 1191 2852 et
1207 2800 1610 2870 Septentrionel
1634 2805 1785 2872 elago
1798 2801 2002 2867 Africo.

415 2891 497 2944 Ab
538 2889 826 2946 Occidente
865 2892 1122 2959 dividitur
1167 2908 1195 2945 a
1249 2893 1502 2954 Numidia
1548 2896 1683 2949 linea
1733 2897 1891 2951 ducta
1941 2898 2007 2951 ab

412 2985 564 3039 ostiis
591 2985 860 3040 Rubricati
906 2977 1235 3041 lluminis'axl
1272 2989 1506 3054 Mustitn,
1543 2989 1629 3042 tibi
1665 2990 1881 3044 fluvium
1910 2991 2010 3045 Ba-

414 3077 632 3147 gradam
661 3079 907 3150 attingit,
957 3089 1010 3134 et
1056 3081 1181 3135 inde
1225 3092 1371 3135 retro
1424 3097 1612 3137 versus
1662 3082 2006 3140 Occidentem

1749 265 2278 326 PROLEGOMENA.

413 387 575 454 tiam,
620 369 706 441 hic
758 385 882 439 mihi
925 382 1132 437 videtur
1177 382 1546 450 aperiendum.
1579 383 1788 438 Censeo
1832 398 1990 453 ergo.
2023 386 2072 444 Α

3598 275 3721 327 839.

2170 386 2512 443 Maumnms
2544 402 2824 443 sr’rtrensts
2877 387 3035 443 habet
3065 385 3143 442 ab
3171 394 3292 440 ortu
3342 367 3543 440 lineam
3610 387 3723 439 du-

2097 488 2236 535 ctam
2256 483 2323 536 ab
2341 486 2618 552 Ampsagte
2638 482 2869 536 fluminis
2894 483 3043 536 ostiis
3073 495 3258 536 versus
3285 479 3568 535 Meridiem
3609 487 3732 534 us“

2098 589 2201 644 que
2227 576 2290 628 ad
2316 575 2696 629 Maximiannm
2727 575 3002 643 oppidum.

2168 661 2390 731 Adjaeet
2417 663 2481 717 ad
2511 663 2857 718 Occidentem
2890 663 3126 718 Sitifensi
3157 661 3547 728 CESABIENSIS,
3575 679 3722 732 qua:

2059 794 2065 800 .
2097 769 2125 806 a
2158 755 2436 823 Tingitana
2488 755 2708 810 ﬂutnine
2755 756 2920 810 Malva
2949 756 3294 825 distinguitur
3324 777 3335 808 :
3381 772 3410 808 a
3443 756 3718 811 Sitifensi

2097 846 2235 899 linea
2279 848 2432 900 ducta
2465 864 2491 899 a
2529 849 2895 916 promontorio
2939 847 3270 902 Occidentali
3308 847 3576 903 Numidici
3633 850 3719 902 si-

2099 954 2228 1006 nus,
2265 939 2350 991 ubi
2383 940 2483 991 sita
2530 949 2612 993 est
2646 939 2771 993 urbs
2798 939 2975 994 Vabar
3005 956 3170 1008 usque
3195 940 3260 1001 ad
3292 941 3554 1009 oppidum
3589 941 3716 996 Tu-

2066 1029 2266 1109 wbunas
2291 1028 2505 1097 oblique
2535 1028 2588 1082 in
2619 1029 2893 1083 Orientem
2920 1032 2983 1082 ad
3009 1029 3206 1084 flumen
3234 1030 3370 1085 Uzar
3401 1047 3570 1101 prope
3595 1032 3720 1086 Za-

2098 1121 2270 1173 ratha.
2302 1118 2570 1174 Sitifensis
2610 1130 2768 1188 caput
2810 1129 2892 1174 est
2935 1120 3058 1175 tnbs
3090 1119 3288 1188 Sitiﬁs,
3333 1124 3716 1179 Caesariensis

2097 1209 2236 1263 Julia
2268 1208 2531 1263 Ctesztrea.
2704 1229 2711 1236 ·
2835 1235 2868 1243 -ν

2171 1303 2524 1356 MAURITANMI
2582 1317 2882 1357 'l'lNClTAlui
2944 1303 3174 1369 limites,
3227 1305 3458 1361 abortu
3517 1308 3713 1363 Malva

2100 1394 2290 1447 llmius
2318 1412 2329 1446 :
2372 1395 2438 1447 ab
2465 1409 2655 1448 occasu
2685 1410 2828 1450 mare
2849 1395 3172 1450 Atlanticum
3205 1418 3218 1450 ;
3251 1411 3279 1451 a
3308 1400 3714 1470 Septentrione

2100 1487 2292 1539 fretum
2323 1485 2639 1540 Herculeum
2683 1495 2737 1541 et
2764 1503 2910 1541 mare
2943 1489 3394 1564 Mediterraneum
3428 1511 3441 1545 :
3472 1509 3499 1544 a
3535 1493 3714 1548 Meri-

2099 1579 2186 1635 die
2233 1591 2442 1634 moutes
2485 1580 2759 1646 Atlantici,
2791 1580 2976 1652 Tingis
3025 1583 3183 1653 hujus
3229 1585 3523 1653 provincia:
3570 1588 3714 1642 urbs

2102 1674 2389 1742 praecipua.

2176 1763 2457 1820 Multitudo
2499 1767 2888 1838 episcopatuum
2937 1770 2988 1821 in
3030 1769 3229 1838 Africa.
3267 1800 3339 1823 —.
3382 1771 3556 1826 Totus
3605 1772 3713 1835 ille

2100 1869 2300 1912 tractus
2327 1871 2377 1914 et
2407 1869 2692 1930 antequam
2728 1861 2980 1914 Romanis
3024 1872 3270 1930 pareret,
3303 1874 3356 1918 et
3391 1851 3578 1932 postea
3617 1865 3713 1919 in-

2098 1940 2351 2006 nttmeros
2400 1953 2511 2007 fere
2556 1953 2756 2008 ineolas
2807 1953 3012 2032 habuit.
3067 1954 3120 2008 In
3165 1970 3233 2009 eo
3272 1957 3559 2020 civitates,
3603 1972 3713 2024 op-

2100 2044 2258 2115 pida,
2309 2044 2632 2113 municipia,
2678 2045 2946 2118 castella,
2998 2045 3141 2112 vici,
3201 2057 3309 2100 tum
3361 2047 3708 2118 indigetum,

2101 2146 2209 2190 tutu
2260 2137 2574 2191 colonorum
2629 2117 2690 2189 in.
2733 2151 2926 2206 magno
2973 2153 3198 2193 numero
3244 2137 3428 2200 fuere.
3477 2149 3552 2217 et
3585 2149 3700 2192 tam

2101 2231 2199 2284 soli
2234 2230 2510 2284 fertilitate
2552 2244 2615 2284 ac
2657 2230 2862 2299 frugum
2903 2231 3148 2286 ubertate
3182 2247 3339 2302 quam
3374 2243 3705 2288 mercatura

2106 2321 2209 2392 27
2249 2322 2574 2376 commercio
2611 2323 2872 2391 praedives
2907 2323 3100 2376 extitit.
3144 2311 3285 2378 Hinc
3315 2334 3463 2392 tanta
3505 2320 3703 2378 Chris-

2106 2421 2374 2473 tianorum
2405 2423 2454 2473 in
2486 2420 2566 2474 his
2612 2420 2744 2474 locis
2786 2420 3103 2489 multitudo,
3145 2421 3213 2476 ad
3257 2438 3392 2494 quos
3429 2424 3710 2494 regendos

2107 2510 2355 2580 Episcopi
2404 2512 2614 2580 plurimi
2669 2524 2792 2566 sunt
2838 2514 3135 2581 constituti,
3175 2524 3230 2571 et
3274 2516 3496 2586 quidem
3545 2517 3709 2585 longe

2109 2604 2381 2674 pluresue
2423 2605 2814 2675 frequentiores
2877 2623 3036 2677 quant
3087 2609 3138 2662 in
3192 2610 3528 2678 quibuslibet
3579 2611 3709 2664 aliis

2106 2700 2255 2753 orbis
2281 2700 2570 2754 Christiani
2605 2702 2862 2770 partibus.
2912 2702 3044 2756 Nam
3098 2704 3150 2757 in
3207 2703 3330 2770 his,
3374 2706 3619 2775 episcopi
3652 2708 3708 2759 in

2109 2793 2315 2863 magnis
2360 2803 2559 2846 tantum
2605 2795 2824 2849 urbibus
2855 2797 3107 2849 constitui
3135 2806 3560 2863 consueverant,
3595 2815 3711 2852 non

2110 2897 2286 2940 autem
2343 2889 2396 2941 in
2438 2889 2568 2942 vicis
2613 2900 2704 2942 aut
2737 2890 2879 2943 villis
2917 2901 2970 2944 et
3014 2890 3065 2944 in
3099 2892 3326 2946 modicis
3357 2894 3710 2958 civitatibus,

2111 2981 2254 3050 quod
2304 2983 2520 3037 concilii
2563 2983 2849 3037 Laudiceni
2897 3000 3105 3040 canone
3146 2985 3236 3050 57,
3271 2996 3324 3040 et
3367 2987 3716 3042 Sardicensis

2112 3088 2317 3127 canone
2341 3076 2394 3137 7,
2417 3084 2632 3129 cautum
2661 3086 2762 3131 est.
2788 3079 2855 3131 At
2889 3078 2970 3132 lex
3002 3079 3099 3132 ista
3134 3081 3186 3133 in
3218 3079 3401 3134 Africa
3430 3097 3540 3134 non
3567 3083 3712 3136 obti-

414 3169 572 3224 dttcta
606 3171 672 3225 ad
704 3171 1055 3239 Narragaratn
1079 3215 1092 3234 ,
1125 3185 1286 3242 atque
1335 3174 1458 3228 hinc
1489 3175 1555 3228 ad
1598 3177 2006 3244 Ammedemm.
2038 3171 2080 3231 C
2117 3169 2250 3233 nuit,
2287 3169 2373 3223 tibi
2425 3185 2530 3222 non
2567 3179 2768 3225 tantum
2808 3173 2859 3225 in
2912 3173 3114 3243 magnis
3146 3173 3480 3240 civitatibus,
3511 3177 3612 3230 sed
3660 3179 3713 3230 in

418 3263 506 3317 ubi
539 3279 752 3318 rursum
781 3264 1075 3334 Bagradam
1112 3264 1328 3321 fluvium
1355 3267 1568 3338 attingit
1595 3282 1647 3322 et
1675 3279 1823 3324 secat
1843 3287 2010 3339 usque

417 3354 483 3408 ad
513 3353 743 3423 Capsam
777 3357 1030 3426 oppidum
1080 3357 1340 3412 Numidiae
1380 3375 1568 3413 versus
1597 3361 1888 3416 Meridiem.
1929 3363 2011 3418 Ab

417 3447 638 3504 Oriente
660 3457 715 3502 et
741 3448 963 3503 Meridie
993 3465 1020 3502 a
1051 3436 1323 3521 szacena
1360 3464 1641 3516 separatur
1673 3453 1811 3508 linea
1853 3455 2010 3509 ducta

419 3541 487 3595 ab
529 3539 679 3596 Uzita
724 3557 892 3622 usque
931 3543 997 3597 ad
1044 3539 1266 3600 fluvium
1315 3546 1633 3615 Bagradam.
1679 3548 1802 3603 Tria
1854 3551 2014 3604 habet

421 3631 816 3700 Prontontoria,
842 3633 1141 3690 Candidum
1161 3677 1176 3702 ,
1206 3636 1469 3708 Apollinis
1506 3639 1795 3695 adversum
1827 3641 2011 3697 Sardi-

423 3723 547 3790 nire,
573 3732 628 3780 et
654 3725 901 3781 Mercurii
925 3728 1208 3782 adversum
1233 3728 1449 3794 Sicilize,
1476 3745 1596 3800 qua:
1616 3731 1668 3784 in
1697 3733 1860 3787 altum
1893 3750 2015 3804 pro-

420 3819 692 3873 currentia
722 3819 859 3874 duus
889 3819 1124 3874 efﬁciunt
1152 3821 1322 3875 sinus.

492 3909 748 3976 NUIIDIA,
768 3911 1115 3967 Numidarum
1139 3915 1264 3968 olim
1288 3929 1532 3984 regnum,
1555 3916 1850 3972 Masinissa:
1868 3919 2010 3974 clara

425 4003 677 4069 nomine,
717 4003 1057 4075 Metagonitis
1089 4015 1232 4059 terra
1260 4021 1290 4058 a
1336 4005 1540 4060 Graecis
1577 4008 1872 4077 appellata,
1904 4009 2014 4064 Nu-

427 4099 587 4154 mida:
615 4113 742 4152 vero
768 4113 862 4153 seu
891 4097 1158 4154 Nomades
1182 4114 1210 4154 a
1257 4100 1625 4169 permutandis
1656 4101 1863 4170 pabulis
1907 4102 2014 4157 Ma-

425 4192 564 4262 palia
592 4206 688 4246 sua
709 4233 723 4257 ,
757 4192 860 4248 hoc
890 4207 966 4246 e5t
987 4233 1004 4255 ,
1033 4193 1224 4247 domos
1256 4194 1508 4262 plaustris
1552 4194 2011 4250 circumferentes.

425 4285 508 4339 Ab
534 4284 755 4340 Oriente
785 4285 995 4354 adjacet
1019 4286 1305 4355 provinciae
1330 4287 1713 4356 proconsulari,
1743 4303 1774 4342 a
1799 4305 1900 4360 qua
1929 4305 2018 4343 su-

426 4379 610 4448 perius
659 4377 925 4448 descripta
973 4379 1112 4432 linea
1155 4377 1522 4449 distinguitur.
1555 4382 1598 4434 A
1641 4380 2018 4449 Septentrione

427 4473 560 4526 mari
598 4472 838 4526 alluitur.
871 4472 956 4527 Ab
984 4471 1274 4527 Occidente
1319 4473 1632 4528 terminatur
1674 4474 1814 4528 linea
1857 4475 2014 4529 ducta

2115 3260 2325 3314 cunctis
2359 3263 2570 3330 oppidis
2598 3278 2661 3316 ac
2697 3279 3098 3334 nonnumquam
3132 3267 3182 3320 in
3212 3267 3343 3319 vicis
3373 3277 3425 3320 et
3466 3270 3718 3323 castellis

2114 3351 2345 3406 ordinati
2387 3353 2634 3420 leguntur
2671 3355 2908 3424 epjsctipi
2953 3376 2965 3410 :
3005 3372 3164 3426 quam
3197 3358 3596 3429 episeopalium
3628 3376 3714 3415 se-

2115 3442 2260 3497 diunt
2293 3445 2690 3500 multitudinem
2732 3446 2836 3516 jam
2874 3463 2917 3500 a.
2953 3450 3139 3517 primis
3171 3449 3541 3505 Ecclesiarutn
3569 3451 3720 3506 Afri-

2115 3553 2369 3595 canarum
2405 3541 2568 3594 initiis
2606 3551 2847 3596 exortam
2876 3545 3024 3596 auxit
3050 3541 3454 3598 Catholicorum
3499 3561 3566 3598 ac
3615 3546 3720 3600 Do-

2117 3637 2432 3688 natistarum
2456 3634 2748 3688 annulatio.
2778 3634 2920 3689 Sane
2946 3651 3068 3690 cum
3088 3639 3139 3692 in
3161 3638 3452 3692 collatione
3483 3638 3722 3693 Cartha-

2113 3727 2319 3797 ginensi
2351 3726 2456 3781 diei
2492 3728 2539 3789 l,
2566 3742 2684 3798 cap.
2721 3726 2845 3795 181,
2870 3727 3093 3801 Alypius
3122 3730 3382 3786 Ecclesia:
3411 3730 3720 3786 Catholica!

2122 3821 2408 3888 episcopus
2437 3819 2803 3874 admonuisset
2827 3822 3114 3876 nonnullos
3134 3837 3197 3876 ex
3221 3823 3494 3891 cpisc0pis
3525 3824 3717 3878 Dona-

2115 3910 2252 3964 tistis
2292 3912 2343 3964 in
2385 3912 2520 3965 villis
2553 3924 2595 3964 et
2623 3913 2677 3965 in
2717 3912 2907 3981 fundis
2959 3930 3066 3968 esse
3109 3916 3378 3985 epist-Opas
3418 3917 3718 3981 ordinatos,

2116 4019 2215 4055 non
2238 4003 2289 4054 in
2311 4003 2564 4070 aliquibus
2586 4003 2900 4068 civitatibus,
2936 4007 3159 4074 regessit
3191 4005 3292 4061 hoc
3320 4009 3496 4076 ipsum
3531 4008 3585 4061 in
3617 4008 3721 4062 Cn-

2118 4095 2348 4150 tholiros
2374 4097 2666 4152 Petilianns
2700 4098 2978 4153 Donatista
3017 4100 3266 4168 inquiens
3303 4119 3315 4151 :
3356 4101 3446 4155 Sic
3475 4103 3634 4154 etiam
3667 4114 3720 4154 tu

2117 4190 2302 4242 multos
2336 4189 2484 4243 habes
2538 4207 2627 4258 per
2678 4208 2850 4244 omnes
2892 4208 3044 4262 agros
3092 4194 3370 4259 dispersos.
3415 4192 3488 4247 Et
3523 4194 3579 4248 in
3621 4196 3721 4249 hac

2118 4280 2410 4335 collatione
2455 4281 2766 4351 frequenter
2796 4283 3045 4352 utrinque
3074 4283 3339 4353 objectum
3377 4296 3458 4340 εει
3483 4284 3721 4356 Episco-

2120 4387 2215 4441 pos
2244 4372 2311 4428 de
2350 4388 2488 4428 novo
2523 4374 2572 4427 in
2608 4373 2789 4427 multis
2821 4373 2952 4451 locis
2979 4375 3048 4451 ab
3075 4385 3297 4445 utraque
3329 4387 3480 4446 parte
3507 4380 3720 4432 consti-

2122 4474 2283 4528 tutos,
2319 4476 2375 4520 ut
2406 4482 2630 4520 numero
2656 4449 2928 4522 vincerent
2953 4449 3316 4523 adversarios.
3347 4470 3469 4538 Ipse
3497 4471 3718 4542 Augus-

426 4566 494 4620 ab
522 4568 806 4634 Ampsagm
835 4564 982 4618 lluvil
1012 4568 1165 4619 ostiis
1195 4581 1384 4619 versus
1413 4566 1690 4620 meridiem
1738 4582 1908 4637 usque
1950 4567 2014 4621 ad
2045 4556 2097 4616 D
2122 4560 2265 4613 tinus
2295 4573 2416 4613 cum
2449 4559 2728 4614 dioecesim
2759 4575 2907 4612 suam
2936 4560 3093 4615 nimis
3116 4571 3391 4616 extensam
3419 4577 3542 4617 esse
3571 4565 3720 4619 exis-

429 4646 810 4712 Maximianum
839 4657 1118 4727 oppidum.
1160 4657 1244 4731 Ab
1273 4657 1472 4711 AuSIro
1499 4656 1661 4712 habet
1688 4657 1907 4729 Libyam
1941 4662 2022 4711 iu-

431 4749 702 4804 teriorem.
755 4749 924 4820 llujus
973 4750 1266 4821 provincize
1315 4747 1624 4820 Metropolis
1663 4751 1837 4805 civilis
1874 4749 2021 4806 Cirta

428 4844 663 4909 colonia,
694 4859 813 4913 qua:
843 4843 1196 4897 Constantina
1228 4842 1371 4897 dicta
1401 4851 1482 4898 est
1520 4850 1576 4897 et
1604 4845 1897 4898 etiamnum
1941 4844 2023 4898 di-

429 4936 588 4989 citur.
614 4988 623 4994 .

503 5029 780 5083 szacssa
840 5027 1110 5095 provincia
1178 5027 1478 5098 appellatur
1519 5027 1688 5096 Regio
1730 5027 2022 5082 fertilitatis

429 5122 664 5178 eximite.
699 5121 780 5175 Ab
806 5132 927 5174 artu
971 5121 1130 5175 habet
1161 5120 1378 5175 fluvium
1406 5120 1680 5175 Tritonem
1713 5141 1725 5174 :
1773 5121 1842 5175 ab
1867 5121 2020 5176 Occi—

430 5217 593 5271 dente
632 5215 934 5268 Numidiam
962 5213 1110 5283 juxta
1145 5215 1340 5267 lineam
1389 5215 1637 5279 superius
1667 5215 1967 5282 expositam
2001 5230 2018 5268 :

431 5311 500 5362 ab
530 5312 726 5362 Austro
753 5307 974 5377 Libyam
1022 5305 1354 5359 interiorem.
1393 5306 1558 5374 Hujus
1589 5307 1716 5360 urbs
1749 5309 2018 5376 praecipua

434 5406 808 5460 Adrumetum.
1783 5463 1785 5466 ,

503 5500 868 5554 Tarracinam
923 5497 1200 5568 provincia
1243 5512 1270 5549 a
1317 5495 1531 5549 flumine
1557 5495 1777 5549 Tritone
1815 5505 1869 5550 et
1925 5494 2025 5546 mi-

340 5616 343 5620 ι
435 5608 570 5647 mre
596 5593 737 5664 Syrti
768 5607 940 5661 usque
966 5591 1031 5644 ad
1063 5606 1212 5643 aram
1254 5588 1462 5642 Phileni
1496 5589 1800 5643 extenditur
1830 5606 1842 5641 :
1887 5589 2024 5641 mari

474 5685 654 5739 ..uitur
680 5702 708 5738 a
753 5685 1132 5754 Septentrione
1162 5701 1174 5734 :
1208 5682 1276 5735 ab
1305 5681 1512 5736 Occasu
1545 5681 1762 5737 Tritone
1805 5680 2026 5736 ﬂuuiine

460 5777 618 5828 initur
649 5793 661 5826 :
696 5792 723 5828 a
756 5775 976 5828 ‘Act‘idie
1005 5775 1236 5829 desertis
1265 5771 1500 5835 Libycis.

2123 4652 2358 4714 timaret,
2393 4650 2444 4703 in
2476 4652 2697 4705 castello
2735 4650 3060 4717 Fussalensi,
3115 4656 3254 4723 quod
3269 4653 3349 4709 .40
3379 4655 3622 4711 millibus
3647 4659 3718 4712 ab

2125 4746 2373 4816 llippoue
2413 4747 2562 4815 regio
2588 4747 2851 4812 distabat,
2884 4750 3191 4820 epise0pum
3223 4734 3592 4807 ordinandum
3615 4769 3714 4809 eu-

2125 4844 2280 4904 ravit,
2317 4853 2372 4896 ut
2403 4835 2553 4897 docet
2586 4857 2674 4912 ep.
2705 4858 2881 4897 cem.
2926 4843 3030 4898 Sed
3072 4859 3138 4898 ne
3167 4845 3290 4900 inde
3319 4847 3493 4902 turbre
3520 4857 3574 4902 et
3597 4848 3711 4903 dis-

2124 4936 2407 4990 sensiones
2452 4947 2824 5002 nascerentur,
2879 4937 3164 4992 concilium
3209 4927 3635 5005 Carthaginense
3673 4960 3708 4997 tt

2127 5031 2315 5085 statuit
2335 5047 2454 5084 can.
2485 5031 2520 5084 5
2547 5075 2561 5096 ,
2595 5041 2649 5084 ut
2678 5031 2913 5084 diteceses
2950 5047 3064 5101 qua:
3100 5044 3378 5103 numquam
3423 5035 3709 5089 habuerunt

2129 5125 2411 5193 episcopos,
2440 5139 2536 5175 non
2569 5123 2784 5176 habeant
2811 5139 2830 5176 :
2851 5134 2896 5178 et
2926 5123 3019 5176 illa
3049 5125 3274 5178 dioecesi:
3293 5141 3408 5193 ante
3431 5127 3708 5196 aliquando

2128 5215 2341 5278 habuit,
2370 5215 2551 5268 habent
2580 5216 2964 5282 proprium.....
3003 5216 3066 5270 Et
3095 5219 3139 5269 si
3165 5217 3436 5272 accedente
3465 5229 3707 5288 tempore.

2127 5320 2380 5361 crescente
2417 5306 2519 5376 ﬁde
2553 5309 2778 5377 populus
2811 5308 2906 5362 Dei
2945 5311 3317 5380 multiplicatus
3347 5312 3711 5366 desideraverit

2133 5401 2401 5470 proprium
2448 5400 2633 5454 habere
2652 5414 2895 5456 rectorem
2919 5445 2934 5468 ,
2979 5407 3087 5477 ejus
3117 5406 3346 5459 uidelicet
3377 5408 3638 5460 voluntate
3663 5408 3713 5459 in

2129 5497 2278 5564 cujus
2313 5503 2559 5561 potestate
2586 5507 2658 5549 est
2684 5496 2910 5550 dirrcesis
2936 5498 3209 5572 constituta
3229 5541 3242 5561 ,
3287 5499 3472 5551 habeat
3519 5499 3688 5566 episca

2128 5603 2270 5655 pum.
2300 5584 2412 5638 Non
2438 5595 2581 5641 vetat
2611 5589 2705 5641 ista
2740 5588 2822 5642 lex
2851 5605 2915 5643 ne
2940 5600 3216 5646 crescente
3240 5606 3467 5645 numero
3481 5591 3714 5646 fidelium

2133 5692 2302 5732 novus
2347 5680 2688 5747 episeopatus
2727 5677 2999 5749 erigatur,
3052 5681 3145 5733 sed
3189 5696 3257 5734 ne
3307 5679 3358 5732 id
3397 5679 3494 5734 ﬁat
3524 5681 3626 5734 nisi
3650 5697 3714 5735 ex

2128 5784 2391 5824 consensu
2436 5777 2490 5822 et
2541 5769 2814 5825 voluntate
2852 5767 3089 5839 episcoM
3137 5769 3202 5823 ad
3247 5769 3405 5827 cuius
3437 5769 3712 5825 dimeenittt
