3848 6220
186 181 306 238 833

190 395 550 475 evehitur.‘ln
581 402 812 457 concilio
860 405 1267 481 Carthaginiensi
1316 416 1441 469 anni
1505 419 1641 487 497,
1693 438 1783 475 (-a-

190 500 338 542 none
360 488 429 543 53
451 488 584 545 Cod.
605 491 769 550 Afric.
801 510 1127 571 conquestus
1157 513 1241 559 est
1273 507 1564 578 Epigonios
1592 530 1603 563 :
1633 512 1784 579 Quod

186 580 426 646 quamvis
452 583 628 637 multis
666 585 718 638 ia
764 590 997 646 conciliis
1022 604 1268 649 statutum
1296 602 1452 668 fuerit
1486 620 1517 655 a
1544 614 1670 658 coetu
1696 623 1782 661 sa-

186 670 464 740 cerdotali,
490 685 544 728 ut
569 675 739 746 plebes
763 698 878 752 quae
901 684 955 738 in
984 686 1281 745 dite'cesibus
1326 692 1389 746 ab
1416 697 1669 768 episcopis
1698 717 1781 755 re-

100 776 108 781 ‘
185 760 448 833 tinentur,
479 784 593 838 qua
615 773 879 844 episcopos
913 794 1186 860 numquam
1233 784 1549 854 habuerunt,
1580 793 1783 845 nonnisi

186 872 311 911 cum
350 863 611 917 voluntate
648 869 759 939 ejus
785 869 1014 943 episcopi
1056 891 1088 927 a
1130 891 1231 945 quo
1257 888 1511 948 tenentur,
1544 885 1780 953 proprios

186 953 446 1024 accipiant
490 966 708 1014 rectores
747 965 1034 1035 episcopos.
1074 966 1309 1034 Attamen
1347 976 1584 1030 nonnulli
1613 978 1781 1032 domi-

187 1054 320 1098 natu
344 1048 566 1116 quodam
589 1052 773 1123 adepto
803 1034 1207 1116 corﬁnum‘onem
1232 1067 1452 1134 fratrum
1481 1070 1778 1137 abhorrent,

187 1136 271 1189 vel
292 1147 444 1207 certe,
478 1157 593 1194 cum
620 1145 880 1216 depravati
915 1152 1126 1219 fuerint,
1153 1157 1298 1227 quasi
1326 1159 1379 1212 in
1408 1162 1631 1229 quadam
1665 1181 1779 1220 arce

187 1228 465 1303 tyrannica
491 1233 588 1287 sibi
612 1237 929 1295 dominatum
973 1246 1254 1315 vindicant,
1288 1261 1335 1304 et
1371 1228 1555 1309 tumidi
1586 1272 1647 1309 ac
1677 1267 1778 1311 sto—
1824 1266 1827 1267 ⁷

188 1322 289 1377 lidi
317 1323 559 1380 adversus
588 1329 882 1399 episcopum
916 1352 1037 1391 suas
1071 1342 1284 1397 cervices
1313 1346 1537 1417 erigunt,
1562 1350 1638 1402 vel
1657 1366 1779 1405 cou-

188 1417 339 1470 viciis
366 1414 466 1471 sibi
493 1421 853 1479 concinnantes
882 1427 1107 1498 plebem,
1138 1435 1215 1487 vel
1256 1454 1501 1504 persuasu
1552 1444 1779 1514 maligno

187 1523 236 1567 et
259 1513 444 1569 illicito
480 1519 655 1587 favore
693 1526 893 1576 eosdem
930 1527 1103 1580 volunt
1132 1529 1227 1583 sibi
1252 1534 1503 1590 collocare
1535 1549 1775 1592 rectores.

190 1606 346 1670 Quod
372 1598 576 1678 quidem
614 1611 813 1683 insigne
853 1619 1034 1671 mentis
1069 1629 1169 1673 tua:
1197 1632 1424 1679 tenemus
1462 1637 1662 1693 votum,
1695 1631 1777 1684 in-

186 1698 337 1767 quit,
368 1701 530 1769 frater
569 1703 805 1774 religiose
834 1706 1033 1776 Aureli,
1065 1712 1151 1776 qui
1177 1716 1285 1766 [nec
1310 1731 1445 1781 saepe
1482 1721 1779 1788 Oppressisti

188 1807 293 1844 non
320 1795 548 1847 curando
577 1796 702 1850 tales
731 1799 989 1869 petitores,
1032 1804 1123 1856 sed
1159 1818 1368 1876 propter
1387 1824 1570 1863 eorum
1606 1812 1777 1867 malos

186 1884 475 1953 cogitatus,
516 1896 564 1938 et
597 1904 751 1957 prave
792 1893 1089 1948 continuata
1118 1898 1335 1952 consilia
1363 1900 1460 1954 hoc
1486 1903 1630 1968 dico,
1675 1919 1779 1957 non

185 1975 371 2030 debere
416 1987 664 2033 rectorem
701 1982 931 2054 accipere
957 2002 1069 2039 eam
1100 1989 1296 2058 plebem
1316 2034 1329 2058 ,
1359 2009 1475 2063 qua:
1500 1994 1552 2049 in
1573 1995 1780 2063 dioecesi

182 2082 387 2136 semper
426 2069 711 2144 subjacuit,
743 2091 833 2128 nec
872 2086 1117 2148 umquam
1170 2086 1435 2152 proprium
1484 2084 1774 2160 ερῖεεοριιηι

182 2159 382 2214 habuit.
413 2162 740 2234 Quapropter
756 2168 802 2221 si
828 2171 1063 2227 universo
1076 2177 1401 2231 sanctissimo
1426 2180 1576 2234 coetui
1607 2159 1774 2251 placet

182 2254 284 2307 hoc
299 2296 314 2320 ,
337 2255 476 2324 quod
495 2269 793 2326 prosecutus
823 2277 934 2315 sum
957 2304 972 2329 ,
1014 2267 1365 2336 conﬁrmetur.
1380 2270 1641 2333 Aurelius,
1666 2274 1777 2342 epi-

179 2362 376 2416 scopus
416 2349 565 2403 dixit.
613 2349 847 2434 Fratris,
876 2366 921 2409 et
948 2361 1317 2415 consacerdotis
1350 2364 1510 2417 nostri
1537 2382 1776 2434 prosecu-

178 2440 313 2494 tioni
346 2458 451 2496 non
492 2426 680 2500 obsisto
709 2464 728 2502 :
752 2449 841 2503 sed
868 2450 965 2504 hoc
998 2469 1076 2505 me
1095 2464 1142 2507 et
1172 2455 1379 2524 fecisse,
1433 2469 1480 2511 et
1517 2462 1773 2529 facturum

178 2548 293 2586 esse
315 2535 558 2604 profiteor
578 2539 717 2593 circa
737 2556 821 2593 eos
844 2557 988 2607 sane,
1012 2546 1101 2613 qui
1125 2545 1317 2625 fuerint
1343 2550 1649 2615 concordes,
1668 2568 1771 2605 non

176 2625 351 2678 solum
372 2627 512 2681 circa
542 2627 830 2686 Eeclesiam
850 2633 1317 2708 Carthagiuensem,
1349 2642 1437 2695 sed
1464 2644 1600 2697 circa
1624 2661 1774 2700 omne

176 2718 503 2775 sacerdotale
554 2727 881 2780 consortium.
941 2727 1075 2783 Sunt
1101 2731 1233 2784 enim
1278 2731 1507 2804 plerique
1568 2739 1774 2803 conspi-

177 2821 355 2865 rantes
397 2828 512 2867 cum
554 2815 783 2883 plebibus
816 2823 1070 2892 propriis,
1116 2840 1241 2895 quas
1274 2824 1554 2897 decipiunt,
1613 2840 1666 2882 ut
1692 2831 1772 2883 di-

153 2914 319 2967 ctum
344 2914 450 2973 est,
508 2924 682 2963 earum
711 2913 989 2985 scalpentes
1022 2933 1169 2971 aures
1188 2960 1202 2983 ,
1236 2919 1410 2972 blandi
1438 2923 1504 2974 ad
1528 2924 1743 3003 seducen
1762 2956 1775 2966 -

174 2995 338 3063 dum,
365 3000 559 3053 vitiosa:
579 3002 693 3057 vita
718 3003 948 3062 homines
974 3050 987 3075 ,
1016 3009 1095 3064 vel
1118 3022 1249 3064 certe
1290 3013 1457 3082 inﬂati
1475 3057 1487 3077 ,
1522 3024 1569 3069 et
1594 3000 1655 3071 ab
1677 3019 1771 3071 hoc

173 3092 438 3146 consortio
478 3097 733 3163 separati,
759 3099 849 3169 qui
876 3111 1056 3169 putant
1097 3107 1319 3177 propria:
1343 3108 1475 3177 plebi
1506 3110 1764 3165 incuban-
1793 3125 1836 3188 ρ

173 3183 325 3249 dum,
366 3194 413 3238 et
442 3202 819 3260 nonnumquam
848 3197 1076 3250 convenli
1096 3197 1164 3249 ad
1184 3200 1455 3254 concilium
1478 3205 1647 3259 venire
1676 3205 1766 3259 de-

172 3286 395 3331 trectant
424 3294 560 3332 :sua
603 3284 734 3351 forte
798 3301 860 3338 ne
900 3274 1193 3357 prodantur
1233 3292 1430 3363 ﬂagitia
1470 3304 1763 3367 metuentes.

156 3368 332 3435 Dico,
382 3372 428 3424 si
454 3372 649 3442 placet,
691 3377 829 3431 circa
870 3378 996 3446 hos,
1034 3398 1132 3435 non
1161 3392 1355 3438 tantum
1395 3386 1631 3443 dimceses
1666 3406 1766 3444 non

172 3478 290 3517 esse
311 3467 612 3530 servandus,
668 3483 837 3522 verum
868 3483 921 3525 et
949 3471 1014 3526 de
1040 3477 1250 3544 prapria
1274 3480 1503 3547 ecclesia,
1529 3497 1644 3550 qua:
1662 3482 1767 3536 illis

170 3554 314 3609 male
342 3557 546 3627 faverit,
577 3562 867 3616 omnimodo
897 3564 1229 3622 adnitendum
1257 3580 1310 3623 ut
1339 3573 1494 3625 etiam
1532 3575 1761 3629 auctori-

170 3657 279 3699 tute
314 3648 526 3719 publica
563 3652 881 3721 reiiciantur,
916 3668 1066 3729 atque
1108 3663 1171 3715 ab
1220 3663 1347 3730 ipsis
1396 3653 1765 3737 principalibus

168 3740 435 3795 cathedris
462 3750 832 3802 removeantur.
867 3748 1079 3821 Oportet
1112 3754 1243 3807 enim
1265 3795 1280 3821 ,
1312 3764 1365 3808 ut
1394 3757 1481 3826 qui
1515 3759 1763 3814 universis

173 3834 459 3903 fratribus,
494 3852 556 3889 ac
583 3848 684 3892 toto
714 3842 931 3896 concilio
954 3843 1226 3908 inha’serit,
1289 3864 1388 3901 non
1427 3850 1589 3917 solum
1618 3868 1763 3904 suam

158 3930 291 3998 jure
315 3928 541 3999 integro,
571 3932 661 3985 sed
695 3942 742 3986 et
785 3933 1021 4001 diteceses
1051 3939 1329 4006 possideat.
1382 3939 1448 3994 At
1491 3958 1605 3995 vero
1629 3984 1644 4007 ,
1675 3945 1760 4010 qui

167 4019 375 4072 sibimet
404 4030 584 4089 putant
618 4024 788 4093 plebes
812 4043 931 4082 suas
967 4030 1206 4099 suﬁicerc,
1236 4036 1463 4102 fraterna
1493 4036 1760 4090 dilectione

168 4120 486 4180 contempta,
520 4132 623 4169 non
653 4126 848 4172 tantum
877 4118 1111 4177 diaeceses
1140 4125 1395 4189 amittant,
1428 4126 1516 4180 sed
1542 4138 1597 4180 ut
1627 4127 1754 4193 dixi,

166 4207 325 4260 etiam
354 4224 403 4277 pi
418 4209 576 4279 apriis
602 4212 808 4281 publica
846 4224 1055 4269 careant
1089 4219 1414 4285 auctoritate,
1445 4230 1499 4274 ut
1524 4222 1752 4276 rebelles.

170 4297 475 4355 Honoratus
497 4311 548 4355 et
576 4301 812 4360 Urbanus
852 4308 1073 4377 episc0pi
1101 4309 1361 4364 dixerunt.
1390 4311 1607 4366 Summa
1637 4330 1758 4385 pro-

168 4394 297 4447 visio
335 4396 624 4450 sanctitatis
654 4410 755 4452 luaz
793 4401 1001 4483 commit
1037 4403 1285 4457 mentibus
1311 4405 1665 4475 singulorum,
1708 4416 1755 4459 et

1331 206 1770 268 GEOGRAPHIA
1812 216 2034 271 SACRA
2073 218 2368 276 AFRICAE.

190 300 502 367 pertint-bat
544 304 691 362 locus
723 309 811 380 qui
850 312 917 366 atl
946 313 1089 369 sedis
1118 319 1438 388 episcopalis
1469 325 1781 394 dignitatem
1812 333 1857 391 Α
1888 332 2023 385 enim
2068 336 2114 388 si
2159 341 2459 393 concesserit

3365 247 3470 304 834

2466 383 2478 406 ,
2512 350 2563 394 ut
2591 344 2766 399 eodem
2804 348 3033 405 dimcesis
3061 356 3309 425 permissa
3349 378 3470 427 pro-

1889 423 2053 489 prium
2087 434 2279 481 tantum
2317 432 2611 505 episcopum
2644 437 2844 506 habeat,
2866 454 3077 499 eceterae
3106 447 3202 502 sibi
3236 465 3337 504 non
3386 457 3498 509 vin-

1887 514 2018 569 dicet
2043 516 2279 574 dimccscs
2299 565 2312 586 ,
2345 525 2464 593 quia
2491 540 2725 608 exempta
2772 534 2836 588 de
2874 526 3016 606 fasce
3045 542 3324 596 multarum
3359 548 3471 601 sola

1885 612 2069 692 meruit
2116 613 2358 671 honorem
2402 620 2719 695 episcopatus
2753 632 3025 703 suscipere.
3074 635 3316 693 Aurelius
3358 644 3470 707 epi-

1884 688 2067 777 scopus
2087 707 2217 763 dixit
2244 727 2263 764 :
2282 709 2404 767 Non
2428 688 2610 771 dubito
2635 718 2874 775 charitati
2887 688 3074 781 .vestrte
3098 731 3326 785 omnium
3354 720 3470 804 pla-

1890 812 2025 863 cere,
2075 817 2209 867 eum,
2254 804 2343 871 qui
2389 804 2441 860 in
2483 802 2686 865 dioecesi
2730 816 3033 871 concedente
3069 821 3329 893 episcopo,
3383 828 3473 896 qui

1883 890 2145 945 matricem
2192 898 2372 961 ienuit,
2418 898 2581 953 solam
2619 904 2850 958 eamdem
2895 908 3111 964 retinere
3159 913 3368 982 plebem,
3416 916 3472 971 in

1882 1000 1983 1049 qua
2009 986 2181 1055 fuerat
2208 988 2495 1049 ordinatus.
2547 994 2804 1061 Quoniam
2853 999 3009 1070 igitur
3053 1006 3289 1062 universa
3329 1010 3467 1065 arbi-

1881 1087 1990 1133 tror
2017 1080 2177 1150 fuisse
2206 1092 2462 1156 tractata,
2494 1090 2540 1143 si
2564 1093 2738 1147 omnia
2763 1110 2877 1148 cum
2905 1097 3078 1153 animo
3104 1112 3268 1157 vestro
3293 1091 3463 1162 conve-

1881 1186 2094 1242 nerunt,
2117 1192 2350 1236 sermone
2378 1193 2543 1237 vestro
2577 1196 2763 1242 cuncta
2788 1189 3045 1246 roborate.
3095 1193 3333 1251 Universi
3358 1200 3475 1270 epi-

1880 1268 2025 1337 scopi
2051 1269 2291 1327 dixerunt
2321 1289 2341 1328 :
2366 1272 2553 1332 Omnia
2593 1281 2740 1336 nobis
2784 1283 2892 1338 huic
2917 1272 3222 1355 placuerunt
3244 1332 3258 1357 ,
3291 1301 3338 1346 et
3363 1268 3473 1349 hac

1881 1368 2056 1414 nostra
2095 1364 2468 1437 subscriptione
2514 1371 2871 1442 firmavimus,
2935 1388 2984 1431 et
3035 1380 3468 1454 subscripserunt.
3516 1410 3521 1415 ο

1881 1452 2120 1510 Aurelius
2155 1461 2422 1533 episcopus
2463 1464 2707 1525 Ecclesite
2749 1469 3165 1544 Carthaginensis
3214 1452 3332 1533 huic
3375 1481 3466 1535 de-

1880 1554 2014 1598 creto
2037 1553 2291 1617 consensi,
2321 1564 2366 1605 et
2391 1557 2625 1622 prtcleclo
2647 1560 2943 1634 subscripsi,
2968 1566 3204 1623 similiter
3228 1581 3275 1624 et
3298 1574 3469 1628 ταῖθαὶ

1868 1628 2114 1706 episcopi
2142 1645 2566 1714 subscripserunt.

1806 1739 1855 1799 Β
1955 1735 2034 1790 Ex
2068 1736 2226 1792 dictis
2256 1740 2361 1796 duo
2383 1744 2727 1815 colliguntur.
2750 1749 2988 1807 Primum
3040 1754 3091 1809 in
3132 1755 3308 1812 Africa
3357 1761 3472 1831 epi-

1880 1835 2402 1900 SCOposconstitutos
2430 1838 2592 1895 fuisse
2618 1857 2725 1897 non
2749 1853 2952 1901 tantum
2977 1848 3026 1902 iu
3052 1851 3259 1921 magnis
3284 1852 3474 1910 civita-

1881 1922 2043 1989 tibus,
2069 1926 2164 1982 sed
2195 1927 2246 1982 in
2279 1932 2533 1989 omnibus
2567 1936 2809 2006 oppidis,
2847 1943 2953 2001 imo
2981 1952 3035 1997 ct
3070 1944 3122 1999 in
3153 1946 3286 2001 vicis
3311 1958 3470 2021 atque

1879 2019 2134 2074 castellis.
2163 2022 2427 2091 Alterum,
2460 2026 2615 2086 facile
2646 2046 2813 2087 novos
2861 2034 3205 2107 episcopatus
3257 2055 3468 2100 creetos

1877 2110 1928 2164 in
1981 2111 2212 2170 diversis
2257 2115 2392 2172 locis
2432 2133 2715 2178 crescente
2746 2141 2972 2182 numero
3014 2130 3271 2199 ﬁdelium,
3301 2136 3464 2192 modo

1877 2206 2212 2261 consentiret
2252 2210 2538 2282 episcopus
2569 2215 2633 2269 ad
2664 2218 2819 2287 cujus
2845 2219 3122 2279 dimeesim
3156 2226 3305 2282 locus
3337 2245 3464 2301 per-

1880 2295 2101 2353 tinebat.
2128 2299 2265 2356 Hinc
2286 2313 2431 2358 tanta
2463 2307 2843 2379 episcOporum
2870 2316 2918 2367 in
2945 2314 3122 2372 Africa
3148 2295 3460 2378 multitudo.

1879 2388 1944 2442 Et
1970 2391 2185 2460 quidem
2219 2395 2439 2453 secundi
2468 2401 2651 2456 saeculi
2688 2404 2840 2460 initio
2872 2409 3199 2478 Agrippiuus
3239 2412 3465 2472 Cartha-

1876 2479 2112 2551 ginensis
2153 2486 2438 2558 episcopus
2466 2493 2753 2548 concilium
2784 2496 2970 2553 habuit
3000 2502 3306 2575 Carthagini
3345 2512 3463 2578 plu-

1876 2573 2121 2629 rimorum
2152 2579 2507 2651 episcOporum
2536 2601 2602 2639 ex
2627 2587 2807 2657 Africa
2836 2601 2882 2643 et
2918 2573 3221 2650 Numidia
3264 2607 3320 2651 ut
3359 2599 3462 2671 Cy-

1877 2668 2094 2733 prianus
2143 2670 2196 2724 in
2243 2674 2486 2742 epistolis
2538 2678 2598 2731 7i
2621 2720 2635 2743 ,
2668 2680 2732 2733 ad
2787 2681 3040 2749 Quintum
3068 2697 3120 2741 et
3151 2688 3247 2756 73,
3279 2691 3345 2745 ad
3369 2668 3463 2748 lu-

1875 2756 2121 2813 baianum
2152 2771 2398 2818 testatur.
2429 2765 2719 2824 Numerum
2754 2786 2859 2826 non
2891 2776 3165 2844 exprimit.
3203 2782 3266 2834 At
3299 2798 3461 2838 sauc-

1877 2858 1959 2902 tus
1989 2849 2431 2919 Augustinuslib.
2463 2857 2530 2913 de
2554 2861 2711 2915 unico
2732 2862 3004 2933 Baptisino
3026 2880 3211 2924 contra
3242 2872 3459 2929 Petilia-

1833 2996 1838 3001 ,
1876 2954 2021 3005 num,
2046 2945 2378 3013 septuaginta
2407 2948 2766 3007 l'uissciunuit
2789 2955 2868 3010 his
2895 2959 3074 3015 verbis
3108 2979 3122 3015 :
3158 2961 3297 3018 Nam
3328 2966 3460 3021 illud

1872 3032 2009 3100 quod
2035 3034 2270 3106 adjungit
2292 3038 2356 3093 de
2379 3042 2617 3115 episc0po
2638 3042 3030 3119 Carlhaginensi
3058 3054 3362 3124 Agrippino,
3390 3059 3454 3113 de

1871 3122 2062 3193 inclyta
2084 3138 2306 3197 martyre
2326 3127 2584 3200 Cypriane
2603 3175 2618 3197 ,
2650 3136 2714 3189 de
2753 3144 3076 3213 septuaginta
3102 3122 3456 3204 VPra'cessori-

1873 3212 1964 3266 bus
1994 3211 2266 3285 Cypriani,
2295 3222 2414 3289 quia
2443 3225 2538 3278 hoc
2570 3229 2795 3296 fecerunt
2836 3242 2884 3285 et
2924 3211 3039 3301 fieri
3080 3253 3453 3310 pra'ceperunt.

1869 3305 1980 3359 Sub
2012 3307 2214 3362 Donato
2243 3311 2493 3383 Cypriani
2542 3328 2881 3377 antecessore
2922 3325 2974 3379 ia
3021 3330 3252 3385 concilio
3285 3349 3454 3390 noua-

1869 3396 2013 3466 ginta
2057 3400 2435 3471 episcoporum
2485 3408 2774 3489 damnatus
2819 3414 3071 3473 Privatus
3119 3422 3456 3482 Lambcsita-

1871 3503 1989 3553 nus,
2020 3490 2412 3564 ut‘Cyprianus
2447 3501 2596 3556 testis
2625 3514 2707 3558 est
2733 3507 2891 3575 epist.
2923 3510 3012 3565 59.
3047 3511 3159 3568 Sub
3184 3514 3455 3587 Cypriano
3547 3504 3550 3508 Δ

1870 3583 1967 3635 tria
1995 3582 2167 3638 habita
2188 3599 2311 3642 sunt
2333 3593 2559 3647 concilia
2589 3611 2874 3653 numerosa
2898 3601 2964 3656 de
2987 3603 3253 3673 baptismo
3274 3608 3455 3668 ller-

1831 3702 1837 3709 -
1870 3673 2114 3728 ticorum.
2144 3676 2198 3730 lu
2231 3678 2437 3736 duobus
2473 3682 2691 3739 adfuere
2717 3693 3054 3761 septuaginta
3088 3699 3353 3770 episcopi,
3393 3711 3453 3759 ut

1866 3776 2090 3820 testatur
2114 3782 2203 3837 ep.
2228 3770 2293 3824 ad
2320 3771 2662 3845 Jubaiannm,
2687 3788 2740 3834 et
2768 3781 2819 3835 in
2847 3787 3009 3841 tertio
3039 3789 3348 3859 interfuisse
3376 3797 3453 3853 le-

1861 3868 2054 3924 guntur
2086 3861 2358 3931 octoginta
2390 3878 2596 3935 septem
2622 3912 2637 3935 ,
2673 3880 2871 3941 prmter
2914 3893 3049 3946 quos
3078 3880 3235 3953 longe
3265 3886 3449 3955 plores

1861 3947 2095 4005 abfuisse
2129 3954 2421 4012 verisimile
2454 3971 2560 4014 est.
2591 3963 2661 4017 At
2706 3964 2813 4021 duo
2860 3981 2986 4024 sunt
3017 3989 3363 4034 monumenta
3417 3998 3449 4038 e

1860 4045 2050 4114 quibus
2079 4063 2333 4106 numerus
2362 4054 2739 4127 episcoporum
2780 4061 2977 4119 At'ricw
3014 4079 3165 4125 certo
3205 4074 3320 4127 erui
3349 4089 3449 4143 po-

1861 4145 1981 4191 test.
2012 4139 2246 4195 Primum
2271 4155 2349 4197 est
2374 4147 2591 4202 collatio
2621 4149 3093 4226 Carthaginensis,
3130 4163 3179 4215 in
3211 4179 3312 4234 qua
3346 4165 3448 4221 Ca-

1861 4228 2042 4284 tholici
2072 4230 2152 4286 sic
2192 4248 2381 4290 eorum
2428 4254 2711 4296 numerum
2749 4246 2974 4303 ineunt:
3008 4252 3448 4326 subscripserunt
3496 4265 3501 4269 ’

1859 4321 2111 4378 mandato
2157 4326 2396 4399 episcopi
2437 4331 2653 4388 ducenti
2701 4340 2973 4409 sexaginta
3030 4359 3160 4412 sex,
3220 4347 3447 4407 aderant

1860 4422 2155 4485 Ill:&BS(lntGS
2180 4417 2403 4488 viginti;
2437 4422 2626 4479 abesse
2674 4427 3191 4492 dicunturrccntum
3244 4441 3353 4511 28
3390 4452 3446 4497 ct

2241 4486 2256 4488 “
2391 4486 2395 4487 ⁷
2980 4486 3191 4492 ““”“““””
3244 4486 3353 4511 ω
3392 4486 3444 4497 ν’

166 4495 317 4554 puto,
347 4486 573 4541 annuum
595 4493 921 4560 responsione
940 4510 1000 4546 ea
1019 4509 1133 4563 qua:
1157 4496 1393 4565 prosequi
1420 4496 1656 4565 dignatus
1677 4486 1762 4564 es,‘
1779 4509 1832 4569 Ι)
1858 4504 2069 4573 viginti,
2101 4522 2166 4563 ac
2188 4509 2422 4573 viduata:
2450 4504 2707 4594 praeterea
2738 4520 2993 4580 Ecclesia:
3016 4528 3287 4600 scitagiota
3312 4548 3444 4603 Qua-

168 4576 463 4603 ..-1.--....,1-
522 4579 755 4603 11ηξμμηξ
796 4600 808 4603 ᾼ
853 4586 863 4603 9
910 4602 913 4603 ,
997 4587 1009 4597 ι
1061 4588 1092 4603 ν
1264 4598 1275 4603 -
1385 4589 1396 4603 ι
1495 4599 1503 4603 .
1612 4592 1623 4603 ι
1723 4602 1729 4603 ,
2246 4602 2251 4603 ,
2331 4601 2337 4603 _

166 4576 481 4632 roboranda.
519 4579 755 4637 Universi
783 4586 1009 4656 episcopi
1038 4588 1309 4657 dixerunt,
1340 4589 1536 4660 placet,
1570 4592 1753 4659 placet.

166 4669 238 4723 Et
267 4668 463 4724 iterum
498 4671 552 4725 in
580 4673 767 4730 eodem
798 4676 1038 4733 Concilio
1066 4694 1186 4734 can.
1213 4678 1282 4734 56
1324 4698 1338 4733 :
1385 4679 1679 4737 Honoratus
1709 4694 1756 4737 et

170 4760 412 4816 Urbanus
439 4766 664 4835 episcOpi
692 4767 947 4823 dixerunt.
980 4771 1277 4826 Audivimus
1305 4775 1670 4840 constitutum,
1703 4787 1756 4830 ut

165 4854 410 4909 diaeceses
434 4873 537 4910 non
564 4870 856 4914 mereantur
881 4862 1144 4934 episcOpos
1182 4866 1409 4938 accipere
1431 4908 1445 4931 ,
1492 4868 1595 4921 nisi
1637 4885 1759 4923 con-

162 4962 313 4999 sensu
345 4948 479 5018 ejus,
503 4949 594 5003 sub
612 4968 712 5019 quo
733 4955 935 5024 fuerant
962 4957 1270 5022 constitutae,
1294 4960 1385 5013 sed
1412 4961 1467 5013 in
1494 4961 1756 5029 provincia

163 5050 343 5094 nostra
372 5057 488 5101 cum
513 5044 674 5114 aliqui
697 5049 833 5117 forte
862 5048 915 5101 in
944 5049 1176 5116 dioecesi,
1209 5053 1510 5108 concedente
1546 5071 1603 5109 eo
1641 5056 1755 5123 epi-

163 5146 320 5201 scopo
344 5175 359 5196 ,
385 5134 442 5186 in
468 5138 616 5207 cujus
654 5146 903 5206 potestate
949 5145 1154 5212 fuerant
1198 5147 1506 5212 constitutae,
1533 5147 1758 5201 ordinati

161 5237 280 5279 sunt
332 5228 596 5298 episcopi,
641 5232 796 5285 etiam
836 5232 1071 5289 diwceses
1114 5236 1210 5289 sibi
1256 5238 1547 5308 vindicant,
1581 5240 1750 5294 hocet

161 5319 356 5388 corrigi
379 5319 645 5375 charitatis
678 5333 859 5379 vestra:
890 5325 1094 5397 judicio
1113 5368 1128 5391 ,
1165 5335 1211 5380 et
1237 5328 1453 5383 inhiberi
1483 5330 1546 5383 de
1570 5341 1749 5386 cietero

164 5410 326 5465 debet.
378 5412 664 5483 Epigonius
713 5418 979 5487 episcOpus
1029 5418 1178 5471 dixit.
1228 5419 1459 5491 Singulis
1503 5424 1748 5494 episcopis

158 5514 419 5567 servatum
446 5515 522 5559 est
556 5508 695 5576 quod
742 5510 949 5563 decebat
987 5531 1000 5565 :
1044 5523 1096 5565 ut
1140 5530 1205 5567 ea:
1250 5532 1419 5569 massa
1459 5518 1748 5583 dioecesium

163 5594 311 5647 nulla
347 5607 665 5666 carperetur,
711 5609 765 5652 ut
806 5605 1071 5669 proprium
1122 5607 1410 5677 episcopum
1464 5608 1745 5678 habuisset,

165 5685 265 5739 nisi
290 5688 402 5753 ipse
428 5704 728 5744 consensum
774 5691 1085 5749 adhibuisset
1133 5699 1457 5753 concedeudi.
1514 5698 1747 5771 Suﬁiciat

1862 4603 2015 4664 tuor;
2051 4613 2117 4654 ex
2163 4601 2360 4672 quibus
2391 4612 2601 4679 exurgit
2642 4627 2895 4670 numerus
2929 4619 3442 4692 quadringentarum

1860 4690 2201 4762 septuaginta
2232 4696 2440 4752 sodium
2470 4702 2852 4773 episcopalium
2885 4708 2939 4763 in
2972 4690 3179 4767 Africa:
3196 4714 3438 4774 Alterum

1862 4790 1948 4835 est
1975 4786 2160 4840 notitia
2186 4789 2559 4860 episcoporum
2588 4794 2835 4852 Afrorum
2862 4801 2961 4856 sub
2986 4802 3269 4871 Hunerico,
3317 4826 3440 4880 qua:

1862 4886 2109 4933 numerat
2166 4883 2450 4953 episcopos
2504 4888 2923 4959 quadringentos
2978 4898 3253 4967 sexaginta
3312 4917 3436 4972 sex,

1859 4968 2052 5034 quibus
2074 4972 2118 5025 si
2146 4984 2267 5028 octo
2295 4975 2478 5030 demas
2498 4976 2763 5035 Sardiniae
2790 4984 3095 5055 episcopus,
3119 4993 3297 5047 caeteri
3320 5008 3441 5052 om-

1860 5076 1954 5116 nes
1986 5062 2051 5117 ad
2080 5060 2314 5119 Africam
2342 5060 2635 5136 pertinent.

1928 5153 2053 5207 Post
2104 5166 2476 5225 recuperatam
2516 5173 2547 5212 a
2586 5159 2893 5221 Justiniauo
2944 5168 3271 5239 imperatore
3301 5177 3440 5233 Afri-

1856 5259 1995 5309 cnm,
2020 5245 2314 5313 Reparatus
2344 5250 2629 5305 concilium
2662 5254 2849 5311 habuit
2868 5261 3189 5320 universale
3218 5264 3435 5335 Africa,

1856 5337 1908 5390 in
1932 5337 2354 5415 quo’atlfuerunt
2392 5342 2630 5413 episcopi
2658 5345 2800 5416 2n,
2831 5352 2974 5421 quod
3012 5368 3328 5426 argumento
3353 5343 3439 5416 est

1855 5443 1918 5482 ex
1945 5428 2145 5496 ingenti
2177 5430 2273 5485 illo
2296 5432 2705 5505 cpiscopatuum
2749 5457 2976 5499 numero
2997 5487 3010 5510 ,
3039 5450 3238 5507 multos
3262 5452 3438 5509 adhuc

1854 5536 1918 5575 ex
1947 5519 2049 5575 hoc
2078 5532 2323 5594 tempore
2349 5527 2704 5597 superfuisse.
2726 5532 2787 5587 lo
2829 5539 3058 5594 concilio
3084 5540 3435 5603 Lateranensi

1854 5610 1952 5665 sub
2000 5610 2229 5669 Martiae
2275 5619 2517 5687 epistola:
2564 5625 2835 5693 synodica:
2886 5627 3103 5685 Patrum
3146 5635 3434 5701 provincite

1856 5710 2266 5773 proconsularis
2286 5713 2722 5785 subscripserunt
2740 5721 2947 5793 epicopi
2971 5722 3040 5780 69
3091 5741 3160 5783 ex
3183 5726 3285 5783 ista
3309 5744 3435 5801 pro-
