3848 6220
169 174 277 235 837

1340 173 1782 234 GEOGRAPIIIA
1821 172 2049 233 SACRA
2089 176 2126 232 A
2139 167 2392 238 FlllCE.

3349 190 3455 248 838

166 300 349 345 autem
382 304 554 365 annps
584 291 845 362 septimus
889 288 1253 362 Pygmalionis
1304 304 1446 345 anno
1473 291 1608 346 3821
1667 305 1761 359 pe-
1786 293 1831 352 Α
1865 289 2074 358 penitus
2102 291 2379 361 concidit,
2416 293 2738 366 fortunaque
2774 269 2889 369 ejus
2920 300 2973 354 in
3004 299 3189 355 urbem
3219 268 3451 359 'vicinam

167 381 311 436 riodi
351 380 576 437 Julianus
633 383 723 453 qtti
779 382 1055 438 incideret
1099 382 1153 436 in
1225 396 1424 437 annum
1490 381 1753 437 Eusebia-

169 490 300 530 uum
333 475 491 541 1124,
518 486 639 546 post
660 475 932 531 conditam
966 472 1184 543 Trojam
1214 474 1341 541 290,
1373 491 1403 529 a
1431 474 1593 545 jactis
1622 484 1756 530 tem-

165 570 243 640 pli
297 568 627 625 Salomunici
676 567 1035 623 fundamentis
1078 567 1202 633 127,
1245 584 1365 640 qua:
1414 569 1760 626 vorisimilior

164 665 280 737 29
301 675 385 720 est
408 663 639 720 condita:
660 663 997 742 Carthaginis
1021 662 1257 733 epocha:
1284 678 1312 717 a
1343 678 1446 734 qua
1474 677 1580 719 non
1600 664 1758 735 longe

165 758 376 813 recedit
396 757 685 828 .losepbus,
710 759 800 827 qui
830 756 1256 827 Carthaginema
1279 755 1456 828 Tyriis
1477 756 1755 812 conditam

162 853 241 908 ait
288 855 442 909 anuis
487 853 591 909 “5
635 860 754 922 post
796 851 1053 922 templum
1098 852 1523 908 Salomonicum.
1596 852 1756 907 Stetit

163 946 356 1001 isthmc
378 947 504 1001 urbs
527 945 714 1000 Romae
737 945 930 1000 aemula
956 961 1053 1016 per
1072 961 1242 1001 annos
1262 944 1390 1012 848,
1420 944 1595 1001 donec
1619 946 1755 1001 Cor-

165 1043 316 1098 nelio
340 1042 570 1098 Lentulo
597 1052 653 1099 et
681 1042 846 1098 Lucio
871 1043 1128 1101 Mummio
1154 1040 1307 1100 Coss.
1338 1043 1550 1113 penitus
1576 1057 1605 1096 a
1632 1040 1753 1097 Sei-

82 1173 86 1176 ‹
163 1137 333 1205 pione
368 1137 546 1193 deleta
590 1147 674 1193 est
713 1145 876 1209 atque
916 1138 1165 1208 incensa,
1209 1132 1351 1193 anno
1384 1137 1530 1193 urbis
1566 1137 1753 1191 Romae

162 1230 532 1302 608,'periodi
552 1230 781 1287 Juliana:
807 1216 948 1287 $568
966 1273 981 1298 ,
1016 1231 1288 1302 jacuitque
1314 1231 1552 1287 desolata
1580 1246 1644 1286 ac
1670 1229 1753 1285 di-

161 1333 282 1379 ruta
310 1340 406 1395 per
432 1338 605 1380 annos
628 1324 720 1387 22.
745 1324 904 1395 Anno
925 1335 1105 1379 autem
1134 1324 1486 1380 desolationis
1504 1323 1602 1388 ‘25,
1630 1338 1749 1378 cum
1774 1328 1779 1332 ’

160 1406 415 1475 consules
446 1419 635 1475 Roma!
655 1430 837 1474 essent
871 1417 935 1485 Q.
968 1418 1209 1473 Caecilius
1248 1417 1490 1473 Metellus
1516 1415 1751 1477 Baleari-

157 1511 340 1577 cuset
362 1511 428 1570 Τ.
461 1502 692 1581 Quintus
715 1512 1042 1579 Flaminius,
1080 1526 1111 1565 a
1141 1510 1399 1566 Romanis
1419 1508 1629 1565 colonia
1655 1508 1752 1562 ist-

159 1608 265 1663 huc
293 1607 521 1663 deducta
552 1608 649 1663 fuit
675 1618 897 1662 auctore
929 1605 990 1661 C.
1021 1604 1345 1674 Sempronio
1378 1601 1624 1659 Graccho
1653 1600 1749 1686 tri-

1862 382 2123 438 Tunetem
2148 385 2421 455 migravit.
2447 384 2643 444 Clades
2666 390 2754 444 illa
2782 392 2977 447 accidit
2999 393 3296 461 imperante
3316 395 3456 451 Con-

1860 477 2098 534 stantino
2129 480 2400 549 Pogouato
2431 499 2555 537 mne
2584 483 2819 555 vulgatis
2845 502 2992 542 anno
3019 486 3146 543 585.

1932 572 2086 638 Quod
2126 582 2337 643 spectat
2375 575 2442 630 ad
2480 576 2644 643 situm
2677 578 3047 651 Carthaginis,
3088 583 3167 637 sic
3203 583 3451 639 eum-de;

1857 664 2048 721 scribit
2069 666 2330 739 Polybius
2356 669 2452 724 lib.
2484 685 2503 725 ι
2528 687 2543 725 :
2580 670 2713 726 Urbs
2733 660 2952 745 namque
2972 676 3081 748 haec
3107 674 3363 749 Carthago
3391 678 3446 733 in

1856 756 2025 811 sinum
2049 760 2321 829 quemdam
2341 778 2525 832 prona,
2561 765 2938 836 peninsulteque
2960 769 3027 823 ad
3047 756 3268 841 ﬁguram
3293 787 3446 827 acce-

1858 849 2009 917 dens,
2037 850 2157 905 hinc
2183 856 2337 921 mari,
2380 856 2501 910 inde
2523 855 2640 911 lacu
2666 860 2892 913 maxima
2919 862 3000 915 sui
3026 871 3169 933 parte
3197 865 3447 937 cingitur.
3498 906 3500 910 ι

1858 939 2086 998 Isthmus
2116 984 2130 1008 .
2176 962 2276 1016 quo
2315 948 2511 1020 Africa:
2538 952 2802 1023 jungitur,
2847 962 2982 1023 patet
3024 955 3076 1009 in
3128 957 3450 1012 latitudinem

1856 1034 2026 1089 stadia
2068 1052 2199 1093 xxv.
2244 1039 2459 1111 Sitaque
2494 1051 2569 1097 est
2607 1044 2856 1112 inIhuius
2892 1048 3049 1116 spatii
3096 1048 3268 1117 latere,
3311 1055 3450 1121 quod

1855 1130 2013 1199 vergit
2051 1130 2120 1183 ad
2153 1147 2311 1188 mare.
2357 1132 2506 1205 Utica
2538 1136 2747 1192 modico
2787 1140 2851 1193 ab
2890 1142 3012 1195 urbe
3045 1142 3309 1198 intervallo
3341 1161 3359 1198 :
3389 1146 3445 1199 in

1854 1221 2018 1277 altera
2047 1225 2328 1281 secundum
2359 1227 2530 1283 lacum
2567 1241 2641 1285 est
2676 1213 2867 1288 Turres.
2915 1234 2999 1287 Ad
3033 1252 3149 1305 qua:
3192 1236 3291 1291 duo
3327 1238 3442 1292 loca

1852 1332 1970 1373 cum
2006 1322 2308 1374 mercenarii
2340 1332 2514 1383 castra
2546 1327 2909 1396 admovissent,
2940 1338 2987 1382 et
3021 1329 3445 1401 Carthaginenses

1854 1425 1886 1463 α
1909 1420 2092 1466 cratera
2117 1415 2323 1485 regione
2354 1417 2724 1500 exclusissent,
2754 1421 2855 1490 ipsi
2874 1422 2988 1492 jam
3018 1421 3316 1496 Carthagini
3339 1425 3441 1479 im-

1855 1504 2111 1558 minebant
2135 1520 2154 1559 :
2180 1522 2242 1560 ac
2266 1508 2417 1562 modo
2448 1510 2696 1577 interdiu,
2726 1512 2879 1566 modo
2902 1525 3053 1567 noctu
3072 1514 3140 1567 ad
3164 1532 3335 1570 muros
3358 1533 3447 1569 ac-
3481 1506 3487 1512 ’

1856 1597 2089 1655 cedentes
2114 1612 2249 1655 metu
2274 1615 2320 1657 et
2349 1606 2689 1677 trepidatione
2716 1609 2939 1663 maxima
2962 1595 3099 1665 intus
3126 1612 3296 1665 omnia
3324 1613 3446 1666 mis-

158 1700 304 1755 buno
328 1699 499 1771 plebis
521 1744 535 1768 ,
569 1712 728 1770 atque
756 1701 825 1754 ita
853 1698 1109 1770 Oppidum
1134 1712 1200 1752 eo
1233 1695 1338 1774 loci
1367 1694 1745 1762 instauratum,
1782 1695 1827 1756 B
1853 1692 2052 1747 cebant.
2086 1694 2232 1750 Idem
2256 1696 2513 1770 Polybius
2534 1700 2696 1771 patilo
2722 1713 2841 1770 post
2869 1703 2948 1758 sic
2966 1706 3064 1769 ait,
3090 1704 3156 1779 de
3178 1705 3445 1762 Amilcare

154 1796 240 1849 cui
263 1794 514 1850 lunonis:
543 1809 736 1849 nomen
767 1793 948 1848 datum
975 1834 990 1855 ,
1028 1790 1124 1847 sed
1148 1790 1405 1861 auspiciis
1436 1805 1542 1847 non
1572 1787 1747 1843 felici-

153 1888 253 1942 bus
293 1896 350 1942 et
386 1886 535 1941 nullo
560 1886 787 1951 fortuna:
814 1899 1089 1941 successu.
1123 1887 1192 1939 At
1226 1898 1365 1938 anno
1394 1892 1512 1953 post
1533 1882 1743 1950 desola-

154 1979 561 2053 lationemitﬂ,
588 1994 694 2050 quo
716 1976 777 2033 C.
801 1978 975 2034 Julius
997 1976 1181 2033 Ctesar
1206 1994 1236 2031 v
1258 1976 1445 2031 consul
1477 1975 1664 2030 Romm
1688 1976 1741 2030 in

152 2073 298 2129 curia
345 2088 519 2129 czesus
562 2071 692 2135 fuit,
733 2074 850 2141 ipso
887 2073 988 2126 hoc
1012 2070 1239 2143 .Cmsare
1276 2077 1496 2123 auctore
1536 2068 1742 2135 majore

150 2169 301 2239 c0pia
328 2167 645 2223 colonorum
670 2165 860 2222 eodem
890 2167 1086 2232 missa,
1122 2163 1452 2221 felicioribus
1483 2162 1740 2233 auspiciis

153 2262 349 2319 moenia
376 2260 576 2316 refecta
598 2303 625 2328 ,,
645 2261 774 2316 urbs
818 2259 1061 2315 aediliciis
1091 2258 1428 2329 frequentius
1453 2256 1664 2313 exculta
1690 2264 1746 2311 et

153 2340 463 2425 populosior
493 2354 651 2418 facta,
685 2353 1073 2423 pristinumquc
1102 2367 1297 2408 nomen
1325 2349 1665 2420 Carthaginis
1691 2350 1741 2404 ei

153 2447 443 2511 redditum,
467 2461 585 2501 cum
613 2445 927 2501 decurreret
954 2459 1135 2499 annus
1155 2429 1307 2499 urbis
1338 2443 1524 2497 Romae
1550 2442 1739 2525 condi-

154 2548 218 2596 tte
238 2540 367 2607 810,
386 2553 719 2594 concurrens
740 2523 862 2594 eum
890 2523 1031 2593 anno
1056 2539 1229 2607 primo
1250 2535 1585 2609 Olympiadis
1613 2523 1738 2590 184.

153 2634 195 2687 Α
222 2648 323 2703 qua
353 2633 744 2688 instauratione
783 2630 1163 2687 adeorursum
1192 2629 1403 2686 fortuna
1435 2631 1606 2685 crevit
1628 2671 1643 2697 ,
1686 2639 1743 2684 ut

154 2724 409 2793 proximis
437 2724 653 2779 saeculis
680 2723 955 2787 insecutis,
978 2732 1200 2779 exteras
1227 2720 1422 2777 Africa:
1445 2722 1605 2779 ttrbcs
1628 2737 1742 2776 atu-

154 2816 433 2887 plitudine,
466 2816 776 2888 splendore,
808 2817 1001 2888 opibus
1028 2816 1383 2886 superaverit,
1413 2830 1512 2870 nec
1535 2825 1738 2869 tantum

154 2909 440 2978 provinciae
468 2905 885 2979 proconsularis,
917 2908 1011 2963 sed
1032 2909 1194 2963 etiam
1232 2904 1397 2962 totius
1422 2905 1618 2962 Africae
1648 2922 1741 2962 ca-

156 3014 244 3071 put
274 3002 455 3057 fuerit.
493 3001 602 3056 lmo
630 3011 681 3057 et
709 3016 829 3057 cum
859 3001 1185 3057 Alexandria
1212 3000 1431 3071 Egypti
1469 3010 1521 3053 et
1548 3000 1739 3056 Antio-

1851 1783 1989 1840 duce
2019 1785 2249 1856 loquens
2275 1807 2286 1841 :
2331 1787 2518 1845 Cernis:
2553 1792 2679 1859 illa,
2711 1810 2827 1862 quae
2853 1794 3052 1863 Africae
3091 1794 3455 1869 Carthaginem

1842 1878 2044 1948 Junxit,
2069 1880 2226 1935 colles
2250 1890 2478 1938 terrenos
2505 1884 2559 1938 in
2595 1885 2708 1956 ipsa
2739 1887 3098 1943 commissione
3132 1890 3283 1944 habet
3310 1892 3455 1962 diffi-

1847 1969 1976 2024 ciles
2005 1980 2053 2025 et
2094 1972 2285 2027 arduos
2305 1991 2324 2036 ;
2366 1976 2517 2044 inque
2552 1976 2634 2031 his
2665 1989 2777 2033 arte
2805 1980 3014 2035 munita:
3052 1988 3169 2035 sunt
3195 1982 3288 2037 via:
3309 2023 3325 2049 ,
3360 2000 3451 2053 per

1848 2076 1975 2130 quas
2017 2063 2071 2117 in
2109 2065 2371 2135 regionem
2410 2077 2549 2138 patet
2582 2072 2851 2126 transitus.
2887 2070 3018 2126 Tum
3057 2083 3224 2126 autem
3264 2073 3444 2129 Matho

1849 2151 1969 2224 (hic
1996 2155 2223 2210 hostium
2250 2156 2358 2211 dua:
2396 2159 2537 2231 erat)
2573 2162 2749 2214 omnia
2781 2162 2911 2216 bello
2942 2151 3366 2233 opportuna’loca
3397 2166 3451 2220 in

1849 2248 1954 2301 illis
1976 2249 2190 2304 collibus
2209 2251 2414 2320 ﬁrmata
2432 2254 2691 2322 prtesidiis
2714 2254 3053 2325 Custodiebat.
3081 2258 3160 2311 Ad
3180 2256 3311 2323 haec,
3337 2275 3450 2312 cum

1851 2341 2033 2396 Macur
2072 2342 2266 2412 ﬂuvius
2303 2343 2431 2399 locis
2471 2346 2736 2401 nonnullis
2771 2348 3006 2403 similiter
3044 2350 3317 2403 transitum
3350 2351 3451 2403 im-

1847 2436 2019 2507 pediat
2045 2438 2138 2505 iis,
2167 2438 2255 2509 qui
2279 2455 2343 2494 ea:
2372 2438 2496 2494 urbe
2522 2440 2576 2494 in
2605 2442 2864 2511 regionem
2896 2442 3127 2509 tendunt,
3157 2459 3216 2497 ac
3246 2454 3451 2513 propter

1845 2546 2100 2597 aquarum
2148 2532 2353 2603 copiam
2383 2534 2515 2587 vado
2546 2544 2599 2587 ut
2638 2534 2918 2605 plurimum
2953 2536 3163 2591 transiri
3204 2546 3440 2607 nequeat,

1847 2621 2027 2676 Matho
2055 2633 2259 2696 pontem
2286 2626 2330 2679 ei
2361 2626 2501 2679 amni
2526 2627 2843 2694 impositum,
2876 2628 2963 2697 qui
2986 2637 3060 2682 est
3098 2628 3297 2694 unicus,
3331 2644 3445 2681 ma-

1848 2732 1956 2786 gna
1983 2710 2248 2787 diligentia
2278 2718 2532 2789 tuebatur,
2562 2718 2686 2772 urbe
2709 2719 2863 2773 etiam
2888 2719 2955 2771 ad
2980 2719 3129 2773 illum
3150 2729 3439 2774 exstructa:

1846 2823 1911 2862 ea:
1939 2826 2037 2879 quo
2059 2809 2232 2879 ﬁebat,
2266 2808 2325 2863 ut
2357 2827 2457 2866 non
2484 2810 2651 2865 solum
2672 2812 2928 2866 exercitus
2965 2811 3019 2865 in
3054 2813 3311 2883 regionem
3341 2812 3442 2865 du-

1843 2914 1960 2953 cere
1978 2916 2081 2954 non
2108 2910 2338 2970 possent,
2366 2902 2455 2957 sed
2479 2912 2535 2955 ut
2561 2920 2625 2957 ne
2652 2903 2846 2975 singuli
2867 2904 3072 2973 quidem
3095 2905 3289 2959 hostem
3314 2903 3445 2972 eﬂ’u-

1845 3003 2043 3063 gerent,
2076 2998 2163 3061 qui
2190 2996 2409 3050 transire
2435 3005 2763 3051 conarentur.
2810 2995 2939 3052 Htec
2977 2998 3204 3054 Amilcar
3241 2998 3440 3066 videns,

156 3094 271 3149 chia
295 3095 469 3166 Syria:
488 3095 556 3149 de
582 3095 891 3163 primoloco
911 3094 1052 3149 inter
1073 3109 1262 3148 omnes
1282 3085 1492 3162 imperii
1510 3092 1742 3165 Romani
1771 3084 1816 3146 C
1847 3095 1951 3143 etc.
1999 3087 2144 3143 idem
2177 3088 2433 3160 Polybius
2459 3089 2600 3146 libro
2627 3091 2815 3145 eodem
2847 3090 2968 3146 belli
3001 3090 3162 3162 hujus
3200 3091 3441 3161 ejusdem

156 3188 309 3243 urbes
333 3186 688 3242 contenderit.
726 3187 800 3242 De
838 3183 998 3256 hujus
1024 3187 1172 3241 urbis
1203 3198 1328 3242 tune
1372 3187 1631 3256 temporis
1661 3185 1743 3240 di-

129 3281 351 3349 gnitate
380 3288 436 3333 et
464 3262 703 3348 petentia
727 3280 941 3349 egregie
965 3294 1060 3348 pro
1082 3293 1181 3334 suo
1210 3293 1360 3333 more
1385 3279 1764 3333 disserentem

155 3370 429 3426 audiamus
457 3371 764 3428 Salviauutu
794 3372 884 3427 lib.
923 3387 1026 3439 vu,
1068 3371 1134 3427 de
1171 3370 1576 3427 Gubernatione
1621 3372 1735 3427 Dei.

161 3464 270 3520 Una
292 3475 515 3531 tantum,
543 3465 735 3536 inquit,
783 3466 1136 3521 universarum
1188 3466 1298 3519 illic
1328 3466 1401 3535 (in
1424 3464 1628 3538 Africa)
1651 3482 1741 3520 ur-

158 3557 287 3611 bium
312 3556 544 3629 principe
570 3567 619 3611 et
643 3560 792 3625 quasi
814 3568 975 3613 matre
997 3569 1272 3614 contentus
1297 3576 1430 3613 sum.
1471 3557 1574 3613 Illa
1599 3560 1742 3613 scili-

158 3662 226 3704 cet
253 3652 501 3706 Romanis
530 3651 733 3707 arcibus
753 3669 952 3723 semper
975 3652 1182 3717 wmula,
1217 3654 1385 3707 armis
1404 3652 1663 3723 quondam
1690 3660 1741 3706 et

159 3745 469 3812 fortitudine,
504 3754 614 3815 post
657 3744 933 3813 splendore
965 3754 1013 3798 et
1042 3746 1327 3815 dignitate:
1357 3742 1737 3815 Carthaginen-

157 3853 253 3891 sem
272 3839 385 3892 dico
406 3849 453 3891 et
484 3838 595 3891 urbi
620 3838 795 3892 Romte
822 3838 1041 3891 marime
1061 3840 1429 3902 adversariam,
1454 3848 1502 3892 et
1524 3840 1574 3891 in
1596 3838 1740 3906 Afri-

159 3944 277 3981 cano
304 3927 427 3982 orbe
458 3929 602 3995 quasi
633 3927 846 3982 Rontam
871 3944 889 3982 :
929 3944 1043 3998 qua:
1064 3930 1303 3983 universa
1333 3930 1534 3999 penitus
1557 3930 1740 3999 quibus

159 4022 208 4073 in
232 4030 332 4076 toto
364 4024 554 4075 mundo
586 4022 858 4092 disciplina
893 4021 1187 4093 reipublicae
1223 4023 1298 4076 vel
1328 4032 1635 4092 procuratur
1662 4024 1738 4075 vel

160 4115 341 4183 regitur
365 4116 422 4168 in
444 4114 710 4170 se-habutt.
742 4114 862 4169 Illic
885 4116 1018 4169 enim
1046 4118 1217 4169 omnia
1244 4114 1538 4187 ofﬁciorum
1566 4115 1739 4186 publi-

159 4190 325 4260 corum
349 4207 713 4273 instrumenta,
745 4208 850 4261 illic
874 4208 1063 4261 artium
1083 4209 1374 4262 liberalium
1394 4208 1603 4273 scholar,
1628 4208 1738 4262 illic

162 4299 572 4369 philosOphorum
602 4293 827 4371 officina:
847 4341 863 4366 ,
895 4311 1077 4354 cuncta
1104 4301 1315 4369 denique
1342 4288 1418 4353 vel
1444 4302 1737 4370 linguarum

161 4395 416 4462 gymnasia
442 4393 522 4447 vel
543 4410 741 4447 morum
764 4410 780 4446 :
808 4392 917 4447 illic
941 4405 1139 4463 quoque
1167 4395 1319 4447 etiam
1346 4395 1509 4463 copia:
1538 4396 1734 4448 utilita-

1848 3195 2044 3236 causas
2070 3188 2127 3236 et
2165 3181 2315 3236 initia
2344 3196 2625 3251 exponens
2664 3181 2732 3237 de
2761 3171 2966 3239 'l‘unete
2993 3182 3194 3253 oppido
3224 3183 3448 3238 Cartha-

1845 3272 1955 3341 gini
1999 3273 2177 3327 vicino
2214 3272 2292 3328 sic
2323 3274 2433 3327 ait:
2481 3272 2789 3327 Mercenarii
2827 3275 2906 3328 ira
2931 3275 3162 3330 succensi
3200 3274 3450 3329 adversus

1844 3363 2295 3437 Carthaginenses,
2338 3366 2515 3436 infesti
2546 3366 2615 3420 ad
2640 3366 2817 3420 urbem
2848 3367 3089 3435 feruntur
3112 3408 3127 3433 ,
3169 3377 3216 3421 et
3244 3367 3453 3437 quinde-

1844 3461 1945 3512 cim
1966 3459 2129 3512 millia
2159 3454 2403 3529 passuum
2445 3460 2506 3513 ab
2537 3476 2596 3514 ea
2628 3459 2816 3514 Tunrte
2845 3472 3014 3514 castra
3040 3470 3259 3530 ponunt.
3291 3459 3452 3514 Erant

1844 3551 1899 3603 hi
1925 3568 2086 3621 supra
2125 3552 2304 3623 viginti
2340 3551 2521 3606 millia.
2567 3549 2696 3605 Tum
2729 3552 2932 3605 demum
2965 3550 3451 3623 Carthaginensibus

1844 3660 1987 3698 error
2015 3661 2139 3697 suus
2163 3643 2225 3697 ob
2251 3644 2428 3697 oculos
2455 3644 2742 3710 observari,
2778 3660 2890 3696 cunt
2916 3643 3052 3697 nihil
3087 3659 3180 3698 cos-
3203 3661 3317 3697 sera
3341 3661 3450 3715 pa:-

1845 3738 2058 3791 nitentia
2081 3736 2305 3801 iuvabat;
2354 3736 2421 3790 Et
2464 3746 2586 3805 post
2617 3752 2783 3805 pauca
2814 3745 3110 3803 memorat,
3138 3737 3447 3808 Ccsconcjn‘

1845 3830 2035 3885 ducem
2064 3828 2147 3885 ad.
2176 3829 2467 3899 placandos
2499 3830 2719 3885 eosdem
2755 3831 2852 3886 hos
2897 3830 3064 3903 iratos
3094 3830 3295 3886 milites
3321 3848 3445 3889 cum

1841 3925 2073 3993 pecunia
2100 3916 2169 3978 ex.
2197 3922 2331 3977 urbe
2367 3922 2694 3993 Carthagine
2719 3923 2943 3978 missum
2972 3964 2987 3990 ,
3027 3923 3439 3995 profectumque

1841 4003 2266 4072 mari’l‘uuetem
2296 4010 2608 4086 appulisse:
2647 4017 2734 4071 ubi
2762 4018 2923 4072 verba
2946 4004 3129 4071 Grazéa
3160 4000 3279 4070 eum
3313 4016 3440 4092 aliis

1839 4108 1916 4164 sic
1958 4106 2187 4164 habent:
2220 4107 2276 4163 Ὀ
2306 4110 2506 4164 Γέσκων
2546 4107 2959 4184 παραγενόμενος
3006 4112 3137 4165 κατά
3183 4111 3435 4166 θάλατταν

1840 4203 1970 4276 μετὰ
1990 4210 2090 4259 τῶν
2120 4205 2430 4275 χρημάτων,
2453 4206 2539 4258 καὶ
2562 4204 2935 4280 προσπλεύσίας
2955 4204 3084 4280 πρὸς
3108 4205 3193 4258 τὸν
3217 4206 3435 4270 Τύνητα,

1840 4296 1897 4350 τὸ
1923 4298 2012 4369 μὲν
2030 4304 2235 4372 πρῶτον
2262 4296 2530 4367 λαμϐάνων
2559 4297 2681 4358 τοὺς
2708 4296 2980 4369 ἡγεμόνας,
3021 4304 3127 4351 etc.
3159 4297 3289 4363 Qua:
3317 4312 3441 4351 ver-

1839 4388 1906 4443 ba
1936 4388 2242 4459 significare
2273 4389 2557 4469 videntur,
2592 4404 2690 4459 per
2728 4404 2879 4444 mare
2920 4389 3157 4459 navigari
3198 4390 3436 4457 potuisse

163 4502 235 4541 res
258 4498 301 4541 et
329 4499 559 4561 regentes
584 4488 821 4541 militiam
851 4499 1152 4559 potestates,
1184 4489 1292 4542 illic
1323 4490 1483 4542 honor
1512 4505 1731 4557 procon-
1765 4474 1819 4534 D
1840 4493 1898 4537 ‘et
1941 4483 2136 4553 appelli
2185 4483 2470 4538 Tunetetu.
2521 4482 2790 4537 Judicium
2834 4482 3021 4536 lectori
3067 4482 3329 4551 relinquo.
3374 4482 3438 4537 Et

163 4580 513 4646 salarispillic
549 4582 877 4650 quotidianus
904 4582 1069 4651 judea:
1104 4591 1149 4635 et
1184 4591 1367 4648 rector,
1401 4592 1647 4650 quantum
1669 4581 1737 4634 ad

165 4688 333 4727 nomen
359 4673 566 4742 quidem
596 4673 907 4743 proconsul,
960 4674 1049 4728 sed
1084 4684 1327 4744 quantum
1367 4662 1435 4727 ad
1462 4676 1740 4744 potentiam

164 4766 365 4817 consul:
406 4764 516 4818 illic
556 4765 771 4833 denique
814 4781 987 4818 omnes
1030 4782 1196 4819 rerum
1232 4765 1607 4834 dispensatores
1631 4807 1647 4834 ,
1696 4774 1741 4819 et

167 4851 441 4918 lli/ferentes
470 4856 601 4908 inter
628 4872 681 4910 se
711 4867 813 4909 lant
855 4857 1210 4926 gradtt‘quam
1245 4857 1490 4911 vocabulo
1519 4858 1745 4929 dignita-

169 4950 264 5010 tes,
293 4947 518 4999 omnium
537 4987 550 5011 ,
583 4956 640 4999 ut
668 4948 739 4999 ita
766 4948 965 5013 dicam,
1008 4950 1294 5019 platearum
1323 4960 1371 5004 et
1402 4951 1745 5020 compitorum

170 5046 532 5103 procuratores,
565 5045 746 5090 cuncta
769 5041 927 5122 [erute
954 5049 998 5092 et
1020 5040 1131 5093 loca
1152 5042 1309 5107 urbis,
1334 5051 1379 5095 et
1402 5041 1623 5095 membra
1649 5058 1744 5109 po-

174 5127 274 5195 puli
309 5128 662 5201 gubernantes.
701 5129 807 5185 Sed
862 5131 1284 5199 irrumpentibus
1316 5134 1367 5186 in
1395 5134 1571 5188 Africa
1601 5133 1743 5188 Van-

172 5216 295 5274 dalis
333 5238 360 5274 a
389 5220 686 5277 chserico
725 5236 865 5275 anno
904 5220 1041 5287 459,
1090 5223 1161 5277 ’19
1202 5222 1451 5279 Octobris
1480 5234 1639 5293 capta
1690 5233 1746 5279 et

172 5324 413 5381 occupata
445 5326 548 5380 est,
579 5329 643 5370 ac
666 5315 717 5368 in
742 5323 1011 5386 potestate
1033 5312 1396 5369 Vandalortttu
1430 5331 1616 5385 regum
1643 5316 1744 5372 fuit

175 5418 259 5472 per
279 5405 345 5461 45
373 5423 567 5475 annos,
594 5417 713 5479 post
739 5422 875 5478 quos
905 5422 932 5460 a
959 5406 1218 5462 Belisario
1249 5417 1566 5475 recuperata
1598 5424 1743 5464 anno

175 5497 269 5554 554
294 5501 470 5556 Africa
498 5544 511 5567 ,
539 5500 978 5572 Carthaginensis
1016 5501 1208 5556 civitas
1236 5500 1461 5569 imperio
1492 5503 1743 5557 restituta

176 5600 268 5644 est.
293 5590 515 5648 Demum
544 5607 666 5647 cum
692 5608 787 5663 per
807 5606 979 5647 annos
1005 5592 1222 5647 circiter
1256 5591 1357 5646 172
1381 5592 1655 5657 stetisset,
1686 5592 1741 5647 iu

180 5692 478 5748 potestatem
510 5684 901 5742 Saracenorum
938 5685 1122 5754 venit,
1168 5692 1385 5754 totaque
1421 5684 1530 5742 fore
1566 5684 1744 5742 diruta

1846 4590 2059 4631 rursum
2090 4576 2229 4650 idem
2264 4576 2403 4631 libro
2439 4590 2569 4630 xxv:
2613 4574 2785 4629 Times
2825 4572 3134 4644 Carthagine
3165 4573 3303 4628 abest
3330 4585 3440 4626 sta-

1848 4667 1936 4721 dia
1963 4667 2107 4737 quasi
2135 4682 2272 4722 cxx.
2308 4666 2477 4721 Locus
2496 4684 2612 4731 cum
2637 4666 2874 4736 aperibus
2903 4676 3011 4720 tum
3033 4674 3210 4736 suapte
3229 4676 3433 4730 natura,

1827 4759 1992 4813 'sicut
2002 4764 2119 4834 jam
2142 4772 2263 4816 ante
2292 4762 2630 4828 ostendimus,
2676 4771 2830 4824 tutus,
2869 4761 3051 4830 quique
3074 4776 3137 4813 ex
3165 4761 3302 4813 omni
3333 4760 3439 4830 fere

1849 4861 1995 4921 parte
2040 4849 2368 4927 Carthaginis
2414 4864 2578 4923 poteSt
2620 4853 2870 4923 conspici.
2924 4852 3182 4906 Euntdem
3227 4850 3438 4922 Polyhii

1849 4944 2024 5000 locum
2048 4941 2232 5000 Livius
2261 4947 2312 5001 in
2343 4946 2621 5002 historiam
2648 4961 2798 5000 suam
2826 4944 3157 4999 transiet-ens
3184 4946 3262 4999 sic
3294 4946 3437 4998 scri-

1847 5034 1959 5089 bit:
1992 5035 2171 5105 Scipio
2198 5053 2406 5110 gravem
2422 5040 2537 5110 jam
2566 5039 2746 5110 spoliis
2771 5037 3041 5091 multarum
3065 5035 3266 5089 urbium
3288 5052 3435 5091 exer-

1847 5129 2001 5181 citum
2034 5130 2238 5183 trahens
2261 5172 2274 5193 ,
2306 5132 2521 5200 captivis
2547 5130 2751 5201 aliaque
2784 5130 2957 5200 praeda
2984 5129 3039 5182 in
3069 5140 3235 5183 uetera
3264 5139 3433 5183 castra

1848 5219 1916 5275 ad
1945 5221 2146 5276 Uticam
2173 5216 2367 5289 missis,
2397 5226 2514 5293 jam
2551 5224 2605 5277 in
2641 5206 3003 5293 Carthaginem
3038 5224 3433 5276 intentus‘occu—

1848 5324 1937 5386 ραι
1966 5314 2198 5368 relictum
2224 5319 2348 5384 fuga
2371 5315 2639 5368 custodum
2670 5315 2917 5389 Tenen.
2948 5314 3099 5369 Abest
3125 5314 3187 5368 ab
3214 5311 3433 5390 Cartha-

1850 5405 2267 5475 ginciduodecim
2308 5406 2474 5459 millia
2496 5410 2659 5475 ferme
2700 5424 2964 5474 passuum,
3019 5408 3162 5461 locus
3184 5418 3290 5460 tum
3313 5423 3435 5479 ope-

1848 5496 2008 5571 ribus,
2040 5506 2145 5551 tum
2173 5508 2356 5564 suapte
2394 5506 2580 5549 natura
2615 5505 2795 5561 tutus;
2825 5508 2873 5550 et
2908 5498 2995 5567 qui
3033 5499 3096 5550 ab
3128 5496 3439 5568 Carthagine

1849 5591 2096 5659 conspici,
2134 5598 2183 5645 et
2219 5589 2440 5660 prteberc
2466 5589 2576 5658 ipse
2611 5598 2955 5659 prospectum,
2999 5598 3105 5642 tum
3144 5590 3212 5642 ad
3237 5591 3431 5644 urbem.

1851 5693 1957 5739 tum
1978 5684 2046 5739 ad
2069 5684 2441 5755 circumfusum
2464 5696 2605 5738 mare
2628 5680 2743 5737 urbi
2770 5692 2953 5753 posset.
2986 5680 3181 5739 Dscsd.
3206 5682 3345 5755 tu,l.
3375 5698 3433 5750 ι,
