3848 6220
306 162 311 163 ί
362 198 466 254 839

1790 176 2156 234 PROLEGOM
2165 175 2323 232 ENA.

3536 161 3675 220 840

360 310 557 367 Strabo
579 304 1014 377 Geograpltorum
1035 339 1051 363 ,
1080 312 1306 368 quorum
1328 295 1525 364 scripta
1553 294 1619 348 ad
1650 308 1747 347 nos
1770 306 1943 347 venc-
1973 296 2018 353 Λ
2039 288 2400 360 fundamentis
2426 300 2531 342 xxx
2558 284 2767 358 pedum,
2799 281 3016 353 singulae
3044 268 3487 350 contignationum
3516 295 3678 348 qua-

361 417 444 467 re,
485 376 907 469 atttiquiSSitttns,
948 393 1014 446 de
1054 380 1397 457 Carthaginis
1422 384 1537 441 ‘situ
1585 385 1664 439 sic
1712 376 1941 438 scribit:

362 483 651 551 Canrntco
689 485 1054 557 itt,peninsula
1089 480 1312 553 quadam
1347 484 1509 554 jacet,
1550 495 1662 557 quin
1700 478 1946 531 ambitum

363 584 509 639 habet
528 581 807 638 stadiorum
834 565 1018 631 cccu'
1036 590 1181 627 muro
1215 573 1459 636 cinctum,
1500 554 1651 641 cuius
1676 569 1946 641 sexaginta

360 676 641 734 stadiorum
678 668 1050 741 longitudinem
1092 666 1279 720 collum
1316 674 1552 729 occupat,
1595 662 1731 733 quod
1758 679 1789 715 a
1817 661 1949 714 mari

362 768 430 821 ad
456 780 594 818 mare
629 762 866 833 pertinet,
904 760 991 813 ubi
1036 756 1520 827 Carthagincnsium
1551 755 1811 827 elephanti
1837 764 1942 807 sta-

364 857 483 911 bula
505 854 753 909 habebant
776 892 792 917 ,
820 861 866 905 et
901 851 1044 904 locus
1073 848 1423 917 amplissimus
1449 857 1543 903 est.
1574 846 1641 901 In
1662 846 1830 911 media
1859 862 1948 897 ur-

364 951 423 1005 be
450 965 545 1003 ara:
571 947 689 1019 fuit,
729 960 881 1014 quam
924 930 1143 1014 Byrsam
1174 948 1440 1019 vocarunt,
1467 938 1801 1009 supercilium
1826 937 1951 992 satis

360 1051 579 1096 erectum
603 1081 617 1103 ,
663 1038 856 1091 circum
907 1036 1048 1090 circa
1093 1016 1376 1094 habitatiiitt
1402 1075 1417 1098 ,
1466 1033 1523 1086 in
1575 1034 1724 1104 cujus
1770 1032 1950 1083 vertice

357 1131 654 1201 Aisculapii
698 1129 944 1198 templum
977 1136 1105 1191 erat,
1143 1126 1281 1197 quod
1319 1123 1615 1179 Asdrubalis
1641 1116 1781 1176 uxor
1799 1130 1951 1188 capta

360 1228 481 1279 urbe
515 1240 683 1295 secum
709 1222 1066 1277 concremauit.
1099 1219 1219 1273 Arci
1246 1228 1423 1285 portus
1451 1215 1735 1288 subjacent,
1775 1221 1823 1266 et
1851 1208 1951 1266 Co-

361 1318 487 1374 thon
511 1332 669 1386 parva
704 1315 876 1369 insula
914 1330 977 1367 ac
1010 1310 1234 1365 rotunda
1269 1306 1470 1375 Euripo
1505 1303 1844 1368 circumdata,
1880 1301 1949 1355 ad

362 1410 511 1479 cujus
549 1416 815 1475 utramque
850 1413 1047 1475 partem
1086 1410 1203 1455 sunt
1240 1401 1293 1453 in
1334 1400 1506 1454 orbem
1543 1396 1766 1451 navalia.
1811 1393 1942 1448 Eam

362 1504 535 1557 urbem
561 1500 697 1554 Dido
725 1498 953 1553 condidit
991 1496 1125 1567 Tyro
1148 1536 1163 1561 ,
1204 1492 1397 1547 colonis
1423 1507 1481 1546 eo
1510 1490 1774 1552 adductis,
1822 1502 1945 1558 pro-

366 1599 520 1665 fecta.
554 1592 621 1646 Et
657 1592 784 1646 adeo
823 1590 947 1645 bene
975 1588 1123 1643 cessit
1149 1586 1255 1641 haec
1285 1583 1457 1639 Poenis
1488 1582 1706 1647 colonia,
1738 1592 1844 1636 etc.
1873 1578 1943 1633 Et

2053 390 2191 455 tuor.
2235 379 2374 433 Muri
2400 378 2515 433 vero
2543 377 2613 430 ad
2635 374 2909 430 secundam
2934 371 3360 444 contignationem
3383 371 3677 443 pertinge-

2053 471 2200 528 bant.
2223 470 2387 525 Erant
2411 480 2581 524 autent
2608 467 2848 541 fornicati
2877 473 2925 519 et
2957 480 3171 533 capaces
3197 464 3249 517 in
3280 479 3506 534 quorum
3524 464 3675 533 inﬁ—

2048 580 2133 617 ma
2154 574 2298 635 parte
2322 578 2416 618 ccc
2443 559 2695 628 elephanti
2717 557 3133 631 stabulabantur,
3169 554 3434 627 adjunctis
3461 553 3660 623 pabuli

2051 654 2441 728 prontptuariis.
2474 651 2726 721 Superius
2751 657 2895 703 erant
2920 656 3137 717 quatuor
3157 646 3377 699 millium
3399 661 3669 715 equorusu

2050 750 2248 805 stabula
2268 763 2385 801 cum
2409 744 2585 818 hordei
2604 742 2882 814 penuariis.
2920 739 3164 794 Virorum
3187 755 3390 809 quoque
3411 738 3668 794 diverso-

2050 845 2152 908 ria,
2191 857 2261 895 xx
2306 839 2524 893 millium
2562 838 2805 908 peditum,
2863 844 3083 901 quatuor
3130 833 3351 888 millium
3396 833 3663 901 equitum.

2050 935 2244 990 Tantus
2265 941 2542 1005 apparatus
2562 932 2771 984 bellicus
2800 928 3119 983 ordinarium
3147 916 3320 983 locum
3348 928 3566 983 habebat
3594 928 3665 981 in

2051 1029 2175 1085 solis
2202 1026 2471 1081 menibus.
2503 1024 2734 1095 Angulus
2761 1032 2933 1076 autem
2957 1063 2973 1082 .
3010 1021 3099 1092 qui
3123 1021 3185 1075 ab
3213 1011 3309 1074 hoc
3337 1038 3491 1075 muro
3516 1037 3669 1090 pra:-

2054 1130 2129 1174 ter
2148 1120 2337 1173 dictam
2371 1116 2596 1187 linguam
2618 1114 2687 1167 ad
2712 1121 2891 1183 portus
2911 1112 3229 1183 ﬂectebatur,
3252 1117 3396 1168 solus
3423 1122 3536 1168 erat
3556 1113 3665 1168 de-

2049 1210 2166 1264 bilis
2189 1219 2237 1264 et
2275 1207 2505 1271 humilis,
2556 1205 2811 1275 neglectus
2842 1220 2874 1257 a
2909 1204 3184 1275 principio.
3234 1203 3312 1268 Hi,
3349 1216 3533 1277 portus
3574 1206 3664 1259 sic

2052 1311 2194 1356 erant
2220 1299 2485 1369 dispositi,
2516 1306 2573 1351 ut
2607 1297 2867 1368 navigatio
2897 1305 3024 1351 esset
3064 1313 3127 1351 ea:
3152 1297 3258 1352 alio
3282 1298 3337 1350 in
3365 1298 3530 1351 alium
3550 1340 3565 1365 ,
3597 1308 3664 1351 et

2048 1395 2111 1449 ab
2149 1394 2254 1447 alto
2294 1408 2451 1446 unum
2492 1406 2758 1445 commune
2792 1407 2849 1444 os
2894 1391 3097 1460 patebat
3128 1390 3290 1445 latum
3330 1391 3484 1461 pedes
3523 1409 3663 1456 ως,

2051 1487 2187 1558 quod
2205 1485 2547 1540 claudebatur
2583 1486 2778 1544 catenis
2808 1486 3006 1557 ferreis.
3053 1483 3261 1540 Primus
3290 1494 3471 1557 portus
3498 1503 3667 1557 nego-

2048 1584 2287 1637 tiatorum
2313 1579 2443 1641 erat,
2472 1589 2519 1633 et
2544 1581 2597 1633 in
2628 1597 2685 1634 eo
2712 1580 2939 1635 taberna:
2965 1579 3016 1632 in
3039 1590 3316 1633 nautarum
3338 1596 3493 1634 usum
3516 1580 3664 1634 mul-

365 1703 523 1743 mox:
552 1684 748 1752 Quibus
770 1684 946 1755 Opibus
967 1683 1071 1746 usi,
1094 1678 1518 1749 Carthaginenses
1538 1675 1747 1741 scilicet,
1778 1673 1951 1726 urbem
1980 1675 2025 1734 Β
2053 1684 2118 1730 ιω
2153 1675 2283 1729 varii
2318 1673 2540 1749 generis.
2588 1672 2859 1728 lnterioris
2886 1688 3003 1727 vero
3045 1683 3224 1742 portus
3265 1673 3319 1726 in
3350 1672 3523 1726 medio
3556 1672 3669 1742 fuit

365 1796 512 1836 suam
559 1762 738 1833 Roma
780 1776 1017 1831 centulam
1053 1778 1235 1845 fecere,
1277 1781 1328 1826 et
1371 1772 1470 1824 tria
1511 1769 1734 1822 maxima
1776 1775 1953 1819 contra

367 1872 629 1927 Romanos
675 1869 807 1924 bella
862 1883 1078 1939 gessere.
1140 1861 1625 1935 Carthaginensium
1671 1858 1949 1930 potentiam

365 1969 588 2020 maxime
611 1980 675 2017 ea:
703 1962 879 2016 ultimo
910 1975 1080 2013 eorum
1117 1957 1249 2010 bello
1278 1956 1532 2010 wstimare
1563 1957 1727 2023 possis
1747 1992 1761 2015 ,
1791 1967 1891 2020 quo
1918 1966 1951 2003 a

367 2058 611 2129 Scipione
640 2053 926 2109 [Entiliano
953 2050 1054 2123 ipsi
1073 2049 1271 2114 devicti,
1296 2056 1341 2101 et
1363 2046 1479 2100 urbs
1499 2045 1610 2099 solo
1630 2053 1704 2098 est
1724 2052 1928 2112 (equam.

362 2157 522 2212 Initio
548 2146 681 2209 Enim
727 2154 837 2222 ejus
865 2150 984 2205 belli
1007 2163 1103 2204 ccc
1131 2145 1278 2200 urbes
1304 2144 1356 2198 in
1384 2142 1560 2213 Africa
1583 2138 1833 2195 habebant
1854 2153 1873 2191 :
1894 2153 1948 2190 tn

364 2249 489 2304 urbe
516 2248 780 2303 hominum
804 2244 967 2298 millia
995 2241 1345 2312 septingenta.
1370 2234 1575 2290 Obsessi
1607 2248 1788 2304 porro,
1820 2238 1865 2285 et
1891 2239 1949 2287 ut

362 2342 432 2396 ad
459 2341 763 2396 deditionem
793 2343 1100 2410 spectarent,
1132 2332 1296 2386 coacti
1321 2339 1601 2383 armatura:
1629 2327 1799 2401 grauis
1831 2333 1941 2378 tra-

360 2433 598 2488 diderunt
616 2432 834 2485 ducenta
854 2426 1039 2495 millia,
1063 2424 1473 2496 catapelticorum
1494 2422 1951 2475 instrumentorum

360 2529 460 2584 tria
489 2526 599 2598 3o
632 2523 817 2591 millia,
851 2538 918 2577 ne
954 2535 1105 2587 porro
1144 2518 1208 2572 iis
1244 2514 1433 2570 bellum
1466 2514 1627 2583 fieret.
1678 2510 1785 2567 Sed
1834 2525 1950 2563 cum

358 2636 534 2677 rursus
552 2602 751 2674 bellum
774 2631 948 2689 gerere
969 2611 1308 2667 decreuissent
1327 2649 1344 2675 ,
1374 2622 1495 2661 mox
1528 2621 1673 2658 arma
1701 2602 1951 2675 fabricari

356 2730 550 2783 clepere
575 2728 673 2767 :ac
699 2708 920 2782 singulis
946 2705 1122 2761 diebus
1157 2718 1266 2759 cxx.
1310 2700 1478 2773 clypei
1508 2699 1757 2767 compecti
1783 2697 1837 2750 in
1860 2712 1947 2749 ar-

359 2804 666 2861 mentarium
689 2786 1058 2873 referebantur,
1108 2806 1154 2851 et
1183 2795 1343 2869 gladii
1380 2808 1477 2849 ccc
1508 2803 1555 2847 et
1587 2794 1776 2846 lancem
1799 2789 1952 2858 quin-

359 2907 545 2973 gentae,
583 2908 629 2951 et
656 2895 797 2949 mille
821 2894 963 2948 tela:
997 2907 1112 2961 qua:
1145 2907 1172 2945 e
1200 2887 1476 2957 catapultis
1503 2886 1853 2961 mitterentur:
1883 2882 1952 2936 ad

359 3006 577 3060 quarunt
617 2992 765 3060 funes
813 2984 1159 3055 conficiendos
1202 2980 1407 3037 ancilla:
1441 2979 1607 3033 crines
1641 2975 1949 3048 prazbebant.

2054 1772 2225 1827 insula
2249 1813 2264 1839 ,
2288 1788 2432 1843 queo,
2466 1772 2597 1825 sicut
2625 1782 2670 1825 et
2699 1781 2878 1840 portus
2896 1814 2910 1830 .
2941 1780 3214 1842 perpetuas
3241 1770 3465 1825 habebat
3490 1772 3674 1840 crepi-

2053 1866 2199 1920 dines
2234 1880 2450 1935 magnas
2481 1863 2745 1918 navalibus
2774 1867 3021 1934 refertas,
3053 1880 3167 1933 qua:
3194 1879 3333 1919 ccxx
3373 1880 3532 1917 naues
3572 1879 3674 1916 ca-

2053 1966 2263 2031 perent:
2306 1957 2385 2010 Itis
2408 1957 2553 2010 cetltc
2576 1955 2933 2020 imminebant,
2963 1955 3053 2008 ubi
3082 1955 3436 2009 condebantur
3460 1956 3668 2009 instru-

2053 2060 2223 2106 menta
2268 2050 2573 2104 triremium.
2635 2047 2808 2103 Unum
2866 2058 3035 2101 autem
3083 2048 3322 2117 quodque
3370 2046 3557 2100 navale
3607 2046 3670 2099 in

2052 2145 2221 2215 fronte
2248 2140 2464 2196 habebat
2485 2141 2616 2195 duas
2634 2142 2901 2199 columnas
2929 2140 3099 2207 operis
3128 2137 3320 2207 Ionici,
3351 2148 3407 2192 ut
3435 2139 3664 2193 circurn—

2051 2234 2384 2305 spicientibus
2432 2240 2860 2303 reprtesetttarent
2911 2232 3133 2303 speciem
3173 2232 3407 2303 porticus
3456 2241 3565 2299 tam
3610 2230 3673 2283 in

2058 2340 2210 2404 portu
2249 2346 2404 2402 quam
2448 2330 2501 2382 in
2546 2328 2752 2383 insula:
2796 2328 2848 2381 in
2882 2343 2982 2398 qua
3011 2334 3120 2400 erat
3144 2334 3189 2380 et
3218 2324 3452 2396 preteeti
3484 2324 3676 2378 classis

2053 2425 2371 2499 prtetorium,
2404 2422 2541 2477 unde
2584 2422 2780 2476 tubicen
2819 2413 3010 2476 solebat
3039 2435 3220 2474 canere
3268 2419 3574 2483 classicum,
3620 2427 3675 2470 et

2057 2535 2226 2591 prteco
2249 2518 2471 2581 edicere,
2494 2526 2541 2570 et
2562 2517 2837 2586 prtefectus
2868 2512 3178 2583 prospicere.
3210 2510 3340 2565 Erat
3356 2521 3533 2564 unum
3558 2511 3677 2564 haec

2053 2611 2228 2666 insula
2256 2610 2334 2665 ori
2367 2617 2544 2679 portus
2572 2607 2830 2678 Opposita,
2862 2614 2907 2659 et
2938 2605 2989 2658 in
3015 2604 3223 2675 (angunt
3254 2603 3485 2671 spatium
3516 2613 3678 2675 pate~

2053 2705 2138 2759 bat
2163 2746 2178 2770 ,
2215 2714 2270 2758 ut
2312 2703 2585 2775 prwfectus
2626 2699 2804 2772 procul
2834 2699 3024 2753 videret
3054 2698 3261 2762 omnia,
3306 2713 3425 2767 qua:
3464 2698 3522 2750 in
3553 2696 3671 2750 alto

2056 2798 2258 2865 ﬁerent,
2306 2805 2541 2849 creterum
2582 2790 3012 2862 udnavigantibus
3049 2806 3150 2843 non
3190 2798 3357 2842 essent
3399 2780 3693 2858 εοηερὶειιῖ

2061 2905 2287 2944 recessus
2313 2881 2551 2959 portuum
2575 2901 2592 2937 :
2614 2885 2715 2938 imo
2738 2900 2827 2937 nec
2847 2881 3209 2937 mercatoribus
3229 2881 3440 2952 quidem
3462 2891 3681 2953 portum

2056 2967 2213 3037 suuni
2252 2978 2564 3034 intrantibus
2602 2978 2774 3032 statim
2814 2976 3187 3047 in'conspectu
3238 2985 3384 3028 erant
3431 2976 3676 3028 navalia.

358 3083 540 3138 Adhuc
561 3097 713 3136 naves
762 3096 834 3135 xu
871 3077 1120 3133 habebant
1145 3075 1205 3129 ab
1227 3089 1361 3129 anno
1382 3072 1798 3143 quinquagesimo
1817 3084 1844 3122 e
1864 3067 1949 3137 {aa-

2131 3090 2205 3127 ant
2230 3070 2546 3126 circumdata
2574 3078 2721 3124 erant
2745 3083 2895 3122 muro
2925 3067 3117 3139 duplici
3142 3082 3161 3121 :
3192 3076 3239 3120 et
3261 3076 3415 3135 porta
3437 3067 3686 3137 negotia-

357 3178 566 3232 deribus
599 3176 654 3230 in
685 3173 909 3229 secundo
938 3171 1069 3226 bello
1110 3167 1380 3237 percussis.
1425 3164 1558 3219 Tum
1594 3179 1711 3218 vero
1750 3161 1953 3215 tantetsi

357 3270 412 3324 iu
434 3286 598 3323 arcem
627 3266 997 3340 confugissent,
1046 3261 1247 3317 duobus
1272 3257 1533 3313 mensibus
1561 3272 1665 3312 cxx
1696 3269 1847 3309 naves
1868 3270 1955 3307 ca-

359 3365 657 3433 taphractus
687 3367 1102 3424 construxerunt,
1129 3364 1176 3409 et
1205 3369 1323 3408 cum
1344 3350 1589 3406 Cothonis
1617 3349 1802 3403 ostium
1830 3361 1957 3418 prte-

351 3459 491 3514 ‘sidio
526 3462 879 3528 occuparetur,
925 3449 1072 3505 aliud
1119 3444 1363 3515 effodere,
1398 3443 1536 3497 unde
1576 3442 1741 3497 subito
1777 3438 1956 3520 classis

356 3548 524 3623 erupit
550 3564 571 3614 ,'
609 3513 780 3601 adhuc
803 3544 943 3600 enim
969 3513 1183 3610 antiqua
1209 3536 1447 3618 materies
1474 3536 1529 3588 in
1559 3541 1797 3606 promptu
1824 3513 1953 3597 erat,

449 3614 716 3713 labrorum
757 3634 1037 3692 multitudo
1062 3614 1300 3705 publicis
1352 3628 1612 3682 alimentis
1665 3633 1955 3693 sustentata

357 3734 497 3807 operi
546 3730 779 3804 faciendo
815 3729 1030 3787 intenta.
1078 3722 1333 3797 Carthago
1373 3731 1544 3775 tamen
1580 3761 1596 3785 ,
1659 3728 1804 3771 tanta.
1840 3732 1954 3770 cunt

355 3834 505 3892 esset,
536 3813 686 3895 capta
715 3831 787 3877 est
810 3830 857 3876 et
885 3820 1071 3875 deleta.
1104 3816 1177 3871 De
1205 3815 1357 3871 Utica
1381 3810 1793 3882 Cartltaginensi
1824 3808 1957 3867 vici-

355 3935 424 3975 na
452 3918 529 3974 sic
554 3898 745 3983 scribit
770 3915 913 3970 idem
955 3912 1150 3970 Strabo
1185 3909 1343 3979 paulo
1377 3918 1502 3962 ante
1533 3907 1707 3960 locum
1728 3903 1839 3974 jam
1872 3916 1955 3957 re.

355 4012 579 4067 citatum
608 4030 621 4066 :
657 4006 811 4063 Utica
832 4016 882 4061 et
906 4001 1262 4076 magnitudine
1291 4010 1336 4055 et
1367 4000 1616 4070 dignitate
1638 3996 1865 4051 secunda
1883 4005 1960 4049 est

358 4125 390 4161 a
430 4104 786 4174 Carthagine:
840 4110 992 4170 atque
1044 4100 1140 4151 hac
1190 4095 1361 4150 excisa
1396 4102 1551 4163 caput
1590 4090 1811 4162 regionis
1860 4089 1959 4158 fuit

362 4197 718 4279 (μητρόπολις)
750 4206 796 4284 et
825 4193 1204 4266 receptaculum
1232 4186 1584 4268 (ὁρμητήριον)
1616 4186 1864 4242 Romanis
1892 4185 1960 4238 ad

361 4312 445 4350 res
472 4295 525 4348 in
556 4293 734 4364 Africa
757 4279 1023 4361 gerendas.
1076 4285 1141 4339 In
1172 4287 1351 4339 eodem
1379 4282 1498 4337 sinu
1539 4282 1639 4334 sita
1674 4288 1746 4334 est
1772 4279 1829 4331 in
1858 4293 1959 4348 quo

364 4388 652 4459 Carthago,
685 4384 753 4438 ad
777 4383 999 4437 alterunt
1024 4398 1089 4436 ea:
1109 4377 1474 4449 promontoriis
1496 4417 1511 4442 ,
1543 4389 1656 4446 quae
1685 4374 1850 4428 sinum
1879 4374 1961 4443 fa-

2060 3181 2193 3225 tores
2235 3186 2265 3223 e
2293 3168 2458 3234 primo
2490 3174 2641 3231 portu
2672 3164 2725 3217 in
2754 3162 2926 3216 urbem
2960 3161 3333 3216 transmittebat
3362 3178 3468 3215 non
3502 3171 3687 3218 trans-

2058 3269 2235 3315 euntes
2266 3275 2356 3329 per
2393 3255 2615 3310 navalia.
2660 3253 2788 3309 Hac
2816 3262 2925 3307 erat
2955 3252 3044 3306 illo
3072 3262 3295 3323 tempore
3342 3252 3507 3319 {acies
3542 3250 3681 3306 Car-

2058 3355 2310 3428 thaginis.
2338 3352 2612 3407 Hactenus
2632 3349 2792 3405 verba
2808 3347 3060 3419 Appiani,
3087 3361 3207 3417 qua:
3224 3346 3411 3415 juncta
3429 3345 3678 3416 Polyhii,

2058 3450 2192 3505 Livii
2252 3461 2317 3503 ac
2377 3444 2663 3515 Strabonis
2723 3441 3045 3498 testimoniis
3093 3441 3256 3496 situm
3313 3438 3681 3511 Carthaginis

2058 3549 2251 3599 exacte
2287 3544 2701 3610 repraesentant.
2740 3536 2853 3591 Etsi
2892 3544 3072 3589 autem
3113 3530 3406 3602 nequidem
3438 3532 3686 3587 Cartha-

2062 3635 2203 3707 ginis
2246 3631 2444 3689 rudcra
2488 3645 2631 3684 nunc
2677 3629 2996 3693 subsistant,
3044 3626 3131 3680 illa
3164 3634 3344 3681 tamen
3379 3625 3678 3695 peninsula

2058 3727 2356 3783 etiamnum
2381 3740 2409 3777 a
2435 3722 2613 3778 nautis
2637 3713 3072 3777 Promontoriutn
3098 3717 3445 3789 Carthaginis
3477 3717 3684 3789 appel-

2041 3822 2221 3897 piatur.

2131 3910 2560 3981 Carthaginenses
2592 3906 2839 3977 episcopi.
2864 3935 2935 3944 —
2956 3902 3173 3958 Primus
3198 3917 3229 3959 e
3261 3900 3681 3973 Carthaginen-

2058 4003 2208 4059 sibus
2236 4001 2504 4070 episcOpis
2532 3998 2687 4070 cujus
2713 3997 2779 4052 ad
2810 4011 2908 4050 nos
2935 3997 3194 4049 memoria
3248 3994 3561 4064 pervenerit
3588 4001 3676 4048 est

2058 4095 2401 4152 Acntppmus.
2460 4091 2632 4161 Hujus
2685 4088 3013 4145 mentionem
3066 4086 3189 4141 facit
3241 4084 3552 4157 Cyprianus
3583 4100 3673 4153 ep.

2060 4204 2204 4244 nunc
2227 4204 2378 4253 Lm,
2403 4185 2470 4240 ad
2497 4184 2778 4254 Quintum,
2803 4181 2895 4236 ubi
2922 4179 3249 4250 baptismum
3275 4177 3676 4233 hmreticorum

2066 4280 2278 4334 irritum
2301 4292 2425 4334 esse
2445 4275 2801 4338 contendens,
2828 4276 2900 4327 ita
2924 4271 3108 4326 laudat
3135 4268 3420 4340 Agrippini
3443 4261 3683 4323 Cartha:

2040 4370 2310 4441 Aginensis
2345 4367 2585 4439 episcOpi
2617 4380 2680 4421 ea
2713 4364 2781 4418 de
2822 4379 2882 4418 re
2921 4362 3239 4417 decretum:
3282 4359 3438 4426 Quod
3463 4363 3680 4431 quidem

363 4486 518 4541 ciunt.
558 4454 777 4537 'Horum
819 4478 874 4532 id
911 4476 1048 4541 quod
1078 4479 1234 4545 juxta
1260 4472 1464 4527 Uticam
1491 4480 1586 4535 est,
1626 4465 1962 4535 Apollonium
1990 4463 2039 4524 D
2066 4472 2112 4517 et
2134 4463 2449 4534 Agrippinus
2478 4459 2626 4513 bona:
2656 4456 2915 4511 memoriis
2940 4456 3034 4518 vir,
3057 4471 3172 4509 cum
3193 4454 3391 4508 ueteris
3409 4455 3678 4526 coepisco-

361 4587 593 4645 ooeatur,
624 4575 847 4629 alterum
874 4585 995 4626 vero
1024 4567 1346 4623 Hormteum.
1396 4562 1558 4619 Urbes
1580 4561 1710 4631 ipste
1737 4560 1809 4613 ita
1841 4566 1962 4612 sunt

362 4675 492 4737 sitia,
535 4681 592 4727 ut
618 4685 774 4726 unam
811 4665 979 4739 possis
1005 4679 1067 4718 ea:
1092 4661 1255 4717 altera
1281 4660 1512 4713 cernere.
1550 4653 1721 4725 PrOpe
1756 4651 1960 4707 Uticam

364 4765 607 4837 Bagrada
632 4762 821 4833 ﬂuuius
857 4756 1068 4813 labitur.
1108 4754 1385 4825 Appianus
1428 4745 1734 4804 Alexander
1766 4743 1859 4799 lib.
1890 4743 1959 4798 de

362 4836 521 4913 bellis
559 4854 810 4921 Punicis,
853 4858 1100 4907 vertente
1140 4845 1456 4902 doctissimo
1482 4837 1827 4911 Sigismundo
1855 4836 1962 4893 Ge—

293 4940 303 4946 ’
361 4944 539 5007 lenio‘:
572 4946 687 5003 Sita
714 4953 821 4999 erat
841 4940 1100 5012 Carthago
1121 4940 1176 4993 in
1201 4938 1385 4992 intimo
1406 4936 1522 4990 sinu
1552 4947 1758 5003 magno,
1782 4930 1962 5000 penin-

361 5043 494 5099 sulw
530 5040 731 5095 similis.
769 5035 1116 5095 Ceroixfenim
1145 5051 1257 5090 eam
1297 5050 1330 5087 α
1363 5029 1651 5086 continente
1689 5023 1961 5082 senarabat

364 5136 472 5190 lata
496 5148 597 5187 xxv
625 5129 814 5184 stadia.
855 5129 931 5183 Ab
958 5144 1019 5182 ea
1046 5126 1239 5182 ceruice
1267 5124 1448 5193 lingua
1472 5120 1711 5192 qntedam
1738 5117 1959 5188 oblonga

364 5222 716 5282 semistadium
762 5222 903 5284 lata,
944 5216 1241 5273 excurrebat
1273 5231 1445 5270 versus
1472 5211 1799 5267 Occidentem
1826 5211 1958 5263 inter

364 5328 605 5391 stagnum
648 5324 696 5370 et
737 5328 896 5378 mare,
939 5309 1154 5379 rupibus
1194 5308 1422 5376 undique
1465 5307 1680 5370 munita,
1725 5313 1773 5358 et
1810 5317 1958 5355 muro

364 5411 615 5483 simplice.
667 5405 856 5463 Versus
902 5401 1167 5457 Meridiem
1205 5411 1249 5453 et
1288 5401 1646 5466 continentem,
1688 5398 1771 5450 ubi
1804 5396 1958 5450 etiam

318 5512 334 5523 ‘
368 5505 537 5577 Byrsa
576 5511 685 5558 erat
716 5501 775 5555 in
812 5498 1023 5561 ceruice,
1060 5510 1239 5549 murus
1270 5491 1456 5562 triplex
1495 5500 1624 5555 erat,
1666 5489 1803 5543 altus
1846 5500 1955 5543 xxx

368 5599 562 5655 cubitos
584 5596 773 5667 absque
802 5588 1215 5665 propugnaculis
1236 5596 1284 5640 et
1311 5584 1560 5650 turribus,
1592 5599 1706 5653 qute
1725 5582 1960 5636 binorum

365 5695 601 5766 fugerunt
631 5690 812 5762 spatiis
842 5688 971 5742 inter
1001 5702 1054 5742 se
1081 5681 1337 5739 distabunt
1364 5695 1454 5751 per
1491 5676 1790 5741 circuitum,
1822 5674 1961 5727 nixa:

2070 4557 2173 4623 pis,
2213 4554 2302 4624 qui
2336 4553 2429 4608 illo
2461 4561 2688 4617 tempore
2728 4550 2781 4603 in
2821 4548 3084 4622 provincia
3112 4546 3293 4619 Africa
3329 4556 3377 4601 et
3417 4544 3678 4603 Numidia

2068 4646 2355 4702 Ecclesium
2380 4644 2591 4700 Domini
2620 4642 2990 4717 gubernabant,
3034 4642 3213 4697 statuit
3249 4649 3300 4695 et
3333 4640 3527 4697 librato
3552 4658 3678 4695 cou-

2064 4743 2169 4798 silii
2190 4742 2472 4796 communis
2494 4740 2728 4794 examine
2748 4737 2990 4807 ﬁrmavit.
3030 4735 3100 4791 Et
3133 4750 3220 4805 ep.
3256 4749 3451 4803 uxnt,
3482 4735 3551 4789 ad
3583 4734 3678 4790 Ju-

2067 4835 2342 4901 baianum,
2375 4833 2426 4887 iu
2459 4846 2563 4903 qua
2594 4831 2709 4886 lucc
2731 4829 2841 4884 ait:
2869 4828 3026 4898 Apud
3070 4843 3163 4881 nos
3188 4835 3377 4903 autem
3403 4842 3509 4879 non
3540 4842 3673 4880 noua

2066 4932 2156 4978 aut
2194 4923 2460 4994 repentina
2500 4937 2580 4975 res
2621 4928 2731 4986 est,
2771 4928 2827 4971 ut
2862 4916 3202 4987 baptizandos
3242 4931 3549 4971 censeamus
3586 4932 3674 4970 eos

2066 5020 2154 5092 qui
2193 5017 2256 5071 ab
2288 5015 2537 5071 Itwreticis
2573 5014 2642 5068 ad
2685 5012 2969 5066 Ecclesium
3008 5011 3236 5076 ueniunt,
3266 5008 3480 5079 quando
3517 5009 3669 5064 multi

2059 5116 2173 5185 jam
2214 5112 2339 5165 anni
2370 5117 2511 5175 sunt,
2554 5116 2601 5163 et
2632 5106 2787 5177 longa
2815 5115 2961 5171 tetas,
3002 5120 3065 5158 et
3101 5118 3201 5174 quo
3240 5101 3336 5157 sub
3377 5102 3669 5173 Agrippino

2062 5208 2211 5269 bona:
2230 5204 2486 5259 memoriae
2504 5204 2633 5266 viro,
2662 5200 3013 5255 convenientes
3034 5199 3087 5251 in
3109 5214 3272 5251 unum
3292 5197 3519 5270 episcopi
3544 5198 3663 5267 plu-

2062 5301 2182 5353 rimi
2218 5297 2316 5351 hoc
2350 5295 2642 5350 statuerint.
2685 5292 2969 5350 Scribebat
3013 5288 3132 5344 haec
3170 5288 3483 5361 Cyprianus
3524 5304 3666 5345 anno

2064 5393 2193 5460 254,
2232 5409 2340 5464 quo
2387 5400 2632 5461 tempore
2672 5389 2828 5460 longa
2869 5386 2979 5457 jam
3011 5395 3143 5440 aetas
3180 5383 3579 5449 intercedebat,
3614 5394 3666 5441 et

2068 5486 2218 5540 multi
2252 5484 2378 5540 anni
2404 5482 2572 5550 elapsi
2606 5488 2765 5537 erant
2792 5495 2821 5534 a
2853 5487 3054 5534 statuto
3090 5468 3372 5549 Agrippini
3399 5493 3416 5544 ;
3448 5493 3515 5534 ac
3544 5494 3667 5549 pro-

2068 5577 2193 5631 inde
2224 5575 2439 5631 videtur
2464 5574 2555 5630 ille
2578 5588 2684 5628 non
2714 5572 2895 5636 tertio,
2925 5579 2979 5625 ut
3008 5572 3169 5642 vulgo
3196 5568 3410 5640 putant,
3444 5570 3545 5626 sed
3572 5571 3670 5627 sub

2079 5670 2245 5726 tinctu
2291 5668 2514 5726 secundi
2561 5666 2817 5723 Ecclesia:
2864 5665 3045 5723 smculi
3088 5663 3406 5735 Carthagini
3464 5663 3675 5721 sedisse
