3848 6220
215 222 352 283 8H

1393 225 1839 286 GEOGRAPIIIA
1873 223 2100 282 SACHA
2127 223 2426 281 AFRICE.

3429 230 3542 287 8&9

235 341 412 400 Certe
432 345 800 409 Tertullianus
818 344 888 402 de
906 344 1177 416 baptismo
1190 344 1568 400 haereticorum
1582 346 1831 415 loquens,
1861 348 1916 407 Α
1939 354 2069 405 uua,
2103 338 2447 419 Parmeniani
2468 351 2860 394 successorem.
2885 336 2943 392 In
2965 352 3072 409 quo
3091 338 3304 397 videtur
3320 356 3537 401 succes-

230 434 293 490 in
322 435 459 493 libro
488 438 558 495 de
581 439 858 510 Baptismo
887 451 1046 508 quem
1071 437 1217 493 circa
1244 450 1444 493 annum
1463 438 1571 493 200
1600 436 1837 493 conscri-

235 531 389 599 psit,
419 522 635 587 videtur
653 530 721 586 ad
749 531 851 586 hoc
873 519 1161 600 Agrippini
1185 528 1463 586 decretum
1494 529 1798 601 respexisse
1817 570 1835 599 ,

229 620 383 696 cum
405 624 517 679 ait:
566 622 719 680 Circa
751 622 1019 678 haereticos
1045 637 1169 676 sane
1205 622 1328 691 quid
1356 622 1745 677 custodiendum
1770 623 1837 677 sit

230 716 401 789 digne
419 716 534 788 quis
562 708 844 770 retractet?
869 712 951 767 Ad
975 728 1068 767 nos
1092 712 1228 767 enim
1247 714 1438 768 editum
1464 722 1558 769 est.
1587 713 1691 769 Per
1717 712 1835 770 btec

218 808 407 877 verba
454 807 524 861 ad
562 823 656 861 nos
688 806 825 861 enim
864 803 1057 860 editum
1096 813 1193 873 est,
1240 802 1529 875 decretum
1552 804 1832 877 Agrippini

229 899 513 971 designari
544 897 726 955 nullus
750 896 960 953 dubito.

311 1012 446 1083 qut
472 1010 617 1066 hunc
643 1024 676 1065 a
700 1009 975 1067 nonnullis
997 1010 1299 1067 collocatur
1325 1010 1511 1083 Cyrus,
1537 1012 1689 1081 cujus
1719 1026 1833 1066 me—

144 1112 149 1113 ’
232 1070 415 1160 mor-iit
436 1110 619 1159 exstat
641 1104 698 1158 in
725 1102 1109 1178 martyrologio
1129 1070 1573 1175 Romanovpridie
1594 1070 1715 1160 idus
1738 1103 1832 1160 Ju-

228 1194 318 1261 lii,
341 1195 466 1251 etin
491 1196 647 1266 cujus
674 1194 961 1252 festivitate
980 1195 1225 1252 habiturn
1246 1210 1369 1252 esse
1389 1210 1420 1250 a
1442 1195 1503 1251 S.
1530 1196 1830 1266 Augustino

228 1300 546 1343 sermonem
565 1288 641 1343 ait
655 1287 961 1353 Possidius,
986 1304 1175 1344 verum
1201 1290 1471 1346 neutroin
1493 1290 1619 1345 loco
1634 1290 1831 1345 dicithr

224 1377 403 1436 fuisse
421 1378 863 1451 Carthaginensis
888 1378 1198 1452 episc0pus.
1227 1382 1300 1437 At
1322 1381 1583 1436 Dounuu
1605 1380 1831 1452 Cypria-

224 1471 284 1527 ni
336 1480 739 1528 antecessorem
782 1471 951 1528 fuisse
987 1481 1221 1537 constat,
1271 1487 1341 1528 ex
1391 1473 1510 1542 ipso
1557 1472 1828 1544 Cypriane

225 1566 463 1638 epistola
489 1566 616 1620 olim
644 1581 748 1631 LV,
778 1580 922 1621 nunc
949 1580 1065 1631 ιιι,
1096 1564 1162 1619 ad
1193 1563 1506 1620 Cornelium
1530 1565 1826 1619 Romanum

228 1660 573 1730 episcopum,
605 1660 658 1714 in
699 1673 803 1728 qua
833 1666 1049 1714 narrat:
1086 1656 1356 1712 Privatum
1383 1666 1598 1712 veterem
1622 1658 1827 1712 lucreti-

225 1766 348 1803 cum
376 1751 432 1806 in
457 1749 818 1806 Lambesitana
840 1749 1047 1805 colonia
1072 1759 1188 1805 ante
1213 1749 1401 1804 multos
1431 1748 1539 1819 {ere
1570 1765 1734 1804 annos

220 1840 395 1895 multa
424 1849 472 1896 et
502 1842 680 1915 gravia
702 1841 907 1910 delicta,
936 1840 1216 1913 nonaginta
1240 1841 1594 1913 episcoporum
1623 1851 1827 1897 senten-

220 1933 305 1989 tia
325 1934 761 2000 condemnatum;
801 1943 1184 1992 antecesson
1212 1936 1365 1989 etiam
1404 1943 1717 2001 nostrorum,
1745 1937 1825 1989 in-

220 2027 368 2097 quit,
395 2024 534 2098 qaod
554 2036 602 2082 et
630 2036 850 2083 uestram
873 2028 1236 2083 conscientiam
1256 2044 1360 2083 non
1383 2028 1505 2085 latet
1529 2027 1755 2085 Fabiani
1776 2039 1823 2084 et

219 2118 421 2174 Donati
443 2121 625 2177 litteris
642 2121 955 2176 seuerissime
973 2132 1229 2177 notatum.
1253 2121 1357 2180 Ubi
1378 2123 1645 2186 Donatum
1670 2132 1824 2179 ante-

217 2226 499 2269 cessorem
520 2227 678 2270 suum
707 2213 838 2270 dicit
866 2213 1059 2271 eodem
1084 2214 1251 2286 gradu
1279 2230 1386 2285 quo
1412 2215 1686 2272 Fabianus
1705 2200 1825 2273 erat

224 2313 549 2360 antecessor
571 2303 827 2374 Cornelii,
848 2319 912 2362 ac
933 2306 1161 2376 proinde
1183 2308 1325 2363 sicut
1349 2307 1529 2363 nullus
1555 2306 1656 2363 fuit
1676 2309 1824 2364 inter

232 2393 535 2452 Fabianum
563 2404 621 2452 et
657 2396 970 2453 Cornelium
998 2398 1054 2453 in
1084 2398 1214 2455 sede
1240 2398 1503 2465 Romana,
1537 2399 1617 2455 sic
1639 2398 1821 2455 nullus

220 2484 375 2543 inter
400 2482 667 2542 Deuatum
704 2473 762 2544 et
793 2487 1117 2559 Cyprianum
1146 2488 1202 2543 in
1227 2487 1359 2545 sede
1387 2481 1818 2560 Carthaginiensi.

304 2600 443 2658 Huic
468 2617 599 2674 ergo
623 2604 1053 2660 successit-anno
1090 2600 1198 2659 248
1223 2603 1525 2662 Cvrntttuus
1545 2648 1559 2673 ,
1581 2606 1672 2677 qui
1698 2622 1822 2679 pas-

213 2709 317 2751 sus
336 2704 420 2752 est
445 2695 535 2752 die
552 2694 619 2751 18
650 2694 866 2753 kalend.
896 2694 1146 2767 Augusti,
1173 2695 1352 2753 Tusco
1374 2706 1428 2753 et
1460 2699 1625 2759 Basso
1648 2714 1815 2770 coss.,

213 2802 366 2843 anno
394 2804 522 2845 tera:
543 2789 779 2861 vulgaris
796 2789 926 2856 258,
952 2800 1011 2846 ut
1030 2790 1257 2848 habetur
1280 2792 1338 2848 in
1365 2791 1515 2848 fastis
1536 2791 1813 2848 ldatianis.

290 2879 562 2953 Cypriane
624 2882 885 2954 successit
936 2881 1245 2951 Lucanus,
1302 2884 1457 2954 cujus
1508 2883 1716 2940 mentio
1757 2885 1819 2940 tit

218 2975 371 3045 apud
391 2975 668 3046 Optatum,
685 2974 774 3043 l.t,
805 2976 834 3049 ς
859 2975 948 3044 19,
971 2976 1060 3034 ubi
1089 2975 1520 3047 pracdecessores
1538 2976 1814 3033 Caeciliani

212 3066 279 3123 in
302 3067 434 3125 sede
461 3067 873 3139 Carthaginensi
893 3110 909 3137 ,
941 3069 1013 3125 ita
1043 3078 1432 3125 enumerantur
1457 3087 1473 3125 :
1501 3068 1631 3125 Erat
1652 3070 1816 3125 altare

180 3218 188 3225 ,
217 3162 338 3218 loco
359 3179 452 3218 suo
482 3164 537 3219 in
559 3179 663 3232 quo
686 3163 892 3235 pacifici
920 3163 1148 3236 episcopi
1176 3173 1314 3219 retro
1343 3162 1583 3236 temporis
1615 3164 1814 3219 obtule-

212 3242 340 3313 runt
370 3255 683 3330 Cyprianus,
716 3255 996 3324 Lucianus,
1040 3267 1145 3314 etc.
1182 3257 1363 3314 IIicin
1391 3258 1515 3315 cod.
1545 3259 1647 3315 ms.
1677 3258 1814 3316 San-

212 3348 572 3406 Germanensi
614 3339 753 3407 inter
795 3350 1124 3422 Cyprianum
1164 3359 1218 3407 et
1261 3348 1577 3407 Lueianum.
1611 3366 1808 3408 nomen

160 3506 163 3507 7
212 3435 546 3515 Carpophori
570 3441 790 3514 legitur,
816 3442 983 3514 quod,
1012 3457 1080 3498 an
1112 3442 1244 3498 vitio
1264 3443 1549 3514 scriptoris
1574 3443 1811 3517 irrepse-

209 3535 309 3605 rit,
334 3549 403 3593 an
428 3550 498 3592 ex
525 3536 646 3593 aliis
675 3550 809 3592 mss.
840 3534 1125 3602 exciderit,
1159 3537 1447 3593 incertum.

285 3648 418 3706 Post
457 3652 599 3707 hunc
642 3650 823 3708 nullus
861 3651 1103 3707 occurrit
1127 3660 1326 3724 praeter
1350 3652 1707 3719 Measuntun,
1738 3652 1808 3710 de

221 3756 335 3814 quo
363 3741 591 3814 Optatus
613 3743 754 3799 libro
783 3759 799 3813 t_
826 3784 842 3810 ,
873 3744 963 3815 qui
991 3752 1236 3814 tempore
1263 3748 1655 3815 persecutionis
1683 3746 1808 3802 Dio-

211 3835 463 3893 cletiante
512 3836 827 3909 Carthagini
866 3836 1047 3903 sedit;
1093 3851 1158 3894 ac
1203 3837 1420 3894 demum
1464 3855 1492 3894 a
1538 3839 1806 3896 Maxentio

212 3937 472 3987 evocatus
490 3929 560 3985 ob
580 3930 907 4002 occultatum
928 3930 1163 3988 Felicem
1185 3930 1495 3999 diaconum,
1518 3932 1610 4004 qui
1634 3932 1808 3988 famo-

213 4039 332 4080 sam
373 4023 633 4082 adversus
660 4025 973 4099 Tyrannum
1020 4024 1305 4097 epistolam
1344 4027 1628 4097 scripsisse
1664 4027 1806 4084 fere-

212 4116 397 4183 batur,
440 4133 561 4174 cum
604 4131 768 4174 causa
794 4116 937 4173 dicta
976 4106 1804 4190 Carthaginem.reverteretur,

212 4211 268 4267 in
288 4210 484 4268 itinere
511 4221 753 4268 mortuus
778 4218 862 4268 est
879 4226 1024 4268 anno
1050 4212 1176 4269 511.
1639 4282 1644 4286 .

285 4306 342 4362 ln
368 4305 531 4376 bujus
562 4306 743 4362 locum
773 4303 1108 4363 Οεοιιιλαυε
1144 4304 1561 4363 archidiaconus
1589 4306 1805 4378 eligitur

216 4398 606 4457 etordinatura
618 4398 797 4455 Felice
809 4398 1041 4470 Aptungi
1052 4408 1197 4464 tano,
1210 4398 1316 4470 31
1330 4397 1622 4454 adversum
1643 4412 1801 4469 quem

1939 432 2023 487 sio
2055 431 2458 487 Donatistarum
2484 431 2862 501 episcoporum
2885 428 3227 502 Carthaginis
3249 433 3537 491 defecisse.

2009 523 2292 578 Aurelium
2333 521 2553 592 excepit
2588 522 2730 577 circa
2762 535 2960 576 annum
2997 522 3139 589 425,
3180 522 3537 593 (ΞΑΡηεοιυε,

1932 596 2026 683 ὶιιιῑ
2073 613 2362 669 diaconum
2408 627 2565 667 suum
2596 611 2844 667 Besulam
2872 613 2940 667 ad
2976 616 3265 672 concilium
3306 606 3553 688 Epltesi4

1936 721 2063 759 num
2094 706 2263 772 misit,
2288 705 2462 775 inquit
2485 704 2795 770 Liberatus,
2816 706 2867 759 in
2896 705 3191 777 Breviario,
3219 724 3339 782 cap.
3372 712 3425 767 5.

2005 795 2273 867 Capreolo
2316 798 2642 852 substitutus
2673 807 2760 853 est
2804 798 3264 870 Quonvumnnus,
3295 805 3395 860 sub
3425 823 3534 876 quo

1933 887 2281 956 Ccnsericus,
2297 888 2763 962 TheodosioXVIl
2786 899 2842 945 et
2864 891 3026 946 Festo
3052 908 3220 962 coss.,
3236 910 3376 952 anno
3399 898 3531 963 459,

1932 979 2317 1049 Carthaginem
2368 982 2610 1049 invasit,
2642 992 2699 1037 et
2743 980 3183 1049 Quodvultdeum
3209 1026 3223 1051 ,
3254 997 3313 1042 ut
3350 1000 3536 1044 narrat

1934 1070 2120 1128 Victor
2148 1071 2413 1140 Vitettsis,
2448 1090 2568 1129 cum
2598 1074 2843 1143 clericis,
2873 1076 3100 1132 navibus
3127 1077 3331 1146 fractis,
3361 1081 3535 1153 impo-

1930 1162 2078 1228 suit,
2110 1163 2205 1234 qui
2229 1171 2409 1220 tamen
2433 1179 2693 1236 prospera
2723 1165 3072 1239 navigatione
3098 1166 3380 1240 Neapolim
3410 1186 3530 1243 per-

1930 1255 2101 1310 venit.

2002 1345 2083 1401 Eo
2104 1346 2157 1401 in
2186 1348 2350 1404 exilio
2373 1358 2586 1405 mortuo
2607 1350 2675 1405 ad
2709 1366 2900 1422 preces
2932 1351 3233 1410 Valentiani
3258 1357 3483 1427 Augusti
3511 1400 3529 1425 ,

1931 1446 2052 1505 post
2079 1437 2298 1507 longum
2320 1440 2597 1495 silentium
2621 1440 2997 1508 desolationis,
3029 1444 3200 1515 inquit
3226 1446 3414 1501 Victor
3444 1449 3513 1503 Vi-

1935 1527 2126 1595 tensis,
2155 1530 2446 1599 episcopus
2475 1528 2920 1597 Carthaginensis
2961 1534 3246 1591 ordinatus
3276 1547 3360 1592 est
3388 1539 3501 1595 Deo

1930 1633 2174 1685 CRATIAS,
2192 1618 2338 1674 {Etio
2353 1633 2407 1676 et
2428 1621 2623 1677 Studio
2643 1638 2788 1678 coss.
2801 1666 2814 1689 ,
2828 1624 2930 1679 hoc
2943 1631 3027 1681 est
3046 1642 3189 1681 anno
3211 1644 3333 1683 certe
3346 1631 3526 1701 vulga-

1762 1711 1825 1804 ὠ
1855 1724 1903 1783 Β
1930 1712 2005 1804 ris
2030 1711 2160 1781 454,
2200 1728 2300 1769 VIII
2328 1713 2587 1771 kalendas
2616 1716 2959 1792 Novembris,
2990 1721 3083 1790 qui
3113 1721 3373 1779 Ecclesia:
3397 1725 3531 1781 Car-

1931 1802 2237 1876 tbaginensi
2313 1806 2649 1865 difﬁcillimis
2700 1812 3035 1880 temporibus
3088 1829 3187 1882 per
3236 1817 3527 1872 triennium

1930 1887 2144 1970 praeiuit
2163 1941 2179 1967 ,
2211 1915 2388 1971 eoque
2422 1911 2638 1957 mortuo
2661 1943 2675 1968 ,
2708 1918 2803 1974 per
2824 1903 2896 1959 21
2932 1920 3104 1962 annos
3131 1907 3370 1964 Ecclesia
3395 1912 3527 1966 Car-

1927 1995 2263 2067 thaginensis
2293 2006 2514 2066 pastore
2542 2013 2713 2053 vacua
2745 1997 2867 2052 fuit.
2895 1998 3223 2057 Gensericus
3273 2005 3417 2059 circa
3465 2005 3529 2058 ﬁ—

1925 2104 2047 2143 nem
2062 2089 2295 2158 imperii,
2315 2086 2598 2143 Ecclesium
2616 2088 2962 2163 Carthaginis,
2980 2091 3524 2165 aitVictorVitensis,

1923 2181 2097 2235 claudi
2128 2182 2373 2251 prlecepit
2402 2180 2672 2251 dissipatis
2714 2192 2866 2253 atque
2906 2183 3151 2253 dispersis
3201 2203 3291 2257 per
3322 2188 3521 2245 diversa

1923 2272 2195 2327 exitiorum
2224 2273 2358 2341 loca,
2390 2274 2513 2345 quia
2551 2274 2825 2345 episcopus
2848 2290 2952 2330 non
2965 2284 3120 2343 -erat,
3146 2278 3452 2351 presbyteris
3475 2291 3523 2336 et

1922 2365 2194 2419 ministris.

1993 2457 2289 2514 Genserico
2319 2473 2461 2529 anno
2491 2457 2621 2528 477,
2651 2459 2740 2515 die
2766 2460 2838 2517 25
2864 2460 3110 2518 Januarii
3136 2464 3372 2533 sublato,
3405 2466 3521 2523 ilu-

1922 2548 2140 2606 nericus
2167 2550 2283 2620 ejus
2317 2549 2461 2606 ﬁlius
2489 2560 2544 2607 et
2575 2565 2882 2621 successor,
2908 2552 3134 2611 Zenone
3160 2556 3522 2627 imperatore,

1919 2651 2082 2713 atque
2104 2642 2341 2698 Placidia
2394 2642 2581 2699 relicta
2613 2643 2807 2699 Olibrii
2834 2685 2851 2711 ,
2883 2646 3201 2717 rogantibus
3247 2650 3520 2707 licentiam

1919 2733 2091 2801 dedit,
2120 2743 2183 2789 ut
2202 2732 2918 2806 CarthaginensisEcclesia
2945 2753 3105 2809 quem
3133 2739 3524 2812 velletepisco-

1921 2843 2046 2899 pum
2084 2816 2382 2883 ordinaret.
2424 2826 2592 2899 Igitur
2618 2817 2929 2885 "Ordinatus
2960 2816 3522 2892 est-'tunc‘Euceutus

1918 2919 2147 2977 antistes
2174 2914 2652 2991 Carthaginensis,
2685 2936 2831 2977 anno
2854 2921 2963 2979 480
2990 2924 3209 2981 labente
3227 2968 3243 2994 ,
3273 2937 3365 2983 aut
3392 2931 3521 2986 anni

1919 3008 2021 3072 181
2063 3015 2241 3071 ἱηίιίο.
2274 3016 2520 3089 Egregiis
2547 3018 2641 3074 ille
2669 3020 2893 3091 scriptis
2918 3030 2975 3077 et
3001 3022 3265 3092 praeclara
3309 3026 3525 3083 confes-

1842 3108 1887 3172 C
1918 3107 2072 3163 sione
2085 3108 2281 3164 nobilis
2307 3110 2360 3164 in
2391 3109 2753 3167 exiliumcum
2782 3114 2996 3170 caeteris
3021 3116 3291 3187 episcopis
3323 3118 3520 3175 Africa:

1920 3206 2075 3255 actus
2126 3209 2213 3256 est
2255 3215 2399 3257 anno
2425 3202 2536 3259 184
2559 3243 2575 3267 ,
2630 3217 2660 3257 a
2691 3217 2799 3274 quo
2826 3214 3112 3262 revocatus
3144 3216 3228 3265 est
3257 3225 3285 3263 a
3318 3210 3522 3267 Gunta-

1914 3287 2097 3347 bundo
2148 3308 2275 3364 rege
2328 3292 2612 3353 Genserici
2666 3310 3009 3366 successore,
3048 3299 3177 3357 dato
3223 3303 3521 3363 Catholicis

1912 3382 2056 3463 apud
2081 3380 2466 3456 Carthaginem
2495 3388 2670 3457 sancti
2702 3390 2958 3458 martyris
2980 3391 3514 3464 Agilei'cmmeterio.

1912 3474 2061 3532 Idem
2090 3491 2186 3533 rex
2215 3476 2431 3535 decimo
2469 3494 2614 3536 anno
2644 3481 2797 3552 regni
2826 3483 2942 3549 sui,
2966 3482 3243 3542 Ecclesias
3269 3488 3514 3548 Catholi-

1918 3585 2107 3626 corum
2157 3563 2438 3642 aperuisse
2478 3579 2534 3628 et
2560 3587 2751 3634 omnes
2778 3573 2872 3631 Dei
2894 3576 3246 3647 sacerdotes,
3296 3560 3517 3651 petente

1913 3660 2327 3734 Carthaginensi
2358 3664 2619 3734 episcopo
2645 3705 2662 3732 ,
2694 3653 2765 3721 ab
2812 3667 2979 3724 exilio
3024 3673 3328 3742 revocavit,
3377 3686 3517 3732 teste

1910 3752 2133 3837 Victore
2163 3753 2468 3810 'l‘urouensi
2497 3755 2551 3810 in
2583 3754 2868 3813 chronico.
2901 3749 3013 3815 S‘ub
3037 3760 3141 3817 ltoc
3169 3777 3331 3835 rege,
3354 3767 3515 3837 quid-

1888 3831 2037 3916 quid
2064 3845 2248 3903 dicant
2277 3846 2555 3915 nonnulli,
2581 3848 2635 3903 in
2663 3863 2795 3919 pace
2818 3849 2951 3905 vixit
2972 3831 3279 3924 Eugenius,
3302 3831 3517 3914 etnon-

1909 3936 2012 3993 nisi
2041 3937 2144 3994 sub
2170 3936 2583 3995 Tbrasamundo
2624 3940 2768 3996 circa
2801 3956 3000 3998 annum
3038 3940 3407 4013 495,iterum
3455 3951 3513 4007 in

1906 4028 2136 4085 exilium
2164 4031 2362 4087 missus
2380 4038 2474 4093 est
2495 4030 2549 4087 in
2576 4028 2828 4098 Galliam,
2858 4033 2948 4089 ubi
2972 4035 3119 4093 circa
3149 4052 3351 4095 annum
3377 4041 3515 4111 505;

1906 4135 1999 4177 vnt
2025 4121 2147 4176 idus
2169 4121 2530 4194 Septembris,
2551 4121 2759 4178 Viancii
2779 4122 2833 4180 in
2860 4127 3132 4184 territorio
3154 4129 3397 4190 Albiensi
3418 4150 3515 4192 su-

1904 4229 2151 4285 premum
2179 4213 2322 4271 diem
2346 4215 2606 4273 clausisse
2633 4215 2823 4273 fertur.

1976 4306 2105 4364 Post
2129 4306 2411 4378 expulsum
2443 4324 2475 4364 a
2498 4308 2916 4369 Tltrasamundo
2949 4313 3248 4387 Eugenium
3274 4361 3290 4386 ,
3318 4322 3505 4389 sedem

1903 4399 2384 4470 Cartltaginensem
2429 4416 2528 4472 per
2566 4403 2637 4457 27
2674 4419 2848 4462 annos
2878 4422 3102 4465 vacuam
3132 4411 3301 4471 fuisse
3347 4426 3510 4473 testa-

210 4491 514 4549 Marontuus
533 4491 862 4548 domesticus
884 4491 1123 4559 Lucillze,
1148 4493 1238 4561 qui
1264 4492 1506 4548 lectorin
1528 4489 1803 4548 Caeciliani
1828 4490 1879 4552 D
1907 4502 1994 4550 tur
2022 4493 2344 4551 Anastasius
2386 4495 2868 4566 Bibliothecarius,
2910 4500 3013 4559 hoc
3042 4514 3126 4561 est
3148 4547 3164 4572 ,
3207 4521 3304 4576 per
3334 4517 3507 4566 totum

211 4583 463 4655 diaconio
503 4586 700 4653 fuerat,
726 4584 1025 4640 aNutnidis
1056 4599 1338 4655 perperam
1365 4584 1644 4641 ordinatus
1676 4593 1799 4641 est:

210 4679 338 4735 inde
376 4678 613 4733 schisma
656 4677 811 4748 cujus
840 4677 1093 4734 Douuus
1118 4679 1209 4748 qui
1248 4676 1513 4748 Majorino
1540 4678 1681 4734 circa
1706 4692 1803 4734 an-

210 4786 339 4841 num
366 4770 473 4826 516
500 4770 787 4838 successit,
811 4770 1198 4842 antesignanus
1227 4770 1346 4826 fuit.
1746 4798 1749 4799 ν

278 4862 572 4931 Caeciliano
617 4874 743 4921 ante
784 4879 984 4920 annum
1011 4865 1118 4921 517
1164 4866 1427 4923 successit
1468 4866 1710 4923 Gnarus.
1751 4867 1800 4925 Is

208 4956 442 5014 concilio
466 4955 774 5013 Sardicensi
802 4955 1049 5013 interfuit
1070 4999 1086 5026 ,
1123 4956 1333 5013 Donato
1364 4958 1677 5037 superstite,
1709 4958 1800 5028 qui

208 5050 312 5107 sub
364 5048 593 5120 imperio
614 5046 925 5106 Consumtis
946 5048 1000 5104 in
1022 5048 1243 5105 exilium
1274 5048 1472 5105 missus
1496 5058 1581 5106 est
1604 5091 1621 5115 ,
1652 5057 1709 5106 et
1745 5048 1802 5107 in

206 5161 274 5202 eo
313 5151 561 5200 mortuus
603 5156 977 5200 successorem
1023 5141 1210 5199 habuit
1254 5142 1401 5199 circa
1445 5156 1646 5197 annum
1690 5140 1802 5199 555

211 5238 627 5295 Panuaataaun.

274 5331 445 5389 Grato
474 5346 507 5387 e
526 5338 717 5386 contra
734 5330 996 5386 successit
1021 5329 1360 5385 Ras'rrw'rus
1381 5328 1689 5399 episcopus,
1712 5327 1804 5398 qui

204 5425 433 5481 concilio
460 5423 792 5479 Ariminensi
825 5436 969 5477 anno
998 5421 1128 5488 559,
1156 5420 1421 5487 interfuit,
1450 5430 1505 5476 et
1534 5419 1805 5476 Restituto

204 5516 554 5575 ϐεαιςπιιιυε
576 5513 669 5583 qui
694 5514 762 5568 ad
792 5528 992 5567 annum
1019 5513 1125 5569 590
1155 5514 1421 5583 pervenit.

272 5608 351 5663 Eo
379 5607 485 5663 sub
529 5606 695 5661 tinem
733 5605 894 5674 bujus
920 5606 1046 5660 anni
1079 5614 1294 5662 mortuo
1325 5608 1587 5661 successit
1614 5605 1795 5667 AURE—

202 5714 334 5774 Ltus,
362 5699 457 5774 qui
482 5697 630 5756 circa
658 5696 801 5754 idem
834 5706 1047 5768 tempus
1078 5698 1267 5756 habuit
1294 5698 1546 5756 aemulum
1573 5699 1796 5758 Pntuta-

731 5790 1004 5850 Pnnon.
1061 5789 1178 5851 XI.
1379 5805 1384 5811 ‘

1911 4598 2124 4659 tempus
2154 4587 2369 4659 imperii
2392 4588 2814 4659 Thrasamundi,
2833 4595 2924 4664 qui
2950 4593 3023 4650 ‘27
3046 4598 3202 4654 annis
3225 4610 3280 4654 et
3307 4600 3513 4671 aliquot

1908 4682 2190 4738 mensibus
2234 4675 2505 4755 regnavit.
2552 4683 2861 4742 Hildericus
2901 4686 3162 4746 Ecclesia:
3211 4690 3505 4750 Catholicae

1909 4772 2433 4831 libertatem‘statim
2466 4775 2739 4853 restituit,
2770 4787 2825 4833 et
2866 4778 3273 4850 Cartltagincnsi
3312 4783 3506 4841 Eccle-

1904 4869 2002 4926 site
2030 4868 2306 4940 proprium
2329 4868 2860 4926 donavitantistitem
2883 4870 3232 4939 Boutrttcwu,
3255 4889 3417 4944 quem
3446 4877 3501 4933 in

1905 4960 2145 5018 Ecclesia
2175 4962 2346 5017 sancti
2381 4960 2557 5031 Agilei
2583 4962 2650 5016 ad
2693 4961 3106 5031 postulationem
3137 4966 3301 5023 totius
3349 4969 3507 5027 urbis

1903 5048 2344 5124 Carthaginensis
2370 5052 2608 5134 ordinari
2631 5052 2794 5122 jussit
2819 5067 2965 5107 anno
2995 5054 3124 5110 523.
3395 5119 3402 5127 ν
3460 5056 3465 5069 ¹

1978 5144 2059 5200 Εο
2089 5144 2234 5200 circa
2261 5159 2461 5199 annum
2493 5141 2600 5199 554
2636 5153 2850 5199 mortuo
2875 5186 2890 5211 ,
2919 5143 3247 5204 Reesnsrus
3282 5149 3350 5206 ad
3378 5152 3510 5210 Car-

1888 5237 2239 5310 ‘tltaginensis
2260 5238 2521 5293 Ecclesiae
2563 5237 2938 5309 episcopatum
2983 5250 3206 5298 evectus
3250 5252 3369 5317 est,
3401 5250 3505 5307 sub

1911 5330 2074 5387 ﬁnem
2104 5330 2263 5401 bujus
2291 5329 2417 5383 anni
2445 5337 2539 5383 aut
2559 5331 2837 5399 sequentis
2860 5330 3075 5387 initium
3095 5349 3109 5400 ;
3131 5348 3237 5405 quo
3260 5344 3509 5409 tempore

1911 5421 2246 5478 Justinianus
2278 5434 2372 5489 per
2396 5420 2718 5475 Belisarium
2748 5422 3041 5477 Patricium
3079 5423 3316 5481 Africam
3348 5444 3508 5489 rece-

1911 5515 2007 5586 pit.
2064 5513 2164 5568 Hic
2208 5513 2390 5569 statim
2428 5524 2552 5584 post
2581 5514 2982 5571 ordinationem
3012 5532 3164 5572 suam
3192 5560 3206 5585 ,
3254 5524 3505 5583 restituta

1908 5606 2202 5678 episcOpali
2247 5606 2595 5678 Carthaginis
2624 5608 2784 5675 sede,
2817 5609 2870 5663 in
2912 5610 3096 5666 Fausti
3124 5611 3350 5671 basilica
3380 5633 3512 5674 con-

1907 5698 2095 5756 cilium
2141 5699 2397 5771 gcttcralc
2425 5701 2592 5757 totius
2624 5701 2821 5760 Africze
2848 5705 3238 5775 congregavit,
3272 5707 3338 5764 ad
3363 5712 3509 5781 quod

3062 5801 3139 5859 9.7
