3848 6220
448 215 574 298 srr

1844 203 2407 277 PROLEGOMENA.‘

3611 196 3705 254 sn
3806 151 3807 164 Ν

2006 333 3691 363 W

1573 505 1577 508 _
1675 440 1782 517 45
1850 459 2490 574 ADMONITIO
2649 567 2656 570 ί

1220 601 1228 608 ’
1305 596 1439 658 .IN
1507 595 1954 658 TABULAM
2032 591 2818 676 GEOGRAPHICAM.

497 803 734 870 Africam,
753 817 899 866 quam
923 802 1126 855 Ronutni
1147 801 1344 866 praprie
1364 801 1436 854 sic
1457 799 1785 868 appellavere,
1807 805 1852 852 ot
1877 803 2021 850 Mau-
2048 799 2102 859 Α
2124 795 2331 847 errandi
2353 807 2520 848 anstzm
2541 792 2862 870 scriptoribus
2883 791 3110 859 praebuit,
3136 793 3258 848 dum
3277 793 3367 846 alii
3387 793 3556 847 urbem
3573 807 3700 846 mm

443 887 706 948 ritauiam;
745 888 934 937 duabus
971 884 1150 937 tabulis
1185 884 1523 952 geographicis
1555 881 1816 943 descripsit
1841 885 2024 936 Gerar-
2124 878 2177 932 in
2215 878 2380 942 plures
2421 877 2712 939 diviserunt,
2757 877 2846 930 alii
2885 875 3088 932 nimium
3123 877 3330 944 fortasse
3372 877 3694 950 irt'telligcndo,

433 972 526 1023 dus
551 974 790 1030 Mercator
813 981 878 1022 ex
898 968 1164 1019 Ptolemwo
1190 981 1208 1020 :
1231 967 1382 1020 aliam
1405 968 1617 1022 tabulam
1639 966 1922 1027 earumdem
1939 979 2022 1018 re-
2121 957 2302 1013 multas
2332 958 2388 1010 in
2415 973 2562 1011 unam
2589 960 2884 1025 conflamnt,
3069 967 3329 1026 utrumque
3349 960 3698 1029 quamlurpitcr

432 1052 625 1120 gionum
648 1050 952 1102 Abrahamus
984 1048 1197 1102 Ortelius
1237 1051 1388 1102 variis
1419 1063 1483 1103 ea:
1515 1047 1805 1110 auctoribus.
1824 1047 2020 1100 concin-

429 1131 556 1184 navit
574 1132 690 1184 :setl
713 1138 939 1183 neutrum
963 1145 1084 1195 Opus
1108 1129 1375 1196 legentibus
1405 1130 1668 1183 Historiam
1689 1137 1789 1182 tum
1808 1127 2015 1191 civilem,

397 1258 399 1260 .
429 1223 530 1269 tum
549 1212 924 1266 ecclesiasticam
953 1212 1072 1267 satis
1092 1212 1298 1266 subsidii
1329 1213 1510 1277 afferre
1530 1217 1712 1276 potest,
1741 1211 1872 1276 quod
1899 1225 2017 1288 per:

352 1327 356 1332 ι
426 1313 622 1352 suasum
644 1305 712 1351 est
736 1297 796 1350 iis
815 1299 900 1363 qui
918 1296 993 1350 vel
1009 1297 1259 1349 minimum
1273 1288 1418 1361 hujus
1439 1297 1515 1348 rei
1536 1297 1928 1355 experimentum
1939 1299 2017 1361 feb

425 1394 553 1434 cere.
591 1379 824 1434 Nicolaus
861 1383 1050 1433 Sanson
1097 1379 1499 1434 Christianissimi
1535 1379 1666 1447 regis
1701 1377 2016 1444 Geographus

426 1463 788 1530 meritissimus,
812 1470 870 1518 Π.
896 1469 961 1517 Ρ.
987 1465 1244 1530 Philippus
1275 1463 1494 1522 Brietius
1515 1478 1542 1517 e
1564 1467 1679 1522 Sac.
1715 1466 1869 1524 Iesu“,
1895 1470 1940 1516 et
1971 1461 2015 1516 si

425 1548 508 1613 qui
525 1547 612 1600 alii
630 1552 894 1600 Romanum
916 1548 1172 1612 imperium
1197 1548 1522 1616 descripsere,
1541 1546 1665 1600 hanc
1676 1547 1820 1600 etiam
1828 1547 2014 1611 Africis

422 1633 643 1697 par-tetri,
689 1638 848 1696 utpote
873 1628 1077 1697 imperio
1109 1629 1348 1691 incl-mam
1373 1629 1650 1685 necessario
1669 1629 1882 1694 tetigere.
1911 1620 1986 1680 Pe

423 1721 528 1765 trus
551 1714 754 1766 Du—Val
781 1714 1081 1788 Tabellulam
1101 1713 1247 1766 etiam
1267 1712 1318 1765 in
1337 1710 1494 1772 lucem
1515 1711 1693 1772 edidit,
1716 1724 1830 1778 qua:
1851 1710 2010 1776 expli-

425 1798 583 1849 cando
607 1797 731 1849 bello
752 1797 987 1860 Africano
1011 1788 1220 1849 Caesaris
1245 1795 1354 1847 usui
1376 1802 1513 1847 esset.
1549 1799 1731 1846 Verum
1748 1795 1854 1845 [nec
1869 1790 2012 1868 eius?

425 1880 557 1931 modi
579 1886 701 1940 sunt,
715 1878 818 1930 utsi
827 1876 1136 1942 explicanda:
1155 1876 1372 1929 historice
1389 1875 1522 1927 civili
1539 1876 1656 1928 satis
1676 1868 1780 1928 esse
1801 1877 2007 1938 fortasse

421 1964 636 2035 cuipiam
653 1963 812 2015 videri
829 1963 1030 2027 possint,
1053 1960 1285 2013 Historia:
1306 1969 1466 2012 tamen
1493 1960 1843 2014 Ecclesiastica:
1865 1961 2002 2014 nullo

308 2109 314 2118 ⁸
419 2046 564 2098 modo
582 2044 836 2112 sufficiunt.
861 2043 1082 2110 Primus,
1105 2043 1231 2108 quod
1252 2042 1449 2107 quidem
1472 2043 1651 2105 scimn,
1677 2050 1886 2096 veterem
1908 2047 2004 2095 Ec-

319 2187 323 2190 .
421 2127 584 2180 clesia:
616 2129 866 2192 Africana:
891 2125 1073 2179 statum
1094 2124 1146 2178 in
1173 2124 1358 2177 Tabula
1393 2124 1730 2192 Geographica
1759 2138 2004 2190 exponere

420 2185 677 2279 aggressus
697 2219 766 2264 est
784 2216 843 2264 Η.
862 2213 925 2261 P.
947 2210 1150 2263 Carolus
1171 2208 1389 2261 aSanCto
1404 2185 1877 2275 Paulo,'tlesignatus
1900 2207 2005 2274 epi-
2035 2185 2084 2244 Β

417 2309 591 2370 scapus
620 2293 945 2346 Abrincensis.
987 2295 1117 2361 Opus
1151 2293 1389 2356 arduum,
1413 2284 1476 2343 in
1509 2305 1603 2358 quo
1635 2290 1825 2345 etiamsi
1855 2292 2007 2345 multa

353 2398 357 2400 ·
417 2370 708 2443 peccaverit,
721 2375 808 2430 illo
830 2385 987 2430 tamen
1003 2390 1148 2440 opere
1170 2379 1233 2428 de
1251 2372 1502 2444 republica
1518 2374 1792 2439 Christiana
1827 2375 2004 2440 optime

418 2459 642 2512 meritum
661 2473 800 2512 nemo
822 2473 915 2511 non
935 2457 1180 2522 fatebitur.

480 2542 654 2608 Operis
689 2550 850 2596 autem
887 2536 1020 2596 illius
1052 2541 1315 2608 difﬁcultas
1347 2543 1487 2610 longe
1517 2542 1758 2608 maxima,
1797 2532 1909 2609 qua:
1939 2555 2006 2596 ex

416 2625 675 2692 multiplici
702 2628 829 2691 fonte
860 2625 1054 2691 petitur.
1083 2629 1141 2676 Et
1173 2627 1332 2689 primo
1367 2619 1571 2692 quidem
1594 2639 1659 2682 ex
1688 2625 1872 2694 ingenti
1894 2628 2004 2690 epi-

414 2700 696 2773 scopatuum
721 2720 941 2768 numero,
967 2706 1052 2774 qui
1074 2705 1214 2774 longe
1241 2707 1408 2776 plures
1431 2707 1483 2759 in
1501 2707 1675 2772 Africa
1692 2708 1834 2774 fuere
1858 2700 2004 2774 quam

413 2788 466 2841 in
484 2789 583 2841 alia
604 2788 707 2841 ulla
727 2787 992 2842 Christiani
1007 2789 1140 2840 orbis
1162 2787 1415 2853 provincia
1441 2804 1456 2842 :
1479 2804 1569 2843 nec
1591 2789 1721 2843 enim
1745 2797 1929 2842 tantum
1951 2797 2005 2842 ut

410 2873 465 2926 in
496 2872 610 2926 aliis
640 2871 772 2943 orbis
802 2873 1020 2936 partibus
1049 2874 1101 2923 in
1129 2870 1331 2924 urbibus
1361 2871 1660 2937 episcopales
1683 2871 1823 2925 sedes
1846 2863 2003 2934 erant,

413 2957 503 3019 sed
533 2963 580 3008 et
604 2956 658 3008 in
685 2955 823 3022 pagis
839 2995 853 3020 ,
890 2951 1276 3022 castellis,vicis
1296 2962 1344 3006 et
1363 2953 1558 3020 fundis;
1584 2954 1654 3007 ita
1675 2948 1733 3007 ut'
1749 2952 2004 3019 plusquam

392 3045 652 3099 sexcenta:
681 3021 974 3109 episcopales
1017 3021 1156 3090 sedes
1189 3034 1240 3088 in
1263 3035 1437 3102 Africa
1463 3046 1795 3090 numerentur.
1823 3041 1927 3100 Quo
1945 3037 2003 3102 ﬁt

411 3129 466 3175 ut
483 3129 586 3174 tum
598 3129 792 3188 propter
809 3128 1192 3186 uumerum,tum
1207 3128 1404 3186 propter
1420 3121 1760 3174 obscuritatem
1785 3122 2000 3186 locorum

412 3192 465 3259 in
496 3206 667 3273 quibus
691 3205 934 3260 collocata:
965 3215 1130 3272 erant,
1165 3221 1260 3259 non
1288 3205 1500 3260 onmium
1518 3248 1532 3266 ,
1565 3207 1654 3259 sed
1685 3207 2004 3273 iusigniorum

412 3298 599 3342 tantum
625 3293 744 3346 situs
775 3292 826 3344 in
852 3289 1012 3343 tabula
1040 3289 1249 3348 describi
1280 3291 1449 3355 possit.
1491 3295 1800 3355 Quapropter
1832 3289 1882 3342 in
1913 3304 2002 3341 ur-

352 3437 354 3439 _
416 3377 566 3440 bium,
590 3389 736 3442 quam
757 3382 938 3440 vocant,
959 3374 1209 3438 positione,
1231 3373 1496 3439 plurimum
1513 3388 1686 3426 errare
1706 3387 1901 3427 necesse
1926 3380 2003 3427 est

409 3475 520 3514 eum
551 3459 633 3526 qui
664 3449 848 3513 nullam
879 3458 1200 3526 episcopalem
1227 3461 1393 3512 sedem
1415 3442 1656 3517 intabula
1683 3473 1775 3512 sua
1794 3457 2000 3511 'deside-

413 3544 520 3596 rari
550 3542 728 3607 cupiet.
1213 3556 1218 3560 '
1989 3548 1991 3550 ’

467 3627 693 3678 Secundo
711 3625 763 3678 in
779 3626 832 3677 id
849 3625 1219 3678 incumbentium
1236 3624 1350 3690 fuit,
1371 3631 1421 3677 ut
1439 3624 1629 3677 sedium
1646 3621 2000 3690 episcopalium

409 3713 634 3778 nomina,
671 3725 876 3778 quorum
905 3711 1138 3779 pleraque
1176 3709 1507 3778 multipliciter
1547 3711 1822 3777 deformata
1869 3718 1996 3773 sunt,

408 3805 536 3851 recte
559 3796 902 3851 scriberentur.
931 3800 988 3848 Et
1008 3810 1126 3849 sane
1148 3809 1205 3847 ea
1227 3802 1296 3848 est
1322 3796 1376 3847 in
1404 3795 1511 3849 istis
1533 3795 1804 3857 nominibus
1837 3792 1999 3848 lectio-

406 3881 784 3945 num-varietas.
821 3887 871 3932 ut
899 3863 1186 3930 cui-earum
1207 3876 1507 3943 potissimum
1545 3877 1884 3930 inhaerendum
1918 3876 1997 3940 sit,

415 3968 552 4014 certo
573 3961 691 4015 sciri
712 3960 795 4015 vix
817 3961 978 4027 possit.
1010 3967 1164 4023 Quam
1194 3959 1474 4012 varietatem
1504 3961 1684 4026 partim
1707 3975 1770 4012 ea:
1794 3949 1902 4025 ipsa
1924 3974 1994 4022 re,

408 4043 588 4109 partim
599 4058 659 4097 ea:
671 4043 1044 4095 Amauuensium
1059 4049 1145 4110 aut
1166 4041 1441 4109 ignorantia
1464 4051 1546 4095 aut
1563 4035 1828 4096 temeritate
1841 4050 2000 4094 ortam
2045 4098 2054 4111 Ι

315 4154 318 4157 ι
415 4141 518 4181 esse
541 4128 769 4180 arbitror.
797 4131 874 4181 Ex
897 4128 1003 4191 ipsa
1024 4141 1077 4179 re
1097 4126 1292 4193 quidem
1307 4169 1321 4193 ,
1346 4141 1457 4179 cum
1479 4129 1769 4194 papulorum
1791 4135 1836 4179 et
1856 4127 1998 4192 oppi-

407 4211 586 4263 dorum
605 4210 792 4276 Africat
812 4210 1005 4262 nomina
1046 4218 1370 4274 praeterquam
1390 4212 1626 4273 Afrorum
1656 4209 1833 4275 linguis
1861 4211 1988 4275 incf.

409 4293 588 4361 fabilia
626 4306 730 4347 esse
759 4293 952 4345 Plinius
981 4299 1195 4352 asserat,
1222 4293 1350 4361 quod
1390 4295 1518 4345 recte
1545 4293 1806 4346 observavit
1846 4299 1904 4346 Η.
1933 4298 1994 4347 Ρ.

417 4358 747 4430 Theodericus
776 4374 1013 4439 Ruinart’,
1035 4376 1255 4426 eruditus
1276 4358 1413 4438 daque
1443 4389 1501 4426 ac
1529 4376 1739 4443 diligens
1767 4375 1996 4441 scriptor,

406 4465 538 4516 unde
559 4461 771 4528 proclive
795 4460 884 4526 fuit
906 4467 955 4513 ut
980 4475 1042 4512 ea:
1066 4460 1292 4512 Romanis
1319 4458 1405 4510 alii
1438 4457 1764 4531 diversimode
1786 4459 1891 4512 hwc
1911 4474 1998 4512 no-

406 4547 541 4600 mina
573 4545 847 4612 proferrent
872 4550 919 4597 et
951 4544 1237 4596 scriberent.
1275 4543 1414 4604 Quod
1444 4556 1558 4615 vero
1585 4544 1651 4595 ad
1674 4546 1999 4598 Amauuenses

404 4637 605 4694 spectat.
629 4629 690 4680 iis
713 4628 763 4680 in
780 4635 845 4681 tot
863 4627 1106 4680 nominaut
1125 4626 1438 4691 propriorum
1459 4626 1704 4690 scriptura
1725 4641 1900 4679 errare
1923 4628 1999 4696 [a-

407 4713 645 4766 cillimum
667 4713 774 4775 fuit.
797 4713 934 4774 Certe
951 4709 1196 4762 undelibet
1211 4718 1321 4761 orta
1336 4709 1397 4760 sit
1420 4709 1514 4760 ista
1539 4708 1755 4774 confusio
1777 4723 1999 4776 magnam

405 4794 545 4846 illam
567 4806 668 4846 esse
686 4793 849 4856 palam
868 4799 970 4856 est,
984 4805 1079 4856 qua
1102 4803 1215 4843 vero
1237 4789 1425 4842 ratione
1447 4789 1523 4842 illi
1543 4791 1736 4842 occurri
1756 4790 1904 4855 possit
1920 4831 1934 4855 ,
1955 4799 2000 4843 ct

402 4877 601 4929 nomina
617 4882 851 4935 corrupta
873 4874 1142 4939 emendari,
1167 4873 1321 4926 dubia
1343 4871 1538 4940 firmari
1553 4912 1564 4932 ,
1597 4880 1641 4924 et
1669 4887 1733 4925 ea:
1765 4872 1925 4925 multis
1953 4881 2000 4924 et

2025 3561 2072 3624 C

2066 1053 2068 1055 '
2122 1040 2472 1108 Geographiam
2489 1041 2741 1125 deformat,
2766 1055 2905 1095 nemo
2925 1048 3001 1095 est
3017 1041 3105 1115 qui
3124 1056 3222 1096 non
3243 1043 3428 1108 videat.
3464 1104 3465 1107 η

2170 1155 2349 1208 'Tertio
2374 1153 2591 1207 maxima
2615 1168 2743 1221 pars.
2757 1153 3118 1229 episcopatuum
3148 1170 3244 1210 non
3282 1155 3486 1223 proprie
3517 1155 3695 1210 uomitu

2119 1237 2350 1305 civitatis,
2370 1239 2499 1308 quod
2520 1241 2877 1292 substantivum
2896 1243 3001 1305 fere
3023 1249 3112 1305 est,
3135 1246 3223 1295 sed
3240 1242 3485 1306 adiectin
3507 1251 3550 1296 et
3571 1243 3694 1296 deri-

2122 1329 2227 1374 vata
2256 1321 2402 1374 notati
2434 1328 2543 1375 sunt
2571 1334 2590 1373 :
2613 1335 2709 1386 qua
2741 1332 2856 1376 vero
2886 1324 3074 1392 ratione
3099 1338 3271 1376 nomen
3297 1323 3426 1378 illud
3461 1325 3699 1392 proprium

2114 1406 2215 1460 sive
2242 1400 2582 1460 substantivum
2599 1447 2613 1470 ,
2644 1407 2690 1459 si
2715 1401 2917 1461 aliunde
2934 1407 3215 1473 nesciatur,
3248 1424 3314 1467 ea;
3340 1409 3581 1472 adiectivo
3598 1407 3701 1463 erui

2114 1491 2280 1557 possit,
2313 1488 2524 1544 viderint
2551 1491 2836 1556 doctiores;
2868 1494 3064 1565 nomina
3089 1494 3217 1546 enim
3249 1493 3345 1548 ista
3374 1502 3428 1548 ut
3454 1497 3700 1561 plurimm

2113 1573 2352 1641 analogia
2389 1573 2590 1626 minime
2628 1574 2834 1638 capacia
2873 1583 2984 1628 sunt
2997 1617 3012 1642 ,
3049 1590 3160 1629 cum
3188 1577 3294 1644 fere
3325 1577 3490 1630 omnia
3519 1580 3695 1648 [tedam

2111 1654 2382 1708 barbariem
2407 1656 2680 1723 redoleant,
2704 1657 2872 1721 qualia
2893 1657 2944 1709 in
2969 1659 3178 1725 JEthico,
3203 1659 3259 1712 in
3289 1661 3480 1724 Tabula
3500 1662 3695 1714 Petilia-

2131 1738 2358 1807 geriaua,
2385 1749 2433 1792 et
2453 1739 2504 1793 in
2525 1744 2776 1808 Anonng
2800 1747 3071 1795 Ravetmate
3101 1743 3282 1809 passim
3305 1752 3579 1804 occurrunt.
3597 1752 3639 1797 et
3661 1743 3699 1796 si

2109 1819 2205 1873 sint
2236 1821 2452 1876 maxime
2471 1809 2674 1888 capacia
2688 1859 2704 1886 ,
2728 1833 2913 1877 certum
2943 1832 3103 1877 tamen
3139 1824 3332 1878 videtur
3365 1826 3418 1878 in
3443 1825 3505 1880 iis
3522 1836 3698 1882 exacta

2106 1903 2348 1970 analogia:
2368 1908 2566 1972 regulas
2587 1920 2681 1959 non
2701 1920 2805 1960 esse
2825 1913 3063 1960 servatas.
3082 1909 3287 1961 Carolus
3303 1918 3468 1962 autem
3483 1923 3516 1961 a
3529 1911 3699 1962 Stricta

2105 1988 2266 2040 Paulo
2307 1986 2542 2061 pleraque
2579 1989 2782 2042 istorum
2806 1990 3053 2055 nominum
3073 1983 3186 2056 46
3216 2005 3307 2057 per
3336 1995 3698 2065 .suhslantivum

2104 2071 2281 2135 efferre
2301 2085 2493 2132 necesse
2511 2064 2694 2125 habuit.
2720 2075 2862 2127 Certe
2880 2069 3052 2139 quibus
3075 2073 3441 2140 episcopatuum
3457 2077 3698 2130 dumtaxat

2107 2153 2349 2222 catalogos
2371 2149 2628 2209 cbntezere
2637 2156 2690 2208 in
2706 2156 2867 2209 animo
2878 2165 2964 2219 est,
2977 2157 3043 2209 ad
3054 2157 3396 2217 istudminime
3407 2157 3515 2226 cogi
3524 2168 3697 2210 certum

2109 2243 2213 2308 est:
2239 2235 2303 2290 iis
2333 2251 2444 2291 vero
2465 2237 2550 2304 qui
2573 2239 2714 2293 hosce
2739 2239 3039 2305 episcopatus
3060 2242 3112 2296 in
3134 2240 3324 2297 tabulas
3346 2240 3690 2314 geographia»

2103 2321 2292 2386 referre
2317 2320 2506 2388 volam,
2528 2324 2786 2378 necessitas
2806 2323 3038 2389 incumbit
3061 2325 3192 2380 istud
3213 2325 3451 2392 faciendi.
3475 2327 3694 2380 Dubitari

2105 2403 2270 2456 autem
2296 2402 2473 2456 merito
2487 2412 2639 2470 potest
2659 2419 2724 2457 an
2749 2405 2867 2460 satis
2893 2415 3023 2461 recte
3053 2405 3184 2462 istud
3212 2416 3448 2463 executus
3467 2408 3531 2463 sit
3550 2414 3610 2464 Β.
3634 2413 3694 2462 P.

2107 2484 2313 2539 Carolus
2336 2501 2366 2538 a
2389 2489 2570 2541 Sancto
2596 2488 2756 2542 Paulo
2772 2529 2786 2554 ,
2808 2489 2986 2556 quippe
3005 2478 3437 2557 qui‘episcopatum
3465 2473 3698 2561 Agamus

2103 2567 2308 2624 aburbe
2327 2571 2437 2635 Aga
2460 2569 2731 2624 derivatum
2755 2567 3014 2634 existimet,
3027 2586 3149 2625 «cum
3167 2580 3330 2639 tamen
3351 2572 3468 2626 alibi
3489 2574 3698 2627 mvmia-

2102 2659 2184 2703 tur
2227 2652 2480 2720 episcopus
2517 2655 2731 2731 Agensis
2772 2655 2875 2712 sive
2908 2656 2989 2708 ab
3015 2657 3210 2723 Aggia,
3249 2655 3334 2725 qui
3375 2657 3698 2724 episcopum;

2113 2737 2393 2799 Coviensem
2414 2740 2476 2791 ab
2499 2740 2679 2806 oppido
2705 2741 2852 2795 Covio
2872 2740 2943 2795 sic
2961 2741 3146 2796 dictum
3166 2750 3328 2808 putet,
3349 2756 3465 2795 cum
3486 2752 3649 2796 tamen
3668 2758 3697 2795 α

2104 2822 2235 2876 Coba
2266 2823 2530 2898 municipio
2551 2826 2684 2890 apud
2717 2830 3040 2886 Ravennatem
3074 2828 3414 2894 Geographum
3437 2834 3698 2882 memorato

2103 2905 2376 2959 derivatum
2417 2908 2511 2961 viri
2543 2907 2680 2961 docti
2711 2909 3001 2968 existiment.
3041 2910 3228 2964 Eadem
3266 2910 3416 2964 etiam
3455 2912 3699 2965 interdum

2107 3003 2334 3055 peccasse
2369 2989 2493 3043 mihi
2534 2992 2722 3045 videtur
2755 2993 3051 3046 Holstenius.
3076 2995 3326 3057 Quaedam
3361 3002 3526 3048 asttern
3555 2995 3698 3048 etiam

2101 3074 2238 3136 apud
2271 3073 2491 3140 antiquos
2521 3076 2573 3127 in
2609 3077 2912 3128 substantivo
2951 3077 3290 3142 reperiuntur,
3328 3078 3561 3142 quadam
3588 3091 3701 3133 vero

2103 3156 2258 3208 reddi
2275 3169 2364 3222 per
2381 3157 2726 3211 substantivum
2747 3158 2971 3234 videntur
2992 3159 3076 3212 vis;
3097 3173 3252 3225 posse.
3509 3193 3517 3199 ς

2167 3273 2350 3338 Quarto
2369 3270 2584 3341 nonnulli
2601 3278 2710 3324 sunt
2724 3270 3027 3338 episcOpatus
3048 3270 3134 3338 qui
3153 3271 3266 3325 huic
3287 3272 3366 3325 vel
3407 3271 3483 3325 illi
3504 3270 3701 3338 provin-

2104 3351 2199 3405 cia:
2214 3352 2275 3404 ab
2292 3354 2567 3406 auctoribus
2587 3353 2928 3407 ecclesiasticis
2942 3354 3306 3417 adscribuntur,
3323 3362 3530 3422 quor-tau
3543 3362 3712 3408 tanien

2102 3435 2355 3502 prazcipu‘a
2385 3437 2584 3504 oppida,
2611 3445 2658 3490 et
2680 3440 2812 3491 unde
2832 3437 2930 3491 illis
2949 3452 3120 3491 nomen
3141 3438 3193 3491 in
3213 3439 3363 3492 aliam
3403 3439 3704 3503 provincias:

2103 3518 2365 3585 transferri
2394 3519 2458 3570 ab
2488 3519 2600 3574 aliis
2623 3521 2900 3573 auctoribus
2920 3510 3162 3573 videntur.
3191 3521 3426 3586 Exemplo
3457 3520 3558 3574 sint
3593 3519 3700 3586 epi-

2104 3609 2329 3665 scopatus
2352 3600 2678 3666 Milevitanus,
2706 3603 2737 3652 Ι
2740 3601 2977 3655 dicrensis
2999 3609 3046 3655 et
3068 3602 3416 3666 Cuiculitamss,
3449 3616 3572 3670 qua
3595 3607 3702 3657 No-

2104 3684 2211 3737 titia
2234 3685 2576 3746 Ecclesiastica
2598 3686 2860 3758 provinciae
2879 3687 3132 3740 Numidiae
3152 3685 3389 3748 attribuit,
3411 3701 3525 3739 cum
3541 3695 3704 3742 (una!

2105 3759 2338 3834 Mileum,
2371 3772 2396 3819 Ι
2399 3769 2589 3822 dierum
2614 3778 2660 3822 et
2683 3760 2939 3822 Cuiculum
2958 3770 3226 3823 Antoninus
3259 3771 3327 3823 ad
3351 3770 3703 3824 Haut-itm

2103 3854 2302 3920 referat.
2324 3856 2470 3907 Idem
2481 3855 2759 3908 Antoninus
2790 3854 3079 3917 Tabracam,
3100 3855 3366 3918 Simittam,
3397 3855 3600 3908 Bullam
3617 3867 3716 3906 ινδ--

2099 3936 2474 4001 9ἱαιη,.«.ςίοεαηι
2504 3937 2784 4000 Veneriam,
2806 3935 3102 4000 Altibus-um,
3122 3939 3500 3991 Ammenderam
3512 3944 3561 3990 et
3576 3937 3702 3990 alios

2100 4020 2243 4074 urbes
2273 4021 2431 4073 eidem
2473 4017 2729 4074 Numidae~
2761 4021 3025 4084 adscribit,
3051 4012 3174 4090 quas
3207 4023 3398 4078 Notitia
3417 4023 3468 4074 in
3489 4036 3701 4084 procon-

2099 4101 2310 4165 sularem
2348 4103 2594 4174 transfert.
2630 4107 2761 4168 Ergo
2794 4102 3086 4158 alterutrum
3117 4105 3228 4170 falli
3249 4119 3444 4160 necesse
3477 4113 3580 4170 est,
3617 4111 3703 4158 aut

2103 4191 2232 4236 certe
2264 4185 2534 4251 provincias
2565 4185 2917 4240 ecclesiasticas
2939 4201 3033 4240 non
3057 4189 3447 4255 undequaquejct
3471 4201 3539 4242 es:
3560 4187 3698 4241 omni

2099 4275 2238 4332 parte
2262 4270 2560 4335 respondere
2581 4260 2989 4337 civilibus,'quod
3018 4270 3300 4325 doctoribus
3330 4270 3700 4326 discsdiendum

2100 4350 2342 4416 relinquo.

2161 4457 2267 4508 Has
2288 4463 2334 4509 et
2354 4456 2477 4510 alias
2500 4455 2810 4525 difficultates
2831 4459 3136 4522 superandus
3153 4458 3318 4512 habuit
3337 4463 3398 4513 Η.
3411 4463 3473 4512 Ρ.
3489 4458 3702 4512 Car'olus
3806 4455 3807 4462 “

2089 4551 2132 4624 .a
2155 4541 2339 4592 Sancto
2362 4540 2536 4603 Paulo,
2562 4554 2656 4602 quo
2677 4541 2838 4614 minus
2857 4541 3038 4593 mirum
3057 4551 3128 4594 est
3150 4541 3291 4594 illum
3310 4541 3362 4594 in
3385 4539 3450 4594 tot
3469 4541 3702 4624 scopstlos

2097 4619 2346 4673 incautum
2391 4622 2662 4690 impegisse.
2715 4624 2945 4687 Queritur
2992 4625 3227 4678 Nicotaus
3268 4627 3474 4691 Samon,
3497 4619 3559 4678 α’
3581 4625 3701 4690 iure
3806 4667 3807 4680 χ

2099 4705 2318 4771 queritur
2341 4704 2638 4771 episcOpatus
2658 4708 2718 4759 ab
2743 4705 2830 4760 illo
2854 4706 3091 4782 plurimos
3118 4707 3348 4774 omissos,
3375 4706 3553 4774 aliquot
3577 4722 3700 4762 vero

2101 4791 2372 4857 duplicatos
2398 4793 2472 4844 vel
2508 4789 2803 4857 triplicatos,
2827 4792 3024 4846 circiter
3052 4800 3269 4846 trecenta
3300 4796 3494 4848 nomina
3523 4793 3697 4846 alios:

2101 4873 2304 4938 scripta,
2324 4881 2513 4927 centum
2532 4875 2598 4926 ad
2622 4889 2858 4927 summum
2875 4883 2918 4928 et
2934 4878 3236 4942 septuaginta
3252 4879 3378 4932 duos
3394 4878 3697 4944 episcOpatus

403 4959 618 5013 diversis
635 4955 907 5010 nominibus
929 4959 1173 5019 quodnam
1196 4957 1495 5021 potissimum
1534 4955 1813 5022 eligendum
1836 4956 1896 5007 sit
1914 4996 1926 5014 .
1956 4964 2002 5008 et
2030 4950 2078 5008 D
2107 4955 2157 5007 in
2187 4957 2373 5007 Tabula
2394 4954 2670 5021 cbllocatos,
2693 4971 2804 5008 cum
2827 4967 3152 5011 trecentorum
3172 4962 3348 5027 positio
3367 4961 3574 5027 poma-it
3593 4967 3694 5014 σω.-

399 5045 544 5110 cuius
563 5044 748 5096 lectura
769 5041 958 5094 adstrui
979 5041 1126 5104 possit
1146 5055 1239 5092 non
1261 5040 1414 5093 video.
1438 5041 1553 5098 Scia
1597 5041 1822 5105 equidem
1844 5039 1998 5094 Nico-

401 5127 747 5193 laumStvtson
769 5125 922 5176 multa
944 5122 1086 5175 utilia
1109 5128 1152 5174 et
1176 5123 1427 5198 profutura
1450 5122 1502 5175 in
1524 5122 1651 5175 hanc
1671 5137 1775 5176 rem
1795 5136 1998 5190 sugges-

397 5211 548 5276 sisse,
574 5209 662 5262 sed
685 5221 794 5275 qua?
818 5207 990 5274 regula
1011 5217 1159 5269 super
1184 5204 1259 5256 his
1280 5207 1412 5257 tradi
1435 5213 1584 5270 potest
1609 5219 1720 5272 quae
1742 5207 1894 5259 variis
1917 5220 1996 5258 er—

353 5286 356 5290 ’
399 5293 591 5346 roribus
629 5306 724 5346 non
755 5291 818 5345 sit
851 5289 1060 5344 obnoxia
1078 5329 1092 5354 ,
1118 5286 1211 5341 nisi
1240 5289 1284 5340 si
1310 5289 1418 5352 quis
1450 5289 1664 5350 linquam
1692 5287 1929 5342 Punicam
1951 5297 1998 5342 et

400 5378 683 5444 Africanam
704 5376 914 5442 perfecte
937 5371 1136 5437 callent,
1163 5373 1302 5436 cujus
1325 5373 1518 5425 auxilio
1541 5374 1693 5426 multa
1715 5373 1884 5439 procul
1907 5375 1996 5426 du-

400 5460 480 5513 bio
504 5461 754 5514 restituere
775 5461 944 5524 possit.
974 5462 1120 5510 Nunc
1145 5469 1259 5508 vero
1284 5455 1333 5508 in
1354 5455 1602 5524 utriusque
1642 5458 1821 5524 lingua:
1855 5458 1994 5525 igno-

381 5544 617 5606 ratione,
658 5551 704 5594 et
735 5544 786 5597 in
819 5555 997 5609 magna
1033 5548 1284 5591 auctorum
1329 5535 1532 5602 penuria
1569 5540 1683 5603 quid
1723 5539 1835 5602 fieri
1867 5546 1996 5592 recte

406 5623 569 5688 possit,
593 5631 674 5676 aut
696 5639 789 5689 quo
807 5631 947 5687 pacto
971 5621 1172 5687 deﬁniri
1193 5635 1303 5687 qua:
1325 5618 1571 5684 scriptura
1593 5620 1760 5672 vitiosa
1782 5621 1863 5682 sit,
1887 5635 1996 5687 qua:

407 5712 542 5757 recta
569 5703 700 5758 haud
731 5704 847 5760 satis
879 5708 994 5758 scio.
1023 5706 1265 5757 Ca'tcrum
1299 5703 1407 5757 htth
1440 5703 1650 5757 varietas
1682 5702 1994 5768 multiplicem

2088 5038 2255 5091 ‘bitiri.
2289 5043 2366 5090 Ex
2396 5037 2472 5091 his
2504 5046 2695 5093 centum
2715 5047 2759 5091 et
2783 5045 3088 5106 septuaginta
3125 5044 3312 5097 duobus
3345 5042 3696 5109 episcopalibus

2101 5121 2311 5189 quinque
2333 5129 2413 5172 aut
2439 5133 2554 5183 sex,
2579 5120 2688 5184 plus
2710 5119 2894 5186 minus,
2919 5137 3062 5176 suum
3089 5123 3140 5175 in
3169 5125 3340 5178 tabula
3367 5123 3695 5195 geographica

2101 5205 2260 5258 locum
2293 5204 2504 5258 obtinere
2523 5241 2538 5267 ,
2567 5203 2689 5257 alios
2718 5217 2879 5258 omnes
2906 5219 3168 5273 perperam
3203 5205 3411 5272 locatos,
3444 5216 3491 5261 et
3511 5208 3616 5260 alia
3639 5206 3693 5258 id

2101 5302 2253 5355 genus
2291 5289 2564 5354 sphalmata
2601 5287 2941 5354 reprehendit,
2965 5290 3118 5342 multa
3140 5290 3322 5345 deinde
3348 5290 3563 5361 suggerit
3582 5301 3694 5355 qua

2101 5374 2400 5425 restituendo
2423 5372 2561 5439 operi
2583 5363 2722 5425 utilia
2744 5372 2915 5439 forent,
2939 5373 3186 5439 professus
3201 5375 3253 5427 in
3274 5373 3578 5430 eucutiemlis
3593 5371 3692 5424 illis

2103 5469 2298 5520 Operam
2315 5461 2359 5506 et
2381 5455 2540 5521 ipsum
2564 5455 2698 5509 haud
2725 5455 2973 5523 vulgarem
2993 5455 3225 5521 posuisse.
3253 5459 3492 5525 Equidem
3517 5451 3692 5508 dolen-

2103 5541 2221 5594 dum
2246 5548 2315 5594 est
2331 5582 2344 5606 ,
2367 5548 2413 5594 et
2435 5541 2555 5594 mihi
2574 5543 2799 5608 inprimis
2828 5540 3075 5611 ingratum
3097 5543 3228 5595 venit
3252 5551 3438 5597 tantum
3461 5542 3624 5594 cum
3645 5547 3692 5591 α

2103 5623 2166 5676 de
2188 5625 2328 5676 rebus
2350 5623 2688 5690 geographicis
2711 5632 2812 5678 tam
2833 5627 2948 5678 bene
2965 5623 3222 5692 meritum,
3245 5642 3367 5694 Opus
3383 5627 3536 5690 istud,
3555 5625 3692 5690 (βοά

2102 5705 2310 5771 perutile
2323 5708 2540 5771 futurum
2553 5715 2678 5775 erat,
2689 5709 2741 5763 in
2755 5709 3001 5775 publicum
3015 5723 3110 5775 agit
3127 5711 3362 5779 emisisse,
3378 5713 3463 5767 sed
3476 5710 3572 5766 erit
3584 5709 3689 5772 ﬁr-
