3848 6220
214 166 337 225 873

1194 177 1565 235 ADMONITIO
1601 152 1666 234 ῘΝ
1691 144 2020 237 ΤΛΒΗΕΛΜ
2061 184 2624 242 GEOGRAPHICAM.

3409 191 3517 250 874

207 280 351 330 lasse
385 294 504 333 cum
536 282 716 335 eruditi
746 284 901 349 patris
924 284 1142 337 eruditus
1172 284 1307 349 filius
1338 296 1562 351 paternas
1584 287 1818 354 reliquias
1850 299 1891 356 Α
1921 292 2131 347 demtum
2152 297 2382 364 quicquid
2405 298 2494 350 hoc
2516 306 2585 352 est
2613 298 2791 353 laboris
2814 301 3065 355 excitavit.
3099 307 3223 356 1103c
3245 312 3402 386 autem
3418 310 3519 392 fuit

207 372 243 392 η
264 358 423 392 ﬁunt.
449 364 707 392 .s...t:-..t.:.
754 376 795 392 ,ιι
811 369 928 392 1.....-
951 366 1138 392 ..μυξη
1158 368 1367 392 ....r....r..-.
1919 374 1932 392 _-
2087 378 2115 392 ,.
2219 380 2229 390 .
2321 384 2348 392 _.

204 372 243 410 α
261 358 423 416 tineis
449 364 727 427 vindicabit,
748 376 795 419 et
808 369 929 419 bono
950 366 1139 433 publico
1158 368 1384 435 vulgabit.

273 447 504 502 Interim
525 451 664 503 multi
681 452 774 504 viri
793 452 924 504 docti
946 449 996 502 in
1015 450 1199 503 eisdem
1224 453 1366 506 rebus
1388 454 1711 518 explanandis
1730 454 1817 506 diu

202 528 525 598 titullumque
558 535 821 597 sudorum,
867 537 1019 587 Lucas
1052 536 1354 598 Holstenius,
1400 543 1467 597 1t.
1503 543 1565 590 Ρ.
1600 541 1816 590 Joannes

204 614 499 675 Gai-uerius
519 633 547 671 e
568 618 804 672 Societate
836 623 985 685 Jesu,
1020 621 1419 675 eminentissimus
1446 632 1491 675 et
1515 625 1816 677 doctissimus

200 697 500 751 cardinalis
533 702 775 753 Henricus
809 701 1036 757 Norisius
1061 741 1076 764 ,
1110 704 1383 767 Stephanus
1414 704 1644 757 Balusius
1664 745 1677 767 ,
1705 714 1748 758 et
1773 706 1816 758 si

199 782 292 843 qui
318 778 454 845 alii;
478 786 567 837 sed
578 786 791 837 omnium
812 786 863 837 in
883 785 974 838 hac
999 799 1054 838 re
1078 785 1380 852 diligentiam
1400 789 1644 854 superavit
1664 796 1722 842 Il.
1747 794 1810 841 P.

207 858 562 919 Theodericus
574 866 778 919 Ruinart
799 867 1064 920 Monachus
1087 869 1441 941 Benedictinus,
1458 872 1540 935 qui
1556 881 1813 937 perpetuas

198 949 251 993 et
274 944 467 997 uberes
482 954 617 999 notas
636 948 687 999 in
710 947 945 1001 Notitiam
966 948 1159 1021 Africtc'
1170 952 1344 1014 edidit,
1367 954 1452 1017 qui
1465 956 1813 1019 manuscriptos

204 1023 424 1077 codices
446 1026 571 1081 inter
590 1041 643 1085 se
664 1030 975 1096 conferendo,
996 1032 1345 1087 ecclesimticos
1360 1044 1595 1096 auctores,
1618 1045 1662 1089 et
1679 1045 1814 1104 quot-

196 1113 325 1170 quot
361 1107 495 1163 alios
525 1125 670 1174 super
702 1125 761 1163 ea
798 1126 852 1165 re
883 1114 1211 1178 scripserant,
1253 1116 1508 1181 diligenter
1529 1120 1806 1185 evolvendo,

196 1190 489 1255 depravata
508 1200 700 1247 nomina
722 1197 1039 1266 corrigendo,
1065 1196 1109 1252 et
1131 1198 1232 1252 alia
1250 1201 1303 1253 id
1324 1215 1475 1268 genus
1494 1201 1545 1255 in
1568 1204 1809 1267 publicam

1914 374 2115 429 instituti
2136 380 2229 431 mei
2252 384 2396 443 ratio.
2622 438 2624 441 ,
3263 384 3265 386 ’
3418 379 3453 457 ⁸.

1982 460 2220 524 Quicquid
2252 464 2547 529 difficultatis
2568 467 2659 529 fuit
2691 465 2742 518 in
2774 467 3136 535 episcopatuum
3164 486 3367 525 numero
3389 472 3514 538 deﬁ~

1916 545 2091 594 niendo
2110 588 2123 609 ,
2148 549 2457 612 inscriptione
2490 552 2737 603 nominum
2776 554 3068 607 stabilienda
3088 595 3102 618 ,
3127 556 3179 608 in
3215 559 3513 625 assignanda

1916 627 2107 679 cuilibet
2129 622 2420 694 episcopatui
2437 634 2682 696 provincia
2701 651 2809 694 sua.
2829 636 2953 689 illud
2976 653 3115 691 omne
3132 641 3182 691 in
3202 622 3332 693 viros
3348 642 3518 694 doctos

1916 711 2138 775 superius
2174 727 2205 764 a
2244 728 2320 765 me
2353 719 2615 770 nominatos
2651 720 3040 785 transferendum
3070 727 3265 788 putavi;
3301 726 3515 779 maxime

1915 808 2041 847 vera
2050 797 2100 847 in
2121 812 2229 849 eum
2252 800 2333 864 qui
2355 802 2652 865 suscipiendi
2676 789 2794 855 milii
2816 808 2977 870 operis
2999 815 3178 860 auctor
3188 810 3364 871 fuerat.
3391 810 3516 863 mihi

1914 877 2043 930 enim
2065 879 2244 935 homini
2270 882 2472 948 profano
2496 884 2668 950 religio
2690 888 2780 949 fuit
2812 889 2938 939 hunc
2962 891 3178 954 lapidem
3208 906 3424 957 movere,
3447 895 3514 950 iis

1912 970 2125 1015 contento
2148 978 2256 1028 quae
2277 979 2422 1029 super
2443 980 2503 1017 ea
2527 980 2582 1018 re
2605 968 2724 1018 tanti
2746 969 2838 1021 viri
2858 972 3173 1039 scripserunt,
3198 989 3403 1040 quorum
3423 991 3511 1029 ea:-

1910 1044 2111 1097 Itaurire
2128 1048 2313 1125 scrinia
2346 1064 2440 1102 non
2462 1058 2566 1104 erat
2587 1053 2796 1119 animus,
2820 1068 2909 1106 nec
2931 1066 3127 1122 argutos
3147 1059 3271 1112 inter
3292 1072 3512 1127 strepere

1909 1140 2053 1179 anser
2071 1127 2244 1182 olores.
2273 1118 2511 1184 Cisterum
2529 1133 2756 1201 quoniam
2778 1118 2943 1199 pauca
2959 1118 3095 1190 erant
3114 1140 3167 1191 in
3189 1155 3353 1194 eorum
3374 1118 3514 1198 libris

1908 1223 2018 1276 quae
2039 1213 2104 1261 ad
2126 1212 2311 1277 Africa:
2335 1215 2724 1279 descriptionem,
2742 1220 3100 1283 provinciarum
3122 1222 3510 1292 disposttionem,

1027 1260 1032 1261 γ
1324 1260 1348 1268 _
1568 1260 1577 1267 ,
1908 1260 1933 1276 η,
1978 1260 2005 1262 _,
2127 1260 2201 1277 _,.
2223 1260 2252 1264 --
2268 1260 2304 1265 η
2336 1260 2460 1268 ------
2480 1260 2724 1279 -,---..-...,
2779 1260 3001 1272 .-ν-..νην
3020 1260 3100 1273 η...-
3122 1260 3481 1288 ...ομνωωηαη

182 1260 478 1331 ίυιξιίιαιειη
499 1278 763 1339 moliendo,
791 1260 1003 1336 venturis
1020 1292 1123 1348 post
1144 1298 1198 1337 se
1218 1286 1492 1348 (iactatibus
1513 1287 1635 1339 nihil
1659 1305 1805 1353 pror-
1874 1326 1891 1354 ,
1909 1293 2098 1347 urbium
2120 1296 2421 1363 aliorumque
2445 1300 2661 1353 locorum
2682 1260 2863 1356 certam
2881 1305 3186 1374 positionem,
3209 1310 3403 1376 aliaque
3422 1269 3512 1365 hu:

194 1375 287 1413 sus
311 1361 416 1413 hac
447 1363 499 1416 in
521 1377 578 1416 re
597 1366 909 1429 tentandum,
932 1370 1111 1421 nedum
1146 1368 1421 1435 faciendum
1452 1372 1706 1438 reliquisse
1727 1374 1799 1425 vi-

194 1441 443 1495 debetur.

257 1546 373 1597 Sed
410 1561 527 1599 ecce
556 1548 642 1600 tibi
677 1552 729 1601 in
760 1550 1012 1615 postremis
1046 1554 1172 1610 venit
1187 1594 1200 1617 ,
1224 1569 1316 1607 non
1340 1569 1454 1610 vero
1487 1558 1540 1609 in
1558 1558 1800 1622 minimis,

190 1630 515 1686 clarissimus
543 1633 687 1686 simul
711 1643 757 1687 et
780 1636 1129 1693 eruditissimus
1149 1641 1380 1695 Dominus
1401 1646 1480 1694 Du
1507 1646 1623 1708 Pin,
1645 1658 1802 1697 sacra:

188 1713 476 1768 Facultatis
505 1715 807 1771 Parisiensis
838 1720 1004 1772 doctor
1022 1728 1069 1791 et
1092 1723 1333 1789 professor
1353 1725 1543 1791 regius,
1567 1726 1651 1791 qui
1682 1727 1800 1778 dum

186 1809 375 1849 novam
401 1799 560 1852 sancti
580 1800 743 1865 Optati
766 1801 1033 1856 Hilevitani
1046 1790 1313 1859 editionem
1345 1806 1542 1861 molitur
1555 1849 1570 1870 .
1584 1790 1643 1861 iu
1664 1808 1796 1877 quic-

184 1878 314 1944 quid
343 1880 416 1932 ad
442 1884 807 1937 Donatistarum
829 1884 1078 1938 historiam
1108 1888 1318 1952 pertinet
1332 1906 1361 1953 ,·
1376 1890 1597 1942 in‘unum
1619 1904 1796 1956 corpus

184 1962 433 2027 conferre
453 1963 646 2029 statuit,
671 1966 793 2020 nulli
804 1970 1004 2023 omnino
1022 1970 1182 2038 labori
1198 1986 1401 2036 parcere
1418 1982 1599 2040 certus,
1619 1976 1794 2029 molam

183 2044 320 2097 haste
345 2055 398 2099 et
421 2045 527 2111 ipse
546 2064 742 2104 versare
758 2053 997 2115 decrevit,
1022 2068 1111 2109 nec
1132 2055 1342 2109 aliorum
1361 2073 1415 2112 se
1437 2058 1603 2112 labore
1630 2062 1791 2113 deter-

185 2128 297 2179 reri
317 2142 500 2193 passus
522 2138 593 2184 est
603 2145 624 2193 ;
653 2139 697 2186 et
718 2132 945 2199 quoniam
961 2137 1158 2201 antiqua
1180 2134 1268 2189 illa
1289 2138 1472 2192 Notitia
1493 2155 1639 2206 quam
1659 2157 1792 2206 prat-

180 2209 320 2274 fatus
343 2215 409 2263 It.
438 2213 505 2264 P.
535 2213 860 2269 Theodericus
885 2214 1089 2271 Ruinart
1120 2218 1464 2293 elucidandam
1489 2230 1786 2286 susceperat,

190 2306 379 2345 manca
404 2294 657 2348 videbatur
677 2304 721 2349 et
746 2296 918 2350 mutila
931 2338 947 2364 ,
970 2298 1121 2351 aliam
1140 2301 1223 2353 ille
1239 2302 1599 2366 locupletiorem
1620 2306 1799 2369 edere,

183 2382 240 2427 et
255 2384 367 2439 post
388 2385 572 2431 laruam
587 2380 797 2435 aliorum
814 2395 1018 2435 messem
1033 2383 1333 2450 spicitegium
1354 2389 1517 2451 facere
1539 2402 1632 2439 non
1652 2389 1790 2442 dubi-

184 2462 325 2523 tavit,
348 2477 442 2514 nec
465 2478 582 2516 sane
598 2464 739 2517 irrito
756 2466 937 2535 fructu,
958 2476 1009 2545 ut
1026 2461 1383 2545 ipse“th
1404 2486 1527 2537 sum,
1553 2473 1682 2538 quod
1700 2488 1787 2525 nec

183 2544 273 2597 alii
312 2545 370 2597 in
411 2548 532 2600 votis
568 2548 786 2615 futurum
820 2558 945 2603 erat.
991 2544 1111 2604 Cum
1147 2561 1307 2606 autem
1343 2556 1409 2607 ad
1447 2555 1787 2621 absolutiorem

186 2626 369 2697 cuimii
390 2630 555 2692 operis
578 2629 835 2684 editionem
865 2632 991 2685 nihil
1020 2633 1302 2688 intentatum
1326 2636 1603 2702 relinquere
1626 2637 1783 2702 vellet,
1804 2636 1805 2643 “

184 2708 346 2762 visian
374 2718 449 2763 est
469 2711 517 2763 ei
534 2720 580 2764 et
602 2712 818 2773 tabulam
843 2715 1223 2783 geographicam
1246 2719 1447 2773 Notitia
1475 2735 1578 2773 siue
1604 2722 1799 2791 adiun-q

182 2804 330 2857 gere,
358 2792 414 2845 in
437 2808 535 2860 qua
564 2796 795 2849 Ecclesia:
822 2798 1076 2862 Africana:
1106 2799 1239 2854 illius
1266 2804 1495 2867 temporis
1524 2812 1700 2857 statum
1722 2805 1782 2856 ob

180 2872 352 2925 oculos
392 2884 593 2938 poneret
622 2886 850 2942 quantum
888 2880 942 2931 id
973 2881 1033 2933 ub
1063 2893 1120 2933 eo
1147 2885 1396 2948 prteslari'
1414 2894 1569 2949 posset
1594 2900 1613 2948 ;
1638 2900 1782 2951 quam

179 2956 307 3008 mihi
343 2954 648 3022 provincitnn
683 2962 855 3014 volenti
887 2957 1023 3017 sane"
1041 2978 1197 3032 neque
1235 2966 1460 3020 abnuenti
1496 2969 1730 3035 delegavit
1759 2983 1777 3022 :

1895 1374 2115 1439 jusmodi
2137 1381 2448 1447 pertinerent,
2473 1382 2527 1435 id
2550 1387 2727 1452 exequi
2757 1401 2973 1441 mearum
3001 1404 3103 1443 esse
3125 1374 3339 1456 partium
3362 1394 3507 1448 duxi.

1906 1460 2080 1521 Itaque
2116 1463 2327 1524 primum
2361 1473 2532 1517 exacte
2575 1477 2622 1518 et
2661 1472 2929 1521 secundum
2974 1486 3122 1525 novas
3160 1465 3508 1532 observationes

1905 1538 2125 1601 Africam
2142 1542 2402 1609 delineavi,
2423 1548 2694 1604 provincias
2709 1550 3059 1626 ecclesiasticas
3073 1565 3244 1608 exacte
3264 1558 3507 1626 distribui,

1906 1623 2044 1673 sedes
2068 1623 2366 1689 episwpales
2387 1627 2438 1678 in
2460 1628 2624 1681 tabula
2650 1632 2815 1684 Caroli
2846 1648 2877 1684 a
2898 1623 3064 1687 sancto
3084 1638 3245 1690 Paulo
3277 1623 3509 1699 nonsatis

1910 1710 2020 1767 apte
2043 1704 2304 1769 dispositas
2315 1724 2402 1761 suo
2413 1709 2519 1762 loco
2538 1712 2761 1780 reddidi,
2775 1716 2978 1768 omissas
2997 1718 3216 1783 supplevi
3226 1728 3270 1773 et
3279 1723 3512 1789 quicquid

1900 1784 1953 1865 in
1961 1800 2037 1837 me
2055 1787 2146 1853 fuit
2168 1791 2383 1843 scientitv
2404 1800 2448 1845 et
2460 1796 2581 1847 artis
2592 1796 2807 1861 impendi
2826 1805 2877 1849 ut
2898 1813 3043 1865 quam
3053 1784 3506 1861 emendatissimum

1896 1860 2262 1923 accuratissima
2280 1877 2496 1938 prodiret
2515 1876 2622 1931 hcce
2638 1860 2819 1945 tabula,
2844 1860 2979 1947 quod
2998 1891 3050 1937 ut
3064 1895 3349 1949 prtesturem

1896 1949 2015 2013 quid
2049 1953 2181 2015 apud
2221 1952 2521 2021 geographbs
2559 1963 2880 2042 Pomponium
2916 1967 3132 2030 Metam,
3171 1949 3463 2026 Strabonem
3482 2017 3499 2042 ,

1892 2033 2129 2125 Plinium,
2154 2040 2490 2103 Ptolemteum,
2514 2038 2747 2109 quicquid
2771 2050 2823 2099 in
2846 2048 3128 2119 Itinerariis
3147 2060 3193 2104 et
3213 2052 3265 2106 in
3288 2033 3502 2125 Geogra;
3600 2099 3602 2101 .

1891 2114 1986 2179 pho
2007 2123 2293 2179 Ravennate,
2312 2123 2427 2175 item
2441 2127 2573 2190 apud
2591 2128 2861 2183 Historicos
2884 2114 3163 2201 Polybiion,
3190 2114 3501 2208 Sallustium,

1891 2200 2142 2271 Hirtium,
2171 2203 2382 2266 Livium,
2408 2208 2744 2271 Ammianum,
2780 2214 3106 2280 Procopium.
3139 2200 3184 2270 si
3215 2221 3333 2283 quid

1889 2286 2077 2338 Arabes
2109 2288 2400 2351 Abutfedam
2440 2298 2486 2343 et
2528 2290 2865 2361 Geographum
2904 2298 3238 2367 Nubiensem,

1889 2379 2073 2433 quoque
2094 2367 2147 2419 in
2184 2371 2528 2445 recentioribus
2560 2378 2752 2429 Joanne
2768 2381 2956 2441 Leone,
2982 2384 3170 2443 Sanuto
3191 2424 3206 2449 ,
3232 2367 3505 2443 ﬂerat—otio
3569 2418 3576 2425 ι

1887 2460 2145 2501 occurrere
2166 2453 2331 2515 potuit,
2355 2455 2569 2508 studiose
2590 2458 2765 2528 collegi
2788 2461 2940 2527 (quod
2958 2472 3005 2515 et
3025 2478 3057 2515 a
3079 2481 3232 2530 supra
3254 2470 3496 2524 memora-

1886 2529 1945 2583 tis
1968 2534 2239 2589 auctoribus
2257 2546 2307 2589 ut
2337 2538 2601 2603 plurimum
2629 2544 2809 2608 factum
2834 2546 2982 2612 fuisse
3014 2529 3215 2617 agnovi,
3238 2563 3420 2609 namet
3442 2557 3499 2610 hi

1884 2615 2061 2679 falcem
2083 2620 2314 2680 miserant
2336 2622 2385 2675 in
2408 2633 2661 2694 utramque
2675 2622 2932 2708 ‘messenp.
2958 2615 3147 2690 Eat—his
3347 2636 3503 2695 ιηοκς.

1885 2701 1983 2752 lam
2006 2702 2145 2763 istam
2163 2707 2604 2775 qualiscumqueest
2626 2701 2927 2768 concinnavi.
2948 2720 3025 2770 Ne
3046 2722 3155 2784 quis
3180 2734 3491 2780 verocertunt

1881 2791 1929 2834 et
1949 2786 2202 2839 iudubium
2225 2792 2413 2868 credat,
2436 2793 2669 2860 quicquid
2688 2794 2740 2868 in
2760 2811 2820 2849 ea
2836 2800 3120 2867 continetur,
3140 2814 3395 2859 unumaut
3415 2807 3495 2861 al-

1881 2871 2038 2919 terum
2058 2869 2284 2924 lectorem
2302 2862 2532 2927 monitum
2553 2878 2688 2930 volo:
2737 2865 2740 2868 ’
3091 2885 3098 2892 “

1944 2950 2137 3019 Primo,
2165 2958 2345 3008 Earum
2385 2958 2579 3011 urbium
2616 2961 2875 3023 positiones
2910 2974 3071 3021 certas
3102 2982 3208 3023 esse
3229 2985 3340 3035 qua!
3361 2988 3471 3028 mar
3530 3000 3533 3001 ν

178 3036 322 3097 hanc
353 3049 516 3095 autem
541 3045 591 3096 in
612 3058 690 3097 me
712 3045 876 3099 lubens
902 3047 1096 3113 suscepi
1115 3029 1327 3118 egregie
1352 3054 1592 3116 facturum
1603 3029 1757 3108 ratus

1914 3029 2144 3096 linuntur,
2182 3046 2265 3089 aut
2296 3052 2406 3104 quae
2444 3040 2634 3095 lineolis
2665 3045 2789 3096 inter
2827 3061 2880 3099 se
2912 3029 3277 3122 connectuntur,
3311 3055 3491 3122 quippe

179 3123 224 3175 si
246 3122 412 3177 virum
437 3128 503 3177 de
533 3127 782 3202 republica
815 3130 1053 3183 litterario
1075 3139 1176 3185 tam
1205 3134 1323 3186 bene
1343 3134 1569 3189 meritum
1595 3144 1778 3210 etgras‘

179 3205 401 3261 vioribus
431 3217 545 3264 tunc
565 3199 807 3266 intentum
996 3214 1161 3268 labore
1181 3216 1272 3270 hoc
1292 3218 1402 3271 utili
1434 3220 1631 3287 quidem
1643 3199 1777 3287 ξορα
1806 3296 1810 3300 κ

187 3288 385 3354 ingrato
405 3294 671 3348 relevarent
691 3310 710 3349 :
732 3313 939 3366 namque
954 3288 999 3352 et
1022 3300 1143 3353 mihi
1164 3300 1484 3369 honoriﬁcum
1507 3302 1772 3373 videbatur,

178 3374 225 3426 si
243 3389 360 3428 cson
383 3384 451 3431 tot
473 3379 679 3433 eruditis
696 3381 812 3435 viris
834 3382 917 3450 qui
939 3384 1001 3435 de
1021 3399 1081 3437 ea
1096 3399 1152 3438 re
1173 3387 1486 3449 scripserant.
1510 3389 1776 3453 symbolum

179 3461 681 3537 mnxconferrem,
706 3472 751 3521 et
771 3464 1041 3529 iucundum
1072 3464 1313 3527 imprimis
1344 3470 1613 3523 Ecclesium
1635 3472 1772 3539 Afri-

176 3527 492 3596 carimn‘olim
508 3527 896 3608 ﬂorentissimam
917 3562 945 3601 e
965 3551 1175 3603 tenebris
1196 3565 1386 3609 eruere.
1410 3566 1469 3604 ac
1490 3553 1617 3606 velut
1638 3527 1772 3606 redi-

175 3623 334 3677 vivam
374 3625 631 3680 exhibere.
663 3631 940 3703 Accedebat
964 3632 1094 3700 quod
1124 3633 1429 3687 doctissimus
1463 3635 1772 3704 geographus

178 3707 419 3763 Nicolaus
461 3714 682 3778 Samon,
705 3699 791 3782 qui
825 3715 1152 3768 vadimonium
1185 3717 1436 3770 videbatur
1463 3699 1766 3785 promisisse,

176 3793 662 3861 mrte,utarbitror,
686 3804 979 3869 prmonitus,
1004 3800 1071 3863 ad
1093 3798 1221 3853 illud
1244 3802 1409 3854 venire
1426 3816 1520 3853 non
1537 3805 1763 3871 potuerit,

179 3884 225 3929 et
247 3879 290 3931 si
308 3880 431 3943 quid
462 3879 643 3933 auxilii
679 3879 783 3947 iam
818 3885 1115 3949 sperandum
1155 3892 1302 3951 esset,
1337 3888 1389 3939 in
1413 3900 1508 3938 una
1544 3890 1710 3940 Caroli
1734 3905 1767 3941 a

174 3972 341 4017 sancto
364 3963 526 4018 Paulo
542 3964 709 4019 tabula
729 3965 875 4020 situm
895 3982 1002 4021 esse
1014 4006 1028 4030 ,
1052 3982 1198 4035 quam
1220 3978 1378 4023 tanien
1399 3970 1563 4026 multis
1579 3975 1764 4025 errori-

173 4043 259 4097 bus
279 4038 535 4112 aspersam
560 4061 711 4114 supra
739 4050 973 4103 diximus.
1002 4054 1132 4119 Ergo
1143 4067 1323 4109 novam
1345 4054 1529 4121 Africa:
1552 4056 1762 4108 tabulam

173 4128 406 4183 daturum
420 4144 499 4184 me
517 4133 736 4199 suscepi,
764 4127 1028 4190 arbitratus
1051 4150 1188 4200 posse
1208 4152 1285 4190 me
1306 4136 1524 4204 scopulos
1542 4138 1650 4192 illos
1672 4140 1759 4192 de-

170 4209 353 4266 clinare
375 4213 428 4268 in
449 4229 569 4283 quos
591 4221 651 4270 Β.
669 4220 735 4271 1'.
751 4217 1059 4283 supradictus
1083 4220 1346 4286 impegerat
1360 4262 1375 4287 ,
1401 4225 1467 4274 de
1482 4214 1653 4290 quibus
1671 4237 1758 4290 ego

171 4297 480 4358 prmitus
492 4299 795 4363 jamdudum
803 4300 1020 4372 fueram.

228 4398 334 4474 47
360 4413 486 4463 Haec
502 4410 622 4463 mihi
632 4415 756 4465 ratio
775 4412 1070 4478 suscipiendi
1088 4414 1266 4502 operis,
1285 4417 1372 4502 sed
1389 4416 1504 4502 dum
1515 4416 1627 4502 aliis
1637 4432 1751 4469 con-
1783 4441 1838 4502 D

169 4490 342 4577 fultum
360 4494 488 4557 volo,
508 4496 611 4577 ipse
630 4496 748 4550 mihi
764 4496 1096 4566 gravissimum
1112 4513 1232 4553 ornas
1248 4501 1363 4565 ,.cui
1381 4500 1582 4577 ferendo
1598 4500 1757 4567 impar

167 4569 352 4634 futurus
368 4587 505 4627 eram
527 4573 808 4641 imprudens
831 4577 1053 4642 imposui.
1087 4582 1334 4633 Lectorum
1345 4575 1463 4633 mihi
1472 4581 1753 4649 aliquotauo

168 4660 351 4737 ctoriam
368 4659 588 4712 conscius
609 4660 695 4725 qui
715 4675 780 4715 ea:
798 4662 1071 4731 regionibus
1091 4664 1194 4717 istis
1214 4664 1438 4720 historice
1460 4668 1534 4719 vel
1552 4681 1755 4737 geogra«

169 4735 303 4797 phire
329 4740 658 4807 scripserant,
691 4751 738 4796 et
776 4745 1019 4811 execr-ptis
1050 4750 1169 4800 meis
1200 4751 1540 4817 geographicis
1572 4735 1724 4817 fretus
1739 4795 1753 4820 ,

168 4829 271 4904 quis
292 4820 342 4872 in
357 4836 497 4874 usum
513 4822 873 4880 condendamm
894 4830 1188 4897 tabularum,
1207 4835 1250 4886 si
1267 4836 1461 4895 quando
1476 4851 1593 4902 Opus
1612 4850 1752 4904 esset,

167 4898 510 4970 disposuerant,
529 4907 793 4963 arbitratus
814 4926 920 4964 sum
939 4912 1234 4978 potissimam
1255 4918 1364 4981 jam
1385 4898 1547 4983 operis
1569 4898 1754 4985 partem

166 4992 382 5068 exactam
410 4993 533 5050 esse,
559 4989 686 5042 male
716 5002 885 5046 cautus
905 4996 990 5061 qui
1017 5004 1117 5048 tam
1147 4997 1339 5064 facilem
1362 5001 1606 5068 desperati
1634 5018 1755 5067 pene

165 5066 317 5155 operis
345 5069 672 5143 executionem
702 5074 864 5129 animo
890 5078 1230 5146 pracepissem
1247 5082 1265 5134 !
1291 5085 1412 5136 Cum
1436 5066 1585 5155 multa
1609 5066 1753 5140 etiam

126 5194 132 5201 .
291 5142 497 5220 legenda
523 5166 842 5225 superessent,
1027 5142 1361 5229 difﬁcultatem
1400 5152 1750 5235 minuerentne,

168 5242 225 5282 ωι
245 5246 335 5285 non
360 5238 484 5301 forte
494 5239 639 5291 etiam
647 5250 877 5307 augerent
897 5244 1085 5298 nescius
1095 5261 1247 5299 eram.
1261 5251 1363 5301 Sed
1381 5258 1426 5303 et
1437 5250 1651 5319 erigebat
1673 5268 1751 5306 me

167 5318 388 5381 prwftlms
410 5320 707 5377 clarissumis
733 5326 956 5381 dominus
974 5332 1052 5381 Du
1071 5332 1184 5395 Pin,
1211 5347 1350 5399 quem
1368 5334 1575 5386 omnium
1596 5335 1747 5389 instar

309 5403 530 5464 futurum
568 5420 672 5458 esse
702 5411 999 5475 confidebam
1018 5454 1031 5477 ,
1056 5414 1149 5478 qui
1175 5397 1405 5481 quicquid
1447 5419 1709 5472 Carnerius
1727 5457 1743 5483 ,

167 5480 398 5566 ξαν-ἰδίω,
427 5487 675 5551 Baluzius,
699 5492 1004 5549 Harduinus.
1028 5498 1308 5551 Ruinartius
1331 5499 1641 5566 scripserant,
1664 5504 1718 5554 di
1725 5480 1743 5543 ζ

166 5558 352 5648 ligenter
375 5566 664 5637 collegerat,
691 5580 737 5624 et
767 5582 901 5630 notas
921 5575 1117 5643 insuper
1140 5595 1253 5634 suas
1282 5558 1485 5648 benigne
1506 5558 1744 5637 mihiim-

169 5645 417 5709 pertititrus
440 5661 582 5717 erat;
602 5669 697 5707 uno
718 5658 862 5710 verbo
890 5660 1073 5716 mannos
1094 5663 1215 5717 mihi
1233 5645 1429 5720 addidit
1447 5704 1462 5732 ,
1486 5674 1533 5721 et
1565 5669 1631 5723 ad
1652 5680 1741 5723 au-

557 5739 832 5806 Psruon.
877 5743 993 5809 XI.

1880 3129 1989 3183 quis
2010 3132 2075 3170 ex
2098 3118 2380 3175 [litterariis
2403 3122 2503 3175 sive
2533 3128 2842 3181 terrestribus
2871 3118 2974 3182 sive
3002 3133 3261 3188 maritimis
3281 3118 3491 3194 notiores

1876 3206 2005 3249 sunt.
2033 3203 2109 3251 Ex
2140 3201 2270 3267 aliis,
2299 3201 2535 3269 (piasdam
2555 3221 2620 3259 ea:
2639 3210 2923 3275 Ptolemaeo,
2947 3216 3184 3278 quasdam
3206 3232 3271 3272 ea:
3290 3218 3489 3276 histori-

1874 3278 1947 3367 cis
1970 3281 2169 3367 locatas,
2194 3289 2515 3349 quarumdam
2536 3289 2819 3355 positionem
2841 3296 3177 3361 suppeditasse
3202 3301 3325 3355 mihi
3354 3304 3485 3360 viros
3560 3364 3561 3367 η

1825 3380 1835 3389 ι
1875 3362 2039 3417 doctos
2056 3379 2121 3418 ea:
2137 3364 2381 3422 historicis
2400 3370 2739 3427 ecclesiasticis
2760 3377 3079 3445 desumptam,
3102 3383 3146 3433 si
3163 3398 3257 3455 non
3275 3397 3485 3443 eum

1873 3455 2015 3511 parte
2032 3456 2231 3508 certam.
2266 3460 2422 3505 tamen
2453 3454 2505 3506 in
2537 3455 2707 3515 paucis
2738 3457 2974 3513 vitiosam.
2998 3463 3158 3517 Habet
3175 3464 3257 3518 hic
3279 3469 3481 3523 certitu-

1873 3528 1955 3591 do,
1980 3529 2023 3580 si
2043 3532 2114 3582 sic
2137 3531 2270 3596 loqui
2290 3535 2367 3601 fas
2388 3544 2477 3599 est,
2634 3540 2757 3607 fines
2786 3543 2917 3595 ultra
2942 3558 3059 3612 quos
3081 3550 3165 3601 via:
3186 3548 3327 3603 aliud
3342 3567 3477 3613 pra:-

1870 3618 1945 3663 ter
1965 3614 2267 3678 coniecturas
2291 3631 2393 3671 esse
2426 3620 2479 3670 in
2512 3621 2728 3686 confesso
2764 3630 2833 3675 est
2869 3627 3003 3688 apud
3036 3631 3269 3699 eruditos.
3305 3637 3476 3690 Satius

1868 3704 2028 3749 autem
2050 3712 2151 3751 esse
2183 3701 2305 3754 duxi
2324 3702 2464 3755 urbes
2480 3701 2671 3770 aliquas
2692 3715 2758 3760 ex
2780 3708 3061 3773 coniectura
3083 3700 3269 3768 troitum
3291 3716 3474 3783 locare,

1868 3779 2086 3843 quamvis
2111 3795 2203 3833 non
2231 3798 2319 3836 suo
2346 3787 2549 3849 fortasse
2573 3784 2679 3840 loco
2700 3803 2847 3852 quam
2873 3790 2987 3846 illas
3004 3809 3207 3859 prorsus
3224 3779 3471 3871 omittere,
3546 3851 3549 3854 ἠ

1846 3864 2127 3918 arbitratus
2158 3871 2264 3928 fore
2282 3876 2332 3919 ut
2356 3869 2531 3923 veritas
2563 3872 2682 3924 inde
2701 3873 2897 3937 facilius
2919 3888 3173 3935 erueretur
3199 3897 3218 3935 :
3236 3885 3323 3938 vix

1863 3943 1970 3996 sine
1992 3950 2209 4015 autopsia
2218 3950 2338 4002 certi
2348 3951 2539 4019 aliquid
2551 3952 2602 4007 in
2618 3955 2699 4008 his
2720 3957 2862 4016 rebus
2882 3958 3094 4014 stabiliri
3119 3973 3287 4029 potest.
3316 3972 3473 4026 Tanta

1862 4036 1933 4080 est
1953 4043 2013 4081 ac
2038 4038 2135 4081 tant
2153 4032 2406 4095 multiplex
2428 4036 2674 4088 nominum
2700 4040 2956 4095 diversitas
2987 4052 3037 4098 ut
3070 4045 3214 4110 facile
3236 4049 3300 4103 sit
3320 4052 3467 4106 aber-

1860 4125 1974 4163 rare
1989 4128 2112 4173 eum,
2134 4114 2218 4180 qui
2234 4116 2485 4169 oculorum
2500 4118 2550 4169 in
2567 4118 2643 4173 his
2658 4120 2875 4175 subsidio
2892 4138 2989 4177 non
3005 4127 3173 4192 utitur,
3200 4133 3322 4185 mihi
3338 4144 3471 4190 certe

1858 4190 2275 4260 persuasissimum
2297 4200 2563 4256 esttabulas
2583 4206 2951 4271 geographicas,
2974 4190 3272 4276 qumtturnvis
3293 4222 3467 4284 aratas.

1858 4277 1974 4329 dum
2003 4282 2116 4331 alia:
2146 4295 2238 4333 non
2275 4290 2530 4350 suppetunt
2552 4326 2568 4349 ,
2601 4284 2726 4337 viam
2760 4286 3075 4345 nihilominus
3113 4296 3182 4349 ad

1853 4367 2084 4414 sternere.
2102 4366 2277 4417 Beatus
2300 4374 2460 4418 autem
2478 4367 2639 4434 fuero,
2665 4370 2707 4423 si
2730 4368 2856 4437 haec,
2874 4376 3236 4445 qualiscumque
3253 4389 3341 4447 ea,
3368 4386 3466 4441 au-

1861 4447 2088 4514 quantulo
2110 4448 2323 4501 subsidio
2343 4451 2550 4505 eruditis
2571 4466 2674 4505 esse
2697 4456 2865 4520 possit.
3450 4498 3453 4501 ‹

1925 4532 2166 4582 Secundo.
2195 4536 2308 4585 Non
2330 4522 2515 4586 tantum
2547 4535 2691 4589 urbes
2702 4544 2844 4605 certo
3190 4548 3242 4598 in
3270 4549 3465 4606 hacta-

1858 4610 1972 4663 bula
1995 4612 2221 4677 exhibui,
2244 4618 2331 4667 sed
2348 4616 2473 4671 alias
2488 4619 2638 4671 etiam
2660 4620 2843 4674 autem
2864 4638 3071 4690 quarum
3085 4610 3277 4695 aliqua:
3296 4633 3464 4699 forsan

1857 4694 2005 4747 etiam
2021 4696 2315 4764 episcopales
2336 4709 2463 4753 sunt.
2491 4704 2609 4755 Haec
2626 4713 2784 4756 autem
2798 4706 2887 4770 fuit
2904 4694 3315 4769 inserendi
3330 4725 3459 4781 quod

1855 4774 1957 4829 illa:
1981 4781 2233 4832 doctorum
2273 4784 2489 4836 virorum
2531 4784 2823 4853 conjecturis
2843 4782 3180 4845 inservierunt.
3217 4798 3284 4849 In
3315 4774 3460 4859 rebus

1854 4863 2087 4918 abstrusis
2108 4869 2307 4919 minima
2328 4885 2529 4939 quisque
2555 4870 2753 4940 vestigia
2772 4874 2871 4927 sive
2890 4876 3075 4930 indicia
3097 4883 3312 4939 veritatis
3341 4903 3461 4953 pre-

1856 4944 1981 4998 tiosa
2001 4956 2127 5008 sunt,
2154 4950 2299 5015 plura
2316 4953 2559 5025 pasiturus
2581 4970 2717 5007 eram
2734 4956 2778 5009 si
2794 4957 3001 5012 brevitas
3018 4962 3203 5016 charta:
3220 4944 3354 5030 ferre
3374 4987 3462 5036 po-

1855 5030 2039 5092 tuisset,
2065 5031 2273 5096 ideoque
2292 5041 2339 5085 et
2362 5036 2649 5102 papulorttm
2673 5038 2867 5091 nomina
2886 5042 2966 5092 hic
2987 5042 3183 5109 omissa,
3205 5061 3300 5103 non

1858 5129 2060 5178 prorsus
2078 5114 2291 5178 inutilia,
2317 5121 2403 5171 sed
2421 5127 2649 5186 tanquam
2670 5120 2828 5175 minus
2840 5125 3087 5191 proﬁcua.

1928 5196 2105 5249 Tertio.
2134 5199 2349 5278 Pr0pria
2370 5204 2470 5253 sive
2493 5201 2787 5256 substantive
2816 5206 3013 5260 urbium
3046 5214 3240 5267 nomina
3272 5221 3458 5284 quoties

1857 5278 2052 5344 quidem
2075 5291 2177 5332 non
2187 5274 2333 5336 licuit
2346 5299 2409 5338 ex
2424 5298 2545 5349 puro
2566 5287 2890 5351 Antiquorum
2913 5292 3040 5358 fonte
3063 5274 3295 5368 haurire,
3308 5318 3369 5358 ea

1854 5366 1913 5415 Η.
1941 5368 2006 5414 Ρ.
2047 5365 2218 5417 Carolo
2252 5382 2281 5417 a
2301 5375 2462 5419 sancto
2498 5370 2677 5421 Paulo
2698 5380 2783 5424 aut
2818 5379 2877 5426 ab
2912 5377 3163 5433 Holstenio
3197 5365 3457 5458 desumpta

1849 5454 1976 5510 sunt,
2003 5455 2048 5498 ct
2072 5462 2168 5513 qua
2190 5456 2384 5513 potuere
2408 5451 2636 5517 analogia
2659 5455 2864 5521 conﬁcta
2887 5472 2991 5513 esse
3007 5462 3247 5520 videntur.
3320 5506 3323 5510 -

1916 5535 2114 5591 Quarto.
2160 5533 2266 5584 Viri
2295 5531 2538 5597 diligentis
2568 5536 2728 5602 fuerat
2752 5540 2976 5598 lectiones
2999 5548 3161 5603 varias
3202 5553 3389 5619 referre
3408 5562 3457 5616 si

1850 5626 1960 5677 qute
1974 5614 2296 5668 occurrissent
2310 5615 2361 5667 in
2375 5617 2624 5682 impressis
2644 5630 2728 5675 aut
2750 5630 3091 5694 titanuscriptis
3113 5614 3376 5704 codicibus,

1852 5693 2058 5749 liberum
2079 5703 2200 5750 esset
2221 5696 2393 5763 cuique
2403 5698 2653 5764 judicium
2673 5718 2831 5771 suum,
2859 5716 2907 5761 et
2926 5709 3018 5835 [12086
3039 5712 3235 5779 quidem
