3848 6220
192 235 304 294 877

186 449 517 519 conditione,
550 464 606 508 ut
653 455 788 511 intra
831 464 942 512 tres
971 472 1182 515 menses
1212 459 1350 517 bona
1389 464 1495 519 fide
1522 468 1771 533 restitue:

186 549 308 592 ret:
340 540 421 618 (β)
452 553 507 598 ut
534 544 725 617 mirum
765 545 901 602 adeo
927 548 1126 603 nemini
1150 565 1270 606 esse
1297 557 1485 620 possit,
1535 555 1676 626 quod
1717 569 1772 614 et

182 631 297 684 otio
319 634 436 702 ipso
455 646 508 693 et
533 638 654 692 aliis
681 640 1450 713 occupationibusprarclusus,
1465 656 1520 702 et
1545 647 1770 704 destitu-

181 730 270 778 tus
319 727 558 803 subsidio
604 731 742 785 alius
780 713 1138 804 exemplaris,
1179 739 1366 805 parum
1412 740 1766 820 emaculatum

176 815 432 885 Optatum
457 821 684 888 dederit,
717 837 875 893 quem
918 820 982 881 ex
1023 829 1168 882 omni
1188 839 1340 898 parte
1363 817 1686 903 completum
1714 846 1768 894 et

174 905 599 982 redintegratum
657 911 719 986 iri
773 931 895 970 cum
940 904 1288 976 Bibliotheca:
1333 922 1766 993 instructissima:

173 998 560 1073 Tunger-[ensis
585 996 779 1074 copiis,
819 1018 927 1062 tum
955 1011 1181 1067 Abbatis
1209 1015 1376 1084 ipsius
1405 1018 1617 1088 ingenio
1641 1036 1764 1090 Spe-

170 1105 253 1146 rat
277 1103 336 1147 et
359 1105 526 1164 optat.
551 1097 951 1167 Completorum
981 1106 1275 1182 specimiua
1315 1109 1368 1164 in
1417 1110 1632 1166 laudata
1662 1113 1759 1169 de-

169 1181 447 1241 dicatione
470 1185 750 1245 Cochlzeus
775 1193 1029 1261 prodidit,
1081 1194 1305 1265 quarum
1357 1203 1592 1257 maxima
1638 1219 1761 1273 pars

169 1275 222 1329 in
240 1275 450 1335 litteras
478 1289 532 1336 et
564 1282 798 1354 syllabas
835 1284 978 1342 male
1007 1290 1318 1360 conjunctas
1347 1305 1438 1350 aut
1465 1295 1759 1366 disiunctas

166 1371 334 1438 cadit.
368 1373 648 1432 PrmmisSa
683 1388 810 1434 sunt
847 1381 898 1435 in
937 1381 1094 1437 titulo
1122 1384 1240 1454 ipso
1283 1387 1615 1461 Hieronymi,
1646 1403 1755 1447 tum

166 1462 304 1519 tituli
347 1461 539 1538 pagina
582 1458 769 1553 aversa
798 1475 1078 1545 Augustini
1110 1489 1298 1534 contra
1342 1481 1753 1561 Parmenianum

167 1543 476 1632 testimonia
505 1570 558 1615 ct
585 1547 849 1618 Gerhardi
877 1543 1114 1623 Lorichii
1142 1569 1473 1627 lladramarii
1503 1557 1754 1631 Carmina

164 1649 218 1703 in
250 1647 466 1706 laudem
495 1662 552 1708 et
577 1657 1099 1733 commendationem
1130 1661 1328 1732 Optati.
1377 1664 1504 1721 Post
1551 1667 1755 1736 cpisto-

163 1743 267 1797 lam
311 1749 756 1816 nuncupatoriavm
795 1750 1038 1820 sequitur
1083 1751 1467 1824 Compendinm
1507 1746 1755 1817 Sun'ima-
1784 1754 1831 1813 B
1856 1761 2148 1819 etiamnum
2177 1769 2412 1825 mutilos.

163 1848 280 1887 rum
329 1849 361 1889 c
411 1835 564 1890 libris
602 1836 779 1908 Optati
827 1851 1137 1912 excerptum
1187 1853 1242 1900 et
1287 1847 1341 1901 in
1387 1850 1619 1918 Capitula
1672 1851 1754 1906 di-

162 1937 396 1996 gestum,
420 1927 677 1997 deinceps
703 1930 882 2000 brevis
915 1935 1309 1993 Donatistarum
1351 1940 1646 1997 confutatlo
1684 1959 1751 2000 ex

163 2017 343 2072 verbis
364 2017 423 2074 S.
451 2018 736 2091 Augustini
763 2039 924 2093 super
946 2025 1034 2080 Ps.
1069 2042 1277 2095 Lxxxv,
1301 2042 1407 2086 etc.
1446 2031 1749 2092 Summaria

161 2110 392 2166 Collatio
423 2112 819 2169 Donatistarum
851 2116 917 2171 ad
945 2117 1328 2176 Schismaticos
1353 2123 1511 2192 hujus
1545 2137 1748 2196 tempo-

160 2201 254 2266 ris,
282 2202 514 2274 denique
545 2203 700 2258 iudex
723 2221 904 2261 rerum
929 2211 1379 2268 memorabilium.
1405 2215 1589 2287 Neque
1617 2233 1749 2273 vero

160 2290 354 2348 oblitus
376 2304 462 2350 est
491 2293 771 2352 Cocblazus
799 2299 1024 2371 singulis
1046 2302 1198 2360 libris
1226 2318 1538 2376 argumenta
1567 2311 1746 2380 practi-

159 2401 304 2455 gere.

877 2487 1036 2544 1565.

229 2565 520 2626 Parisiis...
551 2571 680 2630 in8.
730 2574 909 2646 Optati
938 2577 1008 2632 Μ.
1040 2578 1184 2635 Libri
1204 2591 1308 2646 ‘vn,
1339 2582 1404 2638 ad
1435 2585 1746 2644 Parmenia-
1773 2599 1778 2606 ’

163 2674 306 2727 num,
337 2660 408 2716 de
455 2662 758 2721 Schismate
819 2667 1237 2726 Donatistarum.
1288 2703 1360 2715 —
1410 2676 1744 2749 Quamquam

161 2762 430 2809 auctorem
473 2768 714 2812 nostrum
756 2763 1026 2817 sexcentis
1070 2764 1202 2819 locis
1255 2770 1596 2847 emendatum
1644 2773 1744 2828 hac

160 2845 392 2902 editione
421 2848 550 2923 dare
578 2865 643 2931 se.
661 2867 819 2921 posse
846 2855 1158 2924 proﬁteatur
1183 2845 1493 2928 Balduinus,
1512 2880 1741 2935 quorum

161 2939 384 2994 maxima
409 2956 531 3010 pars
553 2958 656 2998 ms.
687 2949 1003 3016 exemplari,
1047 2952 1188 3020 quod
1230 2955 1483 3010 utendum
1510 2958 1610 3027 ipsi
1641 2960 1736 3015 dc-

160 3029 305 3085 derat
352 3030 605 3103 Claudius
653 3035 999 3120 Espencams,
1056 3040 1338 3115 theologus
1395 3047 1737 3116 Parisiensis,

160 3121 411 3178 debeatur
441 3166 459 3193 ,
514 3142 804 3196 superesse
864 3138 1038 3187 vimen
1088 3149 1194 3189 non
1243 3137 1412 3191 multo
1460 3131 1809 3221 paucioresC

160 3212 318 3283 locos,
346 3219 436 3288 qui
460 3233 651 3289 magna
682 3222 861 3276 mendi
893 3225 1201 3294 suspicione
1230 3227 1493 3297 laborent,
1529 3212 1623 3288 sed
1653 3250 1741 3290 sa-

159 3310 264 3362 nari
289 3309 407 3365 sine
446 3311 648 3366 auxilio
679 3314 874 3370 veteris
914 3315 1056 3384 libri,
1087 3319 1178 3373 vix
1210 3335 1274 3375 ac
1304 3339 1373 3377 ne
1404 3322 1491 3378 vix
1522 3326 1735 3393 quidem

161 3401 354 3469 possint
382 3411 531 3458 recte
559 3406 782 3460 monuit.
815 3406 1079 3473 Quocirca
1123 3412 1293 3470 satius
1316 3413 1468 3470 duxit
1497 3432 1729 3484 pra-sen-

161 3491 291 3548 tibus
313 3493 436 3560 frui,
459 3510 618 3565 quam
645 3500 1002 3568 committere,
1034 3503 1301 3559 uteodem
1330 3508 1601 3577 squalore,
1633 3525 1738 3581 quo

158 3595 302 3640 antea
328 3587 492 3656 plane
519 3589 825 3657 inquinatus
861 3591 1070 3657 fuerat,
1102 3593 1324 3665 Optatos
1367 3601 1734 3660 recuderelur.

159 3673 230 3730 Ac
243 3688 558 3746 speraverat
589 3680 974 3753 aliquantisper
990 3683 1105 3741 fore
1128 3685 1476 3745 utaecederet
1504 3692 1733 3749 alterum

157 3768 538 3829 emendationis
566 3774 872 3844 prznsidium
901 3792 967 3832 ex
1008 3779 1195 3834 codice
1222 3779 1445 3838 JOannis
1474 3785 1596 3841 Tilii
1620 3789 1736 3857 epi-

158 3861 292 3930 sc0pi
327 3864 650 3923 Briocensis.
683 3865 789 3920 Sed
819 3868 960 3937 quod
1001 3869 1111 3937 jam
1161 3875 1402 3940 praestari
1446 3891 1550 3930 non
1582 3889 1734 3947 pote-

158 3962 258 4020 rat,
302 3955 369 4010 ab
407 3954 577 4010 altera
626 3954 766 4012 forte
790 3958 1023 4015 editione
1053 3974 1366 4032 exspectare
1384 3965 1732 4035 jnbetJ’t-ae-

158 4043 290 4098 misit
351 4046 526 4101 editor
572 4047 854 4118 epistolam
907 4049 975 4104 ad
1042 4051 1128 4107 .lo.
1185 4053 1584 4131 Lentalleriumi
1635 4075 1732 4116 an-

158 4133 363 4190 tistitem
419 4136 984 4208 Aquiscinctiensem,
1040 4142 1092 4197 in
1155 4161 1476 4217 qua‘super
1536 4151 1731 4221 Optato

156 4237 205 4282 et
245 4229 390 4310 hisce
433 4231 552 4302 ejus
586 4234 736 4289 libris
765 4235 930 4290 multa
958 4237 1214 4306 praeclare
1240 4241 1562 4311 disputavit;
1586 4261 1727 4315 prae-

157 4331 287 4378 tcrea
341 4324 719 4404 praefationem
781 4343 811 4382 a
858 4328 943 4384 .lo.
1010 4330 1299 4388 Lucanium
1355 4335 1725 4411 (Calvinum)

155 4417 292 4474 valde
322 4420 582 4491 prolixam
612 4429 668 4477 et
690 4423 851 4477 multa
882 4438 950 4479 ex
981 4425 1127 4480 omni
1162 4443 1218 4482 re
1239 4428 1602 4488 ecclesiastica
1621 4450 1721 4489 una

155 4527 262 4567 cum
282 4514 391 4569 acri
419 4515 630 4570 Calvini
661 4518 1061 4587 impugnatione
1099 4522 1489 4591 complectente
1512 4567 1528 4592 ,
1562 4543 1718 4597 quam
1749 4509 1799 4568 Ῑ)
1894 4536 1980 4595 Ex
2003 4540 2310 4617 BiinOpolia

156 4603 202 4658 in
229 4605 458 4662 editione
501 4608 669 4664 altera
712 4610 962 4665 resecuit.
1009 4609 1147 4666 Num
1197 4628 1326 4668 vero
1383 4615 1546 4685 priori
1600 4619 1721 4676 huic

153 4694 360 4752 editioni
392 4698 685 4754 Balduinus
706 4701 992 4770 septimum
1034 4701 1146 4771 jam
1193 4696 1383 4760 librum
1433 4707 1719 4778 addiderit,

155 4789 286 4842 nullo
306 4790 517 4859 quidem
547 4791 676 4846 satis
702 4801 850 4847 certo
873 4793 1072 4849 indicio
1088 4810 1413 4866 cognoscere
1433 4803 1578 4869 pomi
1608 4803 1718 4876 (2);

153 4891 258 4932 cum
284 4881 468 4951 prima:
499 4881 656 4953 hujus
686 4883 927 4940 Balduiui
952 4886 1202 4942 editionis
1229 4900 1371 4946 tanta
1403 4891 1473 4947 sit
1501 4897 1715 4964 raritas,

155 4978 284 5026 utne
303 4973 568 5046 Catalogis
603 4976 819 5046 quidem
862 4977 1312 5039 Bibliothecarum
1361 4985 1723 5059 locupletissi-

155 5077 343 5119 tnarum
377 5065 580 5122 laudari
606 5083 723 5124 eam
751 5071 1113 5129 meminerim.

841 5167 1006 5223 1569.

215 5250 422 5325 Parisiis
466 5257 606 5329 apud
638 5255 913 5315 Claudium
944 5257 1157 5335 Fremy,
1201 5265 1282 5320 via
1310 5269 1574 5340 Jacobaza,
1627 5275 1719 5330 sub

216 5434 436 5525 (l)_lloc
459 5439 1084 5525 additinadmonitione
1125 5446 1190 5500 ad
1246 5446 1552 5518 Lectorem,
1598 5444 1722 5525 qua:

155 5506 428 5564 ad'calcem
462 5512 585 5566 libri
617 5513 828 5569 visitur.

217 5577 290 5653 (ᾗ)
330 5583 494 5653 Quem
517 5582 897 5653 ‘Dupiniusiet
947 5600 1010 5639 ex
1061 5601 1128 5641 co
1179 5585 1714 5653 Fabriciusin'llibl.

157 5645 278 5728 bit-tl.
305 5652 354 5703 ei
383 5650 479 5728 liti.
514 5645 637 5706 Lat:
663 5651 750 5728 ed.
780 5652 973 5728 Mansi,
998 5664 1038 5728 t.
1066 5673 1119 5721 ν,
1156 5675 1206 5727 p.
1256 5662 1379 5728 170,
1421 5645 1717 5722 ιιιίιὶιιίῖὸίῖίἰ

156 5715 260 5773 bus‘
314 5721 451 5794 typis
517 5724 842 5796 exscriptum
908 5715 1040 5782 dicit
1102 5715 1295 5789 librum
1336 5715 1715 5808 v'scptimiiin;

1154 251 1243 308 DE
1282 254 1340 310 S.
1380 254 1654 317 OPTATO
1689 260 1969 321 NOTlTiA
2005 266 2445 331 LITTERARIA.

189 351 318 408 dum
348 356 467 438 aliis
496 357 648 417 libris
673 361 898 419 edendis
950 343 1243 433 insudaret,
1273 368 1374 424 hac
1405 377 1773 432 tantummodo
1799 384 1850 442 Α
1879 381 1981 434 divi
2052 382 2266 440 Martini
2332 388 2521 459 insigni
2547 433 2562 459 ,
2644 394 2781 455 iii-8.

3357 298 3460 355 878

2867 399 3127 457 Delibatio
3193 406 3460 469 Africana:

1875 470 2125 548 Historia;
2183 476 2614 550 Ecclesiasticze,
2663 489 2779 545 sive
2833 488 3007 563 Optati
3052 495 3341 558 Milevitani
3392 506 3458 562 li-

1873 560 1950 614 bri
2011 579 2121 628 vn,
2195 567 2263 620 ad
2327 567 2742 646 Parmenianum,
2821 583 2884 638 de
2947 586 3222 644 schismate
3275 592 3456 649 Dona-

1871 655 2124 710 tistarum.
2174 657 2404 717 Victoris
2454 664 2715 726 Uticensis
2769 673 2889 729 libri
2939 693 3030 742 ιιι.
3086 681 3152 737 de
3199 700 3455 753 persecu-

1870 745 2016 801 tione
2043 747 2325 805 Vandalica
2349 753 2400 807 in
2423 756 2629 823 Africa,
2652 776 2771 816 cum
2800 771 3237 831 annotationibus
3259 794 3324 834 ex
3356 780 3450 836 Fr.

1868 837 2111 895 Balduini
2137 841 2233 898 JC.
2257 843 2674 908 Commentariis
2724 871 2902 922 rerum
2935 863 3450 932 Ecclesiasticarom.

1937 934 2107 1004 Quem
2136 942 2375 997 sexeutis
2403 944 2590 1002 saltem
2623 948 2754 1005 locis
2783 957 3121 1033 emendatum
3153 967 3314 1033 priori
3350 970 3450 1025 de-

1865 1024 2018 1083 derat
2045 1029 2283 1088 edisione
2307 1034 2558 1104 Optatqu
2586 1019 2924 1120 Balduinus,
2950 1067 3092 1108 nunc
3132 1019 3236 1113 non
3281 1049 3452 1122 ntb‘lto

1863 1121 2203 1203 paucioribus
2255 1138 2536 1197 purgatum
2580 1136 2790 1192 mendis
2830 1155 2896 1194 ex
2942 1145 3108 1200 altera
3138 1148 3234 1204 hac
3265 1169 3451 1209 recen-

1859 1211 2013 1267 sione
2040 1216 2253 1283 prodire
2300 1219 2555 1290 affirmat,
2609 1225 2818 1283 duobus
2871 1248 3001 1296 mss.
3050 1243 3449 1311 exemplaribus

1856 1305 2107 1374 subnixa,
2135 1325 2360 1378 quorum
2389 1316 2616 1373 alterum
2645 1320 2731 1376 Jo.
2760 1323 2898 1378 Tilio
2935 1344 3019 1398 ep.
3048 1329 3332 1420 Meldeiisj,
3365 1339 3447 1394 at-

1860 1399 2341 1420 .---._-.._--_,_--.
2435 1408 2447 1420 .
2487 1409 2525 1420 ..
2595 1411 2654 1420 ..
2765 1415 2873 1420 -__

1820 1468 1828 1474 _
1860 1405 2032 1451 terum
2047 1399 3033 1487 Macereotheol.Parisiensideberet,
3055 1425 3138 1479 vel
3167 1427 3245 1483 sic
3269 1399 3455 1488 t/amcn'

1857 1486 2085 1542 multum
2110 1491 2337 1560 abesse,
2371 1506 2428 1551 ut
2455 1516 2597 1584 nunc
2628 1505 2840 1560 tandem
2888 1510 2940 1564 in
2992 1511 3256 1587 integrant
3288 1522 3446 1591 plane

1854 1580 2135 1637 restitutus
2160 1585 2266 1640 dici
2302 1592 2468 1657 possit
2489 1580 2773 1664 judicans;
2815 1601 2981 1658 immo
3004 1580 3131 1676 feci,
3160 1580 3356 1683 inquit,
3386 1625 3446 1672 ut

1853 1669 2164 1729 lacunarum
2183 1687 2324 1734 nota:
2347 1680 2668 1754 indicarent,
2716 1692 2923 1762 aliquot
2972 1697 3119 1756 locos
3154 1669 3444 1774 superesse

2450 1773 2596 1831 Libri
2625 1782 2838 1855 septimi
2883 1789 3106 1857 paginas
3133 1773 3441 1866 complures

1853 1851 2163 1913 deficientes
2191 1859 2458 1920 Tilian'um
2488 1851 2766 1938 exemplar
2791 1851 3109 1950 supplebat,
3139 1895 3194 1941 et
3384 1894 3437 1949 in
3514 1886 3518 1890 ’

1853 1943 1958 2002 isto
1970 1949 2376 2012 desiderabatur
2389 1974 2511 2028 pars
2525 1974 2816 2035 postrema,
2832 1986 2948 2027 eam
2963 1943 3290 2049 exemplaria
3313 1962 3442 2056 snp-

1855 2040 2180 2109 peditabant.
2208 2047 2450 2107 Balduini
2476 2054 2852 2117 adnotationes
2896 2066 2962 2120 ad
2991 2040 3230 2141 singulos
3259 2040 3437 2147 Opt:iti

1852 2134 2020 2189 libros
2043 2138 2189 2193 'solas
2221 2139 2470 2201 historias
2497 2151 2888 2211 ecclesiasticas
2906 2147 3176 2232 ‘spcctant,
3209 2134 3435 2236 quarum
3486 2171 3510 2190 ”

1849 2226 2076 2283 mirifice
2102 2231 2334 2288 callidus
2360 2234 2449 2291 ille
2478 2237 2596 2294 fuit.
2633 2240 2698 2297 Ut
2724 2259 2852 2321 vero
2903 2226 3111 2318 plenior
3147 2226 3309 2314 simul
3349 2226 3439 2321 hic

1850 2319 2246 2412 Donatistarum
2275 2328 2496 2387 historia
2533 2318 2848 2396 haurirctur
2891 2355 2944 2399 ct
2991 2345 3183 2418 Optato
3219 2354 3436 2415 abunde

1850 2405 2156 2483 satislieret,
2200 2419 2458 2493 integram
2505 2431 2894 2496 expositionem
2946 2437 3327 2509 disputationis
3367 2449 3434 2506 de
3480 2460 3486 2468 '

1849 2504 2090 2564 Ecclesia
2137 2511 2189 2566 in
2217 2527 2485 2572 conventu
2523 2519 2950 2594 Carthaginiensi
2992 2532 3120 2589 olim
3169 2553 3435 2606 prmscnte

1846 2596 2145 2668 Augustino
2188 2607 2342 2661 annis
2387 2609 2590 2680 aliquot
2635 2625 2756 2683 post
2804 2629 3048 2678 mortem.
3077 2596 3258 2696 Opiati
3305 2596 3433 2691 venui

1847 2691 2138 2750 Donatistis
2197 2697 2427 2766 habita},
2501 2720 2659 2775 quam
2708 2713 2864 2768 annis
2911 2691 3280 2786 superioribus
3330 2730 3432 2785 sob

1846 2784 2000 2846 titulo
2051 2785 2295 2847 Historia:
2350 2791 2650 2852 Collatiom's
2697 2784 3090 2875 Cntltaginensis
3142 2820 3428 2882 separatim

1844 2875 2102 2945 ediderat,
2146 2881 2324 2968 denuo
2366 2887 2692 2956 recognitum
2736 2893 2971 2964 adjecit,
3030 2875 3287 2961 detractis
3338 2910 3425 2975 iis,

1843 2981 1963 3035 qua:
2001 2968 2067 3022 ad
2089 2985 2199 3024 rem
2245 2957 2713 3062 minuspertinere
2761 2984 3098 3058 videbantur,
3128 3010 3350 3068 quaeque
3381 3004 3432 3058 in

1842 3057 2119 3114 Calvinum
2143 3071 2198 3116 et
2217 3057 2725 3128 Bezam'fervidiore
2753 3077 2936 3143 animo
2959 3057 3396 3152 tproutmiaverat
3415 3137 3427 3160 ,

1843 3159 1899 3204 et
1927 3155 2246 3224 conscriptis
2270 3159 2432 3214 simili
2473 3165 2685 3247 ratione
2711 3167 2763 3222 in
2787 3169 3058 3230 Victorem
3088 3181 3426 3254 prolegome~

1844 3242 1945 3296 nis.
1993 3242 2128 3300 Hinc
2179 3247 2361 3304 libello
2405 3242 2614 3311 titulum
2645 3256 2815 3321 fecit:
2851 3242 3102 3324 Delibatio
3137 3242 3268 3345 Αίνῗ
3289 3242 3427 3337 uni.

1841 3331 1984 3389 Eccl.
2002 3337 2182 3408 Neque
2194 3342 2350 3408 aliam
2375 3345 2443 3400 ob
2464 3362 2712 3418 causam,
2732 3363 2788 3408 ut
2807 3371 2963 3424 quam
2980 3331 3244 3422 invidiam
3259 3372 3426 3430 vehe-

1841 3428 2119 3486 mentioris
2147 3431 2461 3491 invectionis
2490 3449 2544 3493 et
2574 3443 2754 3499 nimiae
2783 3447 2833 3500 in
2871 3447 3167 3513 Calvinium
3195 3465 3426 3520 acrimo-

1840 3520 1942 3579 nim,
1971 3523 2250 3595 effugeret,
2283 3543 2588 3589 sermonem
2622 3539 2909 3609 prolixum,
2942 3561 3050 3615 quo
3101 3554 3288 3620 priori'
3311 3562 3426 3615 cdi-
3465 3589 3467 3591 ι

1839 3613 1966 3668 tioni
2021 3617 2274 3686 praefatus
2330 3634 2474 3692 erat,
2527 3631 2712 3696 procul
2772 3633 2841 3688 ab
2901 3635 3000 3693 hac
3072 3657 3194 3700 esse
3233 3648 3420 3722 jussit,

1835 3705 1966 3760 satis
2014 3723 2282 3780 superque
2334 3729 2453 3770 csse
2500 3717 2745 3788 inquiens
2795 3725 2990 3783 editam
3031 3747 3130 3788 suo
3180 3705 3423 3812 tempore

1833 3799 2003 3852 semel
2057 3800 2258 3869 fuisse,
2305 3806 2529 3877 ejusque
2569 3810 2670 3867 loci
2713 3815 2874 3871 aliam
2915 3821 2980 3875 ad
3023 3823 3252 3886 lectores
3292 3799 3422 3892 irra-

1836 3893 2125 3948 tiunculam
2177 3897 2476 3982 substituit.
2537 3903 2873 3978 Nuncupavit
2936 3904 3125 3974 librum
3182 3924 3419 3998 Casparo

1833 3983 2208 4043 Barchino‘lC.
2237 3999 2290 4045 et
2319 4005 2599 4052 Causarum
2629 4001 2990 4062 criminalium
3021 4010 3193 4070 Judiei
3223 3983 3420 4080 Medio-
3455 4055 3458 4060 -

1833 4077 2060 4140 lanensL

1901 4169 2159 4242 Parisiis,
2213 4193 2301 4248 ap.
2358 4179 2521 4236 Hic/1.
2592 4184 2847 4244 Sonnium
2877 4234 2893 4263 ,
2948 4198 3041 4251 sub
3115 4215 3258 4260 scuto
3311 4207 3417 4266 Ba-

1827 4263 2037 4328 siliensi,
2062 4269 2140 4319 via
2169 4265 2427 4340 Jacobaza,
2456 4275 2589 4332 in-8.
2629 4277 2830 4338 Eadem
2864 4303 3086 4356 prorsus
3112 4310 3233 4353 cum
3265 4317 3414 4371 pne-

1827 4358 2080 4424 cedente;
2107 4359 2515 4433 bibliopolarum
2544 4374 2852 4433 nominibus
2877 4391 3080 4442 tantum
3104 4358 3376 4452 differunt.

2541 4463 2748 4546 1599.,

2361 4549 2662 4614 Commelt'n.
2698 4560 2832 4618 in48.
2879 4566 3054 4638 Optati
3106 4574 3250 4634 Libri
3305 4583 3414 4643 Sos

1824 4631 1891 4687 de
1921 4635 2221 4702 schismate
2248 4641 2644 4705 Donatistarum
2677 4654 2931 4723 adversus
2972 4663 3409 4749 Parmenianum,

1826 4724 1988 4749 ..ιηιιη
2024 4744 2115 4749 ---Α
2145 4747 2169 4749 _,
2209 4747 2218 4749 _
2277 4743 2288 4749 -
2333 4736 2343 4749 ι
2632 4743 2644 4749 -
2709 4746 2717 4749 -

1825 4724 1992 4780 multo
2019 4744 2176 4799 quam
2202 4736 2428 4793 antehac
2454 4743 2866 4804 emendatiores.
2897 4756 3139 4814 Accessit

1823 4815 2261 4893 Carthaginensis
2284 4830 2424 4886 inter
2445 4834 2748 4893 Catholicos
2769 4851 2821 4896 et
2849 4843 3151 4910 Donatistas
3179 4860 3280 4916 sub
3304 4864 3411 4922 llo-

1825 4927 1981 4969 nono
2003 4931 2134 4987 imp.
3211 5006 3217 5011 ἴ

1894 5003 2137 5064 Balduini
2174 5021 2256 5067 est
2299 5017 2543 5073 recensio
2581 5022 2751 5089 prima
2795 5030 2936 5088 unde
2974 5039 3135 5097 etiam
3181 5049 3407 5117 epistola

1822 5096 1888 5152 ad
1915 5099 2247 5170 Aquiscinct.
2273 5107 2467 5188 Antist.
2494 5125 2880 5187 nuncupatoria
2906 5128 3095 5189 iterum
3115 5096 3406 5215 (διεδ-ἶρίὲῖ

1825 5189 1962 5215 1....Α.
1999 5196 2147 5215 A4:-__
2185 5198 2236 5215 I'l
2434 5204 2465 5215 .ο
2669 5212 2677 5215 -
2751 5214 2754 5215 ,
3267 5211 3277 5215 _

1822 5189 1965 5247 inest
1993 5196 2152 5250 etiam
2183 5198 2275 5254 lib.
2306 5215 2398 5260 νη.
2433 5204 2551 5261 licet
2583 5223 2610 5261 a
2642 5212 2798 5268 titulo
2822 5219 2980 5277 absit.
3013 5189 3410 5301 Quocirca

1822 5287 1974 5342 vanis
2012 5294 2446 5359 augurationibus
2469 5303 2732 5372 suspicari
2761 5310 2918 5387 nobis
2949 5319 3193 5382 videmur
3223 5333 3409 5402 prima:

1828 5464 1991 5519 editio
2064 5468 2229 5526 altera
2289 5489 2417 5559 non.
2458 5476 2527 5563 ita
2595 5487 2842 5558 profert,
2897 5500 2992 5553 sed
3061 5483 3225 5566 simili
3269 5516 3417 5576 litte-

1828 5550 2007 5576 rnrnm
2080 5555 2140 5576 an
2223 5544 2416 5576 palm...
2491 5552 2609 5576 I.L_:

1828 5550 2008 5618 “’“m
2223 5544 2418 5617 τεηηυί
2489 5544 2611 5610 "bri
2650 5544 3236 5637 ἐεηείε-νεκεῖςξίκςιῖ

1830 5621 2051 5649 nrtnmm
2101 5621 2261 5649 Innlnv
2341 5621 2381 5649 et
2429 5621 2571 5649 Ι..1...ι
2678 5631 2728 5649 ,ν
2777 5648 2780 5649 ν
2850 5635 2887 5649 “
2972 5642 2981 5649 .
3029 5645 3057 5649 __

1827 5607 2051 5728 brimam
2100 5611 2282 5683 igitur,
2339 5607 2382 5674 si
2429 5607 2611 5692 lubet;
2676 5607 3279 5712 ιῗίῖέψὗιιρῖδῆωὲἑϊίνθ

1846 5693 1983 5733 eras.
