3848 6220
229 219 234 222 -
262 189 359 247 881

979 311 1136 368 1679.

307 401 510 478 _Part's.
541 405 743 478 Sumpl.
770 404 889 460 Aut.
917 404 1199 468 Dezallier,
1219 404 1271 456 in
1319 402 1442 457 Vico
1471 399 1848 456 Satt-Jocoba’o

262 497 335 550 ad
356 495 610 552 Coronam
640 515 866 553 auream.
902 497 958 555 S.
994 495 1169 566 Optati
1210 496 1277 549 Μ.
1310 495 1369 549 Ε.
1397 493 1569 564 Opera
1595 509 1715 547 cum
1749 493 1848 548 ob—

260 589 656 645 servationibus
678 603 728 647 ct
762 594 900 645 notis
932 592 1151 661 integris
1195 591 1260 647 G.
1299 580 1624 666 Albaspinzei
1667 589 1730 642 Α.
1759 588 1844 654 E.,

263 683 462 738 Franc.
515 685 1105 754 Baliluini‘JC.,GaSp.
1147 684 1383 749 Barthii,
1427 682 1604 739 Merici
1649 681 1851 737 Casau-

265 775 393 830 boui
413 819 428 839 ,
456 789 558 832 etc.
593 776 870 850 Philippus
900 765 1140 831 Prioriits
1169 778 1541 831 annotatioucs
1569 785 1622 831 et
1655 775 1851 844 prmia-

263 867 442 921 tiones
487 867 699 942 adjecit.
745 867 1020 924 Accedunt
1067 866 1302 921 Facundi
1352 867 1748 922 llermianeusis
1783 865 1848 920 E.

232 1013 234 1017 ,
262 972 364 1027 pro
388 960 563 1014 tribus
587 961 845 1028 Capitulis
867 959 1082 1016 concilii
1108 959 1360 1015 Chalccd.
1395 959 1542 1014 Libri
1583 975 1656 1021 sit
1681 1002 1696 1025 ,
1727 972 1848 1012 cum

259 1051 702 1105 annotationibus
729 1053 843 1107 Jac.
898 1052 1168 1107 Sirmondi
1199 1051 1256 1108 S.
1300 1052 1342 1106 l.
1375 1059 1432 1106 et
1465 1052 1582 1120 ejus
1610 1051 1847 1106 Facundi

258 1140 554 1209 Opuseula.
589 1142 725 1198 Huic
766 1159 978 1214 quoque
1017 1144 1239 1199 editioni
1279 1143 1504 1214 adjecta:
1539 1142 1677 1205 sunt
1709 1143 1846 1200 Gab.

259 1232 592 1303 Aibaspinaei
645 1234 1052 1291 observationes
1102 1236 1513 1303 ecclesiasticas,
1563 1251 1686 1293 cum
1728 1237 1853 1292 aliis

259 1324 508 1395 ejusdem
539 1327 815 1396 operibus.
1776 1400 1779 1404 Α
1824 1383 1826 1386 ,

337 1419 549 1473 Titulus
579 1421 711 1475 satis
732 1462 748 1485 ,
772 1436 891 1490 qum
921 1421 1080 1492 hujus
1106 1422 1359 1478 editionis
1393 1422 1546 1479 dotes
1572 1407 1699 1478 sunt
1717 1467 1733 1490 ,
1756 1439 1853 1479 cx-

258 1511 483 1581 posuit;
515 1512 697 1581 paucis
724 1528 852 1583 ergo
873 1512 1092 1584 defungi
1123 1514 1323 1568 licebit.
1348 1515 1551 1569 Textus
1574 1515 1856 1586 estprimce

257 1607 598 1666 recensionis
624 1606 866 1662 Baldnini
888 1650 904 1676 ,
935 1623 1028 1662 seu
1058 1607 1236 1676 potius
1277 1623 1532 1677 expressa
1563 1612 1648 1663 est
1689 1606 1854 1663 editio

1217 194 1300 249 DE
1337 195 1394 251 S.
1435 193 1704 271 ΟΡΤΛΤΟ
1742 193 2015 261 ΝΟΤΙἸΊᾹ
2059 199 2492 254 LITTERARIL

1874 311 2117 372 ADuctN
2175 312 2378 384 (Sacra:
2446 313 2570 367 Fac.
2631 312 2802 368 Paris.
2855 326 2954 367 nec
3023 325 3127 365 non
3189 283 3332 365 Phil.
3383 310 3525 365 υτον.

3418 197 3526 253 88?.

1955 402 2109 474 Ileg.)
2141 421 2262 459 cum
2297 406 2535 474 ejusdem
2585 408 2746 473 notis,
2787 414 2846 461 ut
2882 416 2935 460 ct
2977 405 3116 462 Call.
3161 403 3483 472 Albaspinmi
3510 445 3525 469 ,
3583 454 3585 456 .

1952 495 2082 549 Mer.
2106 495 2440 560 Casauboni,
2470 499 2631 568 Gasp.
2683 499 2880 554 Barthii
2927 507 2984 554 et
3021 499 3286 565 aliorum,
3318 483 3544 568 singulis,

1951 589 2153 660 paginis
2178 589 2230 641 in
2255 589 2352 642 hac
2373 590 2590 644 editione
2614 591 2870 661 subjectis.
3293 657 3304 666 Ι

2028 679 2254 733 Praestat
2304 676 2419 734 tm
2471 679 2662 734 iterata
2717 681 3008 750 Dupiniana
3060 681 3415 758 Parisiensem
3468 691 3536 733 eo

1953 773 2174 839 saltem,
2231 773 2375 844 quod
2417 782 2570 828 notas
2616 774 2966 843 Albaspinzei,
3013 775 3143 833 Μαι.
3186 771 3486 830 Casauboni
3514 812 3531 839 ,

1953 866 2114 938 Gasp.
2173 866 2373 922 Barthii
2424 877 2477 922 et
2518 867 2746 922 selectas
2793 866 2984 923 incerti
3035 868 3178 923 illius
3223 866 3539 938 scriptoris,

1909 1021 1914 1026 δ
1952 976 2085 1031 quas
2113 960 2201 1015 illa
2232 975 2352 1015 cum
2383 960 2608 1030 reliquis
2632 959 2970 1014 uberioribus
3000 959 3238 1014 Balduiui
3265 969 3320 1014 et
3349 958 3542 1036 Albaq-

1927 1050 2695 1123 ‘pina-iobservationibus-ad
2743 1049 2944 1105 calcem
2977 1040 3273 1119 reiecerat,
3313 1048 3539 1119 singulis

1953 1145 2132 1226 statim
2163 1145 2368 1215 paginis
2414 1135 2534 1214 post
2572 1142 2782 1215 Dupinii
2825 1144 2993 1215 ipsius
3045 1142 3542 1198 animadversiones

1953 1226 2191 1291 exhibet.
2221 1235 2466 1307 Quinque
2493 1235 2709 1291 codices
2756 1236 2983 1306 Dupinio
3030 1234 3083 1290 in
3124 1232 3366 1289 sanando
3392 1240 3541 1288 textu

1957 1324 2154 1394 przesto
2192 1336 2382 1393 erant,
2427 1327 2890 1398 quorunwpewix
2938 1325 3041 1379 dici
3090 1333 3284 1396 potest,
3337 1324 3541 1396 inquit.

1957 1426 2088 1487 quot
2139 1417 2266 1472 loea‘
2306 1419 2730 1484 restituerimus;
2785 1427 3038 1488 corrupta
3097 1416 3544 1485 emendavimus,
3637 1418 3648 1426 “

1959 1507 2134 1563 laxata
2174 1509 2285 1565 suis
2328 1497 2676 1565 restituimus
2711 1512 2845 1564 locis
2868 1552 2883 1573 ,
2913 1512 3110 1566 omissa
3139 1505 3543 1581 supplevimus.

1960 1598 2226 1657 adscititia
2258 1591 2651 1668 resecuimus,
2681 1617 2788 1655 uno
2819 1603 3005 1665 verbo,
3038 1612 3215 1656 textus
3238 1600 3418 1674 Optati
3448 1614 3546 1664 na,-

259 1691 784 1770 Lugduno-Batava,
838 1701 908 1756 ita
960 1710 1173 1765 tamen,
1221 1709 1277 1755 ut
1335 1709 1475 1754 nota:
1521 1700 1855 1771 singulorum
1890 1698 1931 1756 Β
1964 1693 2071 1746 tivo
2094 1692 2367 1761 splendori
2397 1693 2899 1761 restitutusiotcger
2927 1703 2980 1747 et
3002 1692 3318 1764 emendatus
3348 1689 3545 1763 prodit.
3583 1771 3586 1774 ί

259 1808 390 1857 cum
423 1795 602 1864 aliquo
629 1794 846 1849 lectoris
875 1793 1163 1848 commodo
1192 1791 1359 1846 textui
1395 1791 1584 1858 ,statim
1631 1791 1859 1860 subjun-

265 1895 376 1940 εἰπε
405 1885 542 1951 sint,
575 1887 804 1955 primum
852 1886 1142 1955 separatim
1193 1883 1385 1938 Priorii
1407 1925 1422 1948 ,
1455 1871 1564 1938 tum
1599 1883 1856 1955 {eliqua-

260 1977 698 2040 rum..liistoria
747 1976 884 2032 Coll.
939 1975 1124 2032 Carth.
1168 1975 1412 2031 Balduini
1459 1976 1522 2029 ad
1574 1974 1860 2043 exemplar

261 2071 504 2138 primum
529 2085 616 2124 an.
649 2069 817 2136 1566,
860 2070 1088 2124 seorsim
1131 2069 1335 2124 editum
1385 2077 1440 2122 et
1466 2066 1552 2122 Jo.
1583 2066 1720 2122 'l’ilio
1758 2065 1860 2134 Ep.

260 2160 528 2217 Ileldeusi
559 2162 912 2230 inscriptum,
968 2161 1238 2230 praposita
1281 2167 1386 2214 est.
1441 2158 1860 2214 Observationes

263 2252 594 2322 Albaspittzci
641 2253 1023 2308 ecclesiastica:
1074 2264 1195 2322 post
1243 2251 1552 2306 Facundum
1599 2258 1726 2304 sunt
1772 2265 1858 2304 re-

260 2344 453 2414 jects.
482 2338 749 2398 Caeterum
774 2344 890 2398 haec
915 2345 1082 2400 editio
1108 2351 1168 2398 ut
1194 2343 1515 2398 Parisieusis
1543 2341 1788 2412 superior
1809 2348 1865 2394 et

265 2435 762 2505 Lugdune-Batava
788 2435 940 2490 unice
970 2435 1203 2491 librariis
1239 2437 1474 2507 qumstui
1509 2450 1607 2490 suo
1644 2436 1859 2506 prospi-

261 2527 542 2582 cientibus
567 2527 796 2583 debetur
824 2538 880 2582 et
905 2527 1047 2582 Phil.
1075 2524 1316 2602 Priorius
1337 2511 1524 2597 operis
1555 2525 1726 2582 forma
1749 2527 1860 2597 jam

260 2621 547 2690 descripta
577 2620 645 2676 de
683 2620 973 2675 collatione
1001 2621 1176 2690 aliqua
1219 2621 1435 2675 demum
1484 2622 1861 2690 interpellatus

260 2721 381 2768 est.
431 2712 609 2779 Quid?
648 2714 787 2784 quod
818 2729 918 2769 nec
945 2713 1048 2766 alia
1079 2712 1146 2768 dc
1172 2727 1336 2766 causa
1374 2713 1693 2769 Facundum
1715 2710 1864 2782 adje-

260 2814 469 2862 cerunt
491 2820 648 2874 quam
681 2814 735 2859 ut
761 2807 857 2858 hac
882 2809 1053 2878 forma
1097 2805 1262 2859 editus
1297 2803 1517 2871 Optatos
1542 2807 1706 2877 justo:
1747 2820 1860 2872 ma-

258 2899 558 2974 gnitudinis
581 2915 706 2971 0pm
727 2900 1001 2957 videretur.
1032 2901 1170 2954 Sunt
1196 2899 1389 2954 Priorii
1408 2901 1574 2969 ipsius
1595 2900 1650 2954 itt
1677 2899 1864 2953 admo~

259 2991 482 3047 nitione
503 2975 674 3068 add]...
690 2993 872 3047 verba.
905 2991 1048 3047 Bene
1080 2992 1132 3045 in
1165 2990 1303 3045 hanc
1345 3007 1459 3046 rem
1494 2991 1726 3047 Mericus
1751 2989 1858 3046 Ca-

1968 1785 2246 1842 Variantes
2294 1787 2565 1843 lectiones
2596 1785 2881 1842 comm‘ode
2927 1787 3214 1857 separatim
3247 1803 3276 1841 a
3307 1788 3447 1842 notis
3478 1775 3548 1842 'iu

1966 1879 2086 1935 llue-
2116 1880 2534 1951 uniuscujusque
2590 1882 2795 1952 paginae
2847 1865 3131 1951 adscripta:
3192 1889 3349 1947 sunt;
3403 1879 3547 1938 bono
3611 1888 3618 1896 '

1964 1976 2126 2030 etiam
2169 1975 2398 2032 consilio
2445 1977 2622 2047 textus
2678 1975 2731 2030 in
2786 1975 3045 2030 articulos
3087 1984 3141 2031 et
3187 1973 3550 2046 paragraphos

1963 2065 2254 2122 distinctus
2296 2076 2408 2132 est,
2459 2066 2712 2123 brevibus
2757 2067 3087 2136 argumentis
3136 2065 3202 2120 ad
3251 2068 3547 2138 marginem

1963 2159 2244 2232 appositis.
2277 2160 2442 2215 Notas
2462 2143 2649 2215 όεέιιο
2680 2159 3086 2227 addidit-editor
3115 2173 3309 2229 paucas
3339 2167 3397 2217 et
3423 2159 3546 2214 brc-
3599 2178 3603 2184 ν

1967 2269 2058 2308 ves
2077 2295 2092 2318 ,
2126 2262 2238 2308 tum
2267 2268 2394 2308 vero
2421 2253 2761 2324 superiorum
2791 2253 3058 2308 editorum
3078 2293 3093 2320 ,
3119 2262 3226 2305 tam
3271 2266 3398 2320 eas,
3429 2267 3550 2324 qua:

1965 2347 2032 2404 ad
2064 2357 2267 2403 textum
2295 2347 2669 2404 illustrandum
2711 2347 2954 2418 proxime
2993 2352 3342 2418 spectarent,
3384 2363 3546 2419 quam

1964 2441 2258 2511 ampliores
2315 2441 2447 2495 istos
2496 2439 2564 2494 ad
2611 2439 2916 2497 universam
2963 2454 3075 2495 rem
3121 2433 3544 2495 ecclesiasticam

1967 2535 2299 2606 pertinentes
2345 2534 2592 2590 Baldnini
2623 2541 2680 2589 et
2724 2533 3051 2604 Alhaspiuaei
3086 2533 3506 2588 commentarios
3531 2574 3551 2602 ,

1965 2635 2282 2697 repurgatos
2311 2627 2378 2682 ab
2406 2627 2703 2682 innumeris
2731 2625 2938 2681 mendis
2966 2626 3363 2698 typographit-is
3383 2668 3398 2692 ,
3424 2641 3549 2698 quas

1966 2721 2020 2775 in
2050 2719 2378 2790 AlbaSpinaei
2427 2728 2484 2776 et
2530 2719 2726 2775 Priorii
2768 2720 3096 2788 irrepserant
3136 2717 3324 2775 libros.
3356 2718 3552 2774 Prtorii
3591 2754 3596 2758 -

1967 2820 2144 2879 notae,
2168 2810 2312 2881 quod
2345 2811 2563 2866 inutiles
2586 2812 2776 2866 omnes
2807 2809 3137 2875 viderentur,
3164 2809 3377 2864 omissae
3406 2816 3550 2865 sunt.

1969 2905 2252 2961 Variorum
2311 2917 2468 2961 notas
2521 2906 2797 2974 excipiunt
2848 2912 3198 2959 monumenta
3247 2910 3427 2958 vetera
3480 2902 3549 2958 ad

1967 2998 2102 3054 llist.
2135 2999 2534 3064 Donatistarum
2564 2995 2881 3068 pertinentia
2900 3038 2916 3064 ,
2948 3003 3062 3050 turn
3084 2997 3150 3050 ab
3179 2993 3374 3065 Optato
3403 2994 3542 3065 ipso,

259 3085 547 3140 saubomls
571 3071 625 3139 in
655 3085 802 3155 praef.
837 3085 926 3153 ed.
959 3084 1131 3138 Lond.
1173 3101 1186 3137 :
1219 3084 1299 3139 ΕΟ
1319 3084 1429 3154 iam
1460 3100 1547 3139 res
1579 3082 1861 3148 redii‘lﬂn-
1889 3089 1934 3152 C
1969 3099 2078 3146 tum
2109 3091 2178 3147 ab
2203 3090 2529 3144 editionihns
2560 3089 2934 3160 superioribus
2957 3089 3168 3156 adjecta
3194 3098 3245 3142 et
3274 3087 3374 3141 hac
3404 3099 3545 3141 nova

260 3177 427 3248 quit,
461 3186 518 3231 ut
542 3177 660 3232 libri
694 3195 797 3230 non
827 3193 926 3232 usu
953 3178 1309 3242 a‘stimentur,
1341 3177 1435 3232 sed
1479 3176 1620 3234 mole
1647 3184 1704 3231 et
1729 3191 1860 3245 pon-

258 3271 405 3325 dere
429 3287 442 3335 ;
466 3285 530 3326 eo
562 3271 813 3327 meliores
841 3273 1058 3341 utique,
1088 3286 1195 3344 quo
1218 3272 1474 3341 majores.
1508 3272 1732 3326 Habitus
1762 3287 1864 3327 ex-

259 3373 464 3418 ternus
493 3364 649 3431 hujus
671 3363 766 3427 ed.
805 3363 1093 3437 admodum
1143 3366 1362 3434 elegans
1414 3374 1497 3419 est
1537 3371 1594 3418 et
1637 3362 1860 3421 nitidus.

257 3456 544 3510 Caeterum
587 3473 688 3510 ttec
719 3456 958 3512 Priorius
1007 3472 1161 3512 nova:
1208 3457 1432 3512 editioni
1477 3470 1509 3510 a
1556 3457 1865 3528 typotheta-

258 3564 394 3604 rum
420 3548 627 3605 mendis
657 3551 870 3605 cavisse
896 3550 1117 3606 dicitur.

973 3659 1152 3719 i700.

348 3773 565 3837 Lutetia:
599 3776 954 3842 Parisiorum,
984 3777 1126 3847 apud
1165 3775 1329 3830 Andr.
1377 3775 1636 3844 Pralord,
1681 3776 1860 3834 in-fol.

260 3867 337 3926 S.
369 3866 545 3936 Optali
579 3869 732 3933 Afri,
786 3869 1075 3924 Milevitaui
1132 3871 1411 3940 episcopi,
1467 3870 1585 3925 libri
1641 3880 1744 3935 νη,
1793 3873 1864 3928 d0

242 3961 566 4045 'schistnate
596 3963 992 4018 Donatistarum
1049 3962 1115 4017 ad
1142 3967 1273 4017 mss.
1306 3964 1520 4026 codices
1549 3971 1603 4018 et
1649 3973 1864 4020 veteres

257 4055 537 4112 editiones
567 4056 782 4121 collati,
827 4063 884 4112 et
929 4059 1227 4112 innumeris
1268 4057 1319 4111 in
1371 4057 1503 4112 locis
1549 4059 1861 4122 emendati;

256 4151 469 4223 quibus
519 4165 797 4206 accessere
843 4149 1066 4205 historia
1118 4151 1556 4233 Donatistarum,
1606 4167 1708 4205 una
1739 4166 1862 4206 cum

259 4246 642 4301 monumentis
695 4228 964 4300 veteribus
1013 4243 1080 4298 ad
1134 4259 1271 4320 eam
1310 4228 1710 4312 spectantibus;
1764 4260 1865 4300 nec

262 4353 382 4393 non
413 4337 733 4407 geographia
759 4337 1082 4406 episcopalis
1112 4336 1302 4390 Africae
1335 4351 1353 4389 :
1384 4352 1549 4405 Opera
1585 4344 1640 4390 et
1684 4336 1862 4390 Sillle

264 4429 533 4485 Lumvrcr
573 4430 768 4483 Ειιιεε
792 4428 862 4482 du
904 4430 1020 4482 l‘tu.
1048 4427 1167 4482 Cat.
1214 4429 1281 4493 de
1316 4428 1362 4480 la
1395 4429 1531 4483 Bibl.
1565 4428 1686 4483 Boi.
1722 4428 1786 4484 T.
1820 4444 1863 4483 ι.
1892 4422 1947 4493 ,’

265 4537 335 4594 p.
359 4523 480 4577 571.
510 4522 958 4577 Praestantissima
1008 4521 1123 4577 haec
1164 4522 1329 4576 editio
1376 4524 1491 4591 ipsa
1529 4523 1595 4576 ad
1647 4540 1862 4599 manum

267 4630 386 4673 non
417 4626 530 4684 est,
562 4617 656 4672 sed
682 4619 803 4674 vide
832 4631 1148 4690 sequentem
1179 4619 1657 4692 Antverpicnscm.

806 4753 948 4809 Sec.
981 4746 1333 4821 XVlll,i701.

344 4896 639 4964 Amstelod,
669 4894 848 4953 iit-fol.
872 4897 1169 4970 Dupiniana
1197 4913 1407 4955 recusa.

996 5032 1154 5088 1702.

262 5131 278 5180 ἵ
345 5128 671 5201 Antvcrpiw,
711 5145 799 5197 op.
839 5127 904 5183 (ἱ.
931 5127 1102 5184 Gallet
1130 5127 1295 5199 Prw].
1344 5128 1719 5201 Typograpltia!
1748 5129 1867 5184 Hu-

263 5234 632 5299 guetanorum.
662 5223 718 5277 S.
742 5223 865 5293 Opt.
897 5222 960 5278 A.
990 5225 1060 5278 Μ.
1093 5224 1153 5278 Ε.
1186 5224 1252 5278 de
1276 5225 1568 5279 schismate
1614 5226 1863 5280 Donatis-

266 5332 453 5374 tarum
482 5318 627 5374 Libri
662 5321 867 5385 septem
895 5335 908 5369 :
938 5318 1004 5371 ad
1029 5333 1158 5372 mss.
1193 5319 1411 5373 codices
1438 5331 1490 5373 et
1520 5328 1732 5373 veteres
1752 5319 1867 5374 edi-

267 5414 453 5466 tiones
473 5411 656 5464 collati
695 5417 748 5462 et
775 5411 1068 5465 innumeris
1091 5413 1142 5464 in
1176 5412 1309 5466 locis
1336 5412 1627 5471 emendati.
1659 5412 1866 5479 Quibus

265 5517 557 5560 accessere
593 5501 822 5554 llistoria
856 5502 1246 5556 Douatismrum
1267 5518 1371 5556 una
1398 5518 1516 5557 cum
1552 5519 1868 5558 monumen-

269 5598 343 5653 tis
373 5595 650 5650 veteribus
678 5592 742 5646 ad
776 5607 891 5646 cam
916 5588 1318 5661 εμῡριυηιίιιιιεε
1365 5609 1463 5647 nec
1493 5609 1594 5647 nou
1629 5592 1867 5659 Geogra-

274 5690 399 5761 phia
431 5686 761 5761 episcoiialis
787 5686 973 5740 Africa!
997 5702 1155 5755 opera
1186 5696 1239 5741 et
1269 5688 1443 5742 studio
1470 5686 1544 5738 Μ.
1579 5687 1591 5739 1
1623 5703 1709 5741 oo.
1739 5688 1884 5742 Ιῗιι..

1965 3183 2203 3239 editione
2231 3189 2387 3237 aucta
2408 3190 2463 3236 et
2486 3182 2891 3238 comu'tentariis
2913 3182 3186 3235 variorum
3213 3179 3311 3236 Dtl.
3344 3179 3431 3248 qui
3464 3179 3550 3234 vel

1964 3275 2192 3332 seorsim
2242 3275 2360 3341 illa,
2408 3268 2490 3332 vel
2544 3276 2595 3328 in
2647 3273 2769 3329 aliis
2815 3273 3068 3345 operibus
3117 3263 3551 3346 illustraverant,

1966 3377 2251 3425 exornata.
2303 3366 2415 3423 Nec
2471 3364 2668 3422 omissa
2717 3374 2803 3422 est
2842 3364 3086 3421 Balduini
3130 3362 3357 3419 historia
3413 3362 3550 3418 Coll.

1964 3461 2154 3516 Carth.
2184 3459 2354 3514 Porro
2387 3459 2644 3528 Dupinius
2673 3457 3168 3514 animadversiones
3211 3456 3352 3511 circa
3394 3447 3588 3510 sedes.’

1964 3552 2340 3610 Africanorum
2367 3553 2742 3623 episcoliorum
2767 3591 2784 3617 ,
2816 3552 2904 3619 qui
2938 3547 3218 3604 eollationi
3256 3544 3456 3624 Carth.‘
3471 3546 3556 3601 in-

1967 3647 2295 3713 terfuerant,
2326 3661 2393 3702 ex
2425 3644 2642 3701 Balnzio
2663 3687 2679 3712 ,
2722 3643 2982 3698 Ruinarto
3009 3639 3274 3712 imprimis
3295 3615 3552 3695 collectas

1967 3739 2191 3796 addidit.
2218 3739 2461 3808 Denique
2484 3736 2877 3808 Geographiam
2904 3749 3114 3790 sacram
3147 3733 3183 3786 i.
3217 3730 3548 3807 e.dnotitiam

1969 3830 2362 3903 provinciarum
2388 3840 2441 3886 et
2469 3830 2875 3901 episcopatuum
2925 3825 3121 3881 Africa:
3167 3823 3443 3880 contexuit
3493 3829 3551 3877 et

1969 3925 2145 3981 tabula
2197 3923 2564 3996 Geographica
2628 3923 2859 3977 ornavit.
2914 3919 3182 3976 Universo
3228 3915 3381 3988 operi
3431 3924 3553 3987 post
3645 3928 3650 3932 '

1908 4032 1917 4041 '
1968 4017 2336 4088 praefationem
2373 4016 2653 4070 licitatiani
2685 4010 2997 4068 schismatis
3027 4008 3306 4064 historiam
3340 4020 3552 4079 praepo-

1966 4112 2075 4166 suit
2097 4111 2286 4166 ordine
2306 4111 2690 4179 ehronologico
2712 4106 3115 4164 accuratissime
3163 4103 3548 4176 conscriptam.

1964 4203 2176 4260 Indices
2197 4211 2470 4275 postremo
2493 4203 2789 4274 locupletes
2810 4215 2946 4273 opus
2977 4195 3208 4273 ﬁniunt.

2671 4337 2834 4394 1769.

2050 4473 2313 4540 Vettetiis,
2346 4490 2410 4529 ea:
2447 4470 2752 4546 lypograplt.
2793 4470 2884 4526 Jo.
2919 4469 3072 4543 Bapt.
3098 4468 3332 4543 Albritii,
3355 4466 3563 4537 in—l’ol.,

1971 4568 2020 4622 in
2053 4565 2185 4622 Bibl.
2221 4566 2338 4622 νει.
2378 4563 2498 4619 ΡΡ.
2535 4573 2607 4619 st.
2649 4563 2871 4620 Audretc
2894 4561 3156 4616 Gallaudii
3198 4561 3261 4616 Τ.
3291 4576 3348 4615 v.
3399 4575 3452 4614 a.
3501 4575 3556 4631 p.
3643 4581 3646 4584 ’
3696 4586 3699 4588 ·

1967 4660 2069 4716 461
2105 4676 2277 4730 usque
2304 4659 2370 4713 ad
2419 4657 2551 4714 675.
2584 4658 2644 4712 S.
2669 4657 2849 4727 Optati
2879 4654 3118 4725 episcopi
3165 4652 3454 4708 lililevitani
3496 4652 3566 4707 de

1967 4754 2261 4811 schismate
2295 4754 2691 4807 Donatistarum
2738 4751 2859 4805 libri
2900 4765 3010 4815 vtt,
3053 4747 3117 4803 ad
3159 4762 3289 4803 mss.
3332 4744 3560 4803 Codices

1970 4823 2042 4905 et!
2071 4859 2277 4903 veteres
2317 4845 2587 4901 editiones
2639 4843 2818 4900 collati
2875 4851 2930 4898 et
2979 4840 3271 4896 innumeris
3319 4839 3374 4911 in
3423 4839 3559 4898 locis

1974 4939 2248 4997 emendati
2278 4953 2444 5011 opera
2484 4948 2539 4994 et
2565 4937 2743 4992 studio
2777 4934 2854 4990 Μ.
2898 4932 3036 4989 Lud.
3069 4930 3179 5003 ΕΗ.
3210 4929 3407 5003 Dupin.
3454 4934 3559 4987 Ac-

1973 5046 2191 5088 cessere
2220 5031 2575 5101 Monumenta
2595 5040 2773 5084 vetera
2821 5025 2886 5080 ad
2931 5023 3327 5080 Donatistarum
3379 5024 3565 5079 llisto-

1900 5105 1910 5117 ’
1973 5125 2111 5180 riam
2157 5126 2481 5209 pertinentia
2504 5164 2519 5189 ,
2565 5100 2792 5193 duorum
2823 5100 3099 5191 complura
3125 5118 3192 5175 ab
3231 5118 3423 5176 eodem
3450 5118 3562 5191 0p-

1975 5229 2086 5274 talo
2116 5226 2502 5274 memorantur.
3486 5283 3488 5286 ν

2044 5310 2126 5365 Ex
2158 5313 2298 5364 notis
2328 5308 2640 5379 Dupiniauis
2669 5323 2760 5364 eas
2790 5309 3131 5380 potissimum
3157 5350 3172 5374 ,
3203 5323 3327 5384 quae
3349 5309 3414 5363 ad
3445 5320 3563 5365 tex-

1976 5411 2061 5457 tus
2089 5402 2400 5454 varietatem
2431 5399 2811 5476 ειὼιτιξειιιιειιιι
2841 5401 3224 5467 conducerent,
3259 5400 3324 5456 ϐ.
3349 5402 3562 5478 δειςιείι,

1975 5496 2145 5564 iisque
2178 5496 2371 5563 passim
2399 5495 2680 5548 nonnullas
2724 5496 2947 5550 ittlcxuit
2977 5496 3043 5549 ad
3087 5495 3226 5550 idem
3258 5497 3563 5554 institutum
3659 5491 3664 5496 ’

1976 5605 2004 5642 c
2045 5598 2336 5658 inparatus.
2371 5589 2628 5642 l’r:ci‘:ttus
2651 5604 2728 5643 eSt
2760 5590 2826 5642 dc
2855 5589 3051 5658 Optato
3081 5589 3132 5643 in
3171 5589 3412 5659 l’rolcgg.
3443 5605 3560 5659 cap.

1978 5697 2144 5747 XVIII,
2180 5699 2228 5750 ιι.
2261 5680 2330 5733 9.0
2363 5699 2444 5752 sq.
