3848 6220
188 293 306 351 889

190 406 562 464 obtenderent
592 424 605 459 :
634 406 752 480 (‘25)
792 418 891 460 nec
915 402 1299 458 maledicerent
1331 401 1441 455 Deo
1477 397 1596 470 (24)
1627 415 1640 451 ε
1685 412 1784 452 nec
1813 404 1861 458 Α

189 503 604 574 rebaptizarcut
628 500 810 555 lideles
834 516 851 554 :
878 513 983 553 nec
1005 511 1105 551 nos
1130 509 1346 550 eversas
1365 504 1455 546 aut
1475 493 1681 545 occisas
1704 490 1786 543 in-

191 591 510 650 nocentium
541 601 568 630 ι
601 592 807 647 animas
852 589 1162 644 doleremus
1192 595 1216 640 :‘
1237 600 1371 656 quas
1398 584 1542 655 prius
1561 581 1589 620 ι)
1617 581 1785 636 doluit

190 686 376 752 Deus,
412 700 508 753 per
537 683 884 739 Ezechielem
917 680 1253 751 praplietam,
1287 677 1509 734 dicens:
1545 674 1660 749 (‘25)
1695 672 1786 728 Va:

190 777 502 842 facientibus
549 776 662 849 (26)
699 776 925 830 velamen
960 789 1112 844 super
1141 788 1287 827 omne
1314 778 1490 840 caput,
1535 777 1584 822 et
1632 783 1786 837 super

189 885 400 924 omnem
425 869 481 942 4
504 880 707 924 tetatem
726 868 794 922 ad
822 866 1116 922 evertendas
1145 863 1574 919 animas.Anima:
1600 877 1785 916 eversio
1824 895 1830 901 -

197 973 324 1017 sunt
348 964 526 1032 populi
547 963 664 1028 mei,
685 972 732 1017 et
755 960 1121 1032 ntaledicebant
1140 957 1265 1012 mihi
1291 959 1342 1009 in
1364 956 1695 1027 populoineo,
1727 963 1783 1007 ut

190 1057 488 1112 occiderent
505 1057 724 1120 animas,
745 1071 873 1126 quas
897 1071 998 1108 non
1012 1053 1232 1124 oportuit
1253 1051 1415 1105 mari:
1436 1050 1554 1104 dum
1581 1065 1781 1102 annun-

193 1150 330 1205 tiant
350 1151 661 1222 papulomeo
689 1165 845 1203 vanas
868 1144 1468 1218 seductiones(E2ecltiel.
1487 1159 1599 1204 χιιι,
1620 1143 1694 1214 8).
1719 1142 1783 1195 Et
1805 1180 1814 1188 .

191 1249 380 1298 tamen
392 1243 624 1297 admissa
648 1251 774 1297 sunt
791 1242 903 1295 licet:
915 1240 981 1294 ab
1009 1239 1094 1306 iis,
1111 1239 1202 1309 qni
1229 1236 1398 1293 nostri
1424 1247 1548 1290 sunt
1570 1234 1779 1296 fratres.

988 290 1078 346 DE
1117 237 1505 344 SCHISMJTE
1550 282 2081 340 DONATISTARUM
2123 281 2324 337 LIBER
2363 279 2637 336 PRIMUS.

3363 272 3473 333 890

1961 395 2048 450 lll.
2081 392 2184 448 Cur
2210 393 2540 450 Schismatici
2583 396 2763 464 fratres
2789 392 3132 465 appellentur.
3163 420 3236 433 —
3262 390 3369 445 Sed
3403 403 3471 444 ne

1889 488 2012 555 quis
2039 486 2202 550 dicat,
2231 501 2318 540 me
2351 485 2750 540 inconsiderate
2779 496 2801 524 ο
2830 500 2925 541 eos
2955 485 3148 547 fratres
3174 481 3469 552 appellare,

1890 579 1978 650 qui
2010 580 2142 633 tales
2169 589 2292 632 sunt
2321 619 2336 643 ,
2364 578 2432 632 ab
2459 578 2629 632 Esaia:
2658 577 2931 648 propheta:
2956 576 3176 633 vocibus
3203 574 3231 613 ά
3254 572 3471 631 exorbi-

1893 679 2009 725 tare
2040 681 2062 707 ε
2094 686 2199 724 non
2233 684 2517 742 possumus
2557 669 2602 724 ι.
2631 671 2879 736 Quamvis
2904 681 2957 725 et
2987 670 3063 724 illi
3101 685 3206 724 non
3239 674 3469 738 negent,

1889 774 1944 820 et
1971 764 2220 818 omnibus
2247 771 2431 817 notum
2459 765 2564 826 sit,
2596 762 2737 832 quod
2769 776 2868 815 nos
2893 762 3015 815 odio
3041 760 3272 824 habent,
3302 769 3355 814 et
3378 773 3474 813 ex-

1886 866 2201 923 secrentur,
2250 867 2304 912 et
2346 857 2519 912 nolint
2548 835 2608 912 se
2637 855 2743 911 dici
2781 854 2975 910 fratres
3004 865 3215 912 nostros
3247 871 3260 907 :
3294 861 3471 907 tamen

1889 966 1985 1024 aps
2017 951 2271 1007 recedere
2304 967 2331 1004 a
2370 952 2560 1005 timore
2591 949 2683 1004 Dei
2713 962 2818 1002 non
2849 961 3153 1016 possumus,
3184 959 3318 1015 quos
3349 943 3474 998 lior-

1886 1055 2031 1102 tatur
2062 1047 2293 1116 Spiritus
2329 1056 2552 1101 sanctus
2594 1057 2691 1116 per
2733 1043 2952 1098 Esaiam
3001 1040 3347 1112 prophetam,
3395 1038 3475 1094 di-

1884 1153 2054 1194 cens:
2089 1139 2195 1193 Vos
2229 1141 2318 1209 qui
2363 1139 2548 1208 timetis
2593 1137 2710 1211 (27)
2753 1147 2936 1190 nomen
2985 1133 3194 1188 Domini
3225 1142 3272 1195 8,
3304 1131 3476 1186 audite

1886 1250 2068 1287 nomen
2089 1231 2297 1288 Domini
2319 1231 2346 1270 ιι
2372 1248 2389 1287 ;
2413 1233 2468 1286 Ιιὶ
2490 1237 2579 1302 qui
2596 1249 2683 1288 vos
2708 1230 2829 1286 odio
2850 1229 3034 1287 habent
3053 1239 3098 1285 et
3125 1235 3472 1296 exsecrantur,

1434 1352 1811 1410 LECTIONES
1845 1352 2257 1410 VARIANTES.

257 1449 286 1479 ⁸
321 1447 380 1498 In
405 1461 495 1497 ms.
523 1447 578 1496 Ρ.
604 1449 656 1498 S.
681 1445 973 1498 innocentes.

253 1506 284 1547 δ
325 1509 383 1573 In
409 1524 496 1560 nis.
679 1508 834 1573 priar.

254 1574 280 1604 ε
324 1572 379 1620 lu
408 1586 495 1620 ms.
523 1572 574 1620 S.
602 1572 660 1622 G.
680 1570 1042 1622 inconsiderate
1063 1583 1157 1619 me.

253 1633 282 1673 ἀ
323 1633 343 1682 l
349 1649 378 1681 ιι
405 1635 550 1682 editis
571 1634 796 1695 posthaec
816 1635 982 1688 verba.
1008 1631 1066 1682 ab
1088 1630 1246 1684 Esaia!
1273 1629 1536 1695 Propheta!
1563 1628 1788 1695 uocibus,

188 1697 391 1746 additur
414 1693 712 1758 participium
736 1693 993 1758 increpati,
1013 1695 1100 1758 scd
1119 1697 1261 1743 deest
1285 1697 1332 1742 in
1356 1693 1445 1743 ms.
1470 1694 1607 1758 SLG.
1618 1701 1688 1758 _et
1711 1706 1786 1758 re-

187 1754 571 1810 centiorimanu
586 1754 740 1820 supra
765 1754 946 1808 lineam
967 1754 1207 1819 adjectum
1232 1764 1308 1805 est
1334 1758 1382 1805 in
1405 1769 1495 1805 nis.
1531 1757 1583 1805 S.
1617 1755 1676 1805 Τ.
1710 1754 1786 1804 id-

1890 1456 1989 1506 que
2014 1444 2311 1506 superlluum
2337 1443 2548 1506 videtur.

1956 1506 1980 1534 °
2015 1505 2179 1554 ln’nis.
2205 1505 2259 1554 P.
2287 1505 2338 1553 S.
2366 1505 2590 1554 orbitare.

1960 1564 1980 1604 ί
2022 1566 2074 1614 In
2096 1580 2184 1614 ms.
2213 1567 2264 1614 S.
2291 1567 2348 1615 G.
2368 1579 2576 1625 possum.

1957 1629 1983 1667 Β
2016 1627 2071 1676 In
2089 1641 2176 1676 ms.
2207 1628 2259 1676 S.
2281 1627 2340 1676 G.
2369 1627 2638 1678 Dominum.

1948 1688 1979 1728 ιι
2011 1689 2065 1739 ιιι
2085 1705 2176 1741 ms.
2211 1689 2423 1741 Verbu-it
2444 1687 2654 1741 Domini.

1544 1865 1894 1922 VABIOBUM
1933 1868 2160 1924 NOTAE.

188 1962 265 2018 lta
321 1961 614 2035 Donatistae
659 1960 1254 2035 manusimponentes,
1305 1960 1448 2035 quod
1491 1960 1772 2014 velamenti

1884 1967 1969 2035 stati
1989 1961 2432 2035 ﬁdsluaq‘ops'umc.
2467 1970 2572 2018 etc.
2593 2004 2607 2026 ,
2635 1961 2784 2035 vides
2823 1976 2917 2028 per
2937 1961 3117 2035 omnia
3145 1960 3470 2029 consentire,

187 2034 402 2102 species
425 2041 528 2099 est,
555 2047 716 2098 super
745 2031 929 2085 lideles
953 2033 1129 2085 omnis
1158 2032 1401 2100 generis,
1436 2032 1537 2092 hoc
1558 2041 1638 2085 est
1668 2045 1782 2099 pce-

189 2104 474 2158 nitcntiain
503 2105 839 2174 imponentes
866 2103 1154 2173 episcOpis,
1184 2102 1536 2173 presbyteris,
1570 2105 1782 2157 caeteris

189 2175 441 2240 clericis,
475 2174 755 2241 ﬁdelibus,
791 2180 973 2242 [meris
1001 2182 1054 2227 et
1091 2174 1338 2227 omnibus
1369 2190 1499 2240 quos
1533 2182 1781 2241 poterant

189 2245 586 2301 circumvenire
624 2255 679 2300 et
722 2255 1062 2313 pervertere,
1111 2244 1425 2298 evertebant
1451 2259 1637 2298 eorum
1666 2245 1780 2298 ani-

192 2332 341 2382 mas,
383 2317 676 2386 spoliantes
710 2332 805 2370 eos
850 2316 1159 2370 innocentia
1197 2323 1251 2368 et
1295 2315 1642 2386 dignitatibus
1667 2315 1779 2368 suis

191 2395 302 2441 tum
335 2385 521 2443 coram
557 2389 684 2450 Deo,
718 2399 827 2440 tum
867 2401 1045 2440 coram
1076 2386 1399 2439 hominibus.
1432 2385 1520 2440 sec
1546 2395 1778 2440 tuentem

192 2473 346 2512 suam
373 2460 601 2526 esponit
623 2457 869 2526 Optatos,
899 2459 992 2510 lib.
1024 2473 1059 2511 ιι
1089 2475 1100 2507 :
1136 2455 1244 2510 Hos
1268 2466 1408 2510 actus
1430 2465 1620 2513 vestros
1645 2457 1780 2510 dolet

194 2526 335 2583 Deus
362 2531 418 2582 in
448 2526 711 2582 Ezechiele
743 2526 1030 2597 Propheta,
1075 2544 1190 2580 cum
1220 2528 1380 2581 dicit:
1410 2527 1502 2580 Vn:
1541 2527 1779 2581 facienti-

196 2599 295 2654 bus
343 2601 627 2663 velamen,
672 2601 767 2653 ltoc
817 2611 888 2652 est
940 2597 1311 2664 imponentibus
1363 2615 1571 2651 manum
1620 2613 1779 2665 super

196 2685 412 2724 onmem
439 2680 649 2725 atatem
672 2670 738 2724 ad
761 2669 1077 2724 evertendas
1102 2671 1328 2724 animas.
1363 2669 1632 2723 lnventstt's
1658 2685 1777 2735 pue-

195 2758 312 2806 ros;
340 2741 408 2795 de
433 2742 722 2814 penitentia
747 2743 1034 2814 sauciastis,
1060 2756 1123 2792 ne
1149 2740 1556 2814 aliquiordinari
1586 2741 1780 2814 patuis-

197 2823 305 2866 sent
338 2829 358 2867 :
385 2809 646 2884 agnoscite
673 2827 759 2866 vos
791 2811 989 2884 animas
1017 2812 1270 2864 evertisse.
1305 2809 1573 2884 Inuenistis
1602 2811 1780 2884 ﬁdeles

198 2882 462 2952 antiquos,
513 2884 702 2944 fecistis
752 2883 1045 2952 pgniteutes
1080 2896 1101 2935 :
1150 2882 1408 2952 agnoscite
1455 2897 1539 2934 vos
1583 2883 1780 2934 intimas

199 2950 446 3009 euertisse.
484 2952 756 3007 Invenistis
786 2950 1044 3006 Diaconos
1063 2993 1080 3017 ,
1118 2950 1458 3020 presbyteros,
1486 2953 1745 3022 episcopos
1763 2993 1777 3015 ,

203 3027 388 3097 fecistis
424 3027 582 3080 laicos
609 3044 627 3079 ;
659 3026 917 3095 agnoscite
942 3040 1028 3077 vos
1053 3024 1251 3075 animas
1271 3024 1521 3076 evertisse.
1555 3026 1627 3077 ltu
1663 3028 1777 3077 l’lN.

270 3118 382 3190 (εδ)
427 3117 538 3173 Nec
577 3117 945 3190 maledicerent
977 3115 1108 3190 Deo.
1147 3116 1248 3184 Qui
1293 3116 1500 3190 ﬁdelem
1530 3118 1656 3170 olitn
1695 3134 1781 3190 re-

203 3187 504 3258 baptiZabat
525 3231 540 3254 ,
572 3198 663 3244 aut
688 3191 775 3258 qui
805 3187 948 3242 ﬁdeli
986 3200 1040 3258 et
1075 3188 1343 3241 innocenti
1387 3203 1575 3240 manus
1605 3187 1774 3254 νωιιί-

204 3257 375 3332 tentite
399 3257 741 3332 imponebat,
773 3260 879 3332 Deo
903 3257 1282 3332 maledicebat,
1316 3260 1436 3332 quia
1466 3259 1517 3312 in
1551 3265 1776 3332 utraque

203 3331 326 3384 olim
353 3330 695 3387 sacramento
723 3330 918 3384 liebant
944 3331 1226 3383 exorcismi
1249 3371 1263 3394 ,
1310 3331 1500 3399 quibus
1528 3330 1774 3397 objurga-
1801 3331 1844 3392 C

203 3400 358 3456 batur
375 3415 613 3467 satanas,
641 3414 695 3457 et
716 3401 1024 3467 discedere,
1067 3408 1121 3455 et
1151 3402 1323 3454 locum
1352 3416 1478 3454 vero
1510 3403 1617 3455 lico
1646 3401 1773 3455 dare

201 3471 521 3540 jubebatur:
551 3473 842 3527 Donatistae
885 3487 1012 3540 ergo
1051 3472 1103 3526 in
1147 3472 1455 3541 pmuiteutia
1497 3487 1654 3537 quam
1694 3471 1773 3524 iu-

205 3545 440 3597 sontibns
468 3545 844 3610 imponebant,
879 3550 934 3596 et
963 3546 1013 3596 in
1045 3541 1493 3607 rebaptizatinne,
1523 3543 1634 3596 Deo
1663 3557 1774 3595 ma—

207 3612 533 3684 ledicebant,
562 3616 686 3684 quia
723 3613 1097 3684 exorcizabant
1146 3614 1357 3667 tidelein
1402 3614 1451 3665 in
1484 3630 1588 3681 quo
1635 3613 1773 3667 Deus

208 3681 502 3750 habitabat,
529 3681 592 3740 et
611 3700 732 3740 eum
766 3683 1064 3738 maledictis
1090 3694 1336 3752 tanquam
1374 3692 1617 3738 Satanam
1644 3699 1772 3737 one-

207 3755 388 3826 rabant
412 3774 428 3812 :
457 3764 781 3826 quapropter
805 3758 857 3808 in
879 3755 1174 3822 Augustino
1196 3753 1443 3826 omnibus
1468 3770 1600 3823 pene
1623 3753 1772 3808 libris

207 3824 448 3893 obiicitur
476 3824 765 3881 Donatistis
783 3865 800 3890 ,
827 3827 966 3893 quod
998 3826 1160 3879 Deum
1185 3866 1200 3888 ,
1224 3837 1314 3876 aut
1342 3825 1611 3877 Christum
1635 3865 1648 3887 ,
1682 3834 1773 3877 aut

207 3893 448 3962 Spiritum
466 3899 693 3965 denique
713 3906 956 3952 sanctum
979 3896 1349 3959 exsulllnreot,
1373 3893 1594 3965 lltlc‘CSl,
1617 3898 1774 3949 exor-

207 3959 414 4034 cismis,
463 3959 924 4022 exstifﬂatiOiiibiis
972 3967 1307 4020 deterrerent
1373 3977 1424 4017 et
1472 3959 1768 4034 'fugarent:

210 4033 327 4090 llatu
354 4040 494 4093 enim
536 4049 590 4092 et
630 4047 787 4106 Spttlo
813 4038 1087 4091 daemones
1117 4038 1242 4090 olim
1269 4052 1297 4090 a
1323 4033 1640 4089 Christianis
1679 4052 1772 4090 cx-

209 4107 563 4164 sulthhantrrr.
599 4109 963 4163 Tertullianus
1005 4107 1069 4160 ad
1115 4109 1344 4162 Uxorem
1368 4107 1639 4172 secundo,
1687 4118 1773 4161 aut

211 4180 390 4248 aliquid
415 4180 732 4234 immundum
755 4179 885 4250 flatu
906 4181 1102 4247 expuis.
1135 4182 1361 4232 ΑιοΑςΡ.

273 4270 384 4343 (24)
427 4272 540 4327 Nec
574 4273 928 4343 maledicerent
960 4270 1088 4324 Deo.
1125 4270 1234 4343 Hoc
1263 4270 1421 4343 etiam
1453 4268 1681 4343 habetur
1719 4270 1770 4323 in

212 4340 297 4395 illo
318 4340 607 4399 Eiecliielis
631 4344 748 4398 loco
774 4364 785 4397 :
807 4340 874 4394 Et
894 4342 1201 4409 profanastis
1239 4357 1317 4393 me
1336 4342 1389 4392 in
1431 4341 1638 4408 populo,
1663 4344 1768 4393 etc.

211 4409 486 4482 Proliinare
534 4431 658 4467 -scu
717 4415 993 4482 profanum
1068 4413 1294 4466 reddere
1334 4422 1416 4464 est
1475 4411 1772 4465 maledictis

212 4480 486 4551 incchere,
516 4480 858 4540 inhonorare.
890 4485 962 4538 Du
995 4482 1111 4536 PIN.

276 4575 380 4648 (25)
428 4577 520 4631 Va:
540 4577 836 4648 facientibus
866 4577 1108 4648 uelamen,
1137 4585 1240 4629 etc.
1266 4573 1338 4628 lta
1369 4584 1476 4648 tum
1500 4573 1768 4642 legebant,

215 4641 391 4701 Ezecli.
424 4641 550 4712 xm,
581 4650 667 4703 l8.
711 4647 1030 4701 llodiernatn
1062 4646 1340 4715 Vulgatam
1389 4646 1434 4698 si
1484 4641 1767 4710 consmas,

1889 2033 2021 2087 Nam
2065 2037 2164 2088 ista
2195 2033 2255 2088 ιη’
2278 2033 2474 2101 Optato
2496 2076 2510 2096 ,
2543 2043 2591 2087 et
2628 2034 2806 2086 nolunt
2833 2049 2886 2087 sc
2911 2033 3011 2085 dici
3039 2035 3224 2102 fratres
3253 2041 3468 2097 nostros,

1882 2111 2007 2161 Sunt
2032 2105 2101 2158 ab
2125 2105 2323 2175 Optato
2352 2107 2500 2171 ipso,
2526 2106 2613 2174 qui
2646 2104 2868 2174 prolatis
2895 2119 2960 2158 ex
3004 2104 3277 2169 Scriptura
3313 2104 3469 2175 testi-

1884 2177 2076 2229 moniis
2097 2173 2236 2230 solet
2265 2177 2438 2245 aliqua
2468 2173 2618 2244 quasi
2650 2173 2908 2243 suppletis
2936 2175 3280 2239 interserere,
3307 2181 3366 2241 ut
3387 2173 3439 2228 di
3457 2203 3470 2214 -

1881 2246 2141 2301 lucidiora
2170 2249 2277 2300 sint
2315 2262 2433 2314 quae
2479 2247 2723 2315 profert:
2757 2261 2900 2316 saepe
2949 2254 3007 2299 ut
3044 2255 3164 2310 apta
3197 2245 3471 2316 proposito

1883 2317 2186 2382 videantur,
2217 2333 2336 2387 quae
2366 2332 2551 2383 parum
2594 2317 2829 2384 alioquin
2860 2317 3123 2385 apposita.
3160 2315 3388 2387 ludeest
3416 2324 3471 2368 ct

1884 2387 2014 2442 illud
2060 2385 2264 2454 tamen}
2304 2405 2393 2441 vos
2441 2398 2645 2451 tamen,
2694 2398 2799 2442 etc.
2844 2387 3047 2441 Ccetera
3097 2385 3354 2441 verba'lim
3402 2402 3469 2440 ex

1881 2458 2101 2521 Grteco,
2135 2460 2231 2513 nisi
2279 2459 2422 2528 quod
2451 2460 2627 2513 audite
2661 2475 2842 2512 nomen
2887 2456 3090 2510 Domini
3111 2499 3125 2521 ,
3168 2473 3265 2526 pro
3299 2457 3471 2510 audite

1880 2531 2083 2582 verbum
2106 2529 2336 2594 Domini,
2364 2529 2503 2598 quod
2533 2532 2812 2598 irrepsisse
2835 2537 2983 2598 puto.
3011 2529 3211 2583 Eodem
3239 2529 3340 2581 hoc
3362 2537 3472 2582 tes-

1882 2600 2105 2654 timonio
2125 2611 2310 2656 contra
2337 2603 2639 2655 Donatistas
2662 2602 2826 2654 utitur
2851 2599 3175 2667 Augustinus
3197 2609 3314 2666 post
3334 2599 3465 2652 coll.

1880 2686 1998 2738 cap.
2036 2681 2334 2738 postremo.
2377 2670 2596 2725 Profert
2614 2681 2669 2725 et
2693 2671 2920 2725 Tertull.
2950 2680 3134 2724 contra
3181 2669 3463 2734 Marcion,

1881 2741 1975 2795 lib.
2004 2758 2075 2804 ιν,
2107 2757 2224 2811 cap.
2257 2742 2346 2812 16,
2373 2758 2440 2796 ex
2459 2741 2644 2795 eadem
2667 2757 2765 2811 qua
2788 2741 3013 2812 Optatos
3038 2740 3306 2812 versione.
3331 2739 3466 2794 Vide

1880 2820 1934 2866 ct
1961 2812 2090 2869 Coll.
2124 2810 2310 2866 cauti.
2344 2829 2382 2876 t,
2411 2827 2529 2882 pag.
2562 2812 2654 2879 65,
2682 2810 2988 2879 unde-quid
3020 2810 3245 2882 Optatus
3270 2811 3338 2882 de
3366 2825 3465 2882 suo

1879 2882 2134 2949 adiecerit
2179 2884 2377 2952 liquido
2405 2881 2690 2937 Constabit.
2723 2882 2833 2936 Hoc
2871 2886 3116 2947 exemplo
3157 2881 3350 2949 poterit
3385 2881 3457 2936 le-

1880 2962 1997 3008 ctor
2024 2954 2216 3008 similia
2246 2954 2348 3008 alia
2379 2955 2490 3007 loca
2511 2994 2525 3016 ,
2554 2956 2597 3008 si
2634 2969 2810 3023 opera:
2841 2953 2976 3011 erit.
3003 2952 3308 3018 expendere
3327 2993 3342 3016 ,
3373 2966 3465 3006 ea-

1879 3025 2111 3091 demque
2134 3026 2195 3077 ad
2223 3024 2536 3078 Hebraicam
2564 3041 2773 3093 quaque
2800 3028 3076 3088 veritatem
3107 3026 3346 3092 exigere,
3376 3033 3463 3076 at-

1878 3111 1980 3164 que
2009 3095 2133 3148 itide
2163 3094 2324 3166 (quod
2365 3099 2416 3148 in
2456 3097 2641 3150 multis
2671 3095 2951 3162 succedet)
2979 3095 3463 3166 varieuuiscausas

1879 3163 2082 3219 rimari.
2120 3163 2241 3220 nec
2282 3169 2424 3220 enim
2456 3168 2507 3218 in
2539 3168 2635 3220 hac
2662 3175 2805 3220 tanta
2843 3181 2904 3216 ac
2936 3178 3039 3218 tam
3075 3165 3226 3219 beata
3258 3165 3372 3218 luce
3399 3163 3462 3216 il-

1879 3235 2050 3289 larum
2083 3238 2382 3290 litterarum
2415 3239 2699 3292 maluimus
2743 3237 2929 3292 lectori
2957 3237 3276 3304 relinquere
3297 3275 3312 3299 ,
3359 3235 3460 3290 nisi

1877 3306 1966 3378 tibi
1995 3307 2190 3376 aliquid
2229 3306 2463 3371 incidet,
2504 3308 2646 3378 quod
2673 3308 2890 3377 dignum
2924 3307 3132 3360 vindice
3153 3346 3169 3370 ,
3202 3305 3460 3378 (quamiis
3538 3366 3542 3370 ,

1879 3377 2171 3440 inunorari,
2202 3393 2321 3444 qua:
2345 3376 2587 3445 plerique
2613 3376 2906 3442 fastidiant,
2929 3381 3050 3446 quia
3080 3376 3249 3430 Cuivis
3272 3376 3456 3441 obvia;

1875 3456 1931 3501 et
1955 3449 2078 3514 quia
2109 3449 2273 3502 multa
2294 3489 2308 3507 .
2343 3454 2441 3501 tias
2471 3461 2681 3502 nostras
2709 3448 2923 3517 notulas
2969 3449 3212 3502 instituto
3250 3447 3459 3517 longius

1876 3518 2220 3572 extruderent
2250 3533 2314 3572 ac
2341 3519 2721 3574 dill'underent.
2750 3519 2825 3573 M.
2851 3516 3081 3572 ΟΑεΑυιι.

1949 3587 2058 3658 (26)
2098 3588 2183 3642 Vw
2209 3589 2529 3660 facientibus.
2565 3590 2652 3644 Sic
2692 3591 2838 3643 locus
2868 3590 2957 3660 ille
3003 3591 3206 3657 integer
3232 3586 3459 3660 habetur

1874 3662 2012 3726 apud
2041 3660 2188 3726 Sept.
2211 3659 2464 3713 Ezechiel
2496 3676 2620 3722 xui,
2657 3660 2720 3715 l8
2745 3669 2798 3712 et
2824 3659 3059 3713 19εούαἰ
3083 3664 3195 3717 ταῖς
3221 3659 3456 3731 συρραπ-

1873 3733 2087 3804 τούσᾳις
2133 3733 2514 3804 προσῃεφάλαια
2542 3731 2644 3786 ὑπὸ
2668 3731 2838 3785 πάντα
2880 3731 3078 3804 ἀγκῶνα
3107 3731 3333 3804 χειρὸς,
3375 3733 3456 3804 stati.

1873 3753 2087 3791 τουσαις
2133 3753 2326 3804 προσκε
2365 3753 2514 3786 octaua
2542 3753 2644 3786 υπο
2668 3753 2838 3785 natura
2880 3753 3078 3802 αγκωνα
3115 3753 3294 3804 lupo;
3319 3770 3333 3791 ,
3375 3753 3453 3784 stat

1873 3800 2142 3872 «acetiam;
2189 3753 2454 3856 ἐπιϐὀζαια
2495 3804 2580 3856 ἐπὶ
2613 3807 2783 3872 πᾶσαν
2808 3801 3018 3872 repetitur
3050 3801 3222 3872 πάσης
3261 3799 3453 3862 ἡλικίας-

1873 3877 1959 3947 irai;
2011 3871 2326 3947 dcorat-ptisana
2366 3872 2568 3944 ψυχάς.
2611 3872 2663 3926 αἱ
2710 3870 2889 3943 ψυχαὶ
2934 3870 3452 3947 διεστράφγισξᾳντοῦ

1873 3941 1993 4020 λαοῦ
2034 3941 2272 4020 uomat-ci
2518 3941 2917 4020 περιεποιοῦντο..
2966 3941 3360 4020 Καὶὶἐξεϐιῦουγ
3385 3962 3448 4012 με

1873 4015 2000 4089 πρὸς
2024 4011 2106 4089 r63
2133 4014 2252 4067 λαόν
2279 4011 2782 4089 μνουξὲνεκείδραιιὸς
2803 4015 3002 4089 κριθςῖινε
3025 4015 3105 4089 διαὶ
3129 4011 3282 4089 Eliens!
3301 4011 3453 4089 ullate-

1874 4079 2042 4152 μᾶτων
2068 4082 2236 4160 ἄρτων
2258 4079 2348 4138 ⁴ἑοῦ
2380 4079 2668 4140 ἁποκτεῖνάι
2688 4079 2869 4160 illuxit}
2898 4082 2962 4160 ῥὶς
2998 4080 3226 4160 οὼᾉὲὃει
3260 4079 3423 4160 Barcaei
3441 4111 3451 4120 -

1872 4150 2197 4229 ὺεῐνααὶξοῦ
2223 4157 2651 4229 περιποιήσασθαι
2671 4150 2856 4226 ψυχᾶς
2885 4153 2944 4229 ac
2965 4156 3053 4208 οὐκ
3070 4150 3170 4229 ἔδει
3192 4157 3364 4229 Cito-at,
3401 4154 3451 4205 ἐν

1982 4224 2379 4300 ἀποφθὲςχγεσίθαι
2407 4228 2545 4298 ὐμᾷς
2570 4224 2691 4297 λαῷ
2715 4224 3025 4300 εἶοακοὺοχτι
3061 4224 3257 4300 μάταια
3285 4225 3447 4300 inrep-

1874 4292 2120 4368 θέγματά.
2162 4292 2246 4349 Vit:
2273 4301 2350 4349 lus
2379 4292 2494 4364 quae
2516 4292 2766 4349 consuttnt
2793 4296 3032 4366 pulvillos
3061 4292 3153 4368 sub
3183 4292 3319 4368 omni
3355 4292 3447 4368 cit-

1874 4365 1976 4418 bito
2005 4382 2223 4420 "ianus:
2252 4377 2297 4419 et
2336 4368 2530 4435 faciunt
2557 4365 2822 4419 ceruicalia
2845 4368 2936 4418 sub
2960 4366 3094 4417 omni
3130 4365 3295 4430 capite
3331 4366 3448 4415 uni-

1874 4453 2030 4491 versa:
2056 4439 2218 4490 (etatis
2248 4436 2316 4490 ad
2356 4437 2631 4507 capiendas
2673 4438 2870 4490 animus
2905 4452 2922 4489 :
2964 4445 3008 4488 et
3051 4451 3164 4507 cum
3210 4442 3448 4507 caperent

1874 4509 2072 4561 animas
2105 4509 2277 4573 populi
2307 4501 2434 4572 mei,
2463 4509 2779 4575 viviﬁcabunt
2807 4508 3000 4558 animos
3027 4504 3216 4556 eorum.
3250 4501 3312 4575 Et
3341 4504 3448 4575 via-

1875 4578 2049 4631 labant
2072 4595 2149 4630 me
2175 4580 2241 4630 ad
2271 4581 2514 4648 populum
2543 4574 2728 4639 meum,
2755 4589 2956 4646 prapter
2976 4575 3224 4644 pugillum
3244 4574 3443 4638 hordei,

1875 4659 1921 4701 et
1952 4653 2181 4721 fragmen
2203 4652 2372 4717 panis,
2401 4659 2455 4702 ut
2483 4651 2815 4721 interficerent
2837 4650 3050 4707 animos,
3081 4659 3193 4721 qua!
3220 4660 3318 4696 non
3339 4661 3447 4696 mo-

214 4717 417 4772 niultum
460 4708 674 4774 dill‘erre
721 4717 1004 4786 intelliges.
1052 4708 1201 4782 Quod
1237 4731 1364 4788 non
1387 4716 1576 4788 mirum
1605 4733 1618 4768 :
1649 4708 1771 4770 raro
1798 4708 1850 4767 D
1873 4708 2100 4785 riu'ntu'r,
2131 4730 2178 4772 et
2203 4708 2520 4788 'uiviﬁcarent
2551 4708 2776 4775 animus.
2807 4731 2919 4783 qua!
2944 4732 3046 4788 non
3075 4708 3277 4788 uiuunt,
3305 4730 3446 4768 men-

214 4788 340 4838 enim
367 4791 725 4844 coosentiunt.
757 4788 943 4856 Major,
978 4803 1082 4842 non
1116 4789 1215 4842 hoc
1245 4787 1456 4856 quidem
1489 4787 1639 4852 loco,
1675 4789 1766 4840 sed

216 4859 372 4929 tamen
413 4861 463 4914 in
509 4863 776 4929 plerisque
821 4857 990 4927 major
1017 4873 1138 4913 eum
1171 4858 1354 4913 Graeca
1385 4859 1655 4916 seniorum
1687 4857 1770 4928 (ut

215 4921 314 4979 lere
339 4929 386 4982 in
415 4921 652 4999 ejusdem
689 4921 787 4983 aut
826 4921 1043 4997 maioris
1077 4929 1407 4997 antiquitatis
1433 4930 1645 4996 scriptis
1673 4921 1764 4999 ob-

217 4998 400 5070 ﬁcrves)
445 4997 836 5057 convenientia.
887 5002 1134 5068 Exempli
1183 5015 1342 5054 causa
1396 5016 1516 5070 mox
1564 4997 1766 5068 profert

217 5062 416 5144 thattis
441 5089 503 5126 ex
533 5071 666 5127 Isaia
693 5087 708 5126 :
752 5070 852 5144 Vos
876 5073 962 5140 qui
989 5062 1171 5124 tinietis
1199 5087 1389 5144 nomen
1411 5062 1638 5134 Domini,
1671 5086 1762 5121 au-

218 5133 306 5188 dite
342 5157 514 5198 nomen
542 5143 768 5196 Domini.
809 5133 991 5208 Hi'qui
1021 5159 1106 5195 vos
1146 5143 1266 5194 odio
1303 5141 1506 5204 habent,
1551 5151 1599 5194 et
1626 5133 1761 5192 lexe-

218 5220 491 5284 ρωποι-ζει
519 5217 700 5267 nolunt
721 5231 775 5266 se
803 5213 906 5265 dici
934 5218 1116 5282 fratres
1140 5221 1357 5284 nostros,
1388 5228 1474 5264 vos
1501 5222 1664 5284 tamen
1693 5212 1765 5264 eis

219 5273 380 5354 dicite,
405 5282 609 5338 Fratres
652 5287 808 5337 nostri
849 5273 986 5351 estis.
1040 5284 1171 5354 Male
1219 5283 1466 5350 ablegant
1501 5281 1764 5354 editiones

219 5349 400 5410 priores
427 5357 488 5408 ad
519 5355 664 5409 Isaire
688 5370 794 5418 th,
823 5366 904 5406 est
934 5349 1076 5406 enim
1111 5353 1256 5406 Isaiae
1279 5349 1427 5413 un,
1452 5355 1503 5404 5.
1527 5351 1600 5405 lbi
1637 5349 1762 5403 Vul-

219 5426 319 5496 εειιη
360 5422 507 5496 plane
536 5429 584 5478 iu
613 5428 774 5496 aliain
813 5430 1045 5476 mentem
1072 5442 1083 5474 :
1114 5421 1299 5496 Audite
1335 5422 1534 5496 verbum
1559 5421 1767 5496 Domini

220 5492 292 5564 ("ff
326 5495 524 5546 tremitis
565 5495 634 5545 ad
675 5494 874 5545 uerbum
917 5496 1047 5562 ejus.
1101 5495 1347 5546 Dixerunt
1395 5495 1577 5560 fratres
1602 5492 1764 5564 _t'estri

222 5554 414 5632 {dientes
436 5578 517 5616 vos
544 5573 591 5615 et
617 5564 907 5632 abjicientes
936 5554 1139 5627 Tropter
1157 5579 1336 5614 nomen
1369 5554 1557 5623 ιιιυιιιιι,
1588 5560 1760 5614 Glori-

224 5620 372 5703 ficetpr
416 5620 748 5685 Dominus'et
790 5620 1066 5703 videbimus
1108 5634 1157 5683 in
1206 5620 1614 5703 ltetitiavestra,
1655 5646 1762 5687 etc.

224 5693 368 5778 (i'racci
390 5715 582 5778 autem.
613 5702 863 5758 ἀκούσατε
887 5702 1090 5775 ῥήματα
1117 5707 1296 5778 Κυρίου
1326 5705 1370 5754 οἱ
1393 5701 1654 5775 ῖτρέμοντες
1684 5705 1766 5757 τὸν

299 5774 698 5845 οναύτοῦ,εἶπατε
724 5774 990 5845 ’Δδελφοί
1019 5774 1580 5845 npdiv,1oi;ptaoiiatv
1605 5775 1761 5843 ὑμᾶς,

1872 4791 2051 4843 tientes
2096 4793 2283 4858 populo
2309 4785 2436 4842 'meo
2476 4789 2696 4842 credenti
2723 4787 3019 4840 mendaciis.
3068 4785 3218 4858 Quod
3263 4793 3446 4858 noster

1869 4854 2137 4930 Interpres
2167 4854 2335 4914 'veru't
2385 4858 2687 4923 Cervicalia,
2723 4857 2852 4912 lleb.
2878 4861 3134 4930 gn‘t'BDD,
3169 4855 3228 4908 ῐ).
3256 4854 3330 4930 li.
3369 4854 3447 4909 ait

1869 4945 1989 4985 esse
2017 4926 2277 4984 uelamina
2313 4929 2490 4998 quibus
2519 4930 2750 4981 mulieres
2785 4928 2966 4998 faciem
3001 4941 3148 4998 suam
3190 4926 3441 4998 uelabant.

1873 5001 1982 5055 Vox
2014 5001 2196 5055 Cranen
2239 4996 2526 5061 ἑπιϐόλαια,
2552 4996 2826 5052 armentum
2857 4997 3148 5066 generatim
3179 4996 3445 5064 signiﬁcat

1867 5084 1957 5124 aut
1983 5073 2239 5124 velamen.
2267 5069 2370 5125 Sed
2392 5074 2669 5141 stragulum
2695 5068 2816 5121 Tori
2837 5067 2972 5135 apud
2996 5067 3278 5141 Galerium.
3301 5068 3442 5141 qqod

1868 5151 2079 5196 Secutus
2103 5150 2186 5194 est
2217 5151 2400 5194 noster
2423 5138 2705 5210 interpres,
2757 5149 2996 5208 tempore
3025 5138 3205 5208 Optati
3234 5138 3444 5207 legeba-

1869 5219 1972 5274 tur,
2005 5214 2252 5264 velamen.
2293 5215 2363 5265 ltu
2396 5211 2510 5264 PIN.
2571 5233 2573 5235 ·

1939 5281 2050 5352 (27)
2092 5281 2316 5346 Spiritus
2341 5294 2548 5335 sanctus
2577 5297 2665 5350 per
2686 5278 2894 5352 Esaiam
2920 5279 3405 5352 prophetantdicens
3423 5295 3443 5333 :

1873 5350 1976 5406 Vos
2003 5352 2089 5420 qui
2117 5353 2316 5408 timetis.
2334 5363 2438 5406 etc.
2465 5353 2541 5406 Ita
2569 5353 2653 5404 hic
2677 5354 2825 5406 locus
2849 5350 3072 5404 habetur
3093 5350 3229 5420 apud
3252 5350 3443 5404 Isaiam

1868 5423 1919 5476 in
1947 5421 2133 5476 Grseco
2179 5432 2236 5474 ut
2264 5427 2459 5476 citatur
2484 5424 2551 5476 ab
2592 5421 2802 5491 Optato.
2842 5421 3094 5489 Vulgatus
3136 5432 3318 5475 noster
3358 5424 3441 5474 in-

1868 5501 2072 5559 terpri-s
2094 5533 2108 5554 ,
2146 5495 2234 5560 qui
2269 5508 2390 5546 cuiu
2422 5494 2647 5548 Htibl‘ﬂ‘O
2692 5492 2954 5554 concinit,
2983 5491 3193 5543 diverSo
3224 5506 3442 5558 prorsus

1867 5577 2024 5615 sensu
2052 5563 2166 5630 legit
2202 5581 2214 5615 :
2249 5565 2432 5618 Audite
2451 5567 2654 5618 verbum
2680 5562 2884 5616 Domini
2907 5563 2991 5628 qui
3011 5561 3219 5612 tremitis
3239 5563 3308 5612 ad
3334 5579 3441 5613 ver-

1872 5633 1983 5706 bum
2013 5634 2124 5700 ejus
2150 5649 2168 5685 :
2194 5636 2431 5688 dixerunt
2471 5641 2653 5706 fratres
2689 5633 2835 5706 vestri
2864 5634 3086 5706 odientes
3115 5642 3199 5706 vos
3236 5642 3281 5682 et
3309 5633 3441 5702 abji.

1870 5704 2051 5754 cientes
2079 5717 2284 5770 propter
2327 5703 2502 5759 nomen
2531 5721 2712 5758 meum.
2756 5703 2898 5756 lrletn
2930 5703 3286 5754 testimonium
3318 5717 3440 5766 prn-

1871 5772 1976 5827 lert
2002 5773 2224 5829 Tel-toll.
2245 5818 2258 5844 ,
2289 5777 2380 5831 lib.
2412 5792 2488 5844 IV,
2515 5786 2696 5831 contra
2725 5775 2885 5828 Marc.
2907 5811 2923 5840 ,
2953 5786 3003 5826 c.
3041 5773 3128 5838 16,
3157 5784 3224 5824 ex
3254 5773 3441 5825 eadem
