3848 6220
442 189 541 256 891

1656 191 1900 251 SANCTI
1936 189 2191 249 0PTATI
2230 190 2539 249 EPlSCOPl

3616 190 3714 249 893

440 319 490 368 et
530 313 710 367 nolunt
739 328 793 367 se
832 310 937 364 dici
964 312 1147 380 fratres
1175 318 1365 365 vestros
1395 319 1419 347 ⁸
1456 308 1594 383 (28),
1623 325 1709 365 vos
1738 318 1903 363 tamen
1944 306 2020 361 di-

2199 305 2289 363 IV.
2331 305 2436 361 Cur
2468 305 2799 361 Parmenioni
2822 307 3033 363 Librum
3074 307 3417 379 refellendum
3446 305 3708 375 suscipiat.

437 403 536 459 cite
558 404 651 468 eis,
677 401 886 456 Fratres
906 400 1067 453 nostri
1086 400 1206 453 estis
1235 400 1384 471 (Esa.
1414 416 1555 469 uvt,
1588 400 1643 471 5)
1673 418 1687 454 :
1715 406 1839 453 sunt
1864 398 2022 468 igitur

442 495 558 552 sine
585 494 747 549 dubio
788 491 1017 559 fratres,
1051 480 1296 564 quamvis
1343 508 1449 549 non
1480 494 1624 548 boni.
1658 494 1838 559 Quare
1866 505 2023 546 nemo

440 591 696 656 miretur,
741 603 835 644 eos
874 602 961 644 me
986 586 1015 627 ιι
1043 588 1320 662 appellare
1358 588 1581 654 fratres,
1630 586 1746 660 (29)
1781 585 1871 655 qui
1916 601 2023 640 non

438 686 662 761 possunt
706 691 810 733 non
843 692 965 733 esse
1011 677 1205 733 fratres
1244 677 1380 750 (30).
1420 677 1515 733 Est
1543 676 1755 746 quidem
1786 676 1941 731 nobis
1971 682 2025 729 et

437 766 545 824 illis
573 768 829 839 spiritalis
873 783 977 825 uua
1017 768 1302 832 nativitas,
1350 767 1447 823 sed
1491 767 1607 839 (3t)
1652 766 1852 821 diversi
1900 773 2025 819 sunt

436 867 607 914 actus.
635 857 769 931 Nam
793 868 849 913 et
876 858 1066 926 Cliam,
1098 860 1185 931 qui
1219 860 1386 933 patris
1413 860 1497 914 sui
1527 859 1647 914 risit
1676 859 1838 928 impie
1863 857 2021 912 nudi-

338 990 339 993 η
435 957 594 1005 tatem
624 948 777 1018 (Gen.
805 948 907 1021 ιι),
939 934 1102 1006 frater
1132 950 1499 1006 innocentium
1532 948 1631 1004 fuit
1659 967 1673 1004 :
1702 958 1759 1004 et
1788 964 1886 1018 pro
1905 964 2023 1003 me-

434 1039 541 1096 rito
570 1054 668 1096 suo
702 1043 888 1111 jugum
916 1042 1190 1113 servitutis
1216 1042 1475 1108 incurrit,
1507 1049 1566 1097 ut
1588 1048 1733 1097 esset
1769 1040 2021 1096 fratribus

434 1130 603 1187 frater
642 1132 906 1188 addictus.
938 1132 1082 1204 Ergo
1127 1133 1230 1191 hoc
1259 1149 1452 1189 nomen
1498 1133 1880 1198 fraternitatis,
1921 1148 2021 1189 nec

434 1222 824 1280 interveniente
851 1232 1073 1295 peccato
1093 1224 1405 1295 deponitur.
1433 1224 1541 1281 Sed
1574 1224 1640 1279 de
1668 1224 1890 1280 istorum
1916 1222 2022 1280 fra-

434 1326 572 1373 trum
596 1318 806 1401 delictis
828 1311 1000 1376 dicam
1029 1320 1135 1389 alio
1156 1320 1315 1376 loco:
1346 1321 1438 1393 qui
1462 1320 1711 1376 sedentes
1733 1319 2017 1374 adversum

431 1422 531 1464 nos
561 1420 583 1448 ε
615 1411 751 1483 (52),
776 1411 1068 1468 detrahunt
1095 1410 1193 1485 (ά),
1221 1422 1277 1468 et
1302 1422 1489 1467 contra
1520 1426 1620 1467 nos
1647 1410 1896 1467 scandala
1925 1426 2021 1481 po-

432 1510 565 1557 nunt
590 1501 710 1571 (Ps.
740 1519 895 1571 χιιι,
922 1503 1018 1574 20)
1048 1522 1062 1558 :
1095 1511 1151 1560 et
1178 1502 1292 1577 (33)
1336 1517 1457 1559 cum
1501 1504 1593 1558 illo
1633 1501 1751 1557 fure
1796 1509 2023 1557 concur-

430 1602 558 1648 runt
586 1593 747 1667 (Ibid.
782 1596 892 1666 l9),
924 1597 1015 1668 qui
1047 1598 1155 1652 Deo
1181 1596 1380 1651 furtum
1424 1595 1554 1652 facit
1580 1605 1603 1633 ο
1632 1594 1748 1668 (54)
1776 1612 1786 1647 :
1817 1603 2019 1651 etcum

2122 429 2194 441 —
2218 398 2417 454 Omnes
2438 399 2657 470 quidem
2688 415 2785 470 per
2807 400 3018 470 singula
3046 402 3163 455 loca
3189 400 3473 456 maledicis
3500 398 3711 454 vocibus

2125 498 2469 559 perstrepunt
2497 506 2509 542 :
2544 488 2760 559 (quibus
2789 490 2856 544 ad
2885 492 3059 559 aliqua
3082 488 3149 545 de
3175 490 3465 545 occasione
3491 503 3709 560 respon-

2125 578 2247 633 dam
2282 578 2301 617 ί
2325 596 2342 645 ;
2395 579 2507 650 (35)
2550 579 2644 634 sed
2696 594 2859 633 unum
2906 579 3122 651 quidem
3168 589 3193 625 κ
3238 579 3325 634 vix
3375 578 3706 644 invenimus,

2124 687 2245 727 cum
2272 670 2389 743 (36)
2412 672 2463 743 5
2483 686 2589 740 quo
2611 687 2705 741 per
2726 672 2955 739 litteras,
2975 672 3061 728 vel
3083 672 3182 728 hoc
3202 672 3369 728 modo
3394 672 3705 744 loquamur;

2125 763 2531 819 Parmenianum
2562 764 2787 832 scilicet,
2818 762 3340 832 fratrem-nostrum;
3370 766 3417 821 si
3445 776 3625 835 tamen
3653 783 3706 822 se

2122 869 2153 909 a
2180 855 2334 909 nobis
2360 855 2445 910 vel
2481 854 2585 910 hoc
2613 856 2831 911 nomine
2859 857 3158 928 nuncupari
3189 857 3473 927 permittit.
3502 856 3617 928 (57)
3649 858 3709 913 Et

2122 942 2245 1020 quia
2276 948 2390 1020 (38)
2420 949 2705 1019 collegium
2733 949 3038 1020 episcopale
3068 948 3180 1022 (39)
3214 951 3406 1005 nolunt
3433 951 3704 1006 nobiscum

2123 1040 2323 1095 habere
2351 1054 2653 1107 commune,
2679 1056 2786 1095 non
2810 1040 2922 1096 siut
2940 1041 3184 1112 collegae,
3208 1042 3252 1099 si
3276 1041 3506 1096 nolunt:
3536 1051 3704 1097 tamen

2123 1134 2209 1204 (ut
2233 1147 2393 1207 supra
2438 1130 2697 1204 diximus)
2728 1132 2923 1188 fratres
2947 1141 3091 1201 sunt.
3125 1132 3319 1189 Frater
3356 1124 3513 1189 meus
3551 1134 3705 1203 igitur

2120 1216 2535 1291 Parmenianus,
2573 1225 2689 1295 (40)
2716 1241 2785 1281 ue
2814 1235 3040 1281 ventose
3078 1240 3141 1280 ac
3170 1225 3312 1283 nude
3340 1221 3391 1291 ιι,
3425 1232 3484 1279 ιιι
3506 1225 3701 1289 ueteri,

2120 1320 2451 1388 loqueretur,
2480 1317 2737 1389 quidquid
2759 1318 2963 1374 sentire
2993 1318 3184 1388 potuit,
3212 1332 3321 1373 non
3350 1317 3525 1372 solum
3546 1313 3701 1383 dixit,

2089 1397 2216 1467 ‘sed
2261 1411 2422 1466 etiam
2473 1411 2526 1464 iu
2570 1413 2832 1480 scriptura
2879 1409 3120 1480 digessit.
3154 1406 3321 1478 Cujus
3348 1408 3546 1475 dictis,
3587 1422 3701 1462 cum

2121 1504 2472 1575 respondere,
2496 1496 2724 1559 veritate
2746 1511 2989 1574 cogente,
3013 1492 3392 1572 compellimur
3413 1517 3428 1554 :
3450 1501 3555 1557 erit
3571 1500 3704 1556 inter

2123 1609 2223 1649 nos
2249 1596 2499 1650 absentes
2528 1593 2906 1665 quoquomodo
2929 1592 3166 1648 collatio.
3197 1591 3403 1647 Eodem
3432 1590 3593 1646 modo
3618 1606 3699 1645 sa-

432 1687 682 1753 tnmcbis,
715 1688 766 1741 id
788 1696 888 1754 est,
915 1702 1037 1742 cum
1067 1688 1354 1753 lncreticis,
1384 1698 1590 1761 partem
1613 1687 1762 1743 suam
1789 1697 2011 1757 ponunt,
2045 1687 2092 1747 Β
2122 1685 2285 1742 tisliet
2312 1695 2367 1742 et
2395 1686 2677 1742 desideriis
2707 1685 3030 1755 aliquorum.
3062 1682 3195 1738 Nam
3235 1698 3266 1737 a
3298 1683 3487 1737 multis
3513 1698 3653 1753 saepe
3682 1682 3694 1720 ί

430 1785 485 1833 et
512 1789 727 1850 peccata
757 1794 849 1835 sua
878 1780 1114 1859 laudant,
1143 1790 1198 1837 et
1221 1781 1453 1837 convitia
1481 1788 1668 1837 contra
1698 1794 1797 1835 nos
1822 1778 2015 1836 Catho-

429 1865 564 1933 licos
590 1870 933 1939 meditantur.

2122 1778 2486 1834 desideratum
2530 1786 2614 1833 est
2662 1788 2720 1831 ut
2747 1776 2812 1831 ad
2858 1774 3149 1831 eruendam
3208 1775 3222 1824 l
3274 1766 3595 1837 feritatem,
3640 1775 3700 1827 ab

2121 1871 2388 1942 aliquibus
2407 1869 2787 1935 defensoribus
2816 1868 3048 1940 partium
3074 1866 3359 1924 conﬂictus
3383 1863 3695 1922 haberetur:

1691 1984 2072 2044 LECTIONES
2111 1984 2550 2041 VARIANTES.’
2713 2042 2717 2046 _

490 2064 519 2109 ‘
549 2070 624 2143 Ita
647 2078 696 2127 in
713 2089 832 2129 mss.
855 2078 911 2130 S.
931 2072 1024 2132 Th.
1049 2078 1103 2131 S.
1130 2079 1189 2132 G.
1215 2078 1339 2133 etP.
1357 2079 1410 2132 S.
1433 2078 1490 2131 In
1512 2078 1672 2143 editis,
1698 2084 1902 2142 nostros,
1922 2074 2013 2129 sed
2274 2077 2328 2126 In
2355 2077 2498 2139 priori
2514 2076 2757 2143 Balduuii,
2775 2088 2888 2143 eum
2908 2086 3136 2126 venenose
3167 2086 3227 2124 ac
3250 2071 3405 2143 unde.
3441 2073 3633 2143 Optime
3656 2078 3699 2125 in

428 2139 589 2190 minus
605 2139 754 2190 bene.

434 2218 439 2223 ’
490 2196 522 2238 ιι
554 2201 609 2253 In
630 2214 721 2252 ms.
745 2202 798 2252 S.
820 2201 877 2253 G.
902 2214 980 2252 me
1001 2215 1098 2255 eos.

492 2265 517 2295 ο
553 2263 623 2314 ιω
642 2264 688 2313 in
704 2274 819 2313 mss.
846 2263 900 2313 S.
923 2263 1015 2314 Th.
1039 2264 1092 2316 S.
1118 2265 1176 2317 G.
1200 2272 1251 2315 et
1273 2265 1329 2315 P.
1350 2265 1403 2315 S.

386 2356 387 2359 η
490 2325 520 2365 ιι
554 2325 607 2390 in
627 2338 713 2390 ms.
739 2325 791 2375 S.
817 2324 876 2390 (ξ.
894 2327 1140 2390 denotant,
1170 2328 1258 2378 sed
1278 2328 1425 2390 male.

388 2402 391 2409 ί
494 2390 520 2452 ξ’
553 2387 624 2452 Ita
644 2389 689 2437 in
713 2401 801 2452 uis.
822 2387 879 2452 ξ.
904 2387 964 2438 G.
992 2389 1047 2437 In
1070 2386 1183 2439 is.
1207 2392 1259 2440 S.
1286 2389 1379 2439 Th.
1406 2396 1459 2438 et
1476 2388 1535 2440 P.
1562 2387 1614 2452 S.
1638 2386 1838 2452 faciunt.

493 2446 516 2503 ἔ
551 2448 607 2501 In
628 2448 997 2515 nis.S_.AG.tnec
1033 2463 1120 2515 per
1145 2452 1478 2515 parenthesim
1521 2446 1710 2515 adjecta
1747 2456 1859 2501 sunt
1899 2463 2011 2512 quas

350 2522 353 2525 ί
427 2504 608 2576 desunt.
642 2513 691 2561 in
724 2510 833 2561 aliis
874 2525 990 2565 mss.
1030 2504 1120 2564 sed
1145 2504 1262 2563 'noa
1296 2514 1527 2565 videntur
1572 2504 1731 2563 aliena
1754 2519 1838 2564 aut
1860 2504 2010 2576 pe're-

429 2572 587 2636 grina.

497 2637 523 2678 8
554 2643 704 2685 Deest
726 2636 774 2687 in
798 2648 887 2685 ms.
912 2634 964 2687 8.
991 2635 1050 2687 G.

492 2696 525 2752 il
556 2695 627 2749 Ita
646 2699 695 2747 in
717 2710 828 2749 mss.
854 2694 909 2750 In
926 2697 1132 2749 Cocblaei
1158 2697 1373 2750 editione
1387 2699 1688 2762 germanica,
1713 2709 1825 2749 cum
1842 2698 2015 2762 nequi-
2053 2700 2056 2703 ’

2115 2139 2240 2203 aliis,
2262 2151 2324 2189 ne
2338 2136 2526 2203 ventose
2541 2136 2769 2203 acinurle,
2790 2138 2881 2187 hoc
2903 2143 2998 2203 est,
3038 2151 3101 2187 ne
3143 2143 3200 2187 ut
3224 2137 3396 2186 caeteri
3424 2136 3568 2186 nudis
3598 2145 3698 2187 tan-

2114 2199 2417 2314 tum’verbis
2452 2214 2563 2264 qum
2602 2202 2651 2251 in
2692 2199 2865 2251 ventos
2906 2199 3127 2264 abeunt,
3172 2209 3289 2248 suas
3328 2206 3499 2262 partes
3543 2209 3698 2249 tuere-

2137 2276 2213 2312 ur.
3581 2276 3589 2297 ι

2186 2325 2219 2399 ξ,
2232 2325 2369 2375 Hanc
2379 2337 2547 2375 vocem
2563 2338 2673 2387 quae
2690 2325 2837 2374 deest
2854 2323 2903 2372 in
2922 2321 3091 2386 editis,
3111 2327 3386 2386 agnoscunt
3400 2335 3573 2399 omnes
3590 2336 3693 2373 mss.

2111 2388 2327 2439 codices.

2181 2448 2196 2501 ἱ
2240 2449 2294 2498 In
2311 2460 2423 2498 mss.
2449 2447 2582 2499 S.T.
2610 2453 2663 2497 et
2683 2447 2813 2496 P.S.
2838 2444 3179 2508 erudiendum,
3224 2446 3314 2494 sed
3362 2440 3538 2496 errore
3580 2459 3698 2495 ama-

2114 2513 2332 2570 nuensis,
2346 2524 2490 2573 quem
2509 2522 2779 2573 agnoscens
2796 2509 3068 2573 exscriptor
3080 2509 3259 2558 codicis
3274 2509 3696 2573 Seu-Germanenf

2117 2575 2202 2633 sis,
2229 2570 2448 2687 mane—xit.
2470 2570 2929 2636 adexquir'endam,
2962 2570 3160 2621 felicius
3199 2572 3486 2621 restitutum
3514 2578 3606 2638 est,
3638 2572 3696 2622 ad

2117 2647 2267 2687 eruen
2307 2648 2403 2685 am.

2117 2647 2403 2687 eruenaann

1716 2804 2077 2863 VARIORUM
2114 2804 2344 2863 NOTE.

431 2908 536 2970 qua
567 2880 1100 2970 optatnsuversione.
1150 2895 1349 2970 Eadem
1396 2897 1556 2954 etiam
1588 2899 1754 2955 utitur
1789 2900 1925 2970 Aug.
1960 2900 2014 2954 in

432 2964 528 3023 lib.
561 2974 683 3035 post
710 2964 902 3021 Collat.
932 2981 982 3022 c.
1015 2967 1116 3021 ult.
1152 2966 1228 3022 Du
1259 2968 1375 3022 PIN.

510 3037 623 3108 (28)
665 3036 735 3090 Et
760 3038 936 3091 nolunt
973 3053 1028 3093 se
1067 3036 1171 3093 dici
1210 3042 1391 3108 fratres
1426 3049 1635 3096 vestros.
1686 3040 1814 3096 Haec
1852 3040 2014 3095 verba

2120 2914 2242 2967 cap.
2270 2898 2379 2955 36:
2418 2874 2593 2952 Potest
2629 2914 2743 2951 cum
2779 2896 2928 2951 melle
2950 2897 3233 2952 caneeratis
3273 2897 3499 2960 mederi,
3542 2896 3699 2951 lateris

2121 2970 2323 3024 dolores
2350 2971 2588 3023 haustum
2614 2986 2677 3022 ea:
2702 2971 2818 3022 uino
2846 2969 3099 3038 mitigare.
3132 2982 3252 3035 cap.
3283 2967 3375 3024 40.
3412 2969 3699 3038 Aliquando

2121 3042 2290 3110 magis
2316 3041 2577 3095 absoluta.
2611 3038 2757 3095 Idem
2789 3055 2907 3107 cap.
2938 3039 3027 3100 48.
3055 3041 3171 3107 ejus
3201 3039 3324 3093 libri
3350 3057 3365 3094 :
3393 3038 3614 3106 Siliana
3629 3055 3699 3093 re-

436 3116 561 3181 sunt
574 3108 776 3181 thati,
804 3108 891 3179 qui
914 3109 1136 3181 prolatis
1161 3125 1226 3165 ex
1255 3108 1532 3180 Scriptura
1555 3111 1897 3177 testimoniis,
1926 3126 2012 3165 so-
2041 3111 2087 3175 C
2119 3108 2288 3166 centes
2312 3110 2628 3167 stomachum
2655 3119 2885 3166 avertunt
2905 3152 2919 3175 ,
2945 3111 3115 3164 alvum
3136 3111 3338 3165 solvunt
3357 3152 3373 3176 ,
3396 3111 3586 3167 credent
3609 3110 3695 3163 sic-

436 3178 513 3234 let
538 3178 709 3249 aliqua
736 3178 939 3251 deusne
966 3180 1116 3251 quasi
1157 3178 1415 3249 suppleas
1461 3184 1721 3238 inserere.
1772 3182 2017 3238 Fratrum

439 3256 634 3324 nomen
661 3250 1007 3324 repudiabant
1034 3251 1324 3324 Donatistae
1342 3294 1366 3324 ,ί
1397 3262 1455 3309 ut
1480 3263 1677 3324 praeter
1700 3253 1825 3323 Opt.
1853 3261 2020 3308 testa-

440 3326 528 3391 tur
553 3321 714 3391 Aug.,
756 3322 847 3377 lib.
877 3337 965 3386 ut,
997 3329 1184 3377 contra
1220 3321 1495 3381 Gaudent.
1529 3336 1585 3389 et
1623 3325 1714 3381 lib.
1744 3321 1802 3381 tu
1832 3334 2017 3381 contra

438 3390 644 3461 Parm.,
669 3391 803 3461 αἳ.
835 3391 909 3447 Du
936 3393 1050 3449 Pin.
2014 3438 2020 3443 ι

492 3459 628 3531 ’(29)
672 3463 773 3530 Qui
793 3472 1257 3538 non‘possuntnon
1281 3482 1391 3522 esse
1411 3470 1615 3538 fratres.
1639 3466 1739 3534 Qui
1768 3482 1873 3522 non
1896 3482 2020 3537 pos-

437 3541 564 3607 sunt
590 3548 696 3588 non
738 3548 859 3590 esse
897 3535 1192 3612 bap_tiz_ati,_
1225 3538 1278 3591 in
1325 3535 1480 3608 cujus
1504 3539 1658 3612 aquis
1685 3535 1935 3609 tauquam
1963 3540 2018 3594 in

438 3606 748 3676 uterosunt
768 3608 1032 3676 concepti.
1061 3606 1129 3661 Μ.
1152 3606 1384 3664 ϐΑεΑῠΒ.

510 3672 627 3748 (30)
655 3674 787 3752 _Non
815 3672 1033 3752 possunt
1048 3693 1151 3732 non
1175 3696 1293 3752 esse
1305 3684 1508 3749 fratres.
1538 3680 1799 3752 Eumdem
1827 3695 2021 3752 agnos-

440 3746 624 3819 centes
654 3746 816 3802 Deum
858 3747 1101 3815 Patrem;
1142 3746 1385 3805 eamdem
1413 3754 1672 3810 habentes
1702 3746 1894 3819 lidem';
1927 3768 2021 3807 eo-

441 3815 568 3889 dem
584 3816 909 3889 baptismate
938 3821 1257 3889 regenerati.
1287 3822 1364 3878 Dn
1396 3824 1513 3880 PIN.

515 3886 625 3965 (3i)
670 3887 864 3965 Dipersi
888 3886 1050 3944 actus.
1090 3890 1146 3946 In
1176 3892 1463 3965 Cypriano,
1497 3903 1646 3951 actus
1679 3910 1776 3965 pro
1812 3894 2022 3964 epism-

515 3908 625 3958 (οι)
670 3908 862 3944 Utverst
888 3908 1050 3944 actus.
1090 3908 1146 3946 in
1176 3908 1213 3945 ι.
1258 3909 1463 3963 priano,
1497 3908 1646 3951 acuis
1679 3910 1776 3965 pro
1812 3909 2022 3964 eptsm-

399 3962 405 3967 '
444 3957 851 4041 pali‘funetione
890 3966 945 4014 et
973 3976 1069 4041 pro
1104 3978 1165 4041 ea
1186 3908 1505 4041 tuscipliua,
1534 3966 2022 4041 quamlobservare

443 4028 573 4112 facit
597 4028 664 4112 iu.
677 4044 769 4084 sua
791 4028 1007 4112 dioecesi
1030 4032 1311 4105 accipitur,
1332 4028 1409 4091 uti
1431 4028 1650 4093 cum'alt
1669 4052 2021 4109 unumquem-

446 4108 554 4169 que
580 4103 890 4172 episeopum
915 4103 983 4157 de
1011 4118 1108 4159 suo
1141 4103 1262 4160 actu
1287 4118 1409 4162 esse
1438 4124 1843 4180 responsurum.

1686 4182 1913 4235 ALBASP.

518 4239 637 4324 (52)
681 4240 783 4324 Qui
806 4243 1032 4324 sedentes
1064 4246 1331 4324 adversum
1355 4267 1465 4305 nos.
1499 4250 1624 4307 Haec
1650 4260 1707 4306 et
1744 4251 2023 4324 sequentia

448 4314 719 4393 pertinth
759 4312 837 4393 ad.
867 4314 955 4393 Ps.
998 4330 1158 4393 suis,
1183 4318 1269 4393 l9,
1306 4328 1362 4393 et
1403 4331 1686 4393 sequentes
1709 4364 1723 4387 ,
1767 4312 2027 4393 et'exrpli-

442 4393 641 4459 canitur
668 4382 783 4459 [use
804 4383 874 4459 de
900 4384 1189 4459 Donatistis
1213 4388 1279 4443 ab
1303 4382 1516 4459 Optato,
1570 4391 1663 4447 lib.
1697 4382 1768 4447 ι’ν.
1800 4393 1876 4448 Du
1904 4382 2021 4447 P'm.

519 4454 638 4525 (55)
662 4453 789 4508 Cum
815 4454 905 4509 illo
926 4455 1041 4524 fure
1064 4453 1369 4530 concurrunt
1387 4464 1471 4530 qui
1495 4453 1616 4530 Deo,
1643 4472 1747 4519 etc.
1774 4463 1842 4519 Ut
1865 4465 2024 4519 verba

454 4536 702 4604 consten_t
721 4567 735 4589 ,
761 4542 880 4591 quas
907 4542 1049 4581 nunc
1075 4529 1527 4604 malecobazreut,
1560 4529 1629 4586 ita
1651 4534 2028 4604 distinguenda

454 4604 619 4676 sunt:
653 4595 888 4676 Ronunt,
921 4606 976 4676 'e_t
1018 4614 1133 4653 cum
1159 4600 1251 4676 illo
1276 4600 1390 4668 fure
1416 4595 1720 4676 conrurrunt
1751 4622 1769 4659 :
1807 4595 1895 4676 ᾧιὶ
1920 4604 2029 4658 Deo

445 4670 642 4741 furtum
668 4667 885 4747 faciunt.
914 4667 1103 4747 (Deum
1158 4667 1431 4743 deserunt)
1470 4691 1482 4727 :
1510 4686 1556 4728 et
1581 4691 1693 4728 cum
1718 4667 1943 4740 metuitis,
1975 4678 2029 4747 id

448 4748 523 4792 est
553 4755 692 4817 eunt“
710 4740 989 4817 Itasreticis,
1019 4751 1215 4813 portent
1255 4760 1399 4799 suam
1414 4740 1658 4815 ponunt,
1695 4755 1799 4803 etc.
1837 4741 2025 4817 psalm.

448 4825 594 4875 χιιι,
628 4810 714 4865 18.
750 4808 819 4864 Μ.
850 4808 1083 4866 Cissus.

520 4880 578 4960 (5
590 4880 637 4960 ι)
675 4880 799 4935 Cum
820 4881 913 4935 illo
933 4882 1408 4960 fitrefoncurrunt,
1430 4888 1517 4958 qui
1542 4886 1651 4943 Deo
1672 4887 1864 4959 furtum
1884 4889 2027 4960 facit.

450 4950 676 5007 Diabolo
698 4966 915 5022 nempe.
948 4951 1028 5008 Du
1054 4954 1169 5010 PIN.

520 5043 636 5117 (55)
677 5044 784 5121 sed
820 5061 975 5099 unum
1015 5046 1099 5121 vis
1142 5047 1424 5105 invenimus
1463 5067 1577 5104 cum
1620 5066 1717 5121 quo
1765 5067 1854 5120 per
1903 5052 2033 5106 litte-

452 5115 696 5191 ras,g_etc._
728 5115 1035 5191 Loquamur,
1066 5119 1170 5191 boc
1197 5128 1317 5187 est,
1350 5121 1486 5181 looni
1514 5115 1784 5191 possimus.
1817 5122 2033 5179 Pbrasis

449 5186 730 5268 familiaris
749 5189 861 5268 ᾔεις.
890 5189 1146 5268 _cousult.,
1173 5191 1267 5246 lib.
1302 5186 1375 5257 xi,
1406 5192 1434 5265 ᾗ
1463 5186 1524 5257 si
1556 5193 1649 5246 lib.
1676 5207 1754 5259 Vl,
1790 5191 1818 5263 §
1851 5194 1934 5248 Η.
1970 5195 2028 5247 D.

455 5256 523 5311 de
544 5257 710 5331 judic.
743 5256 829 5314 ubi
865 5259 1073 5313 domum
1113 5256 1484 5330 revocant’p'ro
1513 5256 1750 5318 revocare
1789 5256 2030 5331 possunt,

456 5330 686 5406 fungitur
709 5345 804 5398 pro
841 5332 990 5406 fungi
1001 5342 1171 5406 potest
1194 5351 1217 5406 :_
1241 5344 1300 5406 et
1328 5335 1453 5390 talia
1478 5351 1598 5406 qua:
1630 5335 1681 5389 iu
1712 5330 1816 5390 LL.
1847 5337 2028 5403 smpis-

458 5399 593 5479 sime
619 5399 949 5455 occurrunt.‘
975 5399 1140 5479 Iidem
1193 5403 1329 5479 JC‘ti.
1360 5399 1568 5479 possunt
1606 5406 1776 5475 facere
1815 5421 1910 5476 pro
1928 5399 2028 5458 ’ἀε-

461 5468 548 5550 beo
578 5473 1025 5550 ItsurpautLuntl
1047 5475 1169 5550 huic
1197 5468 1494 5550 affine'cst‘,
1522 5487 1577 5532 et
1602 5468 2033 5550 notavit'amicus

462 5540 588 5594 olim
629 5540 807 5596 noSter
842 5540 910 5596 CI
946 5545 1307 5604 Ritterliusius
1345 5549 1412 5604 ad
1452 5540 1490 5602 4
1519 5549 1664 5603 Pauli
1719 5550 2030 5603 scntcntiar.

464 5608 626 5690 Plin.,
660 5611 954 5690 Valeriam:
986 5615 1077 5690 lib.
1103 5633 1175 5680 Iv,
1206 5634 1325 5690 cap.
1358 5628 1411 5686 ti,
1448 5621 1516 5690 de
1552 5621 1826 5675 cucurbita
1858 5637 1871 5673 :
1910 5616 2036 5690 Ejus

462 5680 623 5735 arida:
643 5683 846 5738 cortices
871 5684 1133 5752 efﬁcaciter
1152 5680 1360 5759 possunt
1383 5680 1643 5748 combusta
1664 5708 1868 5749 sanare.
1892 5680 2035 5747 [dum

2122 3195 2251 3238 cata!
2275 3184 2328 3237 in
2358 3184 2670 3236 contrarium
2701 3190 2934 3254 possunt.
2966 3181 3173 3254 Ban'm.

2195 3254 2308 3326 (36)
2353 3254 2466 3321 Quo
2492 3269 2579 3318 per
2602 3251 2813 3307 litteras.
2846 3254 2919 3308 De
2943 3252 3130 3326 eadem
3166 3267 3226 3313 re
3253 3251 3607 3326 Conqueritur
3635 3251 3690 3304 D.

2124 3323 2473 3394 Augustinus.
2503 3332 2559 3378 et
2595 3339 2713 3378 cum
2745 3325 3043 3394 Augustino
3088 3324 3157 3379 de
3192 3323 3392 3378 nostris
3424 3337 3700 3394 possumus

2121 3393 2415 3467 conqueri;
2448 3395 2541 3450 sed
2597 3395 2699 3449 hoc
2743 3395 3012 3467 peculiare
3064 3404 3148 3450 est
3197 3395 3471 3450 luereticis
3525 3393 3699 3465 fugere

2122 3466 2543 3537 Orthoduxorum
2574 3466 2920 3535 colloquium.
2976 3468 3200 3521 ALBASP.
3408 3536 3413 3537 ί
3504 3533 3508 3536 ⁴

2196 3539 2313 3608 (57)
2371 3538 2435 3591 Et
2486 3540 2606 3608 quia
2656 3538 3261 3608 collegiumepiswpale
3325 3536 3544 3598 nolunt,
3601 3544 3696 3590 etc.

2122 3610 2417 3679 Collegium
2447 3610 2752 3677 episcopale
2804 3623 2911 3663 non
2952 3608 3094 3662 aliud
3132 3624 3292 3679 quam
3329 3608 3696 3679 episcoporum

2123 3678 2406 3737 universus
2433 3680 2567 3734 ordo
2601 3695 2665 3733 ac
2688 3680 2919 3735 societas
2942 3719 2957 3745 ,
2991 3695 3150 3749 quam
3181 3681 3285 3735 late
3315 3690 3480 3749 patet.
3510 3678 3698 3733 Omnes

2124 3754 2266 3808 enim
2298 3761 2412 3807 toto
2441 3750 2832 3822 orbeieniscopi
2870 3752 3103 3822 collegae,
3136 3760 3189 3804 et
3216 3752 3287 3804 ita
3315 3750 3443 3804 olim
3471 3749 3696 3803 vicissim

2124 3821 2690 3894 nuncupabant.Hinc
2715 3821 3012 3894 aliquando"
3039 3823 3310 3894 collegium
3339 3822 3585 3876 absolute
3612 3835 3697 3894 pro

2125 3891 2413 3967 episcopale
2465 3893 2787 3967 ρξοιιεειὶωηςΔ
2824 3903 2869 3946 et
2914 3891 3259 3967 collegtepro
3306 3894 3577 3964 episcopis.
3631 3891 3695 3944 Ita

2125 3963 2265 4037 apud
2312 3965 2592 4020 Sidonium
2637 3963 2811 4037 Apoll.
2866 3964 3011 4037 turba
3045 3963 3695 4037 collegiipproquantum

2126 4034 2199 4092 est
2227 4038 2575 4108 episcoporum
2594 4076 2608 4100 ,
2631 4034 2790 4108 epist.
2824 4050 2873 4098 ι,
2908 4035 2999 4089 lib.
3031 4048 3103 4098 Vl,
3134 4035 3317 4108 etl‘qui
3351 4034 3558 4108 collega:
3582 4049 3692 4108 pro-

2130 4104 2386 4172 vinciales,
2413 4106 2573 4175 epist.
2603 4121 2636 4159 ν
2661 4105 2753 4159 lib.
2787 4120 2886 4168 vn,
2930 4120 3023 4159 eos
3048 4104 3335 4159 sacerdotes
3374 4104 3695 4176 provinciales

2128 4179 2403 4247 appellat,
2454 4177 2614 4245 epist.
2671 4192 2813 4239 xxv,
2874 4176 2967 4230 lib.
3021 4192 3107 4242 vI,
3161 4176 3697 4247 quicumqueﬂessent

2130 4243 2372 4319 ejusdem
2420 4243 2709 4319 provincia:
2758 4247 3063 4319 cpisc0pos,
3117 4243 3445 4317 intelligens.
3484 4245 3550 4300 Μ.
3602 4243 3694 4298 Cs-

2129 4336 2279 4376 SAUB.

2205 4391 2321 4464 (38)
2361 4389 2644 4464 Collegium
2689 4389 3014 4464 episcopale._
3064 4387 3388 4464 Societatetn
3416 4432 3441 4464 ,_
3474 4401 3696 4464 commu-

2132 4459 2370 4526 nionem,
2399 4459 2754 4526 consm-tium,
2800 4460 3185 4514 fraternitatem
3234 4459 3623 4512 Ecclesistieam
3649 4464 3695 4508 et

2061 4503 2105 4561 ο
2132 4503 2847 4603 ξέὸίὲἓὸὶὶξιιὶἷιίΤάξειίηᾷιιει
2886 4530 3027 4603 inter
3055 4529 3443 4603 fraternitatem
3466 4537 3521 4603 _el
3561 4542 3693 4583 com-

2133 4600 2466 4668 munionem,
2497 4604 2677 4673 aitque
2710 4602 3010 4655 Donatistas
3036 4614 3195 4673 posse
3222 4600 3436 4673 quidem
3459 4600 3544 4673 jus
3567 4613 3693 4673 com-

2134 4674 2403 4731 munionis
2436 4670 2626 4728 tollere
2666 4682 2718 4726 et
2755 4670 3047 4737 dirimere,
3071 4670 3165 4725 sed
3194 4686 3300 4724 non
3331 4670 3689 4727 fraternitatis.

2133 4751 2251 4818 quia
2284 4748 2398 4801 brec
2438 4761 2466 4799 a
2505 4744 2777 4798 nativitate
2803 4743 3169 4813 consequitur,
3214 4741 3305 4796 illa
3334 4756 3463 4799 vero
3502 4742 3552 4796 in
3578 4755 3717 4795 (‘0u-‘

2133 4819 2417 4876 suetudine
2445 4826 2709 4870 versatur.
2754 4818 2979 4869 Messe.

2208 4888 2323 4961 (39)
2364 4886 2653 4961 Collegium
2694 4884 2998 4961 episcopale.
3051 4882 3424 4961 _Societatem,_
3469 4896 3691 4961 comma:

2136 4955 2375 5025 nionem,
2420 4955 2748 5013 consortium
2796 4956 2938 5010 inter
2991 4957 3273 5023 episcopos
3322 4955 3603 5010 catholicos
3644 4960 3689 5005 et

2138 5032 2418 5102 episcoiios
2448 5030 2627 5102 partis
2656 5028 2866 5081 Donati.
2906 5026 3205 5102 _l)istin_guit
3233 5026 3376 5102 inter
3404 5025 3684 5101 fraternita-

2140 5098 2245 5156 ttEm
2281 5110 2337 5156 ct
2361 5100 2793 5172 communionem
2814 5140 2829 5163 ,
2848 5099 3048 5172 (aitque
3078 5098 3383 5151 llonatislas
3413 5110 3563 5172 posse
3589 5098 3687 5172 qni-

2138 5175 2258 5227 dem
2291 5188 2319 5226 a
2346 5171 2724 5227 communione
2746 5168 3014 5232 excidere,
3055 5183 3159 5223 non
3201 5179 3381 5223 autem
3411 5184 3439 5222 a
3473 5168 3687 5222 fraterni-

2137 5245 2261 5297 tatis
2300 5243 2534 5302 nomine.
2563 5241 2683 5311 quia
2724 5240 2787 5293 ad
2832 5240 2933 5294 hoc
2957 5239 3157 5294 sufficit
3186 5240 3367 5295 unitas
3398 5239 3515 5294 fidei
3540 5245 3589 5291 et
3612 5250 3685 5311 ej.-

2136 5313 2257 5368 dem
2305 5315 2553 5367 nativitas
2572 5306 2594 5376 ,'
2618 5312 2684 5365 ad
2744 5312 2885 5365 illam
2929 5326 3058 5365 vero
3111 5322 3371 5381 praeterea
3414 5306 3684 5367 necessaria

2131 5393 2257 5439 sunt
2280 5393 2503 5439 externa
2524 5383 2798 5437 charitatis
2837 5392 2891 5438 et
2919 5382 3137 5438 unitatis
3166 5382 3387 5438 indicia.
3422 5384 3493 5437 lin
3519 5381 3620 5435 Pus.

2210 5478 2323 5550 (40)
2364 5475 2493 5531 Cum
2524 5492 2767 5531 venenosa
2813 5493 2875 5530 ac
2899 5476 3069 5550 node,
3119 5486 3206 5550 _ut_
3234 5476 3437 5550 -cteteri,
3481 5476 3683 5550 loquere

2140 5546 2240 5601 tur.
2307 5549 2381 5601 Ita
2431 5551 2660 5613 primum
2703 5548 2936 5601 correxit
2982 5548 3070 5600 Fr.
3118 5546 3434 5609 Balduinus,
3480 5558 3591 5599 cum
3639 5546 3681 5591 in

2140 5617 2357 5674 Coclilci
2384 5618 2619 5674 editiOnc
2647 5618 2984 5689 Germanica,
3008 5619 3247 5670 omnium
3285 5618 3482 5689 prima.
3512 5615 3687 5689 ligare:

2142 5700 2229 5746 tur
2271 5706 2388 5746 cum
2438 5691 2735 5760 nequitiose.
2765 5688 2964 5744 Verum
3019 5691 3209 5743 iterata
3256 5688 3498 5744 editione
3537 5686 3687 5753 Dptali
