3848 6220
314 265 430 319 913

1127 266 1212 321 DE
1249 266 1641 324 SCHISMATE
1682 264 2216 323 DONATISTARUM
2258 265 2458 322 LIBER
2501 263 2771 321 PRIMUS.

3491 260 3595 315 9M

296 366 429 453 '15
448 378 562 454 (65)
586 378 897 435 Nundinarii
934 388 1057 433 tunc
1085 380 1298 434 diaconi
1326 391 1608 445 testantur,
1640 392 1695 437 et
1721 392 1903 438 vetus-
1934 397 1988 455 Α
2012 384 2399 450 increparetur,
2420 382 2559 452 quod
2582 392 2633 435 et
2656 383 2770 451 ipse
2791 379 2881 435 ditt
2905 376 3176 450 apud(67)
3203 374 3591 431 stationariosb

313 482 405 525 lZIS
431 475 860 526 membranarum
895 472 1257 529 testimonium
1290 473 1553 540 perbibet,
1586 487 1719 540 quas
1750 473 1903 526 dubi~

314 566 562 620 tantibus
590 563 828 634 proferre
859 564 1174 632 poterimus.
1213 562 1409 616 llarutu
1427 577 1657 631 namque
1682 563 1919 627 plenitu-

311 658 500 714 dinem
523 666 750 722 rerum“,
772 657 823 711 iit
850 656 1139 710 novissima
1164 668 1311 725 parte
1336 657 1558 709 istorum
1581 655 1905 719 libellorum,

311 750 389 803 ad
426 750 750 819 implendam
786 748 1320 818 lidetnadjuuximus.
1348 748 1409 801 Hi
1427 746 1884 820 episc0pi,(64)in

310 847 633 911 terrogante
681 840 933 896 Secundo
960 839 1257 909 Tigisitztno
1288 838 1432 911 (65),
1462 839 1745 894 tradidisse
1781 855 1913 894 con-

312 930 453 987 fessi
484 942 609 986 sunt
639 928 780 1003 (66).
817 933 1027 987 Etcum
1073 932 1187 1002 ipse
1239 931 1521 986 Suetuidus
1570 945 1597 984 a
1645 926 1911 999 Purpurio

2014 475 2193 540 fuerit,
2223 486 2275 529 et.
2318 491 2423 528 nou
2468 475 2662 543 fugerit
2693 516 2707 539 ,
2756 473 2849 527 sed
2885 474 3140 527 dimissus
3176 471 3246 525 sit
3278 492 3289 534 ;
3332 484 3439 524 non
3483 469 3601 522 siue

2015 581 2173 619 causa
2197 567 2480 620 dimissum
2509 568 2693 629 fuisse,
2727 566 2964 635 nisiquia
2989 565 3311 618 tradiderat:
3347 560 3461 633 (68)
3491 560 3601 628 jam

1972 651 1978 655 ’
2018 670 2205 709 omnes
2231 656 2397 709 erecti
2428 666 2447 690 ο
2484 655 2600 726 (69)
2635 665 2912 723 ρωιιειειιιι
2952 668 3303 707 murmurare.
3357 652 3599 720 Quorum

2017 746 2262 814 spiritum
2286 745 2565 800 Secundus
2594 756 2857 807 metuens,
2892 744 3178 798 consilium
3200 746 3404 811 accepit
3430 758 3457 794 a
3489 743 3604 795 tilio

2017 837 2196 891 fratris
2233 840 2314 889 sui
2356 835 2606 891 Secundo
2651 816 2901 901 minore,
2936 834 3130 904 ut(70)
3181 834 3341 889 talem
3386 846 3603 887 causam

2022 932 2130 985 Deo
2151 939 2395 985 servaret
2422 930 2560 1001 (7t).
2590 927 2834 983 Consulti
2874 936 2999 981 sunt
3037 925 3152 999 (72)
3194 927 3288 996 qui
3331 940 3608 987 remanse-

1483 1049 1860 1129 LECTIONES
1922 1049 2340 1107 VAltlAN'I‘ES.

385 1142 412 1171 "
446 1142 603 1193 Deest
624 1145 674 1193 in
698 1157 812 1194 mss.
837 1144 891 1195 S.
919 1145 980 1196 G.

381 1201 413 1241 δ
448 1205 503 1253 In
527 1218 615 1254 ms.
640 1206 695 1255 S.
720 1204 779 1255 G.
805 1204 1151 1265 stationarium.

385 1268 408 1298 ε
443 1265 581 1316 Hanc
604 1267 997 1318 emendationem
1018 1271 1259 1320 debemus
1280 1270 1434 1320 codici
1457 1270 1511 1321 S.
1537 1269 1595 1320 G.
1620 1270 1677 1321 In
1701 1269 1811 1320 aliis
1827 1284 1908 1321 co-

2012 1143 2203 1254 dieitlius
2225 1150 2277 1254 ett
2301 1142 2349 1190 in
2374 1141 2516 1191 editis
2539 1150 2797 1204 perperam
2819 1138 3015 1189 omnino
3040 1134 3285 1197 hwretici,
3317 1134 3447 1200 quod
3465 1136 3612 1207 criti-

2015 1218 2098 1254 COS
2142 1219 2235 1253 01⁵81
2266 1240 2276 1251 .

2015 1218 2098 1255 COS
2122 1218 2276 1254 ιοιδιι.

1676 1376 1763 1431 VA
1772 1375 2037 1433 RIORUM
2078 1376 2307 1435 ΝΟΤᾹΞ,

309 1463 646 1537 Qiocletiano
684 1466 876 1537 n_ovies,
922 1474 971 1518 et
1018 1463 1339 1519 Maximiano
1384 1469 1539 1521 octies
1578 1468 1748 1537 pridie
1794 1468 1910 1521 idus

312 1533 847 1606 Februariumﬂesta
888 1544 1059 1589 autem
1103 1538 1415 1606 episcopalia
1445 1533 1635 1592 decreti
1667 1536 1911 1592 Cirtensis

308 1615 437 1675 post
463 1605 759 1660 earumdem
800 1605 1138 1661 consulatum?
1171 1608 1321 1659 tertio
1367 1624 1527 1661 nonas
1560 1608 1803 1670 Martias,
1852 1624 1912 1660 ac

308 1692 411 1748 per
444 1679 544 1748 hoc
582 1676 822 1730 tredecim
864 1694 1059 1732 menses
1100 1678 1346 1731 interesse
1392 1680 1712 1732 inveniuntur
1740 1679 1915 1747 plures

306 1746 498 1817 suique
525 1746 680 1818 quam
710 1750 967 1807 undecim,
1006 1765 1129 1818 quos
1157 1748 1299 1817 prius
1327 1749 1570 1801 catholici
1597 1746 1763 1801 minus
1794 1749 1913 1801 dili-

310 1828 494 1888 genter
525 1820 866 1891 computaudo
900 1819 1287 1885 respdnderant,
1314 1820 1401 1871 sed
1432 1820 1646 1889 oﬂ'iciunt
1674 1829 1732 1871 ut
1756 1820 1906 1885 [alle-

311 1900 465 1944 retur
488 1902 534 1945 et
558 1906 778 1944 mensem
804 1891 1046 1945 interesse
1076 1891 1425 1957 responderet,
1458 1892 1689 1943 eumdem
1723 1905 1909 1942 consu-

312 1963 483 2014 latum
525 1964 718 2030 putavit
750 1978 767 2015 .'
796 1972 907 2029 post
954 1963 1276 2014 consulatum
1314 1972 1485 2014 autem
1523 1979 1625 2013 non
1667 1961 1907 2027 advertit,

313 2033 408 2087 ubi
448 2051 617 2105 annus
644 2036 759 2105 jam
802 2036 938 2086 alius
977 2032 1239 2101 agebatur.
1287 2031 1411 2085 "mc
1452 2043 1535 2087 est
1583 2032 1743 2105 igitur
1784 2047 1911 2086 vera

311 2104 535 2158 concilii
582 2103 847 2159 Cirtensis
891 2104 1099 2170 epoclta
1152 2112 1271 2170 post
1310 2106 1651 2157 consulatum
1701 2104 1914 2157 Diocle-

314 2175 454 2229 tiuui
494 2176 681 2228 novies
706 2184 759 2228 et
795 2174 1101 2229 Maximiani
1134 2174 1325 2235 octies,
1373 2174 1474 2229 lIoc
1504 2184 1585 2229 est
1614 2189 1756 2228 anno
1784 2174 1910 2240 505,

316 2246 485 2301 tertio
514 2261 683 2300 nonas
712 2246 948 2300 Martias.
999 2246 1070 2299 De
1112 2259 1294 2298 mense
1326 2246 1570 2299 constitit
1598 2260 1817 2311 semper
1861 2247 1913 2299 in

313 2318 639 2381 eollatione,
683 2334 804 2370 nam
849 2326 1001 2385 gesta
1051 2324 1351 2385 martyrum
1385 2325 1544 2370 erant
1583 2316 1759 2385 pridie
1793 2315 1913 2369 idus

315 2388 627 2447 Februarii.
658 2396 713 2442 et
750 2403 991 2441 mensem
1021 2398 1225 2441 tantum
1260 2388 1401 2441 inter
1441 2387 1743 2455 passionem
1774 2402 1916 2440 mar-

319 2468 503 2529 tyrum
537 2469 591 2513 et
614 2459 829 2513 concilii
860 2458 1003 2513 diem
1035 2460 1295 2512 interesse
1322 2458 1462 2513 dixit
1492 2457 1755 2529 officium.
1787 2457 1916 2511 Tre-

315 2528 500 2584 d’ecim
526 2545 744 2584 menses
767 2530 1077 2584 interfuisse
1099 2530 1168 2582 ait
1190 2531 1539 2599 Augustinus.
1567 2528 1706 2597 Ergo
1732 2543 1918 2585 mense

319 2602 519 2655 Martio
561 2601 803 2657 habitum
844 2602 1127 2654 constabat
1172 2618 1274 2653 non
1311 2600 1484 2665 Maio;
1528 2601 1763 2669 alioquin
1806 2608 1917 2654 tres

316 2682 417 2724 aut
439 2672 744 2741 quindecim
778 2687 989 2727 menses
1032 2673 1172 2725 inter
1203 2674 1505 2740 passionem
1540 2682 1832 2741 martyrum
1864 2679 1919 2725 et

315 2742 538 2796 concilii
597 2743 739 2796 diem
789 2742 1183 2797 interfuissent.
1240 2742 1313 2795 lta
1375 2757 1504 2808 ergo
1550 2742 1919 2795 emendandus

317 2814 501 2883 Optati
546 2815 714 2874 locos,
767 2826 820 2867 et
864 2830 959 2881 pro
993 2816 1139 2867 tertio
1180 2813 1363 2867 iduum
1411 2813 1692 2875 Maiarum,
1738 2812 1919 2881 legen-

316 2885 450 2938 dum
487 2900 541 2939 ιιι
572 2900 733 2938 nonas
764 2883 963 2937 Martii.
1003 2886 1076 2939 Du
1106 2886 1221 2939 PIN.

397 2954 512 3026 (65)
553 2955 886 3010 Nesemann.
931 2956 1008 3011 De
1053 2957 1154 3011 hoc
1198 2956 1519 3010 nundinario
1554 2955 1716 3009 multa
1766 2968 1921 3023 repe-

319 3028 539 3083 riuntur
588 3027 640 3082 iu
681 3028 846 3097 gestis
891 3028 1226 3097 purgationis
1274 3027 1546 3152 (ΣίιξρἎίίιιιί
1592 3038 1644 3080 et
1696 3026 1923 3082 Felicis-

1308 3129 1316 3135 -
1452 3114 1627 3152 LBASP.

1308 3129 1316 3135 ‘
1400 3114 1627 3152 ALBASP.

2004 1474 2310 1530 cesserant,
2343 1470 2409 1524 de
2440 1471 2567 1539 ipsis
2596 1480 2849 1540 tanquam
2890 1470 2997 1539 jam
3051 1471 3191 1525 notis
3231 1485 3292 1525 ac
3338 1472 3600 1529 convictis

2018 1541 2285 1593 haereticis
2315 1542 2550 1594 locutum
2576 1541 2745 1595 fuisse
2775 1542 3093 1610 ?0ptatum,
3118 1543 3206 1609 qui
3232 1542 3280 1594 id
3307 1544 3467 1597 modo
3493 1546 3602 1597 dis-

2017 1610 2258 1676 putabat.
2292 1622 2345 1663 et
2384 1628 2409 1662 u
2460 1612 2817 1664 Parmeniona
2850 1612 3048 1665 factum
3110 1612 3460 1668 vehementer
3507 1615 3609 1667 im-

2020 1681 2313 1747 probabat,
2368 1681 2508 1749 quod
2560 1682 2934 1735 scliismaticos
2984 1682 3252 1736 Inrreticis
3304 1684 3607 1740 inconsulte

1944 1776 1989 1834 Β
2020 1750 2325 1832 miscuisset
2358 1768 2371 1815 ;
2408 1767 2545 1832 quos
2595 1752 2706 1817 ipse
2738 1751 2999 1833 .uimirutn
3057 1768 3249 1834 magno
3287 1753 3603 1834 discrimine

2018 1823 2255 1888 Separari
2314 1822 2541 1876 invicem
2587 1822 2797 1886 statuit,
2847 1839 2945 1877 nec
2986 1824 3174 1877 statuit
3215 1834 3415 1877 tantum
3448 1867 3463 1891 ,
3512 1828 3635 1881 sed-

2017 1891 2303 1964 dtscrimeu
2332 1894 2443 1960 ipse
2465 1908 2569 1947 non
2598 1894 2957 1962 perfunctorie
2984 1895 3140 1949 docet
3172 1895 3256 1949 vel
3285 1896 3382 1948 ista
3407 1911 3609 1964 expen-

2018 1963 2215 2039 duntur
2248 1981 2259 2015 :
2290 1964 2379 2039 sed
2412 1965 2568 2039 miror
2595 1966 2731 2033 quod
2761 1966 2850 2017 tibi
2879 1967 3041 2018 visunt
3069 1976 3143 2039 est
3172 1981 3188 2017 :
3216 1966 3367 2019 etiam
3393 1963 3486 2020 vos
3523 1969 3606 2039 ip-

2018 2050 2103 2085 sos
2125 2033 2377 2106 licerett'cis
2405 2036 2703 2106 adjungere,
2732 2052 2857 2101 quos
2877 2052 2985 2089 esse
3015 2037 3358 2090 settismaticos
3384 2033 3603 2105 constat,

2024 2113 2129 2158 ctc.
2158 2104 2275 2177 Mox
2326 2104 2520 2158 iterum
2552 2104 2738 2160 {Satis
2762 2117 2807 2159 te
2832 2108 3009 2171 miror,
3040 2112 3198 2175 frater
3247 2104 3608 2177 Parmeniane,

2024 2175 2514 2251 cttm_schismatiCIts
2535 2178 2625 2242 sis,
2656 2178 3004 2251 schismaticos
3042 2178 3294 2251 ha'reticis
3324 2175 3609 2251 adjungere

2020 2246 2262 2309 uoluisse,
2296 2257 2430 2313 etc.,
2453 2261 2516 2299 ac
2548 2263 2766 2301 rursus:
2787 2247 3021 2301 Volebam
3044 2264 3099 2301 ut
3127 2248 3223 2301 soli
3245 2246 3613 2305 damnarentur

2022 2317 2280 2380 Ita'retici;
2303 2327 2543 2385 quantum
2574 2318 2627 2371 in
2658 2330 2702 2371 te
2725 2329 2817 2382 est,
2852 2329 2898 2372 et
2923 2330 3009 2371 vos
3034 2322 3170 2385 ipsos
3220 2335 3333 2373 cum
3391 2324 3465 2374 eis
3504 2340 3607 2377 una

2021 2392 2266 2440 sententia
2294 2392 2449 2459 ferire
2472 2390 2696 2446 voluisti,
2727 2399 2832 2445 etc.
2862 2392 2971 2456 Ego
3000 2406 3104 2444 non
3140 2390 3325 2443 dubito
3350 2391 3602 2459 Optatum

2022 2460 2324 2532 scripsisse,
2346 2462 2461 2532 jam
2482 2476 2653 2529 omnes
2685 2459 2919 2514 haeretici
2973 2474 3229 2529 cwperunt
3257 2479 3599 2519 murmurare.

2023 2527 2098 2581 lla
2127 2527 2251 2583 mox
2288 2527 2472 2591 eorum
2503 2527 2667 2584 vcrba
2698 2532 2972 2586 interserit
2998 2575 3013 2597 ,
3050 2527 3119 2586 ne
3141 2535 3260 2599 quis
3290 2533 3374 2588 hic
3406 2534 3602 2589 factum

2024 2602 2263 2655 miretur:
2312 2600 2427 2655 Jam
2478 2611 2529 2654 ut
2578 2604 2655 2654 eis
2696 2606 2782 2671 qui
2815 2604 2884 2655 ita
2914 2614 3230 2671 premuntur
3258 2605 3370 2658 sive
3399 2606 3601 2671 verbis,

2024 2672 2138 2723 sive
2170 2674 2330 2725 rebus
2359 2673 2509 2739 ipsis,
2542 2683 2596 2724 ut
2625 2684 2893 2740 nequeant
2922 2676 3177 2735 evadere,
3203 2680 3299 2729 aut
3319 2685 3465 2729 certe
3497 2690 3603 2731 non

2023 2741 2179 2796 facile
2212 2744 2802 2815 squueaIItexpt-dirc;
2838 2754 2893 2797 ιιι
2919 2748 3020 2810 eis,
3047 2746 3284 2814 inquam,
3340 2762 3473 2815 aqua
3518 2748 3602 2800 di-

2023 2824 2177 2866 catur
2208 2814 2416 2868 ltzerere
2447 2814 2528 2865 νυι
2561 2815 2623 2867 iis
2646 2825 2852 2878 uotum,
2884 2818 2970 2884 qui
3005 2817 3242 2870 nondum
3272 2814 3601 2871 cereluvan-

2026 2893 2131 2936 tur.
2170 2884 2415 2938 Dativum
2446 2894 2645 2949 autem,
2678 2887 2722 2938 si
2752 2901 2855 2940 u0u
2888 2889 3245 2953 exprimatur,
3275 2888 3602 2945 subaudien-

2023 2954 2148 3027 dum
2176 2966 2348 3010 tameu
2371 2970 2519 3027 (esse,
2553 2971 2752 3026 eosque
2798 2956 2909 3010 falli
2951 2958 3043 3027 qui
3071 2968 3347 3027 exponunt
3376 2962 3429 3012 in
3472 2977 3606 3027 aqua

2025 3026 2201 3092 lueret,
2230 3042 2335 3079 nuo
2357 3026 2634 3080 Ciceronis
2675 3028 2927 3097 exemplo
2958 3038 3131 3095 potest
3161 3030 3374 3084 abunde
3403 3026 3603 3085 contir-

2026 3098 2388 3170 mari_;_cujus
2416 3098 2478 3149 ad
2512 3099 2576 3165 Q.
2606 3101 2825 3170 tratrem
2855 3100 3015 3153 verba
3046 3100 3137 3155 lib.
3169 3117 3203 3155 ιι
3237 3143 3251 3165 ,
3311 3103 3444 3170 epis.
3486 3119 3554 3156 vn
3587 3122 3599 3156 :

397 3169 515 3243 (64)
544 3169 899 3239 Interrogante
932 3169 1194 3243 Secundo.
1225 3168 1323 3243 Qui
1359 3168 1763 3243 tunctemporis
1798 3178 1916 3243 erat
1944 3163 1988 3227 C
2025 3168 2172 3231 Quod
2201 3163 2386 3243 Idibus
2405 3178 2449 3243 et
2476 3163 2720 3237 postridie
2741 3169 3152 3243 dictuntfuerat,
3196 3163 3259 3226 de
3303 3163 3430 3243 agro
3454 3174 3603 3227 Cant-
3631 3213 3635 3217 .

318 3240 585 3296 Numidia:
602 3244 821 3308 primas,
843 3242 1171 3310 Augustinus
1194 3242 1412 3303 ibidem,
1428 3242 1719 3310 episcopum
1737 3240 1916 3309 pritth

320 3314 603 3375 cathedrw,
638 3323 692 3367 et
720 3313 852 3366 libro
878 3316 1049 3381 primo
1072 3313 1713 3382 eommPainienianutu.
1736 3310 1914 3382 capite

322 3387 508 3449 tertio,
535 3388 622 3453 qui
644 3380 893 3437 venientes
922 3401 1037 3437 cum
1062 3380 1281 3453 printate
1310 3399 1401 3437 suo
1425 3394 1541 3435 tunc
1560 3381 1799 3435 Secundo
1830 3380 1915 3435 Ti-

319 3454 847 3526 gisitano.Ca-terum
886 3465 1007 3508 nota
1035 3455 1383 3525 prituatumin
1400 3453 1581 3509 Africa
1609 3452 1913 3507 ci-rtislocis

318 3538 412 3580 aut
446 3528 691 3595 personis
722 3542 824 3578 nou
851 3527 1011 3580 luisse
1032 3528 1338 3589 addictum,
1364 3526 1454 3578 sed
1496 3526 1547 3578 in
1597 3538 1913 3595 unaquaque

322 3594 598 3667 provincia
634 3607 985 3667 prmterquam
1019 3599 1073 3650 iu
1102 3595 1479 3667 Calliagiuensi
1513 3597 1757 3667 seniores
1776 3594 1913 3648 hunc

321 3666 619 3739 occupasse
647 3666 979 3738 dignitatem,
1013 3682 1066 3721 ut
1097 3678 1242 3737 patet
1263 3666 1329 3722 ex
1359 3677 1532 3736 capite
1558 3666 1768 3721 decimo
1808 3676 1914 3720 ter-

325 3739 401 3793 tio
426 3740 703 3794 ln'eviculi.
742 3746 964 3794 ALBAsP.
1318 3792 1321 3793 ,

396 3810 511 3880 (65)
539 3812 776 3864 Secundo
805 3810 1105 3878 'I'igisitano.
1143 3809 1411 3879 Episcopo
1451 3808 1692 3877 Tigiseos
1722 3810 1773 3863 in
1804 3809 1909 3863 Nu-

322 3883 488 3935 midia
522 3883 608 3951 qui
636 3890 745 3934 tum
773 3882 1171 3948 metropolitani
1203 3895 1424 3934 munere
1471 3881 1791 3949 fungebatur
1832 3886 1911 3934 in-

324 3964 408 4007 ter
430 3955 712 4021 episc0pos
758 3952 1040 4015 Numidian,
1079 3954 1202 4019 uitia
1230 3953 1410 4005 senior
1438 3961 1570 4003 erat.
1608 3952 1732 4003 [)ua:
1754 3964 1909 4004 erant

321 4020 484 4092 hujus
514 4025 747 4077 nominis
777 4024 936 4077 urbes
982 4024 1034 4077 iu
1094 4025 1309 4086 Africa;
1362 4022 1526 4075 altera
1551 4022 1601 4075 io
1636 4020 1905 4089 Numidia,

319 4097 390 4150 de
431 4112 532 4165 qttzI
567 4096 879 4162 Proc0pius,
918 4096 952 4146 Ι.
988 4110 1021 4147 ιι
1073 4094 1139 4147 tle
1170 4093 1339 4146 Bello
1368 4093 1659 4165 Δὶῑιιιιιιςιιίςυ
1688 4134 1727 4165 ,γ
1758 4094 1909 4165 cujus

318 4162 734 4236 episcopum-rut
766 4167 810 4219 is
835 4167 1139 4227 Secundus;
1164 4167 1332 4217 altera
1366 4162 1415 4236 iu
1450 4163 1765 4218 Mauritania
1788 4164 1906 4218 Ca:-

318 4235 573 4291 sioieusi.
604 4238 839 4305 Utraque
879 4238 1143 4307 reperitur
1190 4238 1239 4288 iu
1294 4235 1479 4290 notitia
1528 4239 1906 4304 episeoporum

316 4310 537 4363 Africae.
581 4311 653 4363 liu
691 4311 803 4363 l'lN.
1596 4312 1604 4319 ’

396 4381 513 4452 (66)
538 4380 840 4433 Tradidisse
865 4380 1083 4449 confessi
1104 4388 1242 4433 sunt.
1270 4377 1401 4432 Vide
1444 4385 1562 4431 acta
1609 4376 1723 4448 ipsa
1775 4376 1908 4433 infe-

313 4452 454 4506 rius.
483 4454 557 4505 llu
586 4452 695 4505 PIN.

2020 3257 2153 3314 pano
2182 3250 2349 3314 actum
2371 3240 2457 3302 iri,
2487 3249 2682 3314 nonest
2710 3253 2896 3314 actum.
2926 3240 2990 3314 In
3015 3243 3111 3295 hac
3140 3260 3293 3296 causa
3313 3240 3435 3297 mihi
3470 3262 3603 3314 aqua

2020 3311 2193 3382 ha'ret.
2238 3311 2589 3371 (Iumauleut
2622 3312 2857 3365 breviter
2884 3313 3190 3381 scripsisset
3244 3314 3491 3382 Optatus,
3516 3311 3598 3371 ἐι

2020 3380 2248 3436 fortasse
2277 3392 2388 3434 tum
2411 3382 2651 3435 Solereut
2678 3393 2725 3453 et
2760 3381 2924 3450 loqui,
2946 3380 3101 3438 liceret
3128 3386 3193 3449 ei,
3227 3380 3366 3451 quod
3388 3387 3598 3453 plenius

2018 3461 2142 3505 ante
2166 3453 2439 3517 dicebant,
2465 3469 2600 3521 aqua
2626 3454 2670 3505 ei
2698 3452 2893 3519 haeret;
2924 3469 2989 3508 ex
3011 3456 3219 3509 duobus
3243 3457 3348 3509 illis
3376 3452 3595 3512 vocibus
3674 3500 3677 3503 ι

2018 3526 2173 3578 hwret
2203 3525 2247 3577 ei
2278 3526 2344 3577 ab
2372 3524 2623 3591 imperito
2649 3525 2848 3587 scriba,
2888 3528 2970 3579 cui
3016 3541 3153 3595 aqua
3206 3526 3292 3581 hic
3334 3527 3593 3593 haerebat,

2016 3597 2157 3664 quod
2190 3597 2438 3667 Optatum
2472 3596 2601 3667 ipsis
2630 3611 2816 3649 eorum
2848 3596 3026 3667 verbis
3069 3598 3142 3650 uti
3179 3613 3285 3650 non
3330 3598 3596 3667 intellige-

2019 3675 2117 3731 ret,
2144 3676 2196 3721 et
2221 3665 2595 3736 veterisverlii
2637 3681 2740 3719 non
2775 3666 3021 3720 veniebat
3048 3668 3099 3720 in
3129 3675 3362 3722 mentem
3386 3709 3403 3736 ,
3435 3665 3601 3725 luere-

2016 3739 2102 3789 tici
2134 3750 2237 3789 una
2266 3750 2393 3789 VOCe
2419 3734 2614 3791 factum
2642 3747 2744 3790 est.
2766 3737 2917 3804 Quod
2941 3752 3071 3791 sane
3108 3738 3195 3793 ltic
3232 3734 3407 3793 locum
3456 3741 3593 3797 adeo

2016 3824 2119 3861 nou
2150 3809 2330 3867 habet,
2355 3820 2411 3859 ut
2439 3822 2540 3859 una
2576 3808 2675 3862 ltac
2703 3809 2922 3871 vocula,
2977 3809 3225 3877 superior
3270 3811 3445 3864 omnis
3487 3813 3599 3866 dis—

2016 3879 2218 3946 putatio
2247 3877 2602 3951 deltrereticis
2628 3893 2681 3932 et
2710 3880 3066 3951 scliismaticis
3094 3890 3363 3935 evertatur
3387 3898 3401 3945 ;
3431 3898 3604 3951 quam.

2016 3952 2103 4019 qui
2126 3949 2461 4017 exnenderit,
2495 3950 2561 4003 de
2583 3951 2901 4004 necessitate
2927 3950 3086 4019 hujus
3112 3949 3468 4007 correctionis
3493 3955 3595 4008 mi-

2016 4022 2156 4074 nime
2186 4020 2470 4075 dubitabit.
2494 4020 2561 4075 Μ.
2592 4021 2821 4076 CASAUB.
3302 4038 3329 4073 .'

2088 4091 2219 4145 lbid.
2254 4091 2516 4164 (heretici.
2550 4091 2715 4164 vocat
2748 4092 2846 4147 bos
2868 4092 3150 4164 episcopos
3173 4093 3479 4160 haereticos,
3504 4096 3595 4164 qui

2017 4166 2178 4233 paulo
2208 4174 2325 4233 post
2346 4163 2577 4216 schisma
2613 4163 2890 4228 fecerunt;
2916 4163 3103 4218 eodem
3139 4165 3354 4220 nomine
3386 4166 3456 4222 ab
3480 4166 3597 4221 Au-

2014 4238 2227 4309 gustino
2268 4244 2548 4309 vocantur,
2578 4235 2873 4309 etiuaetis
2921 4235 3069 4309 illius
3103 4236 3352 4303 cont-iiii,
3384 4250 3596 4309 paratus

2014 4304 2236 4359 schisma
2267 4306 2453 4375 facere,
2488 4316 2531 4357 et
2563 4308 2683 4371 quia
2704 4306 2957 4360 dimittere
2983 4315 3028 4359 te
3050 4307 3231 4361 habent
3253 4318 3297 4360 et
3320 4304 3443 4362 dare
3465 4310 3520 4363 in
3548 4318 3595 4363 te

2014 4378 2315 4430 sententiam
2347 4418 2362 4442 ,
2420 4386 2464 4429 et
2504 4375 2786 4431 remanebis
2849 4379 2988 4431 solus
3048 4379 3331 4435 hereticus.
3396 4380 3599 4434 Contra

2014 4445 2365 4503 Cresconium
2408 4448 2548 4501 libro
2587 4450 2745 4517 tertio
2774 4489 2789 4514 ,
2844 4449 3169 4518 schismatici
3197 4465 3291 4518 pro
3325 4450 3599 4505 hmreticis

392 4523 511 4602 (67)
537 4524 690 4611 Apud
723 4523 1091 4577 Stationarios.
1124 4521 1277 4591 Apud
1306 4522 1508 4590 milites
1558 4521 1609 4575 in
1671 4521 1908 4577 statione
1936 4552 1988 4611 Β
2017 4520 2302 4611 (ιιιῑιειιιιιι,
2331 4530 2383 4573 et
2406 4520 2545 4601 apud
2567 4516 2774 4611 judiees
2804 4516 2971 4611 laico}
2996 4520 3095 4602 boc
3119 4516 3336 4611 nomine
3355 4524 3596 4589 compel-

315 4597 558 4666 positos.
578 4595 805 4649 Λιιιιικιι.

389 4666 506 4737 (68)
526 4664 648 4719 Jam
675 4683 845 4719 omnes
864 4665 1085 4719 Itwretici
1100 4674 1358 4733 rwperunt
1400 4679 1739 4737 murmurare.
1762 4662 1909 4729 Quos

315 4736 606 4791 Ita-relictis
630 4737 875 4803 intelligit
897 4738 1154 4805 Optatos;
1182 4752 1284 4805 qua
1316 4736 1534 4805 quidem
1567 4738 1777 4789 ratione
1807 4737 1907 4789 Do-

315 4808 559 4871 Italian",
589 4809 668 4861 vel
696 4817 751 4860 ut
780 4808 1073 4862 Cresconio
1103 4809 1365 4876 placebat,
1404 4808 1684 4862 Donatiani
1717 4806 1820 4860 dici
1852 4818 1906 4862 et

314 4878 497 4943 appeti
519 4881 580 4932 iri
615 4880 884 4945 potuerint
908 4881 1167 4944 lueretici,
1194 4878 1625 4945 multisdiSputat
1647 4877 1905 4947 Augusti-

313 4965 438 5016 nus,
466 4951 558 5003 lib.
589 4954 651 5013 II,
680 4965 862 5004 contra
883 4951 1135 5005 Crescon.
1178 4950 1321 5006 Idem
1354 4952 1406 5003 in
1449 4950 1541 5005 lib.
1575 4949 1642 5004 de
1677 4949 1902 5004 haeresi-

313 5022 417 5075 bus
444 5024 682 5076 scnisnta
735 5037 829 5076 eos
854 5024 902 5077 in
932 5023 1178 5076 Ιιίιιωείιῐι
1208 5022 1436 5076 vertisse
1465 5022 1649 5087 (locet,
1685 5030 1737 5075 et
1775 5037 1902 5077 raro

312 5095 477 5148 aliter
501 5110 661 5160 quam
693 5094 975 5149 lnereticos
1005 5106 1294 5163 nuncupat.
1322 5092 1461 5148 Olim
1482 5108 1693 5164 quoque
1716 5094 1907 5164 v‘ulgns

316 5150 633 5220 ltzci'eticum
666 5182 759 5229 pro
781 5167 1122 5220 srliisutatieo
1146 5150 1451 5235 promiscue
1473 5150 1762 5235 usurpasse
1786 5150 1909 5235 per-

312 5253 535 5291 surlsuui
577 5237 751 5292 habeo
780 5279 793 5294 .
851 5237 1118 5306 hodieque
1175 5240 1225 5290 in
1274 5239 1518 5304 epistolis
1545 5236 1907 5301 Constantini,

313 5311 543 5362 heretici
565 5311 647 5361 vel
672 5308 1004 5372 scltismatici,
1038 5311 1188 5377 quasi
1222 5310 1448 5375 perinde
1479 5317 1645 5369 esset,
1694 5309 1758 5360 de
1808 5309 1912 5361 Do-

312 5384 526 5436 natistis
546 5382 712 5448 leges.
742 5379 857 5433 Jam
884 5390 940 5433 ut
968 5389 1021 5433 et
1050 5381 1175 5434 illud
1192 5380 1572 5443 concedamus,
1604 5394 1696 5433 eos
1726 5380 1814 5446 qui
1844 5380 1911 5433 ad

312 5454 415 5507 hoc
436 5454 731 5506 Concilium
760 5460 1149 5511 convenerunt,
1199 5469 1317 5503 nant
1356 5452 1513 5518 liuius
1541 5450 1754 5517 quidem
1816 5465 1935 5515 0c:

310 5526 534 5579 casione
576 5520 818 5582 concilii,
851 5522 943 5573 sed
975 5523 1191 5575 eosdem
1228 5532 1403 5575 tamen
1430 5536 1617 5573 omnes
1654 5530 1745 5573 aut
1798 5522 1913 5587 plc-

312 5602 513 5663 rosq'ue
545 5594 765 5663 saltem,
819 5593 885 5663 in?
917 5593 1199 5657 posterioii
1249 5594 1477 5659 quodam
1510 5592 1737 5644 concilio
1785 5607 1915 5645 rou-

313 5661 583 5743 gregatae
608 5661 924 5743 scltistnatis
949 5672 1197 5715 auctores
1227 5663 1511 5743 caluisse;
1556 5664 1689 5743 quis
1737 5674 1914 5717 tamen

313 5732 504 5806 credat
541 5734 824 5801 Optatum,
858 5732 983 5785 dum
1018 5742 1194 5785 narrat
1235 5734 1321 5785 illa
1345 5748 1462 5801 qua:
1493 5732 1726 5787 sclIiSma
1777 5749 1913 5803 prai-

2023 4592 2222 4656 lautur,
2248 4592 2482 4644 instructi
2506 4600 2621 4643 sunt
2644 4590 2875 4644 advocati
2898 4592 2964 4643 ad
2993 4592 3089 4654 ista
3109 4591 3333 4663 judicia,
3386 4603 3432 4646 et
3476 4603 3596 4649 tan-

2019 4680 2170 4731 quam
2193 4664 2246 4715 in
2269 4662 2529 4715 ttwreticos
2558 4664 2776 4716 excitata
2805 4678 2823 4715 :
2862 4664 2943 4717 vel
2972 4676 3065 4717 eos
3088 4662 3243 4717 vocat
3296 4664 3596 4728 limreticos,

2018 4734 2140 4803 quia
2172 4750 2239 4789 ex
2272 4733 2611 4787 Parmeniani
2639 4734 2906 4789 sententia
2934 4734 3267 4790 scltismatici
3307 4745 3459 4791 erant
3491 4736 3601 4791 hac-

2016 4806 2189 4859 retiei.
2222 4804 2451 4860 ALBASP.

2088 4873 2426 4959 (69).Erecti.
2460 4874 2649 4959 Statim
2674 4887 2838 4959 atque
2858 4876 3251 4959 accusabantur
3280 4880 3593 4959 surgebant,

2012 4957 2067 5001 et
2098 4948 2149 5003 itt
2176 4949 2403 5002 alteram
2429 4957 2631 5017 partem
2656 4948 2973 5011 transibant,
3010 4958 3064 5001 ut
3090 4950 3327 5072 exDactlis
3357 4959 3591 5005 constat.

2407 5030 2415 5042 ‘
3210 5036 3239 5072 υ
3314 5036 3379 5072 IN.

2407 5030 2415 5042 '
3163 5020 3239 5072 Du
3268 5020 3379 5074 PIN.

2084 5092 2196 5164 (70)
2226 5089 2408 5164 Talem
2422 5106 2625 5164 causam
2658 5088 3027 5164 Deoservaret.
3053 5089 3184 5145 Cum
3203 5092 3437 5164 aliquam
3466 5094 3596 5147 olim

2011 5161 2228 5219 causata
2260 5173 2349 5214 aut
2382 5161 2639 5215 delictum
2672 5161 2876 5214 nollent
2901 5161 3164 5229 judicare,
3193 5164 3258 5217 ad
3294 5163 3456 5217 Deum
3482 5180 3597 5218 rem

2013 5236 2325 5291 deferebant
2368 5243 2422 5287 et
2451 5233 2839 5303 remittebant:
2897 5230 3196 5301 Cyprianus
3247 5235 3489 5303 pluribus
3543 5234 3595 5289 in

2017 5309 2167 5369 locis,
2192 5304 2285 5358 ubi
2315 5306 2421 5374 agit
2454 5306 2520 5357 de
2552 5302 2823 5372 lapsorum
2851 5305 3164 5371 pmuitentia
3197 5324 3208 5360 :
3252 5302 3301 5360 et
3346 5305 3601 5375 Augusti-

2018 5392 2117 5433 nus
2145 5388 2329 5429 coutra
2363 5376 2715 5430 Cresconium
2773 5375 2909 5429 libro
2929 5378 3107 5447 tertio,
3134 5378 3309 5446 capite
3338 5378 3601 5447 vigesuno

2024 5461 2213 5505 octavo
2248 5489 2259 5506 ,
2286 5448 2378 5500 illa
2406 5449 2577 5500 omnia
2603 5448 2774 5500 divino
2797 5446 2997 5515 judicio
3026 5446 3298 5503 dimisisse.
3332 5446 3560 5504 Antissa.

2089 5519 2202 5588 (7i)
2238 5517 2411 5571 Talem
2442 5536 2649 5579 causam
2686 5517 2792 5570 Deo
2824 5528 3064 5571 servaret.
3106 5520 3457 5589 Relinqueret
3510 5521 3603 5574 Ι)θί

2015 5591 2232 5662 judicio.
2270 5590 2343 5662 Du
2376 5590 2490 5645 PIN.
2852 5660 2857 5662 Α
2900 5658 2912 5662 _
3058 5649 3063 5653 ,

2095 5660 2213 5733 (72)
2268 5660 2369 5727 Qui
2410 5668 2783 5733 remanserunt.
2835 5658 3175 5733 Aderantjn
3227 5661 3318 5714 illo
3379 5663 3609 5725 concilio

2025 5726 2308 5786 duodecim
2340 5730 2599 5800 episcopi,
2630 5742 2685 5784 ιιι
2712 5739 2855 5798 patet
2881 5726 2933 5784 in
2958 5728 3231 5788 breviculo
3251 5772 3264 5795 ,
3315 5732 3492 5800 capite
3518 5734 3617 5784 deo
