3848 6220
319 199 452 257 θιδ·
1502 154 1768 263 ΒΛΝΟΤῙ
1803 195 2055 253 ουτΑτι
2092 196 2401 257 EPiSCOPl
2552 211 2557 215 ’
3022 158 3025 165 ’
3501 212 3625 269 916

309 323 436 367 rant
459 310 600 382 (75'),
638 311 688 366 id
718 319 820 374 est,
856 308 1035 364 Victor
1065 308 1360 365 Garhensis
1384 317 1440 374 α,
1490 308 1642 365 Felix
1674 326 1703 363 a
1734 285 1901 364 Ruta-
1931 313 1984 379 Α
2009 310 2451 384 derintjudices;
2479 318 2567 374 ubi
2603 318 2673 374 sit
2698 320 2846 395 (78)
2876 332 3052 380 aetum
3096 327 3391 383 concilium
3422 346 3437 395 ;
3492 344 3634 400 qum

315 406 400 461 rio
430 403 480 470 ι),
514 412 567 461 et
592 402 772 458 Nabor
809 418 840 458 a
884 400 1234 456 Centurionis
1258 411 1305 455 α.
1357 401 1393 456 li
1449 401 1703 457 dixerunt
1744 401 1910 457 talem
2018 404 2129 459 sint
2166 407 2385 476 prolata:
2418 412 2737 469 sententiae”
2769 415 2844 469 De
2883 415 3147 474 divisione
3195 421 3411 492 agitur:
3463 428 3530 475 et
3584 420 3643 473 in

319 511 535 555 causam
567 495 794 550 Domino
821 492 1023 549 debere
1054 493 1319 549 reservari
1347 489 1373 529 ἀ
1406 510 1421 548 :
1460 502 1513 548 et
1541 493 1677 549 dixit
1704 493 1913 553 Secun-
2015 497 2221 567 Ai‘rica,
2254 502 2391 558 sicut
2425 505 2554 561 etin
2582 509 2794 573 caeteris
2831 511 3155 578 provinciis,
3194 489 3297 567 una
3345 521 3470 567 erat
3526 512 3651 569 Ec-

316 589 440 655 dus,
473 586 587 659 (74)
616 587 799 642 sedete
841 601 1031 641 omnes
1076 585 1195 659 (75)
1227 603 1242 640 :
1277 586 1380 659 ιθ
1422 597 1550 643 tunc
1582 588 1785 642 dictum
1830 597 1915 644 est
2017 592 2202 661 clesia,
2228 604 2514 668 antequam
2536 599 2869 657 divideretur
2895 603 2963 657 ab
2989 604 3395 661 ordinatoribus
3442 604 3641 676 Majo-

316 679 385 735 ει)
422 677 695 746 omnibus,
724 678 836 734 Deo
870 679 1099 751 gratias,
1132 685 1189 734 et
1209 680 1495 746 sederunt.
1541 678 1716 744 Habes
1757 694 1943 750 ergo,»
2018 688 2147 753 rini,
2178 687 2293 765 (39)
2320 691 2476 760 cujus
2524 700 2579 747 tu
2622 688 3021 751 haereditariam
3068 680 3383 763 cathedram
3431 696 3643 755 sedes.

318 772 490 851 frater
512 772 890 840 Parmeniane,
920 774 1014 844 qui
1042 771 1330 829 manifesto
1371 772 1569 829 iuerint
1602 774 1909 844 traditores.
1952 796 1957 799 ι
2016 777 2322 851 Videndum
2380 790 2466 837 est
2508 783 2629 854 quis
2671 783 2787 856 (80)
2840 785 2893 840 in
2929 785 3112 842 radice
3160 798 3287 842 cum
3332 796 3445 844 toto
3491 788 3654 845 orbe

391 865 512 922 XV.
550 863 635 922 Ea:
663 867 988 923 ordinatione
1033 866 1286 941 Majorini
1318 869 1561 923 schisma
1617 878 1803 925 ortum.
1844 895 1914 910 -
2016 875 2310 939 manserit;
2344 874 2464 943 quis
2495 873 2639 929 foras
2670 877 2896 943 exierit;
2932 878 3057 949 quis
3096 875 3433 936 cathedram,
3462 881 3651 937 sede-

318 957 528 1017 Deiude
558 973 677 1014 .non
721 967 841 1027 post
874 959 1090 1029 longum
1145 969 1357 1029 tempus
1393 959 1506 1031 (76)
1536 968 1552 1023 ,'
1598 960 1715 1030 (77)
1752 960 1913 1014 iidem
2016 962 2088 1016 rit
2120 963 2365 1029 alteram,
2389 980 2509 1035 quae
2538 975 2664 1031 ante
2693 982 2799 1023 non
2833 966 3041 1036 fuerat;
3063 971 3184 1041 quis
3223 980 3427 1046 contra
3447 973 3655 1045 altare

321 1051 452 1123 ipsi,
482 1058 560 1107 tot
589 1061 644 1105 et
671 1051 824 1116 tales,
859 1051 927 1109 ad
955 1051 1330 1121 Carthaginem
1355 1050 1579 1121 profecti
1605 1052 1910 1118 traditores,
2018 1054 2191 1109 altare
2219 1058 2492 1125 erexerit;
2526 1058 2646 1129 quis
2673 1044 3307 1135 ordinationemiecerit,
3351 1044 3509 1122 salvo
3553 1067 3645 1121 sl-

2018 1156 2136 1201 tero
2178 1147 2463 1217 ordinato;
2527 1149 2647 1221 quis
2698 1152 2877 1223 jaceat
2912 1156 3016 1211 sub
3053 1156 3326 1213 sententia
3383 1158 3628 1215 Joannis

2016 1238 2285 1310 Apostoli,
2316 1240 2408 1309 qui
2452 1241 2592 1298 dixit
2621 1246 2820 1302 multos
2848 1243 3210 1306 Anticltristos
3245 1249 3399 1307 foras
3435 1249 3633 1324 exitu-

2017 1345 2110 1385 ros
2132 1329 2156 1385 ;’
2176 1330 2297 1402 quia
2317 1348 2419 1387 non
2449 1344 2591 1390 erant
2616 1377 2631 1403 ,
2671 1338 2872 1407 inquit,
2910 1342 3103 1405 nostri,
3128 1357 3248 1395 nam
3273 1342 3318 1396 si
3347 1343 3514 1396 nostri
3544 1324 3635 1395 εῖ-

2017 1432 2146 1493 sent,
2174 1428 2477 1482 mansissent
2508 1430 2772 1485 nobiscum
2800 1430 2844 1505 (Ι
2865 1428 3024 1489 Joan.
3070 1449 3128 1501 ιι,
3181 1432 3294 1511 19).
3320 1431 3487 1507 Ergo
3542 1433 3647 1508 qui

331 1517 457 1582 erit,
497 1516 719 1572 eosdem
750 1514 917 1570 fuisse
944 1525 1195 1571 auctores
1224 1513 1245 1553 ί
1280 1515 1608 1571 schismatis.
1641 1516 1775 1584 Quae
1805 1530 1911 1582 res,
2019 1517 2074 1572 in
2106 1533 2212 1573 uno
2236 1533 2360 1575 eum
2384 1519 2641 1579 fratribus
2663 1541 2884 1584 manere
2915 1528 3107 1595 noluit,
3144 1526 3436 1590 haereticos
3456 1544 3640 1588 secu-

328 1620 390 1667 ut
416 1612 561 1666 clara
588 1622 643 1667 et
666 1609 951 1665 manifesta
983 1624 1105 1665 esse
1128 1609 1379 1665 omnibus
1405 1610 1594 1680 possit,
1625 1610 1917 1665 ostenden-
2019 1617 2132 1674 tus,
2165 1612 2316 1682 quasi
2343 1612 2710 1671 Antichristus
2736 1617 2882 1673 foras
2905 1618 3094 1675 exivit.

330 1704 457 1759 dum
492 1714 594 1768 est,
626 1718 695 1758 ex
722 1718 827 1773 qua
862 1701 1043 1757 radice
1078 1716 1199 1757 sese
1242 1717 1413 1772 usque
1450 1701 1504 1756 in
1556 1701 1875 1758 hodiernum
1899 1744 1916 1768 ,
1950 1720 1998 1779 Β
2097 1702 2237 1758 XVI.
2285 1702 2503 1770 Lucina:
2547 1708 2786 1764 adversus
2819 1709 3164 1784 .Cgecitianum
3218 1711 3368 1767 rixis.
3407 1740 3481 1755 -—
3518 1710 3641 1770 tice

329 1797 533 1853 erroris
547 1795 918 1866 protenderint
941 1795 1105 1861 rami,
1130 1802 1184 1848 et
1208 1810 1270 1849 ex
1291 1810 1397 1864 quo
1416 1795 1561 1850 fonte
1591 1794 1793 1849 rivulus
1825 1796 1925 1851 iste
2034 1796 2177 1869 apud
2201 1798 2577 1870 Carthaginem
2605 1803 3126 1871 postordinationem
3140 1804 3414 1861 Caeciliani
3433 1806 3641 1863 factum

332 1890 553 1959 maligni
585 1888 829 1958 liquoris,
859 1887 1071 1942 occulte
1100 1901 1349 1956 serpens,
1397 1902 1567 1958 usque
1599 1887 1652 1943 in
1679 1896 1924 1959 tempora
2032 1903 2174 1957 esse,
2207 1906 2365 1946 nemo
2390 1901 2475 1949 est
2502 1893 2593 1963 qui
2639 1897 2841 1951 nesciat
2872 1904 2937 1963 ες
2969 1912 3066 1966 per
3096 1897 3355 1954 Lucillsm
3398 1896 3637 1967 scilicet,

335 1991 523 2037 nostra
553 1979 869 2035 manaverit.
906 1978 1201 2034 Dicendum
1240 1988 1355 2045 est,
1397 1979 1543 2035 unde
1581 1987 1635 2035 et
1673 1979 1762 2036 ubi
1804 1984 1859 2036 et
1894 1996 1923 2035 a
2033 1982 2223 2066 nescio
2248 1980 2405 2054 quam
2445 1982 2722 2041 heminam
2767 1984 3049 2044 factiosam
3097 2007 3111 2044 :
3163 2002 3285 2061 qua:
3326 1998 3452 2048 ante
3493 2000 3637 2048 con-

338 2075 533 2146 quibus
563 2085 739 2128 ortum
768 2083 979 2128 constet
1012 2075 1111 2127 hoc
1137 2073 1366 2155 alterum
1388 2075 1625 2138 malum;
1654 2090 1774 2145 quae
1800 2090 1931 2130 con-
2042 2084 2256 2135 cussam
2280 2077 2672 2145 persecutionis
2702 2077 3010 2136 turbinibus
3042 2096 3253 2151 pacem,
3292 2082 3424 2139 dum
3457 2083 3647 2142 adhuc

340 2166 590 2221 venerint
616 2180 827 2230 causae;
859 2178 980 2235 quae
1006 2162 1212 2219 fuerint
1238 2174 1472 2233 operatae
1517 2179 1799 2234 personae;
1838 2168 1928 2235 qui
2040 2164 2095 2221 in
2120 2165 2407 2237 tranquillo
2432 2178 2577 2225 esset
2607 2168 3026 2238 Ecclesia,cum
3059 2172 3196 2246 (81)
3226 2177 3641 2247 correptionem

341 2267 592 2312 auctores
618 2254 779 2326 hujus
815 2256 981 2320 mali;
1022 2256 1112 2323 qui
1161 2254 1486 2321 nutritores;
1524 2272 1553 2310 a
1594 2257 1787 2326 quibus
1825 2258 1932 2313 sint
2036 2259 2400 2317 archidiaconi
2427 2262 2703 2319 Caeciliani
2742 2265 2885 2323 ferre
2912 2281 3020 2323 non
3048 2258 3232 2339 posset
3260 2265 3291 2307 δ
3326 2287 3339 2322 :
3376 2269 3490 2339 (82)
3514 2282 3649 2341 qua:

340 2352 484 2406 inter
508 2358 688 2420 partes
708 2347 776 2403 ab
802 2348 1133 2418 imperatore
1165 2348 1431 2418 postulata
1457 2348 1658 2419 judicia
1683 2366 1696 2415 ;
1726 2351 1818 2420 qui
1846 2364 1933 2405 se-
2036 2361 2161 2407 ante
2183 2351 2483 2422 spiritalem
2510 2352 2687 2411 cibum
2714 2364 2769 2413 et
2790 2365 2997 2427 potum,
3027 2372 3089 2414 os
3112 2360 3298 2418 nescio
3317 2359 3473 2431 cujus
3494 2358 3648 2418 mar;

1573 2466 1954 2525 LECTIONES
1982 2466 2396 2525 VARIANTES.

412 2565 439 2593 ιι
473 2563 530 2613 In
548 2575 663 2612 mss.
690 2562 742 2612 s.
768 2561 828 2612 Τ.
856 2566 909 2611 et
928 2561 985 2611 P.
1012 2558 1362 2619 S.Gardensis;
1385 2559 1473 2609 srd
1507 2566 1676 2619 postea
1699 2558 1732 2610 ι.
1763 2559 1794 2609 2
1817 2560 1941 2610 Gar-
2110 2556 2137 2599 ά
2172 2560 2227 2609 In
2247 2573 2337 2613 ms.
2362 2560 2415 2611 s.
2441 2559 2499 2612 G.
2523 2534 2625 2610 ne.
2645 2559 2819 2613 debere
2841 2561 3047 2614 servari.

351 2626 525 2678 bensis.
554 2626 609 2674 in
630 2638 720 2674 ms.
747 2626 799 2676 S.
826 2624 885 2675 Gr.
919 2620 1194 2674 Gabrensis.
1222 2621 1276 2671 in
1310 2623 1453 2672 editis
1476 2620 1767 2685 Garbieitsis.
1801 2623 1941 2685 Apud
2122 2625 2146 2656 θ
2172 2622 2226 2672 Id
2247 2631 2340 2682 est,
2361 2625 2444 2685 qui
2466 2624 2579 2676 thus
2598 2622 2737 2685 idolis
2762 2624 3096 2685 adoleverant.
3118 2623 3191 2676 Ita
3209 2627 3263 2676 in
3283 2626 3649 2678 omnibusmss.

350 2689 485 2801 ,ἕαδε
508 2690 558 2738 in
597 2687 757 2756 collat.
799 2685 964 2739 Carth.
989 2695 1040 2737 et
1061 2689 1109 2736 in
1141 2686 1311 2735 notitia
1342 2685 1558 2749 episc0p.
1595 2683 1789 2735 Africae.
1818 2683 1941 2735 Gar-

384 2764 527 2802 enats.

2085 2692 2241 2736 tuante
2266 2683 2440 2735 errore
2466 2688 2516 2735 in
2540 2684 2685 2736 editis
2708 2684 2965 2749 coniurati.
3186 2690 3187 2693 “
3538 2694 3541 2695 ⁷

2116 2746 2136 2788 f
2173 2746 2229 2797 In
2254 2748 2417 2797 ms.S.
2444 2747 2502 2797 G.
2528 2753 2575 2798 et
2599 2754 2834 2802 auctores.
3084 2776 3087 2779 -

353 2753 527 2803 bensis.
617 2753 623 2756 '
2116 2753 2136 2788 ῐ
2173 2753 2229 2797 1n
2254 2760 2345 2797 ms.
2364 2753 2417 2797 S.
2444 2753 2502 2797 ti.
2528 2753 2575 2798 et
2599 2754 2834 2802 auctores.
3084 2776 3087 2779 -

415 2810 445 2883 ιζ
480 2813 534 2883 in
560 2825 671 2883 mss.
858 2810 1120 2883 etnP._S._t_1
1142 2807 1351 2883 thorio.
1369 2808 1518 2882 .Apud
1542 2807 1670 2883 Aug.
1692 2808 1906 2883 notoria.
2111 2814 2137 2882 εἰ
2172 2810 2226 2860 In
2246 2810 2438 2883 magns.
2466 2810 2525 2859 T.
2551 2817 2603 2861 et
2634 2810 2688 2861 P.
2718 2811 2927 2863 S.nemo
2956 2811 3039 2877 qui
3074 2811 3273 2865 nesciat.
3299 2810 3358 2865 In
3380 2825 3473 2864 ms.
3497 2814 3548 2865 S.
3583 2812 3649 2868 ὓ.

421 2878 443 2906 ο
480 2876 727 2943 haetiam
753 2875 801 2922 in
838 2873 949 2943 coll.
978 2873 1155 2943 partu.
1182 2872 1453 2943 Januatjus
1480 2870 1732 2943 episcopus
1765 2872 1937 2943 Ceptu-
2045 2873 2150 2943 quis
2170 2870 2393 2943 {wsciatz

354 2937 608 2990 rionensis.
636 2936 692 2985 In
714 2950 827 2987 mss.
854 2936 1035 2987 notitiae
1058 2935 1314 2996 Africanae,
1341 2924 1723 2986 Centuriamaisis
1746 2934 1891 2984 male.
2055 2924 2069 2937 ”
2108 2933 2139 2973 h
2173 2934 2229 2984 in
2252 2948 2342 2984 ms.
2368 2934 2421 2985 S.
2447 2933 2505 2984 T.
2530 2931 2713 2984 Lucilio
2732 2924 2863 3000 ferre
2882 2945 2976 2988 non
3000 2933 3172 2999 posset.

1703 3043 2059 3102 VARIORUM
2098 3042 2328 3098 NOTAE.

358 3143 500 3197 cimo
530 3141 781 3209 septimo,
810 3156 1035 3213 quorum
1061 3146 1573 3213 sexaccusarentur.
1597 3136 1943 3213 Ctetericon-
1969 3149 2013 3211 ρ
2048 3137 2357 3213 Alexandro
2382 3178 2398 3201 ,
2441 3135 2531 3205 qui
2564 3136 2901 3213 tyrannidem
2951 3135 3003 3213 in
3029 3152 3112 3213 Aea
3164 3139 3387 3213 regione
3417 3153 3650 3213 exerce.

362 3214 490 3269 sulti
519 3206 664 3277 sunt,
690 3206 778 3281 qui
808 3206 1196 3281 responderunt
1225 3210 1363 3263 hanc
1391 3216 1608 3264 causam
1665 3224 1760 3278 pro
1799 3210 1941 3263 bono
1980 3206 2013 3250 Ἴ
2047 3209 2161 3281 bat.
2196 3208 2309 3281 Non
2349 3215 2432 3281 est
2468 3206 2645 3281 autem
2689 3206 2945 3281 devictus,
2982 3206 3289 3281 Alexander
3320 3252 3335 3275 ,
3375 3211 3477 3281 nisi
3522 3218 3648 3280 post

360 3283 512 3356 pacis
538 3276 1054 3356 Deo’reservandam
1077 3297 1197 3337 esse
1219 3324 1231 3344 .
1263 3295 1470 3356 easque
1491 3283 1575 3356 qui
1612 3276 1944 3356 accusaban-
2048 3277 2286 3335 Herculii
2312 3277 2517 3333 obitum
2549 3276 2642 3349 qui
2680 3278 2958 3356 anno5i0
2978 3280 3366 3356 contigit‘teste
3398 3276 3642 3337 Zozinio.

361 3346 451 3410 iur
482 3346 1672 3425 Deumjudicemhabituros,eiquc'rationetn
1700 3351 1943 3406 redditu-
2134 3420 2228 3425 ‘___
2460 3419 2472 3425 _
2543 3346 2581 3425 ι’
2618 3420 2651 3425 Α-
2780 3421 2808 3425 _
2854 3353 2865 3425 _'
3112 3346 3175 3425 ί-
3203 3352 3277 3406 Du
3306 3346 3423 3409 PIN.

358 3442 473 3482 ros.
506 3418 731 3479 ALnAsr.
1195 3418 1202 3421 ⁷
1297 3418 1313 3425 “
1568 3491 1583 3493 _
1672 3492 1675 3493 ν
1810 3492 1813 3493 ν
1896 3490 1906 3493 ᾼ
2123 3420 2237 3493 (77)
2266 3418 2583 3493 Iidemipsi.
2611 3420 2745 3493 Cum
2776 3420 3011 3492 Sylvano
3035 3423 3123 3493 qui
3151 3422 3330 3478 fuerat
3356 3421 3638 3489 ordinatus

442 3498 553 3568 (75)
596 3494 830 3550 Consulti
852 3496 1096 3568 suntqui
1147 3500 1510 3568 remanserant.
1568 3491 1619 3568 In
1666 3490 1948 3568 breviculo
2051 3490 2336 3568 θρίξίίίονυβ
2361 3491 2617 3545 Cirtensis
2644 3491 2736 3568 illo
2763 3490 3269 3568 εόηρίιίυιλὶιλςλενἵ

365 3560 671 3625 collationis
716 3583 766 3621 c.
820 3568 906 3621 i7.
944 3560 1198 3622 dicuntur
1223 3565 1473 3620 undecim
1533 3563 1614 3617 Vel
1663 3563 1947 3617 duodecim
2086 3560 2098 3563 θ
2126 3561 2238 3635 (78)
2287 3564 2468 3615 Actum
2508 3563 2801 3617 concilium.
2853 3563 3291 3626 Romanumrsub
3335 3560 3641 3635 Meicitiade

366 3639 629 3709 Episcopi
667 3637 735 3691 ad
766 3640 866 3693 hoc
891 3637 1181 3692 concilium
1213 3635 1662 3709 convenisse._E_x
1696 3636 1797 3688 liae
1829 3648 1951 3709 naro
2136 3632 2236 3709 _'_‘_
2274 3700 2305 3709 Α
2354 3706 2363 3709 _
2542 3700 2553 3709 .
2695 3703 2719 3709 ,γ
2926 3705 2961 3709 _
3005 3704 3017 3709 _
3159 3706 3167 3709 _
3198 3632 3433 3709 Amisi}.

366 3703 777 3777 ratione'Optati
804 3714 1015 3763 constat
1040 3708 1291 3762 undecim
1325 3716 1529 3761 tantum
1563 3703 1751 3769 fuisse,
1783 3720 1812 3758 e
1834 3705 1953 3774 qui-

370 3781 473 3835 bus
511 3794 607 3834 sex
635 3781 889 3833 accusati.
921 3779 1202 3833 Secundus
1231 3777 1559 3845 Tigisitanus
1591 3791 1791 3844 praases
1832 3790 1955 3829 scu-

370 3852 595 3907 tentiam
625 3848 807 3903 dicere
848 3864 954 3903 non
1001 3856 1230 3918 peierat.
1264 3846 1542 3901 Secundus
1595 3848 1768 3899 minor
1817 3846 1956 3900 titius

374 3920 558 3976 fratris
587 3919 703 3988 ejus
727 3919 837 3988 jam
870 3930 1105 3975 mentem
1136 3933 1286 3988 suam
1309 3927 1613 3986 aperuerat.
1636 3917 1818 3984 Itaque
1848 3928 1957 3971 tres

324 1144 525 1200 thurati
560 1152 583 1180 θ
629 1143 938 1205 Ιιοηιίθὶόειι,
971 1142 1285 1213 Majorinum
1313 1142 1490 1213 (cujus
1516 1152 1570 1198 tu
1596 1142 1911 1199 cathedram

324 1233 522 1306 sedes)
572 1247 690 1305 post
733 1234 1126 1290 ordinationem
1175 1234 1447 1290 (Σωοίιὶθηί
1491 1234 1910 1302 ordinaverunt,

323 1333 557 1388 schisma
617 1329 899 1385 iacientes.
950 1329 1018 1383 Et
1057 1329 1308 1398 quoniam
1372 1330 1678 1385 traditionis
1746 1345 1910 1395 reos,

326 1424 599 1495 principes
626 1430 839 1477 vestros
871 1422 1035 1478 fuisse
1064 1432 1419 1478 monsuatum
1448 1432 1551 1491 est,
1576 1437 1915 1495 consequens

2086 3773 2091 3776 ί
2129 3702 2243 3776 (79)
2266 3700 2429 3775 Cujus
2454 3710 2507 3757 tu
2532 3700 2899 3759 hereditatem.
2923 3704 3171 3775 Episcopi
3192 3719 3299 3759 non
3319 3706 3499 3765 solum
3523 3710 3648 3760 sunt

2058 3774 2301 3847 haeredes
2321 3775 2673 3847 (decessurum
2702 3789 2948 3840 suorum,
2981 3776 3077 3847 sed
3107 3777 3269 3831 etiam
3302 3777 3399 3834 tilii
3426 3790 3444 3841 ;
3480 3778 3645 3847 quare

2060 3845 2223 3919 talem
2247 3843 2435 3919 habuit
2454 3842 2766 3900 cathedram
2796 3848 3013 3916 qualern
3051 3846 3373 3911 decessore:
3397 3842 3515 3919 ejus
3546 3849 3643 3903 ha-

2058 3918 2307 3973 buerunt.
2336 3918 2564 3970 ALBASP.

376 4002 584 4047 tantum
613 3987 769 4044 erant
796 3992 1112 4059 superstites
1139 3987 1226 4057 qui
1257 3988 1688 4059 considerentur,
1709 4002 1954 4059 _quurum

380 4060 706 4119 sententiain
738 4056 952 4114 secutus
975 4070 1058 4113 est
1077 4056 1375 4124 SeCundus,
1399 4070 1451 4112 et
1479 4058 1549 4111 ita
1570 4070 1661 4111 sex
1706 4056 1959 4128 Episc0pi

381 4148 412 4187 a
440 4133 677 4204 quinque
702 4138 830 4204 sunt
850 4130 1100 4204 absoluti.
1127 4132 1200 4183 Du
1223 4129 1339 4204 Pin.

456 4193 793 4273 (74)'Sedete
810 4216 1003 4255 omnes.
1027 4202 1103 4255 Ex
1131 4202 1293 4273 gestis
1318 4197 1649 4273 purgationis
1666 4193 1957 4273 Caeciliani,

384 4283 443 4330 et
471 4289 537 4328 ex
556 4268 869 4337 breviculo,
908 4282 963 4326 et
991 4282 1177 4326 contra
1213 4268 1563 4324 Cresconium
1597 4271 1733 4323 libro
1782 4270 1959 4336 tertio,

386 4351 601 4401 conStat
641 4341 740 4396 hos
765 4342 1051 4413 episc0pos
1082 4343 1447 4413 interrogante
1492 4339 1742 4394 Secundo
1784 4355 1964 4413 assur-

384 4416 612 4480 rexisse,
642 4420 696 4469 et
730 4414 779 4466 in
806 4411 969 4467 aliam
999 4421 1201 4483 partem
1231 4412 1527 4483 transiisse,
1552 4425 1782 4483 moxque
1803 4411 1963 4465 abso-

384 4487 561 4550 lutos,
597 4485 663 4539 ad
700 4486 875 4539 locum
904 4481 1059 4539 suum
1082 4491 1203 4553 post
1232 4483 1345 4537 haec
1374 4481 1533 4553 verba
1561 4481 1783 4535 rediisse
1802 4524 1814 4545 ,
1847 4496 1964 4550 qua:

389 4556 604 4626 quidem
633 4556 793 4610 verba
820 4556 1053 4625 aliquam
1085 4552 1440 4609 absolutionis
1485 4552 1614 4626 vim_
1636 4562 1690 4605 et
1737 4553 1963 4606 formam

390 4622 593 4681 habere
622 4627 867 4680 videntur
897 4622 1017 4680 cum
1048 4626 1131 4680 his
1150 4625 1405 4693 acceptis,
1428 4634 1483 4678 et
1524 4622 1782 4677 sederunt
1805 4633 1859 4677 et
1882 4638 1963 4677 re-

394 4695 890 4769 sponderunt,Deo
914 4698 1383 4769 gratias_._At.nAst>.
1430 4765 1461 4769 _
1510 4763 1556 4769 __
1604 4765 1612 4769 _
1759 4762 1808 4769 __
1944 4695 1951 4703 ”

471 4767 604 4822 ibid.
662 4768 842 4821 Sedete
872 4762 1059 4822 omnes.
1089 4766 1171 4822 Ad
1194 4782 1254 4821 ea
1282 4781 1402 4835 quae
1429 4763 1721 4819 Baiduinus
1748 4762 1845 4835 (hic
1874 4779 1971 4819 no-

400 4848 496 4899 tat,
521 4836 659 4891 addo
687 4837 860 4890 locum
890 4852 955 4892 ex
986 4839 1271 4893 collatione
1301 4834 1623 4905 Carthagin.
1675 4834 1859 4887 collat.
1918 4837 1968 4888 1.

359 4950 361 4953 τ
398 4910 533 4965 Cum
562 4910 703 4962 enim
733 4919 899 4975 partes
924 4923 1017 4963 seu
1045 4919 1274 4962 auctOres
1298 4909 1489 4962 sedere
1524 4907 1685 4960 vellet
1728 4907 1974 4974 cognitor

401 4979 767 5036 Marcellinus,
802 4980 870 5033 ita
896 4980 1031 5032 inter
1068 4980 1167 5033 alia
1224 4980 1549 5047 respondent
1593 4993 1657 5031 ac
1713 4984 1976 5030 excusant

402 5050 715 5106 Donatista).
747 5048 813 5101 Id
840 5057 1004 5114 autem
1028 5052 1169 5103 nobis
1199 5050 1415 5114 expedit,
1448 5050 1500 5101 id
1521 5063 1719 5102 necesse
1761 5057 1831 5100 est
1858 5088 1871 5110 ,
1919 5058 1975 5099 ut

405 5138 519 5176 cum
548 5137 700 5173 causa
725 5112 1156 5193 peroratut’,‘cum
1181 5112 1318 5193 prius
1343 5121 1599 5193 incipitur,
1618 5130 1669 5172 ut
1692 5119 1841 5193 etiam
1863 5135 1978 5186 per-

402 5208 540 5247 sona:
567 5189 814 5256 constent,
840 5189 1210 5260 staresingulos
1227 5189 1428 5260 deceat,
1447 5189 1637 5260 quibus
1662 5189 1832 5245 subire
1860 5204 1981 5242 con-

404 5265 514 5333 tigit
537 5264 901 5333 disputationis
936 5259 1163 5333 examen.
1192 5259 1259 5312 M.
1284 5259 1513 5333 Casaun.

477 5332 590 5405 (75)
622 5331 803 5388 Sedete
825 5349 1017 5400 omnes.
1040 5331 1107 5387 Ut
1131 5331 1356 5401 judices.
1377 5332 1613 5401 Quisque
1630 5331 1804 5386 locum
1822 5344 1979 5385 suum

406 5406 646 5472 acetpiat.
679 5406 754 5459 Du
788 5404 902 5458 PIN.

479 5469 591 5546 (76)
630 5475 748 5527 Non
791 5486 902 5544 post
929 5478 1140 5546 longum
1169 5469 1633 5546 teinpus._Aliquos
1663 5481 1837 5527 tamen
1883 5486 1980 5546 an-

407 5541 503 5599 nos
536 5541 901 5599 intercessisse
928 5541 1184 5616 Oportuit.
1206 5545 1339 5598 Nam
1366 5541 1659 5616 Maxentius
1685 5553 1806 5611 post
1825 5544 1978 5616 cujus

403 5615 784 5683 ndulgenttam
818 5613 1063 5672 l'acta'cst
1094 5616 1363 5671 ordinatio
1389 5613 1685 5676 Caeciliani,
1734 5622 1791 5667 ut
1835 5614 1974 5667 intra

415 5682 630 5750 tiit'iliil’,
659 5684 889 5739 Africani
920 5704 1022 5741 non
1048 5686 1275 5741 obtinuit
1305 5684 1406 5737 nisi
1434 5698 1575 5737 anno
1601 5682 1727 5750 5H,
1758 5684 1974 5740 devicto

2114 3985 2244 4058 ((80)
2286 3988 2348 4040 In
2389 3984 2600 4040 Radice.
2657 3985 2953 4058 Videndum
2989 3997 3072 4045 est
3113 3984 3232 4058 quis
3279 3989 3335 4044 in
3378 3983 3642 4043 Catbedra

2063 4055 2281 4125 mansit,
2319 4071 2438 4111 cum
2474 4073 2577 4127 qua
2608 4065 2817 4113 caetera:
2846 4055 3141 4115 Cathedrae'
3173 4060 3508 4115 consortium
3553 4058 3646 4113 ha-

2061 4129 2317 4201 beant,et
2346 4143 2467 4197 quae
2491 4134 2610 4196 cum
2642 4128 2882 4201 Romana
2923 4146 3042 4201 quae
3082 4139 3165 4201 est
3212 4129 3365 4201 radix
3401 4144 3642 4184 commn-

2062 4200 2225 4266 nicat,
2254 4215 2348 4269 per
2368 4214 2525 4267 quam
2551 4206 2663 4253 toto
2681 4200 2811 4254 orbe
2841 4198 2964 4270 pax,
2996 4209 3051 4255 et
3078 4200 3202 4255 unio
3218 4198 3526 4255 Christiana
3546 4215 3643 4257 nu-

2067 4273 2243 4325 tritur.
2276 4269 2501 4324 Αιωςι).
2776 4324 2784 4335 ,
2843 4269 2850 4270 ί
3170 4332 3173 4333 ν

2138 4342 2668 4412 (81)(.‘orreptionem.
2686 4342 2903 4397 Diaconi
2936 4356 3033 4410 per
3056 4341 3350 4398 Ecclesiam
3373 4341 3644 4405 discurre-

2066 4412 2215 4478 bant,
2248 4422 2305 4466 ut
2330 4412 2516 4466 ﬁdeles
2548 4412 2596 4464 iu
2620 4412 2797 4466 oftieio
2817 4415 3157 4468 continerent
3175 4412 3645 4469 etanimadverte-

2022 4478 2039 4553 ς
2068 4492 2210 4549 rent,
2241 4492 2295 4537 et
2322 4484 2655 4551 corrigerent
2680 4497 2773 4551 eos
2799 4486 2888 4549 qui
2918 4493 3103 4538 contra
3122 4483 3385 4551 Ecclesia:
3407 4482 3644 4553 discipli-

2072 4570 2191 4609 nam
2220 4554 2418 4621 aliquid
2444 4564 2684 4621 agerent.
2714 4556 2937 4608 ALBASP.

2142 4625 2259 4694 (8‘2)
2284 4624 2410 4691 Quae
2436 4635 2550 4675 ante
2572 4624 2851 4692 spiritalem
2880 4626 3044 4678 cibum
3072 4633 3119 4678 et
3149 4632 3348 4694 potum,
3397 4625 3445 4678 si
3483 4630 3644 4694 totum

2071 4690 2328 4770 martyris,
2364 4690 2823 4770 libareidiegbatur.
2848 4695 2982 4770 llaec
3012 4690 3199 4770 religio
3222 4690 3341 4770 erat
3368 4700 3483 4770 tum
3510 4690 3642 4751 tein-

2075 4763 2437 4837 poris’.7Paula
2492 4772 2547 4817 et
2605 4764 2950 4837 Eustochium
2996 4766 3060 4819 ad
3106 4763 3413 4820 'Marceliain
3448 4808 3462 4829 ,
3511 4771 3644 4824 inter

2076 4832 2331 4909 epistolas
2368 4832 2846 4904 Hitcroiiytnianas:
2902 4836 2963 4889 Et
3014 4848 3294 4909 martyrum
3338 4836 3524 4907 ubique
3567 4853 3643 4893 se-

2079 4907 2295 4978 pulchra
2321 4920 2635 4978 veneramur,
2667 4916 2714 4959 et
2747 4918 2970 4962 sanctam
3002 4907 3242 4978 favillam
3283 4909 3447 4961 oculis
3488 4916 3643 4978 appo-

2079 4976 2274 5051 nemes,
2294 4977 2336 5029 si
2364 4976 2528 5051 tic_eat,
2562 4977 2712 5029 etiam
2735 4994 2826 5051 (ore
2860 4979 3214 5051 contingimus.
3233 4977 3519 5051 Martyretn
3545 4977 3643 5051 hoc

2079 5046 2200 5102 loco
2226 5056 2381 5101 vocat
2406 5044 2630 5115 Optatus
2660 5049 2748 5116 qui
2778 5044 3081 5104 declaratus
3109 5050 3181 5105 sit
3208 5044 3483 5105 comniuni
3532 5047 3644 5117 pio;

2079 5134 2198 5191 runt
2222 5117 2504 5191 sententia,
2532 5118 2581 5170 in
2613 5132 2729 5191 eant
2757 5133 3017 5191 summam
3038 5120 3372 5191 dignitatem.
3406 5119 3603 5191 Βυιῃι.

2152 5188 2285 5263 Ibid.
2323 5190 2449 5252 Qua:
2470 5199 2587 5241 tmte
2606 5189 2881 5263 spiritatent
2898 5192 3062 5245 cibum
3082 5188 3129 5246 et
3156 5200 3354 5263 potum,
3375 5201 3484 5244 etc.
3508 5188 3641 5263 Prae-

2081 5268 2163 5315 ter
2185 5260 2556 5329 Baisatnonem
2599 5276 2627 5313 a
2674 5260 2930 5316 Balduinu
2959 5260 3178 5317 citatum
3208 5303 3224 5329 ,
3271 5261 3391 5316 vide
3435 5270 3491 5315 et
3542 5261 3637 5314 Da-

2083 5344 2415 5405 mascenutn‘.
2462 5325 2517 5383 In
2555 5329 2871 5405 Balsamone
2895 5334 3161 5405 jurequis
3190 5325 3416 5405 miretur
3448 5372 3461 5397 ,
3494 5330 3638 5405 hujus

2087 5403 2225 5473 ossis
2257 5403 2326 5455 ita
2352 5400 2497 5454 illum
2527 5402 2854 5474 meminisse,
2882 5400 3033 5474 quasi
3062 5400 3635 5474 hocpraccipuumliu-

2083 5474 2171 5543 jus
2200 5472 2359 5525 "seem
2400 5475 2598 5546 esset,
2650 5480 2705 5529 et
2737 5473 2836 5529 hoc
2884 5469 3216 5546 potissimum
3240 5469 3247 5473 ⁷
3274 5469 3639 5546 superstitione

2083 5540 2372 5617 constaret.
2399 5540 2510 5617 Nisi
2533 5548 2709 5617 tamen
2733 5540 2898 5617 magis
2920 5546 3020 5599 hoc
3038 5542 3239 5602 mirum
3253 5540 3415 5609 esset,
3426 5542 3640 5617 _Gr:ecos

2083 5615 2371 5685 plerosque
2417 5610 2979 5685 Donatistarutn'non
3011 5617 3233 5685 omnino
3282 5610 3632 5685 meminisse,

2085 5680 2236 5755 quasi
2264 5680 2331 5740 ne
2353 5683 2511 5740 tando
2540 5684 2756 5758 quidem
2786 5693 2942 5743 notos
2969 5684 3298 5749 habuissent.
3320 5683 3415 5741 De
3461 5680 3638 5741 viridi;
