3848 6220
257 314 371 371 917

1060 316 1146 371 DE
1183 312 1570 373 SCHiSMATE
1608 313 2149 373 DONATISTARUM
2189 314 2390 371 LIBER
2429 314 2703 371 PRIMUS.

3433 319 3537 375 9i8

258 430 421 501 tyris,
451 429 494 484 si
528 439 703 486 tamen
727 430 998 503 martyris,
1024 427 1141 501 (85)
1174 428 1343 501 libare
1372 427 1491 498 (84)
1519 428 1837 483 dicebatur:
1871 435 1923 493 Α
1947 429 2260 500 denegaret,
2294 429 2490 483 relatio
2524 429 2686 481 missa
2718 437 2831 482 est:
2866 430 3381 511 rescriptumvcnit,
3414 426 3468 483 ut
3500 435 3540 485 si

254 530 319 577 et
376 537 497 577 cum
527 522 644 595 (85)
673 530 1013 594 prteponeret
1063 521 1163 593 17
1210 520 1359 575 calici
1394 521 1612 574 salutari
1644 535 1706 574 os
1728 519 1843 590 (86)

254 616 449 672 nescio
474 616 627 688 cujus
655 616 885 671 hominis
908 616 1124 679 mortui,
1153 624 1207 670 et
1228 616 1273 669 si
1303 615 1573 686 martyris,
1606 614 1699 670 sed
1723 614 1839 687 (87)

256 708 495 763 necdum
522 707 775 765 vindicati
793 706 931 779 (88),
949 715 1217 776 correpta,
1236 722 1355 760 cum
1377 705 1711 773 confusione,
1730 706 1813 759 dis
1828 735 1840 743 -

251 801 432 869 cessit
460 800 614 855 irata.
638 800 894 856 irascenti
917 808 971 855 et
996 798 1213 854 docenti
1255 837 1271 865 ,
1298 796 1435 869 (89),
1459 814 1524 852 ne
1544 798 1845 867 disciplina:

254 890 640 947 succumberet
705 891 855 963 (90),
924 892 1157 947 occurrit
1219 890 1400 945 subito
1457 890 1847 961 persecutionis

256 969 421 1040 enata
441 993 468 1022 ι
498 993 815 1054 tempestas.

328 1072 497 1130 XVII.
532 1074 823 1130 Mensurius
860 1074 927 1129 ad
962 1078 1156 1129 curiam
1200 1076 1383 1129 citatus
1421 1088 1717 1130 ornamenta
1747 1075 1852 1130 Ec-

256 1166 433 1223 clesia!
478 1166 636 1234 Botro
678 1178 727 1222 et
754 1168 971 1225 Celestio
1012 1169 1353 1225 commendat.
1383 1200 1455 1213 -ο
1494 1171 1609 1243 (91)
1655 1169 1847 1228 Iisdem

256 1257 601 1328 temporibus
642 1257 788 1315 Felix
828 1258 1044 1331 quidam
1095 1262 1387 1326 diaconus,
1431 1264 1523 1333 qui
1565 1272 1783 1333 propter
1820 1262 1848 1302 δ

252 1352 523 1407 famosam
561 1352 744 1408 nescio
783 1368 963 1423 quam,
1006 1353 1074 1409 de
1101 1362 1328 1424 tyranno
1368 1354 1481 1427 (92)
1523 1354 1850 1424 imperatore

256 1454 396 1501 tunc
425 1442 618 1506 factam
660 1444 945 1513 epistolam
964 1440 996 1482 ὀ
1016 1485 1031 1511 ,
1062 1445 1361 1514 appellatus
1389 1456 1469 1500 cst
1490 1488 1505 1512 ,
1550 1447 1846 1516 periculum

254 1539 494 1605 timens,
525 1536 664 1607 apud
695 1537 1022 1591 Mensurium
1065 1539 1372 1606 episcopum
1411 1538 1523 1609 (93)
1566 1539 1847 1594 delituisse

253 1629 480 1687 dicitur.
529 1628 700 1697 Quem
745 1642 868 1684 cum
918 1628 1242 1697 postulatum
1291 1629 1591 1685 Mensurius
1636 1630 1846 1700 publice

1948 524 2245 577 Mensurius
2268 522 2504 577 Felicem
2517 520 2798 574 diaconum
2815 537 2917 575 non
2946 522 3287 589 reddidisset,
3311 522 3375 575 ad
3394 522 3535 591 pala-

1948 616 2079 670 tium
2098 615 2442 685 dirigeretur.
2460 613 2574 683 (94)
2599 613 2907 668 Conventus
2933 630 3037 670 non
3064 616 3209 670 leves
3238 615 3543 691 patiebatur

1950 708 2221 776 angustias
2252 724 2264 760 :
2294 717 2446 761 erant
2476 706 2620 760 enim
2656 705 2907 760 Ecclesiae
2954 722 3021 762 ex
3050 722 3182 762 auro
3228 716 3279 763 ct
3322 717 3546 778 argento

1948 813 2106 869 quam
2136 798 2361 867 plurima
2392 808 2705 852 ornamenta
2731 839 2746 863 ,
2779 813 2899 868 quae
2930 814 3028 852 nec
3055 797 3309 855 defodere
3342 811 3501 854 terrae
3531 842 3543 853 .

1950 908 2051 948 nec
2076 906 2257 948 secum
2292 901 2506 963 portare
2538 900 2766 961 poterat.
2801 890 2930 958 Quae
2960 890 2985 926 ἀ
3025 891 3139 962 (95)
3176 894 3327 961 quasi
3372 894 3546 947 ﬁdeli-

1953 985 2083 1049 bus,
2116 985 2421 1040 senioribus
2441 984 2870 1049 commendavit,
2900 982 3013 1055 (96)
3037 988 3547 1041 commemoratorio

1954 1080 2131 1147 facto,
2168 1080 2309 1148 quod
2346 1079 2553 1136 cuidam
2596 1079 2820 1133 aniculm
2851 1078 3068 1133 dedisse
3108 1078 3342 1132 dicitur:
3378 1080 3443 1133 ita
3488 1090 3548 1134 ut

1954 1172 1999 1227 si
2030 1172 2143 1241 ipse
2170 1187 2276 1226 non
2304 1171 2535 1236 rediret,
2565 1170 2773 1226 reddita
2806 1186 2936 1240 pace
2964 1168 3314 1231 Christianis,
3340 1170 3549 1223 anicula

1954 1264 2031 1319 illi
2062 1265 2214 1320 daret
2242 1274 2301 1328 ο,
2333 1279 2492 1334 quem
2538 1265 2589 1317 in
2636 1263 2930 1331 episcopali
2977 1260 3230 1316 cathedra
3279 1261 3552 1317 sedentem

1955 1358 2244 1413 inveniret.
2270 1337 2551 1412 i5rofcctus
2572 1371 2786 1411 causam
2812 1355 2944 1410 dixit
2969 1374 2981 1408 :
3007 1354 3191 1425 jussus
3215 1363 3297 1409 est
3318 1355 3544 1410 reverti:

1952 1449 2019 1503 ad
2049 1448 2428 1519 Carthaginem
2460 1449 2743 1515 pervenire
2768 1464 2874 1502 non
2907 1448 3095 1517 potuit.

2026 1539 2212 1594 XVIII.
2257 1539 2528 1595 Ordinatio
2556 1539 2822 1594 thciliani
2863 1542 2916 1593 in
2954 1542 3249 1613 episwpum
3280 1541 3550 1614 Carthagi-

1953 1648 2157 1687 nensem
2174 1674 2188 1698 ,
2214 1649 2409 1686 necnon
2436 1648 2593 1687 causa
2612 1642 2763 1703 atque
2784 1634 2925 1704 origo
2956 1634 3267 1689 schismatis.
3299 1665 3368 1675 —-
3387 1635 3546 1690 Tem—

1469 1763 1849 1823 LECTIONES
1887 1765 2301 1823 VARIANTES.

324 1882 355 1913 ⁸
387 1880 446 1932 In
466 1894 581 1931 mss.
605 1879 800 1941 innata;
822 1878 910 1929 sed
934 1877 1111 1929 melius
1132 1883 1290 1928 enata.

320 1944 354 2012 ξ)
389 1943 445 2012 in
470 1957 584 1993 mss.
605 1944 659 2012 ξ.
683 1943 741 2012 Ξ.
784 1940 842 1992 et
856 1942 965 2012 _S.I_
985 1941 1045 1992 G.
1071 1952 1189 2012 per;
1212 1941 1301 2012 sed
1334 1940 1615 2012 legendum-
1632 1950 1847 2012 propter.

323 2009 351 2039 θ
387 2006 444 2056 In
467 2019 578 2055 mss.
602 2006 654 2056 S.
685 2005 745 2058 Τ,
779 2013 830 2055 et
854 2005 903 2055 S.
932 2002 995 2054 G.
1382 2001 1520 2066 quasi
1548 2006 1592 2056 is
1622 2001 1853 2057 diaconus

289 2077 466 2134 raptet
483 2067 714 2134 famosam
738 2066 868 2134 illam
896 2064 1167 2134 epistolam,
1190 2064 1495 2134 epistolaiius
1517 2068 1667 2134 fuerit
1691 2070 1854 2134 appel-

251 2084 466 2181 Propter
483 2084 714 2117 ramosam
738 2084 868 2117 luam
896 2084 1167 2130 eptswlaln,
1190 2084 1495 2127 epwwtartus
1517 2084 1667 2118 tuerit
1691 2084 1852 2132 appet-

276 2139 416 2195 atus;
442 2130 531 2181 sed
552 2129 700 2194 longe
731 2129 917 2180 rectius
944 2127 1217 2192 appellatus
1250 2129 1319 2177 ibt
1352 2128 1479 2180 idem
1503 2143 1560 2181 ac
1588 2133 1765 2183 citatus
1792 2132 1852 2182 ad

1884 1888 1932 1948 Β
1958 1885 2164 1948 curiam,
2190 1890 2244 1948 ut
2266 1886 2526 1948 sequentia
2545 1882 2827 1948 ostendunt.

1948 1984 1951 1989 ,
2026 1944 2071 2010 dy
2088 1945 2321 2010 Suppleta
2341 1944 2429 1996 'est
2460 1947 2564 1997 haec
2586 1944 2821 2010 particula
2842 1946 3040 1998 omnino
3062 1949 3339 1999 necessaria
3379 1961 3439 1999 ex
3466 1962 3558 2000 ms.

1960 2006 2141 2119 bO'Gin
2164 2083 2254 2120 ms.
2280 2070 2331 2123 S.
2358 2069 2416 2122 G.
2442 2070 2687 2122 redderet.
2764 2148 2765 2151 η

1584 2237 1945 2297 VARIORUM
1982 2242 2213 2300 NOTAE.

256 2362 389 2411 cato
419 2363 656 2427 martyre
678 2350 817 2427 quod
844 2351 1102 2419 sequitur,
1128 2348 1361 2405 Baronio
1378 2351 1537 2427 plane
1564 2352 1852 2427 assentior,
1892 2344 1895 2347 “

258 2428 316 2482 in
346 2422 756 2495 martyroltigio,
785 2430 1107 2495 nonrecepto
1156 2436 1245 2495 nec
1304 2422 1538 2495 probato,
1590 2423 1859 2495 interpre-

261 2496 428 2562 tanli,
459 2492 597 2564 quod
631 2494 719 2547 alii
742 2493 1025 2545 sanctitatis
1073 2492 1434 2566 designatum,
1460 2492 1644 2547 nescio
1695 2509 1853 2562 quam

262 2570 431 2623 bene.
457 2567 637 2637 Neque
661 2566 802 2637 enim
832 2578 1019 2637 omnes
1048 2574 1333 2637 martyres,
1364 2565 1499 2637 sive
1550 2572 1778 2619 mortem
1804 2572 1858 2637 et

261 2634 663 2706 tornieuta’pro
696 2635 797 2689 [ide
827 2634 992 2706 passi,
1025 2634 1314 2706 sanctitatis
1339 2635 1621 2706 designati,
1644 2635 1856 2703 quando

260 2711 413 2764 inter
442 2704 882 2775 illos'aliquando
909 2708 1070 2757 etiam
1098 2707 1185 2775 qui
1218 2704 1528 2775 facinorbsi,
1550 2705 1857 2760 schismati-

246 2781 345 2844 'ci,
376 2788 429 2834 et
460 2774 719 2840 iimretici,
752 2776 833 2845 (at
862 2776 1103 2844 pluribus
1146 2774 1214 2829 ibi
1249 2774 1531 2846 Baronius)
1570 2791 1705 2845 quos
1743 2777 1858 2846 ορί-

261 2842 376 2907 nor
406 2866 502 2919 pro
534 2849 713 2913 beatis,
745 2842 1160 2919 siivesanctitatis
1185 2846 1457 2919 designatis
1480 2842 1722 2919 Ecclesia
1750 2842 1855 2902 n'on

263 2916 482 2977 habuit.
518 2922 781 2975 Caeterum
806 2917 873 2971 de
903 2924 1160 2985 martyre,
1203 2916 1343 2984 quod
1388 2916 1557 2971 haeret
1584 2917 1669 2987 hic
1696 2922 1853 2987 Opta-

263 3004 364 3050 tns
384 2994 438 3048 et
466 2992 691 3047 dubitat.
719 3004 825 3043 non
858 2990 974 3042 sine
1003 3001 1162 3041 causa
1195 2989 1421 3053 factum,
1452 3002 1571 3041 cum
1588 2986 1700 3056 jam
1730 2986 1856 3043 alim

265 3062 482 3135 reperti
511 3077 615 3117 non
657 3060 831 3130 pauci,
861 3058 1055 3129 quibus
1081 3057 1181 3135 hoc
1211 3058 1469 3135 studium,
1499 3069 1552 3113 et
1578 3070 1749 3135 arsea
1782 3060 1861 3135 vi-

264 3127 435 3191 veiidi
468 3127 727 3195 unica,'nt
754 3127 1046 3200 martyrum
1088 3130 1248 3187 etiam
1300 3127 1556 3182 falsorum
1603 3131 1858 3200 reliquias

1962 2357 2243 2414 mitterent
2263 2359 2594 2415 consortium
2628 2358 2730 2414 nisi
2755 2359 2925 2415 sancti
2953 2370 3007 2416 et
3035 2360 3245 2425 iidelis;
3280 2359 3349 2414 ita
3382 2360 3435 2413 in
3468 2360 3560 2413 iis-

1962 2427 2083 2482 dem
2112 2430 2278 2485 sacris
2301 2432 2562 2485 nolebant
2584 2431 2976 2486 communicari
2996 2447 3123 2486 cum
3148 2431 3389 2500 reliquiis
3419 2447 3558 2484 mare

1965 2504 2175 2573 tyrum,
2206 2517 2339 2570 quos
2368 2502 2607 2557 Ecclesia
2637 2517 2742 2556 non
2786 2503 3145 2573 agnoscebat,
3183 2518 3249 2557 ne
3281 2503 3367 2556 illa
3406 2518 3557 2557 com-

1963 2570 2436 2641 ntunionetidelcs
2465 2570 2842 2628 iniicerenturf
2864 2572 3091 2628 ALBASP.

2036 2641 2150 2713 (90)
2189 2640 2271 2697 Ne
2298 2644 2593 2715 disciplina:
2621 2643 2982 2701 succumberet.
3020 2644 3098 2700 Ne
3140 2653 3426 2715 propterea
3460 2656 3554 2714 pu-

1963 2712 2170 2784 niretur
2193 2714 2266 2784 ab
2294 2712 2580 2784 EpiscOpo.
2619 2716 2694 2771 ltu
2730 2716 2845 2770 PIN.

2035 2780 2153 2923 (9i;
2183 2778 2372 2839 Iisdem
2402 2778 2729 2856 tem-poribus.
2758 2786 2869 2841 Sub
2896 2778 3183 2841 Maxentio.
3214 2785 3446 2839 ALBASP.

2039 2854 2128 2923 (92
2174 2853 2245 2907 De
2269 2856 2806 2923 tyranno.liiaxentio.
2834 2858 3031 2911 Contra
3057 2856 3198 2910 hunc
3222 2856 3365 2909 Felix
3392 2870 3446 2909 sc

2039 2853 2153 2925 (92)
2174 2853 2245 2907 De
2269 2853 2806 2925 tyrannOIMaxentio.
2834 2858 3031 2911 Contra
3057 2856 3198 2910 hunc
3222 2856 3365 2909 Felix
3392 2855 3559 2923 scrip-

1963 2924 2391 2982 serati’amosnm
2418 2928 2563 2980 illum
2595 2927 2831 2980 libellum
2858 2927 2983 2981 dum
3011 2928 3314 2981 Alexander
3342 2925 3556 2980 Maxen-

1960 2996 2035 3048 tio
2072 2995 2468 3051 infensissimus
2502 2999 2691 3051 Africae
2725 2998 3010 3065 potiretur.
3062 2999 3138 3051 Eo
3168 3004 3403 3059 mortuo,
3440 2996 3553 3049 Ma-

1961 3066 2176 3121 xentius
2202 3067 2493 3123 vindictam
2525 3069 2591 3122 de
2625 3067 2806 3124 Felice
2847 3084 3061 3123 sumere
3090 3070 3280 3123 voluit.
3308 3067 3558 3121 Zozimns

1963 3137 2116 3211 testis
2129 3148 2206 3191 est
2230 3137 2561 3211 Maxentium
2581 3143 2631 3194 in
2658 3140 2892 3196 fautores
2916 3139 3207 3195 Alexandri
3224 3141 3558 3211 potissimum

262 3204 707 3266 circumferrem,
738 3214 786 3255 et
813 3199 1225 3271 simplicioribus
1255 3199 1614 3271 venditarent.
1642 3199 1858 3271 ’i‘eStem
1886 3207 1930 3268 C
1968 3208 2226 3263 smviissc.
2268 3210 2341 3264 Du
2374 3210 2487 3265 Pm,

265 3276 491 3345 appello
519 3276 897 3345 Augustinum,
920 3269 997 3324 de
1026 3286 1190 3339 opere
1222 3269 1495 3336 tnonacli.,
1542 3286 1591 3345 c_.
1641 3270 1730 3327 28:
1755 3272 1859 3327 Alii

264 3339 504 3402 niéntbra
522 3339 824 3415 martyrum,
854 3344 896 3395 si
929 3351 1096 3395 tamen
1121 3353 1407 3415 martyrum
1431 3339 1693 3415 venditant
1715 3385 1728 3407 ,
1750 3345 1859 3397 alii

262 3418 505 3490 ﬁmbrias
527 3428 570 3471 et
594 3413 911 3487 pliylacleria
930 3429 1022 3467 sua
1049 3414 1402 3483 magniﬁcam,
1420 3413 1510 3465 alii
1530 3424 1761 3490 parentes
1784 3417 1861 3470 vel
1910 3420 1923 3431 '

262 3486 681 3563 consanguineos
702 3503 839 3550 suos,
855 3496 957 3539 etc.
970 3526 984 3552 ,
999 3495 1042 3537 et
1055 3500 1224 3563 omnes
1237 3493 1429 3563 petunt,
1446 3498 1617 3563 omnes
1630 3486 1858 3558 exigunt,

263 3569 367 3614 aut
392 3558 629 3631 sumptus
647 3558 865 3631 lucrosa:
909 3559 1166 3627 egestatis,
1212 3570 1300 3612 aut
1349 3560 1605 3614 simulata:
1638 3567 1859 3631 pretium

263 3632 583 3687 sanctitatis.
617 3630 688 3684 Μ.
713 3630 943 3685 CASAUB.
1712 3631 1727 3636 “

351 3702 467 3773 (85)
496 3703 680 3756 Libare
700 3702 981 3757 dicebatur.
1011 3701 1630 3777 DeoscnlariAdicebatur
1656 3724 1667 3760 :
1699 3708 1861 3777 paulo

264 3788 569 3847 antequam
593 3777 986 3831 Eucharistiam
1024 3785 1299 3847 sumerent
1322 3773 1633 3838 Christiani,
1665 3773 1861 3835 mutuis

264 3865 401 3905 sese
426 3846 559 3903 iolim
586 3849 785 3903 osculis
824 3848 889 3901 ad
942 3862 1128 3917 pacem
1184 3846 1478 3901 faciendam
1531 3848 1857 3913 salutabant,

261 3921 637 3989 sacerdosque
660 3923 878 3975 nomine
906 3919 1073 3973 totius
1116 3918 1373 3989 Ecclesiae
1404 3928 1697 3987 martyrum
1734 3924 1859 3983 relig

263 3994 451 4065 quias,
475 3993 521 4047 si
543 3988 659 4062 quzc
686 3994 915 4065 laterent
945 3993 1007 4065 (in
1036 3990 1192 4044 altari
1219 3988 1671 4065 deosculabatur:
1699 4004 1858 4065 quem

263 4060 437 4121 iitum
470 4060 677 4119 imitata
703 4064 893 4118 mulier
942 4062 1030 4116 illa
1055 4101 1070 4125 ,
1102 4075 1222 4115 cum
1271 4060 1491 4130 privatis
1540 4060 1859 4130 quibuSdam

265 4136 521 4205 reliquiis
543 4151 673 4206 quas
696 4134 961 4206 gestabat.
996 4147 1182 4202 pacem
1214 4139 1269 4206 et
1301 4133 1735 4206 communionem
1766 4149 1863 4188 an-

266 4201 491 4289 tequam
533 4201 599 4261 ad
644 4201 1037 4289 Eucharisdam
1092 4203 1411 4289 accederet,
1452 4201 1681 4257 faciebat
1710 4222 1727 4289 ξ
1767 4206 1862 4261 sed

265 4274 409 4349 quia
430 4288 632 4349 martyr
661 4278 752 4333 ille
777 4291 882 4330 non
909 4288 1051 4349 esset
1082 4274 1383 4349 vindicatus
1430 4284 1483 4349 et
1534 4277 1864 4343 approbatns

267 4338 347 4404 ab
376 4338 637 4413 Ecclesia,
666 4358 910 4417 correpta
945 4347 1045 4401 fuit
1067 4361 1094 4399 a
1114 4338 1682 4417 CmcilianoiALBitsp.

349 4419 470 4492 (84)
495 4419 701 4492 Libare.
739 4416 1073 4492 Deoscniari.
1109 4416 1184 4471 Du
1217 4417 1335 4471 PIN.

349 4450 470 4492 ιοίη
495 4450 701 4475 pluuia.
739 4450 1073 4474 ucuauuau-
1109 4450 1183 4471 υυ
1217 4450 1237 4471 ι
1262 4450 1335 4471 In.
1446 4450 1449 4453 λ

348 4490 469 4564 (85)
496 4490 846 4561 Prteponeret)
869 4489 1083 4545 Libaret
1115 4498 1166 4541 et
1200 4495 1441 4556 tangeret
1472 4497 1594 4564 ante
1617 4490 1861 4551 calicem.
1906 4496 1911 4497 “

1489 4559 1718 4615 Amsr.

350 4634 464 4713 (8b)
500 4632 688 4689 Nescio
710 4636 873 4713 cujus
903 4614 1119 4685 hominis
1144 4630 1348 4685 mortui.
1380 4630 1454 4685 De
1475 4603 1861 4703 "marty-
1890 4603 1943 4662 D

270 4705 367 4764 rio
384 4705 491 4761 non
517 4705 817 4761 constabat.
848 4705 1077 4759 ALBASP.

346 4779 465 4849 (87)
499 4776 732 4831 Necdum
761 4775 1021 4849 vindicati.
1055 4772 1299 4849 Nondum
1329 4775 1395 4849 ab
1417 4774 1653 4830 Ecclesia
1688 4775 1740 4831 in
1765 4792 1864 4829 nu-

270 4845 483 4905 merum
527 4857 819 4920 martyrum
855 4847 1015 4920 relati
1041 4887 1055 4908 ,
1101 4845 1337 4903 nondum
1384 4846 1435 4898 in
1483 4860 1653 4901 canon
1682 4887 1694 4910 ,
1726 4858 1779 4902 et
1811 4851 1861 4902 in

270 4921 529 4994 dypticlia
560 4918 886 4994 transcripti,
920 4919 1147 4971 ALBASP.
1296 4988 1331 4994 η
1376 4978 1381 4983 ,

350 4988 578 5048 Ibidem.
608 4990 937 5047 Vindicatum
965 4998 1262 5058 martyrem.
1296 4988 1460 5043 Vocat
1489 4989 1712 5055 Optatos
1731 5032 1744 5055 ,
1773 4992 1863 5061 qui

271 5064 586 5121 declaratus
630 5063 702 5117 sit
750 5061 1018 5117 communi
1072 5064 1274 5126 piorum
1326 5064 1589 5115 sententia
1643 5064 1692 5114 in
1747 5078 1862 5115 eam

268 5151 542 5194 summam
583 5134 935 5206 dignitatem,
979 5131 1180 5187 relatus
1232 5134 1371 5186 inter
1417 5147 1448 5257 (ἰ

625 5224 635 5232 ”
1428 5220 1645 5259 INCERT.

348 5278 463 5348 (88)
503 5276 739 5332 Necdum
764 5275 1023 5348 vindicati.
1055 5274 1301 5348 Nondum
1328 5276 1378 5330 in
1410 5290 1689 5329 munerum
1723 5291 1866 5329 mar-

270 5346 455 5424 tyrum
489 5350 557 5405 ab
583 5348 819 5405 Ecclesia
850 5347 1025 5402 relati.
1056 5346 1132 5401 Du
1165 5346 1278 5400 i’m.
1864 5366 1865 5371 π

353 5442 469 5515 (89)
507 5440 592 5495 Ne
634 5439 921 5515 disciplina:
964 5438 1329 5515 succumberet.
1358 5438 1434 5492 Ne
1461 5447 1770 5515 carperetur
1800 5438 1867 5493 ab

269 5510 535 5584 episcopo
581 5521 636 5584 et
682 5510 1073 5584 castigaretur,
1120 5510 1261 5584 quod
1311 5526 1415 5563 non
1463 5510 1634 5563 solum
1679 5519 1865 5579 coptra

270 5581 540 5643 Ecclesia:
580 5582 954 5648 disciplinam,
990 5581 1426 5633 (ξυιιιιιιιιιιίειηρηι
1467 5596 1588 5633 cum
1636 5589 1871 5649 martyre

268 5660 489 5715 incerto
520 5662 574 5705 et
604 5654 671 5705 ab
705 5652 943 5703 Ecclesia
985 5650 1220 5702 nondum
1261 5652 1584 5719 approbato,
1629 5650 1868 5716 faceret,

187 5752 193 5757 ν
274 5727 377 5785 sed
411 5724 556 5795 quini
581 5722 993 5795 ca-teros'etiam
1025 5719 1210 5795 ﬁdeles
1237 5725 1423 5795 eadem
1452 5722 1694 5795 inliceret
1720 5736 1870 5795 com--

272 5790 543 5858 munione
572 5812 582 5847 :
618 5808 737 5847 nam
770 5790 1216 5863 quemadmodum
1259 5793 1311 5847 in
1357 5792 1524 5861 sacris
1556 5794 1748 5849 nullius
1779 5793 1873 5849 ad—

1417 5134 1536 5186 cmli
1585 5134 1889 5203 indigetes.

2036 3278 2153 3347 (95)
2184 3278 2457 3351 Delituisse
2484 3282 2690 3336 dicitur.
2727 3283 2805 3337 Ad
2829 3281 3206 3351 episcoporum
3230 3282 3417 3337 domos
3440 3292 3556 3337 tan-

1962 3363 2123 3423 quam
2150 3348 2216 3403 ad
2238 3366 2383 3405 aram
2413 3352 2797 3423 confugiebant
2816 3395 2829 3415 ,
2858 3348 2991 3421 quas
3012 3348 3215 3407 violare
3246 3369 3312 3408 ne
3342 3353 3555 3422 quidem

1961 3421 2016 3488 in
2041 3424 2505 3488 persccutionibus
2533 3421 2614 3480 fas
2640 3434 2773 3479 erat.
2806 3424 3034 3479 ALBASP.

2039 3489 2153 3563 (94)
2185 3490 2466 3567 Conventus
2498 3513 2599 3551 non
2629 3496 2757 3550 leves
2788 3497 3083 3567 patiebatur
3101 3496 3383 3567 angustias.
3414 3495 3557 3550 Con-

1964 3572 2227 3619 venerant
2253 3564 2580 3621 Mcnsurium
2629 3566 2858 3628 milites,
2901 3574 2957 3619 nt
2998 3564 3230 3620 Felicem
3271 3566 3555 3620 diaconum

1964 3634 2030 3688 ad
2062 3635 2357 3705 principem
2389 3637 2665 3693 mitterent
2692 3657 2703 3692 :
2735 3645 3031 3692 conventus
3060 3636 3161 3688 hoc
3196 3638 3312 3690 loco
3341 3654 3436 3705 pro
3467 3638 3559 3690 ad-

1962 3706 2164 3775 jectivo
2195 3709 2437 3775 ponitur,
2472 3721 2522 3761 ιιι
2556 3710 2692 3775 apud
2727 3711 3081 3778 Augustinum
3116 3708 3356 3778 pluribus
3384 3710 3517 3761 locis
3539 3750 3553 3771 ,

1964 3788 2017 3832 et
2065 3779 2115 3830 in
2148 3793 2355 3833 canone
2384 3778 2706 3834 duodecimo
2739 3776 2893 3848 primi
2922 3778 3135 3832 concilii
3167 3776 3557 3847 C3l‘lhﬂgiltell-

1964 3849 2069 3912 sis,
2110 3856 2166 3903 et
2196 3864 2402 3904 canone
2440 3852 2698 3917 vigesimo
2736 3860 2925 3903 octavo
2968 3850 3106 3902 tertii
3155 3851 3368 3903 Concilii
3395 3892 3407 3913 ,
3444 3866 3551 3902 mo.

1958 3920 2103 3973 deste
2129 3929 2429 3988 conventus,
2464 3922 2597 3975 utin
2621 3923 2851 3975 concilio
2881 3920 3289 3989 Agrippinensi;
3324 3936 3427 3973 non
3463 3938 3553 3973 an-

1966 3999 2070 4044 tem
2121 4006 2217 4059 pro
2264 3994 2601 4046 substantivo
2642 4002 2697 4047 et
2744 4008 2840 4059 pro
2876 3992 3201 4044 conventibus
3234 3991 3428 4046 Africae
3456 4033 3469 4055 ,
3501 4000 3557 4044 ut
3610 4029 3615 4035 .

1953 4061 2179 4130 quidam
2214 4065 2654 4131 interpretantur.
2691 4066 2918 4119 ALBASP.

2042 4133 2157 4202 (93)
2190 4133 2351 4201 Quasi
2378 4136 2612 4204 ﬁdelibus
2650 4135 2931 4187 senioribus
2965 4133 3355 4204 commendavit.
3389 4134 3559 4187 Erant

1967 4202 2095 4258 olim
2145 4202 2387 4259 seniores
2430 4207 2582 4272 laici,
2635 4206 2751 4274 puri
2802 4207 2907 4271 puti
2956 4202 3460 4268 securim-emerant
3505 4214 3559 4258 et

1966 4274 2057 4327 alii
2082 4316 2095 4340 ,
2128 4275 2244 4346 laici
2278 4277 2492 4346 quidem
2523 4288 2573 4331 et
2606 4278 2741 4346 ipsi,
2774 4276 2865 4329 scd
2898 4277 2985 4344 qui
3036 4288 3212 4329 tamen
3242 4276 3555 4344 quadamte-

1966 4362 2068 4398 nus
2106 4345 2466 4403 Ecclesiastici
2492 4345 2704 4417 quoque
2732 4348 2835 4402 dici
2873 4358 3198 4413 potuerunt:
3232 4347 3367 4399 haud
3397 4362 3555 4401 secus

1968 4417 2130 4489 acilii
2157 4420 2245 4487 qui
2273 4419 2433 4474 hodie
2460 4421 2597 4489 apud
2624 4434 2720 4473 nos
2747 4420 3051 4483 templorum
3073 4458 3086 4477 .
3116 4420 3197 4470 vel
3230 4419 3560 4470 ecclesiarum

1970 4488 2241 4558 gardiani,
2276 4492 2437 4554 vulgo
2467 4488 2788 4545 vocitantur.
2827 4490 2901 4542 illi
2946 4491 3185 4543 locorum
3222 4505 3314 4541 seu
3346 4490 3557 4541 urbium

1974 4562 2215 4613 cniores
2243 4564 2401 4631 vulgo
2430 4562 2587 4626 dicti;
2620 4562 2741 4621 isti,
2777 4560 3031 4631 l'icclvsia:
3058 4561 3137 4613 vel
3170 4560 3552 4631 Ecclesiastici.

1972 4634 2074 4703 .jcd
2107 4633 2174 4686 de
2207 4629 2526 4686 istis-multa
2572 4634 2841 4703 congessit
2878 4633 2957 4685 vir
2993 4629 3365 4703 doctissimus,
3390 4641 3452 4703 et
3492 4630 3561 4684 de

1971 4702 2053 4756 itis
2079 4704 2270 4757 litteris
2300 4705 2435 4758 adeo
2466 4702 2987 4759 meritostLln'istoii.
3020 4702 3308 4763 Justeilus,
3339 4702 3400 4755 ad
3436 4716 3555 4753 can.

1969 4778 2213 4836 ecclesia:
2264 4776 2564 4838 Africaine,
2609 4786 2664 4829 ut
2708 4776 2897 4844 dignus
2938 4776 3003 4827 sit
3035 4775 3122 4843 qui
3168 4772 3457 4844 diligentia:
3505 4782 3558 4825 et

1970 4847 2290 4901 ermlitiouis
2340 4864 2451 4901 sua:
2502 4848 2729 4901 fructum
2772 4843 2915 4898 ierat
2963 4846 3027 4896 ai)
3076 4846 3345 4896 Omnibus.
3402 4843 3557 4895 ΙΗιιιιι

1971 4918 2130 4987 igitur
2157 4920 2314 4973 adeat
2340 4921 2424 4989 qui
2457 4920 2609 4989 plura
2635 4920 2700 4970 de
2732 4918 2845 4969 istis
2876 4917 3038 4984 cupit.
3077 4914 3146 4966 Μ.
3178 4913 3411 4967 (lassus.

2044 5010 2266 5065 ibidem.
2325 5012 2622 5063 Senioribus
2673 5008 3059 5061 (οηιηιεηιιίιιιὶι.
3118 5006 3317 5058 i’rmler
3370 5006 3560 5061 Eccle—

1973 5083 2222 5136 siastit-os
2253 5096 2304 5135 et
2345 5082 2571 5136 clericos
2620 5081 2832 5147 quidam
2872 5095 2935 5129 cx
2982 5078 3133 5143 plebe
3182 5079 3464 5141 seniores,
3509 5087 3564 5132 et

1950 5154 2210 5221 (probata:
2244 5155 2361 5205 vita:
2409 5167 2495 5205 res
2529 5150 2781 5203 Ecclesia:
2826 5149 3085 5221 curabant
3108 5148 3220 5221 ,Ade
3258 5150 3451 5216 quibus
3480 5149 3565 5203 hic

1972 5219 2119 5277 iocus
2163 5222 2505 5291 accipiendas
2537 5232 2638 5275 est.
2675 5220 2728 5273 In
2758 5223 2925 5290 gestis
2946 5261 2959 5280 ,
2994 5219 3229 5272 adhibete
3257 5221 3566 5273 conclericos

1971 5304 2016 5348 et
2048 5295 2266 5347 seniores
2298 5293 2455 5353 plebis
2497 5294 2863 5346 ecclesiasticos
2902 5292 3058 5344 viros.
3094 5291 3259 5353 item,
3294 5292 3489 5345 clericis
3518 5303 3566 5343 et

1970 5367 2254 5419 senioribus
2282 5362 2590 5418 Cirtensimn
2618 5380 2634 5417 :
2670 5366 2796 5419 item
2825 5406 2837 5429 ,
2870 5380 2954 5417 vos
2982 5364 3205 5416 seniores
3242 5362 3559 5415 clamabatis.

3116 5435 3342 5485 ALBASP.

2052 5507 2167 5580 (96)
2210 5505 2720 5561 Commemoratorio.
2750 5505 2825 5559 Ita
2853 5512 3007 5559 vocat
3037 5506 3264 5569 brevem,
3298 5511 3355 5580 ut
3376 5512 3567 5580 postea

1976 5573 2245 5648 loquitur,
2289 5582 2373 5634 Cui
2421 5581 2694 5647 inscriptze
2742 5596 2826 5632 rcs
2872 5591 3095 5639 omnes,
3142 5590 3259 5648 qua:
3304 5573 3355 5648 in
3405 5574 3563 5628 bonis

1975 5646 2127 5705 erant
2163 5650 2451 5715 ECt'it'SiJ},
2482 5646 2815 5721 quo'scilicet
2850 5646 3476 5721 testaretur_tl_epositor,
3505 5660 3566 5700 se

1975 5722 2028 5778 in
2065 5721 2222 5775 tidem
2265 5716 2609 5791 suscipieinis
2650 5736 2737 5776 res
2769 5716 3081 5788 deposuisse
3108 5759 3121 5782 ,
3157 5716 3244 5772 hic
3287 5724 3467 5771 autem
3508 5732 3570 5771 se

1976 5794 2270 5863 accepisse.
2298 5793 2499 5848 BARTH.
