3848 6220
141 223 247 283 989

884 213 976 278 ὓΒ
1011 219 1395 277 SCHISMA'IE
1436 216 1971 274 DONATISTARUM
2014 218 2221 274 LIBER
2260 218 2640 275 SECUNDUS.

3322 217 3428 275 950

141 339 369 406 Marcus,
400 341 580 398 Marco
610 341 800 403 Julius,
852 338 995 393 .lulio
1040 336 1288 391 Liberius
1310 377 1324 399 ,
1368 331 1483 404 (34)
1518 332 1732 387 Liberio
1760 337 1813 394 Α
1838 334 2100 403 originem
2124 334 2357 402 reddite,
2382 336 2472 406 qui
2496 334 2649 390 vobis
2674 334 2836 389 vultis
2857 340 3103 388 sanctam
3128 332 3427 391 Ecclesium

143 434 422 502 Damasus,
452 435 568 507 (35)
599 436 828 489 Damaso
854 430 1101 495 Siricius,
1135 428 1293 482 hodie
1324 426 1442 498 (36)
1472 426 1560 494 qui
1597 441 1725 478 nos-

142 533 226 583 ter
272 539 356 583 est
402 530 579 583 socius
609 527 727 597 (37)
760 543 770 578 :
806 539 926 580 cum
959 538 1064 591 quo
1110 522 1390 576 nobiscum
1428 528 1452 554 τι
1486 517 1554 573 38
1586 526 1727 573 lotus

141 618 291 672 orbis
325 617 439 691 (59)
480 618 808 675 commercio
856 614 1230 680 lormataruni,
1268 612 1320 666 iu
1351 626 1456 665 una
1484 624 1730 665 commu-

143 710 320 765 nionis
338 712 598 769 societate
628 694 941 767 concordat.
970 706 1084 779 (40)
1115 705 1319 761 Vestra:
1341 700 1613 758 cathedra:
1632 713 1728 753 vos

1834 426 2125 479 vindicare.

1906 517 1992 572 IV.
2026 516 2226 573 Pscudo
2257 519 2485 590 episcOpi
2508 530 2553 574 et
2582 519 2935 573 conventicula
2964 516 3355 572 Donatistarum
3376 518 3429 570 in

1834 609 1956 663 urbe
2007 610 2188 664 Roma.
2234 641 2306 651 —
2348 613 2463 681 (41)
2528 612 2631 666 Sed
2689 618 2744 665 et
2792 611 2994 665 habere
3045 624 3141 681 vos
3189 608 3241 662 in
3292 608 3429 661 urbe

1836 699 2007 755 Roma
2040 710 2247 772 partem
2270 686 2505 772 aliquam
2528 702 2728 767 dicitis;
2757 700 2870 773 (42)
2892 716 3076 757 ramus
3104 699 3133 740 ι’
3160 706 3246 755 eSt
3263 697 3433 755 vestri

1350 844 1645 905 LECTION
1654 843 1735 900 ES
1764 842 2185 900 NARIANTES.

204 965 228 994 ⁸
266 963 337 1015 ita
357 968 406 1017 in
432 980 521 1017 ms.
547 968 598 1018 S.
621 964 679 1019 G.
706 971 756 1020 in
776 968 885 1019 aliis
908 968 1031 1019 etin
1056 966 1219 1031 editis,
1242 961 1395 1015 nobis.

1903 953 1933 991 δ
1968 954 2023 1005 Ῑιι
2046 968 2136 1006 ms.
2163 956 2216 1005 S.
2245 955 2305 1008 G.
2330 953 2568 1017 romulus,
2595 953 3037 1014 nonineleganter.

1493 1084 1848 1146 VARIORUM
1886 1085 2117 1143 NOTAE.

221 1212 338 1281 (54)
379 1212 579 1268 Liberio
609 1212 783 1278 Felix,
817 1213 980 1268 Felici
1010 1212 1285 1268 Damasus.
1329 1208 1482 1267 Scias
1503 1249 1517 1271 ,
1541 1205 1733 1269 lector,

148 1280 426 1336 absentem
460 1299 545 1338 me
578 1284 741 1338 fuisse
762 1326 778 1349 ,
814 1300 935 1339 cum
975 1285 1091 1339 haec
1116 1282 1528 1339 esendcrentur.
1576 1284 1738 1344 alqlte

150 1367 254 1427 non
279 1354 452 1406 solum
483 1354 824 1427 imprudente
852 1365 903 1409 et
934 1354 1105 1427 invito
1148 1369 1235 1408 me
1257 1395 1272 1419 ,
1315 1350 1429 1427 sed
1454 1358 1507 1403 et
1548 1354 1735 1427 centra

152 1421 663 1495 lidemexemplaris
698 1426 1031 1495 typograpbo
1052 1439 1079 1477 a
1108 1440 1193 1478 me
1216 1421 1397 1495 traditi
1418 1429 1472 1473 et
1496 1421 1733 1495 omnium

151 1494 329 1561 Optati
369 1486 662 1548 editionum
688 1486 940 1558 (Felicis
969 1508 1165 1550 nomen
1210 1492 1277 1546 ab
1313 1492 1491 1558 aliquo
1520 1486 1736 1561 huc_i_n-

153 1555 359 1617 trusum
390 1580 530 1636 esse.
578 1555 706 1636 Nam
734 1574 790 1636 ut
824 1564 949 1636 illud
980 1564 1099 1617 aliis
1144 1555 1739 1636 tliSpiitaniltitn_reI_in-

150 1651 334 1702 quam,
367 1650 432 1686 an
466 1635 551 1687 hic.
582 1633 735 1687 Felix
761 1633 1031 1701 legitimus
1068 1626 1317 1705 umquam
1363 1630 1503 1696 Papa
1532 1626 1733 1705 fuerit;

151 1715 271 1758 cuin
306 1706 533 1773 Optatos
563 1722 669 1758 non
707 1714 811 1757 tam
838 1705 1201 1757 Romanorum
1227 1704 1486 1773 l’aparuin
1516 1704 1736 1773 nomina

150 1790 310 1845 quam
342 1764 723 1831 successiones
755 1774 1125 1845 hicinstituat,
1154 1764 1316 1845 quani
1342 1768 1623 1845 ridiculum
1644 1764 1737 1845 μ-

155 1835 308 1901 lierio
340 1862 708 1901 sucressorem
741 1846 867 1899 dare
892 1835 1126 1899 Felicem
1145 1835 1279 1912 [qui
1308 1857 1412 1912 non
1460 1838 1618 1893 modo
1642 1835 1743 1891 Fe-

149 1916 238 1989 lici
292 1920 623 1986 supervixit,
652 1916 756 1989 sed
805 1924 860 1969 et
904 1916 1177 1989 pontiticia
1198 1911 1359 1989 ,Sede,
1384 1911 1474 1965 illo
1503 1917 1736 1989 mortuo,

147 1988 237 2041 diu
273 1980 478 2055 potitus
500 1989 602 2043 est!
637 1987 818 2052 Quare
848 1980 1256 2053 et'Augnstinus
1277 1984 1433 2051 epist.
1460 1995 1622 2039 ccxv.
1646 1980 1735 2032 tibi

148 2060 313 2112 simili
366 2061 653 2113 occasione
694 2057 970 2111 Romanos
1003 2058 1280 2121 puuliliCt-s
1306 2060 1691 2121 commemorat
1724 2089 1737 2110 ,

148 2132 247 2184 etsi
283 2146 387 2183 non
423 2132 474 2183 in
517 2130 769 2184 omnibus
817 2143 937 2182 cum
990 2127 1185 2194 Optato
1238 2120 1767 2194 conveniatplmjns

149 2209 331 2255 tamen
364 2200 561 2257 Felicis
592 2214 691 2253 nec
719 2202 833 2269 ipse
866 2192 1130 2252 meminit.
1156 2197 1241 2269 iNe
1268 2196 1374 2269 tale
1398 2193 1524 2263 quid
1646 2206 1738 2244 se-

148 2273 439 2339 quentibus
466 2262 863 2335 admitteretur,
892 2284 919 2323 a
970 2270 1088 2322 viro
1137 2262 1457 2339 doctissimo
1482 2264 1581 2339 qui
1603 2262 1743 2339 hanc

189 2344 487 2397 rovinciam
520 2357 740 2409 prorsus
782 2332 954 2393 Ill—mc
982 2354 1169 2394 amore
1198 2347 1413 2403 rogatus
1445 2333 1582 2409 haud
1618 2332 1741 2409 illu-

189 2358 487 2397 rovniciam
520 2357 740 2409 prorsus
782 2356 834 2393 ιη
868 2356 954 2393 me
982 2356 1169 2394 amore
1198 2356 1413 2403 rogatus
1445 2356 1582 2388 nauu
1619 2356 1741 2386 mu-

150 2356 344 2468 iientcr
371 2415 640 2482 suscepit,
690 2410 982 2482 diligenter
1011 2420 1222 2482 cautum
1271 2419 1371 2461 est.
1422 2404 1743 2482 Quadich

148 2500 369 2608 $0230,
396 2500 464 2537 ne
481 2474 547 2539 et"
563 2474 665 2538 alia
695 2474 911 2553 quo'que
947 2481 1216 2536 immerito
1243 2490 1487 2549 suspecta
1522 2474 1740 2528 habeas.

204 2596 215 2608 .
278 2571 483 2608 aASAUB.

204 2596 215 2608 .
249 2554 483 2610 Caseus.

214 2625 333 2697 (35)
372 2625 601 2697 Damaso
656 2624 940 2697 (Romano
990 2621 1282 2693 episcopo)
1316 2619 1568 2697 Successit
1610 2616 1745 2671 Siri-

146 2688 275 2754 citis.
306 2688 456 2750 hodie
506 2696 593 2762 qui
640 2688 808 2750 noster
828 2704 902 2749 est
926 2688 1091 2749 socius
1118 2712 1136 2760 ;
1167 2688 1278 2746 cuni
1306 2707 1402 2760 quo
1432 2688 1744 2762 uobis_totus

147 2767 285 2819 orbis
316 2760 621 2821 commercio
672 2770 1013 2835 [armatarum
1044 2767 1097 2819 in
1127 2781 1231 2835 una
1260 2760 1630 2835 communionis
1660 2775 1744 2835 so-

144 2838 327 2891 cietate
359 2839 653 2892 concordat.
673 2829 785 2892 'llic
814 2838 963 2891 locus
993 2837 1124 2889 satis
1147 2834 1371 2889 allectus
1408 2841 1487 2885 est
1520 2829 1746 2883 dillicul-

148 2919 256 2973 ter;
289 2910 577 2983 legendum
612 2911 968 2983 suSpicatnnr,
999 2924 1113 2961 cum
1140 2921 1241 2974 quo
1264 2904 1407 2983 nobis
1431 2901 1744 2983 totfuscrbis

145 2973 446 3034 commercio
476 2973 730 3051 formatae,
765 2980 841 3033 uti
885 2980 937 3032 in
968 2995 1070 3031 una
1100 2973 1472 3051 communionis
1499 2973 1743 3051 societate

1844 1217 2058 1259 summo
2103 1204 2357 1273 pontiﬁce
2397 1204 2669 1259 habebant
2720 1201 3179 1258 communionem.
3238 1200 3308 1255 Et
3362 1202 3432 1253 ita

1842 1288 2033 1330 omnes
2077 1276 2262 1331 ﬁdeles
2310 1276 2497 1331 eadem
2529 1275 2913 1330 communione
2945 1273 3301 1337 fruebantur;
3333 1273 3435 1327 hoc

1845 1343 2003 1400 docet
2031 1348 2257 1415 Optatus
2289 1348 2389 1402 hoc
2417 1349 2555 1401 loco.
2587 1346 2817 1401 ALnasr.

1916 1428 2031 1497 (.39)
2072 1427 2382 1481 Commerrio
2412 1426 2771 1497 formularum.
2814 1423 3081 1497 Alisentes
3109 1437 3205 1497 per
3227 1421 3436 1497 _l'or_ma-

1850 1494 1932 1553 tas
1960 1494 2424 1551 coimnunicabani
2464 1515 2477 1549 :
2507 1497 2575 1551 de
2604 1496 2797 1566 quibus
2828 1496 3021 1549 litteris
3050 1495 3265 1563 scripsit
3301 1494 3437 1548 Iler-

1846 1568 2105 1622 nardinus
2130 1566 2620 1637 Ferrarius.ilgitur
2644 1577 2701 1619 ut
2723 1576 2887 1620 staret
2915 1566 3245 1629 communio,
3273 1575 3435 1637 atque

1767 1668 1817 1728 Β
1846 1650 1903 1693 ut
1934 1650 2123 1728 omnes
2152 1636 2398 1717 corporis
2422 1636 2621 1719 Christi
2664 1646 2842 1728 partes
2882 1637 3022 1717 inter
3046 1651 3113 1728 se.
3132 1636 3436 1728 col-uniuni-

1843 1717 2049 1770 carent,
2076 1721 2266 1760 omnes
2294 1708 2528 1776 episcopi
2558 1707 2783 1772 singulis
2823 1707 3000 1772 annis,
3025 1715 3120 1759 aut
3147 1708 3307 1760 etiam
3331 1722 3435 1761 sae-

1844 1782 1961 1848 pius
1999 1778 2205 1831 litteras
2234 1778 2746 1848 conmutnicatorias
2776 1776 2841 1848 ad
2879 1776 3199 1848 pontiﬁcem
3252 1779 3433 1831 mitte-

1843 1844 1993 1913 bant,
2010 1857 2065 1902 ut
2083 1848 2253 1915 plebis
2272 1847 2371 1901 sibi
2390 1848 2611 1902 ereditm
2630 1844 2980 1902 cumChrism
2999 1848 3435 1903 communionem

1845 1924 2081 1975 foverent
2110 1936 2121 1971 :
2159 1918 2217 1971 D.
2256 1919 2582 1987 Augusﬁnus
2611 1927 2797 1973 contra
2813 1917 3160 1973 Cresconium
3190 1918 3329 1972 libro
3355 1935 3435 1980 ut.

1842 1994 2017 2057 capite
2047 1988 2313 2056 34:Quod
2346 1991 2464 2044 hinc
2494 1991 2715 2044 maxime
2751 1989 2997 2043 credibile
3036 1999 3131 2055 est,
3183 1990 3321 2058 quod
3369 1991 3437 2043 ad

1843 2064 1915 2117 Ca
1927 2061 2186 2132 rghaginic
2203 2060 2492 2132 episcopum
2526 2060 2758 2114 Romano
2787 2062 3131 2129 praetermisso
3154 2077 3435 2123 numquam

1848 2128 2121 2187 Orientalis
2149 2128 2415 2184 Catholica
2466 2133 2729 2197 scriberet,
2758 2131 2843 2183 ubi
2890 2133 3068 2185 saltem
3094 2141 3257 2185 vester
3284 2132 3436 2185 scribi

1845 2205 2013 2258 debuit
2043 2218 2189 2271 quem
2243 2202 2414 2256 soletis
2458 2201 2679 2255 Romam
2723 2202 2899 2270 paucis
2946 2208 3124 2256 vestris
3153 2204 3437 2256 mitterem:

1845 2270 2196 2343 Africa.lllud
2221 2272 2523 2326 litterarum
2547 2273 2933 2327 commercium
2956 2282 3167 2343 poterat
3192 2273 3438 2341 frequen-

1847 2342 1945 2400 tari
1997 2345 2137 2399 inter
2177 2351 2407 2397 cmteros
2451 2345 2767 2413 episcopos;
2820 2358 2942 2396 nam
2995 2342 3437 2411 Carthagineusis

1846 2419 2133 2487 cpiscopus
2174 2424 2387 2487 poterat
2418 2414 2699 2487 formatam
2731 2414 2966 2487 dirigere
2995 2422 3050 2468 et
3099 2415 3347 2487 scribere
3366 2414 3433 2468 'ad

1846 2485 2105 2542 Ciesarcre
2134 2485 2444 2551 episcOpum
2472 2502 2487 2551 ;
2514 2485 2606 2540 sed
2640 2485 3004 2553 prietermisso
3032 2485 3286 2554 episcopo
3322 2485 3435 2540 Ro-

1848 2575 2008 2613 manu
2038 2571 2142 2611 non
2176 2567 2403 2624 poterat,
2434 2555 2535 2611 hoc
2564 2566 2667 2621 est,
2696 2555 2765 2609 ab
2786 2554 3043 2625 episcopo
3070 2556 3317 2611 Romano
3342 2554 3441 2610 de-

1848 2629 2030 2683 buerat
2056 2627 2269 2681 discere
2292 2637 2580 2695 antequam
2612 2626 2897 2691 scriberet,
2942 2627 3063 2696 quis
3093 2635 3241 2683 esset
3264 2626 3439 2697 legiti-

1848 2716 1966 2753 tuus
2015 2697 2277 2769 starciu
2303 2698 2617 2769 episcopus
2643 2738 2657 2763 ,
2702 2708 2757 2753 et
2800 2708 2910 2752 tum
2964 2697 3184 2753 demum
3216 2697 3281 2751 ad
3312 2713 3437 2752 eum

1848 2770 2088 2824 scribere
2113 2786 2126 2821 :
2156 2767 2351 2822 deimle
2383 2785 2487 2824 non
2521 2767 2652 2824 erat
2688 2783 2913 2829 necesse
2941 2779 3004 2823 ut
3054 2769 3290 2839 episcopi
3315 2784 3442 2839 mn-

1851 2852 1968 2895 tuas
1999 2841 2098 2895 sibi
2126 2840 2334 2894 litteras
2364 2841 2670 2895 scriberent
2696 2851 2755 2893 ut
2796 2836 3133 2893 communio
3160 2836 3319 2895 inter
3342 2854 3438 2893 cos

1849 2912 2239 2976 celebraretur,
2272 2925 2392 2964 nam
2417 2926 2539 2965 cum
2566 2926 2759 2966 omnes
2781 2926 2902 2965 cum
2944 2924 3159 2965 summo
3187 2909 3442 2980 pontiﬁce

1847 2983 2329 3039 c0mmuuicarent.
2344 2998 2441 3052 per
2457 2983 2601 3035 illam
2617 2983 3054 3038 communionem
3069 2996 3261 3037 omnes
3277 2982 3439 3037 etiam

147 3051 441 3104 concordat.
476 3042 680 3105 'Videat
718 3042 883 3104 lector
919 3064 984 3102 an
1041 3048 1168 3117 quid
1198 3042 1731 3117 extundisententia:
1757 3047 1803 3111 Ο
1845 3054 1986 3109 inter
2011 3068 2068 3108 se
2096 3042 2588 3108 conmunicabant,
2624 3053 2859 3109 Augur,

147 3123 435 3193 verbisque
478 3124 590 3177 Atri
632 3123 796 3193 nostri
840 3122 1015 3193 aptius
1045 3115 1266 3193 omnino
1297 3115 1485 3193 possit.
1521 3116 1729 3193 lianjrq.

214 3184 361 3246 Ibid:
385 3192 608 3247 Damaso
640 3184 1061 3247 Siricius'hodie.
1096 3189 1189 3244 Fr.
1219 3184 1514 3242 Balduinns
1545 3184 1735 3238 scribit

147 3262 245 3316 sibi
296 3263 412 3318 hzec
440 3264 611 3337 videri
644 3278 750 3337 non
782 3262 959 3337 εἶναιιὶ
1004 3274 1147 3323 esse.
1184 3259 1286 3337 sed
1318 3255 1556 3337 alicujus
1576 3254 1734 3337 paulo

146 3344 267 3400 post
288 3349 411 3388 eum
444 3334 750 3403 scriptoris.
786 3326 918 3387 Nam
940 3340 1155 3403 constat
1178 3330 1428 3398 Optatum
1453 3326 1735 3403 scripsisse

147 3398 244 3457 hos
276 3406 439 3461 libros
469 3398 611 3460 circa
643 3420 839 3459 annmn
869 3404 996 3467 570,
1022 3402 1271 3458 Siricium
1292 3415 1419 3451 vero
1454 3398 1601 3451 illum
1626 3411 1734 3467 non

148 3475 310 3530 fuisse
342 3486 582 3531 creatum
607 3480 917 3545 episcopum
944 3466 1070 3545 ante
1089 3487 1290 3545 annum
1320 3470 1448 3545 3385,
1474 3476 1576 3545 etc.
1600 3466 1734 3521 Vide

147 3549 263 3610 cjns
291 3539 1025 3601 tloctiSsitnas'adnoiationes
1049 3544 1102 3598 ι).
1132 3544 1217 3597 ubi
1240 3542 1307 3597 dc
1330 3539 1570 3596 formatis
1589 3553 1734 3608 qum-

146 3617 264 3670 dam
297 3616 913 3673 documenta'invenies.'
934 3615 1161 3670 ALaAsp.

216 3690 335 3757 (36)
379 3690 478 3754 Qui
506 3698 677 3742 uoster
703 3699 779 3743 est
808 3688 996 3740 socius.
1032 3686 1145 3740 Hoc
1175 3699 1369 3757 nomen
1400 3698 1503 3736 non
1531 3690 1611 3733 cst
1638 3694 1735 3757 oo-

147 3751 267 3812 men
302 3751 603 3828 dignitatis,
632 3759 725 3815 sed
755 3759 1033 3811 societatis
1058 3774 1071 3809 :
1100 3755 1549 3828 quemadmodum
1588 3751 1731 3805 enim

148 3844 301 3900 reges
321 3826 383 3884 et
407 3831 681 3900 principes
711 3829 802 3895 qui
832 3844 955 3900 cum
985 3826 1378 3881 mercatoribus
1404 3826 1598 3900 ineunt
1644 3837 1733 3900 so.

146 3895 421 3967 cictatem,
453 3916 514 3955 ac
544 3895 877 3956 mercaturas
904 3899 1107 3953 faciunt
1126 3941 1141 3964 ,
1170 3899 1378 3952 ratione
1402 3895 1543 3949 illius
1564 3895 1735 3967 socie—

147 3974 267 4024 tatis
289 3966 546 4026 dicuntur
564 3972 697 4025 socii
719 3978 1112 4033 mercatorum;
1133 3974 1204 4022 ita
1230 3967 1436 4021 ratione
1462 3966 1735 4019 societatis

147 4050 200 4095 et
229 4044 629 4097 cointnnnimiis
657 4040 1054 4097 Ecclesiasticm
1081 4056 1238 4109 quam
1268 4038 1505 4109 episcopi
1538 4035 1736 4109 habent

147 4127 265 4167 cum
298 4127 513 4167 summo
559 4114 834 4181 pontiﬁce,
865 4108 1118 4166 dicuntur
1164 4111 1279 4180 ejus
1306 4108 1460 4170 Socii,
1491 4108 1735 4177 quamvis

145 4183 405 4253 dignitate
431 4196 485 4239 et
518 4193 783 4253 potestate
833 4183 992 4250 longe
1019 4183 1145 4253 Asint
1171 4181 1474 4234 inferiores.
1506 4182 1731 4253 Atmsr.

215 4250 335 4326 (57)
379 4256 475 4322 Qui
501 4250 669 4308 uoster
689 4265 762 4309 est
789 4254 973 4307 socius.
1004 4250 1137 4326 Cum
1166 4268 1271 4322 quo
1291 4251 1734 4326 conmitmioncin

152 4322 412 4380 habemus
433 4343 495 4380 ac
530 4343 622 4394 per
650 4342 772 4381 eum
800 4340 921 4379 cum
949 4324 1201 4379 omnibus
1252 4323 1373 4375 aliis
1423 4322 1693 4389 episcopis
1720 4362 1732 4383 ,

146 4398 232 4465 qui
265 4413 363 4468 per
391 4399 647 4467 epistolas
680 4440 693 4459 ,
727 4406 783 4450 ut
822 4396 1130 4468 appellant,
1181 4394 1437 4468 formatas
1465 4408 1586 4468 cum
1622 4395 1738 4468 ipso

148 4462 571 4523 coni'ixiiinicaiit.
633 4470 705 4523 Ita
756 4462 971 4522 cSt’una
1004 4466 1266 4529 Ecclesia,
1298 4479 1399 4517 uua
1447 4462 1736 4525 cathedra,

149 4556 310 4593 unum
362 4542 762 4603 sacerdotium,
807 4548 935 4602 etc.,
985 4536 1105 4606 quia
1135 4536 1399 4600 ecclesiae,
1445 4534 1736 4606 cathedrae,

154 4610 462 4666 sacerdotes
487 4612 820 4681 singulorum
845 4610 1083 4663 locorum
1110 4622 1269 4681 unam
1291 4606 1624 4660 c0nslilunttt
1644 4605 1742 4657 Ec-

154 4681 376 4735 clesiant
404 4677 761 4737 universalem
787 4722 801 4743 ,
829 4696 988 4734 unam
1015 4677 1323 4733 cathedram
1354 4692 1692 4731 communem
1724 4716 1738 4739 ,

157 4767 320 4805 unum
355 4752 739 4817 sacerdotium,
786 4753 936 4820 cujus
964 4766 1088 4821 pars
1126 4753 1177 4805 in
1206 4748 1433 4803 Solidum
1467 4765 1493 4800 a
1521 4747 1742 4816 singulis

154 4832 397 4877 tenetur.
416 4826 490 4879 Do
523 4825 636 4878 PIN.

221 4915 336 4985 (58)
376 4914 534 4968 Totus
565 4915 720 4968 orbis.
764 4913 949 4967 Totius
980 4911 1239 4967 Ecclesia:
1284 4928 1385 4967 una
1426 4911 1585 4966 debet
1613 4925 1735 4965 esse

150 4984 456 5040 ctunmnnio
482 5006 494 5041 :
524 4997 577 5040 et
607 4986 1059 5053 quemadmodum
1108 4984 1345 5039 Ecclesia
1387 5001 1504 5054 qtne
1538 4999 1630 5051 per
1655 4994 1735 5035 to-

155 5067 260 5110 tum
285 5059 472 5111 oibem
506 5070 587 5113 est
624 5056 835 5123 dillusa,
870 5073 1030 5109 unum
1083 5058 1362 5111 constituit
1408 5070 1630 5123 corpus;
1661 5054 1731 5107 ita

153 5144 335 5182 omnes
366 5130 511 5184 illius
540 5128 783 5197 corporis
814 5142 989 5197 partes
1012 5128 1149 5181 inter
1173 5144 1230 5181 se
1251 5143 1465 5197 semper
1490 5142 1726 5180 commu-

156 5200 333 5254 nicare
389 5200 628 5254 debent:
665 5202 972 5253 huCautem
1024 5200 1151 5253 olim
1210 5215 1302 5266 per
1354 5200 1727 5265 CDiSCOpUI‘lIlll

155 5272 587 5325 conitnttuioncut
637 5286 756 5324 cum
805 5286 1015 5324 summo
1071 5272 1317 5337 pontiﬁce
1366 5272 1523 5325 ﬁebat
1559 5285 1573 5331 ;
1606 5283 1727 5321 nam

157 5359 341 5396 omnes
392 5343 575 5397 ﬁdeles
608 5359 725 5394 cum
757 5345 865 5394 suis
901 5344 1203 5410 pas'oribus
1234 5344 1285 5395 in
1320 5344 1495 5396 miss-c
1528 5341 1734 5393 sacrili-

160 5415 240 5466 Cio
266 5414 765 5475 ciitutuuniCaIiaut;
821 5426 1064 5479 n..sturcs
1112 5423 1288 5466 autem
1334 5430 1453 5463 (‘lllll
1487 5414 1597 5464 suis
1625 5413 1737 5479 Cpi-

161 5486 355 5551 Scopis,
390 5493 479 5535 aut
509 5484 719 5535 ratione
749 5481 1037 5543 missionis,
1069 5496 1161 5536 aut
1212 5499 1303 5550 per
1338 5483 1587 5550 Eulogius
1618 5500 1735 5550 qua:

162 5553 224 5606 ad
255 5569 348 5605 eos
381 5553 750 5617 mittebantur,
792 5565 883 5605 aut
914 5568 1008 5620 per
1059 5554 1490 5617 archidiaconus,
1518 5565 1607 5607 aut
1637 5555 1734 5609 dc-

167 5625 317 5693 niquc
348 5623 401 5678 in
452 5624 673 5689 synodis
724 5624 1160 5695 communionem
1213 5625 1577 5679 celebrabant.
1616 5627 1740 5695 Epi-

166 5697 304 5765 scopi
350 5695 587 5764 denique
656 5710 748 5764 per
794 5694 999 5751 litteras
1043 5696 1549 5751 communicatorias
1615 5694 1737 5751 cum

1860 3193 1865 3204 .
1911 3146 2043 3201 Ibid.
2079 3144 2394 3199 Commercio
2426 3146 2781 3214 formularum.
2822 3146 2895 3200 De
2925 3144 3172 3199 formatis
3197 3153 3322 3214 post
3359 3153 3439 3201 ιοι

1838 3218 1983 3271 viros
2014 3217 2201 3271 doctos
2224 3257 2239 3280 ,
2288 3218 2377 3282 qui
2411 3218 2513 3271 hoc
2545 3224 2923 3285 argumentum
2956 3216 3071 3271 fuse
3101 3226 3439 3282 tractarunt,

1839 3303 1944 3342 non
1967 3297 2050 3342 est
2076 3288 2218 3355 quod
2244 3302 2342 3341 nos
2371 3286 2459 3341 hic
2484 3288 2799 3359 quidquam.
2830 3286 2938 3343 Res
2962 3295 3092 3359 nota
3116 3296 3199 3343 est
3225 3305 3237 3340 :
3263 3301 3440 3359 neque

1840 3359 1995 3414 nobis
2020 3359 2156 3414 alios
2179 3359 2542 3414 transcribere
2574 3358 2661 3413 hic
2696 3358 2930 3414 animus.
2960 3358 3030 3414 Μ.
3060 3359 3290 3414 ΟΑεΑυιι.

1914 3450 2032 3518 (40)
2078 3450 2276 3505 Vestra!
2303 3450 2579 3504 cathedrae.
2616 3449 2741 3505 Sua:
2772 3450 3039 3505 rationem
3091 3457 3147 3505 et
3167 3450 3434 3520 Origine"!

1839 3523 2078 3577 edidisse
2110 3521 2326 3576 videtur
2365 3521 2625 3590 Optatus,
2668 3520 2884 3590 quando
2914 3522 3327 3576 Parmeniannm
3371 3521 3439 3575 ad

1839 3594 1889 3647 id
1924 3594 2226 3649 faciendum
2263 3592 2453 3647 invitet
2487 3602 2541 3647 ct
2583 3592 2914 3660 compellat:
2947 3591 3049 3645 hoc
3079 3600 3257 3645 autem
3312 3592 3443 3647 fecit

1838 3665 2065 3731 Optatos
2111 3664 2358 3719 docendo
2406 3677 2465 3717 se
2489 3679 2610 3717 cum
2654 3678 2867 3716 summo
2898 3661 3156 3731 pontiﬁce
3184 3677 3435 3717 commu-

1840 3738 2055 3790 nionem
2090 3735 2286 3789 habere
2317 3745 2370 3788 et
2404 3733 2727 3801 participare
2758 3746 2880 3786 cum
2916 3733 3085 3801 prima
3128 3732 3217 3787 illa
3246 3734 3437 3789 cathe—

1838 3807 1930 3861 dra
1964 3823 2081 3872 qin-
2107 3821 2211 3859 una
2243 3814 2344 3859 cst.
2389 3805 2576 3874 Itaque
2619 3819 2687 3859 ex
2742 3804 2938 3858 smnmi
2980 3804 3249 3874 pontiﬁcis
3289 3820 3435 3858 eom-

1840 3878 2093 3931 nmnione
2124 3877 2230 3929 duo
2253 3873 2732 3945 possuut'deduci:
2764 3875 3075 3943 episcopum
3124 3873 3437 3930 schismati-

1837 3964 1957 4001 cum
1985 3963 2089 4001 non
2116 3962 2237 4002 esse
2256 3988 2271 4011 ,
2296 3963 2507 4017 unaque
2534 3956 2588 4001 et
2616 3946 2853 4016 legitima
2885 3960 3009 4001 eum
3053 3946 3130 4003 uti
3174 3955 3442 4015 potestate

1837 4031 1888 4074 et
1918 4019 2192 4073 missione.
2226 4019 2454 4074 ALBASP.

1912 4110 2024 4181 (4|)
2071 4111 2176 4165 Sed
2200 4121 2244 4164 et
2275 4111 2457 4165 habere
2476 4120 2563 4165 vos
2583 4112 2643 4181 in
2666 4109 2791 4164 urbe
2825 4108 3013 4164 Roma.
3046 4109 3199 4177 Quod
3235 4110 3443 4166 scirent

1843 4180 2136 4236 Donatista:
2176 4183 2294 4237 sine
2329 4182 2600 4251 pontiﬁcis
2636 4180 2865 4247 Romani
2906 4183 3289 4236 communione
3331 4182 3437 4237 Ec-

1839 4256 2055 4309 clesiam
2089 4269 2149 4308 se
2176 4253 2400 4317 habere,
2429 4266 2481 4307 et
2510 4254 2562 4308 in
2595 4268 2655 4307 ea
2685 4267 2807 4306 esse
2838 4266 2943 4305 non
2970 4267 3149 4321 posse.
3180 4259 3341 4320 atque
3368 4254 3437 4307 ab

1840 4326 1955 4393 cjns
1988 4326 2371 4379 communione
2410 4334 2467 4379 ut
2515 4324 2753 4379 hzcretici
2786 4323 3019 4391 separati
3066 4332 3282 4387 essent;
3316 4323 3437 4386 ideo

1769 4428 1815 4487 ι)
1843 4400 2167 4487 ίέ¹¹Ῑῗ⁰⁰,¹ἶ¹¹¹ῑ’.
2183 4412 2257 4487 9’5
2276 4395 2400 4487 5"}?
2416 4394 2988 4487 ΒἾΨἾἿῙῘῘἾΨῩΞΜἯ
3020 4394 3433 4487 ἓξὲοῗῗίένξξῧῖ

1842 4482 1969 4521 cere
2016 4483 2077 4521 se
2129 4464 2314 4522 Iiomm
2342 4466 2543 4521 habere
2573 4467 2909 4535 episcopum,
2933 4474 2987 4519 et
3015 4480 3137 4519 cum
3181 4466 3438 4535 episeopo

1844 4537 2089 4592 Romano
2120 4555 2178 4592 se
2209 4540 2645 4592 communionem
2671 4536 2892 4591 habere.
2926 4535 3038 4591 Hoc
3069 4544 3211 4605 patet
3234 4552 3301 4590 ex
3332 4536 3437 4592 hoc

1849 4612 1966 4663 loco
2018 4619 2074 4663 et
2122 4625 2186 4665 ex
2237 4609 2526 4664 collatione
2563 4608 2901 4675 Carthaginis
2950 4608 3001 4661 in
3042 4622 3146 4676 qua
3179 4605 3436 4662 volebant

1848 4682 2388 4751 pseudo-episcopum
2427 4696 2581 4734 suum
2620 4680 2922 4751 Romanum
2974 4680 3237 4732 interesse
3262 4718 3277 4741 ,
3310 4695 3435 4746 qua:

1846 4768 1933 4805 res
1966 4754 2313 4807 vehementer
2353 4753 2574 4806 deberet
2606 4750 2889 4804 hmrcticos
2934 4758 3149 4803 nostros
3188 4764 3435 4805 commo-

1847 4838 1994 4886 vere,
2029 4826 2116 4892 qui
2154 4825 2417 4890 pootiﬁcis
2443 4823 2817 4877 auctoritatem
2849 4819 3092 4873 minuere
3120 4830 3387 4892 conantur
3418 4838 3430 4874 :

1846 4891 2101 4950 cauerint:
2138 4906 2260 4949 nota
2295 4894 2513 4948 verbum
2548 4892 2677 4945 illud
2723 4901 2919 4959 partem
2949 4892 3152 4956 habere,
3187 4891 3287 4945 hoc
3310 4901 3431 4955 est‘,

1839 4968 2273 5021 communionem
2310 4965 2550 5018 habere:
2583 4979 2703 5016 cum
2734 4963 2874 5015 enim
2910 4963 2961 5015 iu
2996 4962 3254 5017 missione
3286 4963 3434 5017 ordi-

1840 5054 2047 5101 namus,
2084 5039 2313 5091 dicimus
2342 5046 2533 5101 partem
2575 5051 2689 5087 cum
2713 5034 2774 5086 iis
2803 5033 3089 5100 habituros,
3116 5034 3435 5103 pollicemur

1838 5125 1930 5162 eos
1966 5109 2243 5163 habituros
2268 5105 2706 5159 communionem
2755 5120 2877 5159 eum
2935 5106 2999 5159 iis
3050 5104 3306 5161 omnibus
3341 5107 3431 5173 qui

1836 5178 1976 5233 bene
2009 5180 2453 5232 ministraverunt
2482 5177 2548 5229 ah
2584 5174 2761 5229 initio.
2796 5175 3028 5231 ALBASP.

1908 5273 2020 5345 (42)
2071 5272 2264 5325 Romus
2296 5280 2382 5345 cst_
2398 5268 2548 5324 vestri
2580 5269 2788 5345 erroris.
2810 5268 2929 5345 Hoc
2950 5277 3055 5333 est,
3082 5268 3172 5323 ille
3199 5268 3428 5335 pseudo-

1836 5340 2122 5416 ρρῐείιυιηις
2152 5357 2312 5412 quem
2353 5342 2544 5416 [liniue
2568 5340 2945 5416 constituistis,
2970 5351 3064 5416 est
3094 5353 3276 5416 ramus
3306 5355 3433 5416 pro:

1838 5412 2028 5471 ductus
2066 5430 2128 5468 ex
2156 5427 2347 5479 trunco
2378 5413 2577 5467 erroris
2605 5413 2773 5465 vestri
2808 5421 2863 5466 et
2905 5412 3213 5466 schismatis
3234 5452 3249 5477 ,
3287 5412 3429 5477 quod

1836 5501 1919 5543 est
1954 5489 2001 5540 in
2032 5484 2242 5543 Africa;
2279 5501 2385 5537 non
2424 5494 2505 5537 est
2549 5484 2723 5541 radix.
2752 5482 2844 5536 sed
2878 5498 3078 5537 ramus.
3113 5482 3274 5549 Atqui
3311 5482 3428 5551 epi-

1840 5560 1988 5626 scopi
2006 5559 2229 5611 llomani
2248 5573 2352 5610 non
2367 5564 2495 5610 sunt
2515 5556 2661 5609 missi
2687 5554 2754 5626 ab
2775 5554 2954 5622 aliquo
2969 5571 3075 5607 non
3093 5572 3106 5617 ;
3123 5564 3245 5626 sunt
3270 5555 3428 5626 rami,

1841 5624 1950 5685 sed
1982 5641 2107 5683 sunt
2158 5629 2313 5683 radix
2347 5643 2362 5682 :
2394 5628 2574 5681 caueri
2603 5626 2670 5679 ab
2699 5625 2778 5679 eis
2806 5633 3027 5678 manant
3078 5633 3132 5677 ct
3160 5624 3422 5693 originem

1840 5704 2063 5766 ducunt,
2097 5701 2170 5754 illi
2192 5715 2221 5753 tl
2254 5699 2399 5753 nullo
2427 5698 2691 5751 oriuntur.
2727 5700 2951 5750 ALBASP.
