3848 6220
399 162 505 223 9ὄῦ

1556 124 1559 125 ί
1600 164 1840 222 SANCTI
1880 165 2132 224 OP'i‘A'l‘l
2171 168 2475 227 EPISCOPI

3562 167 3686 228 956

400 297 518 339 eam
540 278 825 355 qunm‘dam
850 279 981 335 foris
1010 294 1037 333 a
1060 279 1303 346 civitate,
1336 279 1458 350 (74)
1484 277 1772 343 cratibus.a
1794 295 1979 349 sepse—
2003 286 2056 343 A
2082 286 2167 338 cui
2194 300 2222 338 a
2255 284 2468 339 Christo
2487 283 2688 339 dictum
2720 291 2837 340 est:
2871 282 2962 338 tibi
2990 283 3119 337 dabo
3137 284 3322 339 claves
3348 287 3494 358 regni
3520 286 3686 339 coelo-

404 371 551 439 i-unt,
581 374 695 446 (2.5)
737 372 826 427 tibi
865 372 981 441 ipso
1022 380 1264 441 tempore
1293 372 1732 427 conventiculum
1784 372 1983 427 habere

404 466 736 537 potuissent:
766 450 876 533 (76)
911 461 1051 517 unde
1079 462 1385 517 Montenses
1412 464 1663 533 appellati
1696 474 1822 517 sunt
1843 464 1979 535 (77).

400 557 582 629 Igitur,
605 557 725 627 quia
754 553 1078 611 Claudianus
1108 553 1366 620 Luciano,
1392 553 1658 610 Lucianus
1682 554 1976 623 Macrobio,

394 648 500 722 35
517 647 814 703 Macrobius
836 644 1115 716 Encolpio,
1139 645 1430 717 Encolpius
1452 645 1744 707 Bonifacio,
1772 646 1978 701 Bonifa-

392 738 714 797 ciusVictori
739 738 1068 794 successisse
1089 736 1337 793 videntur
1357 757 1369 795 :
1396 738 1440 793 si
1461 738 1658 794 Victori
1680 736 1974 803 diceretur,

394 834 483 891 ubi
510 832 741 888 sederit?
770 845 868 887 nec
888 838 1015 886 ante
1044 844 1103 885 se
1131 830 1363 899 aliquem
1388 830 1497 885 illic
1525 829 1687 888 fuisse
1718 839 1974 884 monstra-

392 936 496 992 ret,
530 940 628 981 nec
667 924 973 979 cathedram
1024 923 1276 993 aliquam,
1311 924 1413 978 nisi
1445 923 1761 993 pestilentiae
1789 932 1974 977 osten-

390 1017 562 1074 deret.
591 1015 898 1071 Pestilentia
920 1015 1062 1071 euim
1080 1014 1283 1069 morbis
1313 1014 1608 1070 exstinctos
1638 1015 1881 1069 homines
1908 1013 1974 1067 ad

394 1108 593 1164 inferos
624 1108 806 1173 mittit,
840 1105 928 1177 qui
962 1104 1118 1160 inferi
1148 1114 1476 1175 portas‘suas
1517 1106 1715 1161 habere
1746 1102 1977 1169 noscun-

392 1209 508 1265 tur;
539 1208 725 1255 contra
772 1213 904 1269 quas
944 1208 1160 1268 portas,
1190 1196 1305 1267 (78)
1336 1197 1515 1262 claves
1539 1197 1804 1253 salutares
1826 1196 1854 1236 ιδ
1883 1180 1972 1252 ac-

388 1293 597 1363 cepisse
620 1290 844 1363 legimus
865 1290 1105 1356 Petrum,
1131 1289 1427 1360 principem
1454 1289 1662 1346 scilicet
1687 1299 1971 1356 nostrum;

2086 390 2201 427 rum
2222 415 2237 439 ,
2270 384 2316 427 et
2342 384 2504 445 parite
2529 376 2809 445 inferorum
2836 391 2936 429 non
2962 376 3160 429 vincent
3181 391 3287 429 eas.
3324 375 3503 446 (Matt.
3526 374 3681 445 xu.)

2161 464 2221 519 V.
2279 463 2558 519 Donatista:
2610 466 2844 521 scissuras
2884 473 3112 519 auctores
3164 465 3304 533 pacis
3347 465 3562 523 inimici.
3595 496 3685 507 ——

2088 553 2240 611 Unde
2267 563 2349 609 est
2394 566 2520 624 ergo
2576 554 2716 623 qttod
2745 556 2925 611 claves
2970 554 3119 625 regni
3162 556 3423 612 ctelorum
3456 567 3479 595 ο
3513 558 3685 613 vobis

2089 658 2345 715 usurpare
2357 643 2702 710 contenditis,
2721 646 2809 715 qui
2833 646 3147 715 (79)contra
3170 645 3483 702 cathedram
3502 648 3682 714 Petri,

2084 736 2273 792 vestris
2310 736 2815 806 prmsumptionibus
2845 747 2899 792 et
2926 736 3185 804 andaciis,
3218 738 3502 811 sacrilegio
3527 743 3685 797 miti»

2076 826 2200 882 tatis
2222 826 2244 880 l
2270 824 2652 883 beatitudinem
2698 826 3063 897 repndiantes,
3090 844 3193 899 qua
3219 828 3423 885 laudari
3453 833 3679 897 meruit,

2075 920 2163 990 qui
2193 935 2293 972 non
2312 918 2431 972 abiit
2459 920 2510 972 in
2540 918 2756 973 concilio
2777 920 3076 991 impiorum,
3101 930 3147 974 et
3172 921 3224 974 in
3245 922 3327 976 tria
3346 931 3683 992 peccatorum

2077 1025 2179 1064 non
2208 1011 2362 1076 stetit,
2389 1017 2435 1063 et
2458 1010 2511 1062 in
2537 1006 2779 1063 caihedra
2799 1011 3099 1082 pestilentiw
3129 1010 3155 1050 ἀ
3182 1028 3283 1067 non
3322 1015 3451 1070 sedit
3483 1014 3601 1085 (Ps.
3632 1031 3678 1081 ι,

2080 1104 2158 1173 1).
2208 1102 2262 1156 in
2316 1102 2542 1157 consilio
2578 1102 2869 1172 impietatis
2897 1102 3029 1157 itum
3057 1114 3141 1159 est
3162 1120 3192 1159 a
3224 1104 3520 1176 majoribus
3547 1122 3681 1162 ves-

2079 1196 2196 1261 tris,
2229 1204 2283 1248 ut
2312 1194 2641 1249 divideretur
2672 1193 2914 1250 Ecclesia
2944 1205 2988 1249 ο.
3023 1195 3265 1252 lnierunt
3288 1196 3309 1235 τ
3346 1201 3507 1254 etiam
3540 1214 3677 1270 pec-

2077 1296 2317 1344 catorum
2358 1289 2521 1353 viam,
2573 1285 2700 1342 dum
2751 1285 3023 1344 Christum
3067 1289 3251 1360 partiri
3302 1292 3484 1347 conati
3521 1300 3672 1358 sunt,

1620 1422 2005 1479 LECTIONES
2044 1386 2461 1478 VARIANTES.

451 1537 585 1605 {Ita
605 1539 652 1605 in
676 1550 767 1605 ras.
790 1537 845 1587 S.
864 1534 1118 1605 G_._melius
1136 1546 1283 1605 quam
1310 1534 1359 1584 id
1382 1532 1523 1605 quod
1545 1533 1760 1605 habetur
1776 1538 1826 1585 in
1850 1532 1964 1605 mss.
1998 1546 2046 1605 Β

387 1602 443 1652 S.
468 1602 530 1674 Τά
550 1610 601 1653 et
618 1597 1043 1664 P-S.gradibus;
1078 1594 1172 1648 nec
1208 1599 1337 1648 enim
1358 1594 1592 1662 gradibus
1616 1599 1667 1650 tit
1683 1612 1851 1662 sepes,
1876 1598 1963 1647 sed

388 1663 672 1799 “(bamus
698 1724 749 1773 S.
1130 1786 1169 1799 ,Α

454 1792 476 1820 ο
514 1787 586 1839 Ita
610 1788 659 1837 in
682 1788 836 1837 ms.S.
865 1786 924 1836 G.
948 1786 1105 1836 Deest
1128 1786 1175 1834 in
1192 1781 1317 1833 aliis.

2135 1530 2163 1572 ιι
2196 1532 2255 1598 In
2277 1547 2367 1584 ms.
2388 1533 2439 1584 S.
2466 1532 2524 1584 G.
2551 1531 2896 1598 pestilentium,

2144 1598 2178 1668 °A
2201 1596 2273 1668 ita
2291 1598 2339 1668 iu
2360 1596 2587 1668 omnibus
2610 1610 2724 1646 mss.
2750 1610 2873 1661 quos
2897 1596 3121 1648 vidimus.
3147 1597 3202 1648 In
3225 1598 3396 1664 editis,
3415 1605 3467 1651 ut
3490 1599 3678 1653 diuide-

2072 1665 2180 1710 rent
2202 1657 2480 1708 Ecclesiam.
2769 1657 2780 1661 ⁷
3380 1657 3394 1664 ⁷
3590 1672 3593 1675 ί

2141 1720 2161 1759 f
2201 1720 2255 1771 In
2279 1720 2441 1781 editis,
2468 1718 2675 1784 inerunt,
2695 1722 2856 1771 minus
2876 1720 3029 1772 bene.

1700 1866 2062 1931 VARIORUM
2100 1868 2337 1926 NOTAE.

395 1971 683 2041 poscebat;
714 1966 808 2023 sed
839 1964 1096 2041 Optatos,
1126 1964 1215 2034 qui
1241 1962 1471 2041 fortasse
1502 1961 1734 2041 penitius
1765 1970 1919 2041 norat
1944 2003 1959 2028 ,

392 2033 609 2098 saeuius
633 2049 719 2095 est
745 2033 947 2093 more'm
970 2033 1293 2105 modumque
1314 2034 1563 2103 loquendi
1590 2035 1845 2089 usitatum
1868 2033 1965 2087 b.1-

395 2113 479 2180 nis’
504 2110 890 2180 scriptoribus,
916 2123 1073 2175 «ptem
1103 2106 1437 2180 mutationem
1466 2117 1751 2180 temporum
1778 2106 1830 2158 in
1848 2121 1970 2180 uer-

394 2176 491 2249 bis,
517 2175 641 2237 licet
666 2182 824 2249 nobis
854 2180 1165 2250 indigitare,
1205 2192 1239 2250 _a
1284 2176 1539 2250 Diomede
1566 2176 1959 2250 Gratriiii:ttices

395 2244 490 2309 lib.
525 2266 563 2307 tl
593 2246 731 2308 inter
775 2244 993 2320 species
1031 2247 1320 2304 soluscismi
1363 2247 1612 2302 relatum.
1688 2248 1778 2301 Sie
1822 2244 1965 2301 idem

392 2324 618 2393 Optatus
662 2322 907 2393 potuisset
937 2334 1033 2390 pro
1058 2320 1280 2393 potuerit
1317 2326 1571 2393 usurpat:
1602 2321 1827 2393 facerent
1871 2333 1967 2393 pro

393 2388 673 2465 fecissent,
723 2388 1004 2448 intraverat
1035 2388 1153 2465 pro
1180 2391 1505 2465 intrauisset,
1552 2397 1655 2445 etc.
1708 2388 1829 2465 Ilaie
1881 2388 1966 2465 cui

393 2459 581 2519 Afrum
610 2477 803 2534 sapere
826 2504 839 2527 ,
868 2473 957 2517 aut
984 2459 1107 2534 esse
1131 2460 1379 2531 fugienda
1427 2462 1593 2534 instar
1623 2459 1824 2534 scopuli
1846 2499 1862 2524 ,
1896 2459 1967 2513 ita

390 2535 535 2591 enim
587 2530 877 2604 loquuntur
916 2532 1154 2604 solentes
1196 2530 1688 2604 ’gramrnaticastri,
1731 2530 1809 2604 illi
1844 2544 1969 2597 par-

393 2608 503 2660 vuli
524 2646 538 2668 ,
573 2602 841 2671 videntur,
872 2604 984 2667 ille,
1019 2618 1106 2659 me
1126 2602 1345 2671 judice,
1391 2604 1684 2656 recentium
1715 2602 1972 2656 observa-

398 2688 575 2732 torum
607 2677 773 2731 libros
797 2675 1047 2733 evolvat.
1090 2673 1310 2728 habebit
1334 2688 1445 2742 quo
1466 2672 1823 2737 mutare'velit
1850 2686 1975 2725 sen-

396 2748 636 2802 tentiam.
673 2746 989 2801 Nominutim
1024 2746 1182 2801 Laur.
1214 2744 1454 2809 Vallum,
1490 2744 1581 2798 lib.
1614 2760 1671 2798 tit
1692 2783 1707 2807 ,
1738 2742 1969 2812 Elegan-

397 2817 755 2884 tiar.cap.48;
783 2817 1116 2887 Barrientum
1142 2815 1290 2887 sylva
1309 2817 1717 2869 annotationum
1737 2826 1855 2882 cap.
1886 2814 1968 2887 It);

401 2882 739 2945 Bernarlium
767 2888 831 2941 ad
872 2886 1147 2954 Papinium
1171 2882 1391 2954 'majore
1420 2893 1614 2940 conatu
1638 2926 1654 2950 ,
1684 2898 1841 2954 quam
1882 2882 1972 2938 ei-

401 2959 547 3013 fcctu
581 2960 922 3025 illustratum;
951 2955 1067 3013 Val.
1100 2958 1398 3012 Aeidaiium
1429 2958 1496 3010 ad
1519 2957 1759 3011 Curtium
1785 2955 1875 3009 lib.
1902 2970 1968 3025 _v;

399 2998 922 3087 h.URili;;Sliitsiltltil’
952 2998 1357 3098 aii-Ligurinum
1379 2998 1723 3083 Guoteri'lib.
1748 3040 1787 3093 t,
1810 3040 1860 3080 e.
1889 3023 1923 3077 4
2006 2998 2051 3061 C

400 3102 708 3157 Albericum
738 3100 1004 3156 Gentilem
1030 3100 1096 3154 ad
1116 3097 1220 3153 lib.
1257 3115 1270 3153 ι
1309 3097 1570 3165 Maccab.,
1600 3108 1656 3153 et
1679 3098 1817 3152 alios
1841 3111 1975 3168 quo-

404 3189 523 3228 rum
557 3187 653 3228 nos
677 3172 891 3226 numina
923 3172 1200 3225 nominare
1232 3170 1499 3224 nolumus.
1535 3170 1739 3224 Bsnrn.

476 3246 591 3317 (74)
625 3242 880 3317 Gradibus
908 3251 1171 3317 sepserunt
1188 3282 1204 3307 ,
1235 3250 1341 3317 etc.
1362 3238 1633 3317 gradibus
1653 3240 1830 3309 sepire
1849 3239 1976 3317 quid

402 3311 616 3370 sit‘non
672 3315 800 3368 satis
839 3313 1022 3381 capio,
1058 3313 1156 3384 nisi
1178 3314 1319 3384 quod
1343 3312 1409 3365 de
1430 3312 1683 3384 gradibus
1715 3326 1821 3364 non
1849 3311 1979 3384 alin-

403 3400 531 3439 ntnn
558 3426 572 3447 .
602 3380 1067 3454 quibusol‘ortasse
1106 3380 1420 3454 descensus
1442 3383 1499 3437 in
1528 3385 1860 3454 speluncam.
1906 3380 1977 3436 At

400 3458 564 3511 muris
586 3452 677 3511 aut
702 3455 924 3509 cratibus
958 3452 1465 3525 (qitodwaliquando
1496 3453 1867 3525 reponendum
1890 3454 1976 3507 hic

401 3528 614 3597 putivi)
644 3529 810 3597 sepire
838 3523 1051 3595 proprie
1088 3525 1301 3597 dicitur.
1334 3523 1615 3597 Apponam
1644 3525 1819 3597 locum
1849 3523 1978 3597 Ser:

400 3594 469 3652 vii
496 3641 510 3664 ,
539 3594 627 3669 qui
660 3594 764 3651 nini
793 3594 1003 3669 alienus
1043 3598 1111 3669 ab
1154 3597 1257 3669 hoc
1282 3596 1423 3669 loco.
1458 3595 1679 3651 Servius
1710 3594 1973 3669 igitur_ad

403 3670 490 3723 illa
521 3666 727 3739 Virgilii
770 3666 860 3723 lib.
929 3683 977 3720 iv
1024 3667 1284 3739 Eneidos
1318 3683 1333 3721 :
1362 3666 1572 3721 Centum
1599 3682 1719 3720 aras
1750 3666 1917 3739 posuit
1958 3681 1978 3720 :

404 3739 545 3805 Alii,
580 3734 780 3810 inquit,
812 3740 1055 3809 temptant
1085 3738 1289 3810 dicunt.
1327 3753 1431 3791 non
1457 3739 1624 3810 solum
1650 3734 1786 3810 quod
1817 3747 1977 3810 potest

402 3812 592 3870 claudi.
613 3808 784 3864 verum
798 3808 948 3864 etiam
967 3809 1103 3878 quod
1120 3809 1253 3881 palis
1268 3817 1357 3863 aut
1379 3809 1557 3873 hastis,
1586 3818 1671 3861 aut
1694 3808 1867 3881 aliqua
1884 3808 1978 3881 triti

399 3896 455 3935 re
482 3892 525 3934 et
554 3882 700 3935 lineis
722 3890 808 3935 aut
829 3876 1265 3949 loris,autzsimili
1285 3896 1339 3933 re
1365 3888 1666 3951 septumest,
1691 3876 1827 3948 quod
1850 3876 1978 3944 eﬂ'a-

402 3960 507 4005 tum
534 3963 624 4006 est.
646 3954 716 4006 ita
739 3960 1003 4021 postrema
1020 3953 1180 4006 verba
1198 3950 1681 4021 emettdatillusﬁtris
1694 3962 1746 4004 et
1760 3959 1978 4006 :cterna:

402 4026 657 4077 memoria:
707 4020 865 4078 heros
908 4021 1172 4091 Jnsepltus
1197 4022 1431 4091 Scaliger
1457 4023 1521 4075 ad
1551 4020 1767 4075 FeStum
1798 4037 1849 4087 p.
1883 4021 1975 4085 88,

402 4109 524 4147 enin
558 4105 713 4147 antea
748 4095 1013 4163 legeretur
1053 4105 1097 4147 et
1126 4097 1317 4164 factum
1343 4103 1435 4148 est.
1466 4092 1617 4158 Quod
1647 4092 1721 4146 ait
1751 4092 1977 4164 Optatos

402 4168 515 4235 ipso
548 4161 950 4236 tempore,niltil
974 4178 1109 4236 opus
1128 4161 1245 4218 erat
1267 4161 1975 4236 Barthiauaemendatione,

402 4233 620 4317 tini‘pro
650 4233 870 4317 tempore
887 4235 1023 4317 legit
1058 4237 1470 4317 ips‘omteutpore,.
1490 4234 1632 4317 valet
1656 4250 1717 4317 eo
1742 4233 1826 4313 vel
1856 4235 1971 4286 isto.

406 4306 477 4358 Ita
500 4308 724 4373 Optatos
751 4304 861 4375 ipse
886 4306 977 4359 lib.
1005 4320 1023 4359 t
1056 4304 1087 4358 εὴ
1107 4304 1351 4375 Oﬁicialis
1384 4306 1617 4371 publicus
1662 4304 1821 4373 ipsius
1852 4312 1977 4375 tem-5

2069 1964 2370 2036 facilitatem
2389 1964 2551 2027 solvi;
2579 1964 2682 2017 imo
2707 1965 2751 2017 si
2773 1964 3002 2028 arbores,
3028 1964 3209 2035 glebis,
3235 1982 3365 2021 saxa
3384 1984 3539 2022 sensu
3559 1972 3676 2023 ani-

2070 2035 2210 2088 mata
2232 2035 2396 2099 vitali,
2428 2037 2564 2089 uocis
2585 2036 2809 2089 sonitum
2827 2038 3029 2105 quirent
3065 2046 3111 2089 et
3137 2037 3407 2091 verborum
3429 2041 3677 2094 articulos

2069 2107 2343 2176 integrare.
2370 2108 2468 2171 Qui
2493 2106 2643 2161 locus
2669 2121 2697 2161 a
2728 2105 3042 2161 doctissimo
3063 2108 3253 2162 critico
3286 2110 3671 2165 sollicitandus

2073 2192 2176 2253 non
2219 2178 2351 2240 fuit,
2397 2176 2653 2253 mutando
2699 2178 2977 2245 potuissent
3025 2178 3076 2231 in
3120 2181 3413 2253 petissent.
3448 2180 3540 2235 Sic
3580 2198 3675 2253 po-

2072 2246 2788 2333 tuissentusprpatOpiatus,
2813 2263 2910 2331 pro
2930 2246 3208 2319 potuerint,
3244 2265 3365 2333 pag:
3386 2252 3491 2333 1‘5;
3526 2246 3670 2333 {ace-

2071 2328 2187 2373 rent
2232 2334 2326 2387 pro
2356 2318 2629 2385 fecissent,
2665 2318 2823 2383 alibi;
2868 2318 3149 2373 intraverat
3195 2318 3293 2388 pro
3320 2318 3675 2389 intravisset;

2069 2404 2190 2462 quae
2220 2389 2421 2462 omnia,
2458 2398 2515 2443 ut
2545 2397 2601 2462 et
2630 2389 2770 2462 quod
2795 2390 2928 2462 dicit
2967 2405 3086 2460 pag.
3119 2392 3191 2446 53
3214 2431 3231 2457 ,
3260 2392 3545 2462 loquimur
3577 2409 3675 2462 pro

2070 2460 2433 2534 locutisumus
2460 2501 2473 2525 ,
2529 2460 2769 2534 ejusdem
2810 2461 2953 2534 modi
3014 2462 3198 2516 haberi
3240 2460 3435 2528 decet,
3479 2460 3676 2534 nempe

2071 2533 2253 2657 priuati
2276 2533 2499 2587 nomine
2530 2533 2795 2603 temporis.
2824 2532 2957 2588 Vide
2974 2542 3205 2603 etsupra
3241 2542 3400 2590 notas
3426 2534 3494 2588 ad
3520 2532 3673 2591 lib.t.

2097 2617 2294 2657 aesar.
3447 2629 3455 2634 ’

2097 2617 2294 2657 Νοεκτ.
3447 2629 3455 2634 '

2145 2673 2263 2744 (76)
2306 2672 2454 2728 Unde
2508 2670 2819 2745 Montenses.
2876 2675 2938 2745 D.
2982 2674 3412 2745 Angustinuside
3456 2675 3677 2732 Unitate

2080 2744 2357 2872 Ecclesiae,
2388 2746 2442 2797 in
2470 2746 2647 2810 paucis
2674 2744 2853 2801 Romae
2878 2744 3155 2817 Rupitanis
3180 2745 3262 2801 vel
3288 2744 3672 2802 Hontensibus.

2133 2832 2311 2871 Lussp.

2133 2832 2311 2871 ιΒΑεΡ.

2118 2885 2267 2957 “(77)
2294 2886 2585 2942 Montenses
2608 2886 2853 2958 appellati
2874 2896 3022 2958 sunt.
3060 2886 3420 2958 Hieronymus
3443 2888 3677 2945 infchro-

2085 2958 2207 3031 nico
2249 2959 2313 3031 ad
2345 2974 2552 3031 annum
2581 2956 2782 3012 Christi
2814 2956 2921 3031 556
2951 2975 2963 3011 :
2997 2956 3277 3031 Donatus,
3306 2976 3343 3031 a
3370 2976 3473 3029 quo
3510 2976 3674 3031 supra

2086 3027 2409 3101 Domitianos
2455 3030 2555 3083 dici
2597 3030 3043 3101 memoravimus,
3070 3027 3391 3100 Carthagine
3440 3027 3676 3101 pellitur.

2084 3098 2308 3171 Quidam
2347 3110 2621 3171 sectatores
2660 3102 2772 3171 ejus
2809 3100 2958 3159 etiam
3002 3098 3310 3156 Montenses
3349 3098 3571 3163 uocant,
3619 3118 3678 3155 eo

2080 3170 2217 3236 quod
2238 3170 2500 3243 ecclesiam
2525 3170 2700 3243 Roma:
2724 3172 2947 3243 primum
2988 3172 3041 3243 in
3079 3180 3250 3243 monte
3286 3171 3479 3243 habere
3502 3189 3677 3243 cmpe-

2079 3250 2222 3295 runt.
2255 3241 2397 3296 Idem
2427 3244 2478 3296 iu
2510 3242 2613 3296 line
2635 3240 2755 3295 libri
2799 3251 2985 3297 contra
3008 3240 3383 3296 anilerianos
3407 3242 3552 3296 inter
3581 3240 3677 3298 eos

2079 3310 2171 3381 qui
2199 3313 2263 3365 ab
2310 3312 2552 3368 Ecclesia
2594 3322 2720 3366 sunt
2751 3323 3034 3375 extorres,
3086 3320 3338 3366 numerat
3380 3310 3677 3367 Momenses

2079 3395 2173 3437 seu
2205 3383 2482 3455 Campitas.
2510 3383 2842 3455 Augustinus
2868 3384 3027 3455 epist.
3058 3384 3189 3455 olim
3211 3398 3349 3455 οων
3382 3399 3527 3455 nunc
3556 3399 3674 3450 LIII,

2078 3463 2200 3522 post
2248 3452 2647 3517 enumeratani,
2682 3454 2750 3507 ad
2794 3454 3099 3522 exemplum
3130 3452 3351 3523 Optati,
3395 3452 3677 3507 Romano-

2081 3540 2196 3580 rum
2231 3527 2538 3594 pontilicum
2583 3526 2983 3579 successionem
3008 3566 3023 3588 ,
3067 3526 3147 3584 sic
3176 3526 3338 3578 etiam
3384 3538 3677 3594 argumen-

2081 3593 2263 3650 tatur:
2288 3594 2357 3651 In
2402 3598 2495 3650 hoc
2552 3595 2730 3650 ordine
2777 3595 3114 3650 successionis
3172 3596 3348 3649 nullus
3400 3593 3678 3649 Donatista

2077 3667 2345 3737 episwpus
2372 3668 2644 3723 invenitur.
2678 3666 2785 3722 Sed
2807 3683 2869 3721 es;
2910 3676 3199 3737 transuerso
3228 3682 3293 3719 ea:
3321 3667 3502 3734 Africa
3532 3668 3677 3719 ordi-

2079 3736 2251 3790 natum
2292 3739 2566 3803 miserunt,
2600 3740 2685 3807 qui
2726 3738 2900 3807 paucis
2950 3736 3230 3806 praesidens
3279 3737 3422 3804 Afris
3460 3738 3513 3789 in
3552 3740 3680 3792 urbe

2080 3807 2265 3865 Roma.
2313 3808 2659 3863 Monteusium
2686 3810 2763 3863 vel
2794 3808 3184 3875 Cutzupitarum
3214 3807 3517 3861 uocabulum
3547 3824 3675 3878 pro-

2113 3882 2300 3949 agavit.
2347 3881 2449 3934 l‘ro
2475 3878 2762 3948 Cutzupitis
2790 3895 2881 3933 St‘U
2910 3878 3173 3950 Cuzupitis
3201 3878 3449 3950 plerique
3480 3881 3675 3933 volunt

2079 3896 2300 4003 rogavit.
2347 3896 2449 3934 t'ro
2475 3896 2762 3948 Lutzupuis
2790 3896 2881 3933 St‘U
2910 3896 3173 3950 Luznputs
3201 3896 3449 3948 plerique
3480 3896 3674 3933 vomnt

2100 3950 2362 4020 egendum
2406 3951 2492 4005 hic
2536 3950 2787 4021 Rapitur:
2826 3947 3674 4021 Donatistas_enimgliupitanos

2081 4018 2239 4075 vocat
2264 4022 2489 4091 August.
2530 4032 2587 4076 ut
2616 4018 2666 4076 in
2692 4021 2789 4076 lib.
2822 4021 2888 4076 de
2912 4021 3117 4075 unitate
3144 4018 3485 4091 Ecclesixec’.
3519 4019 3589 4083 ὅ,
3622 4021 3677 4073 in

2078 4094 2254 4159 paucis
2278 4089 2454 4147 Ruina:
2480 4093 2756 4158 Rupitanis
2787 4092 2863 4147 vel
2909 4090 3295 4156 Montensibus,
3326 4089 3423 4145 sed
3453 4091 3507 4145 in
3550 4106 3677 4158 pos-

2080 4158 2246 4217 trema
2276 4164 2514 4218 editioiie
2537 4179 2760 4233 operum
2803 4162 3087 4233 Augustini
3113 4158 3420 4233 restitutum
3456 4176 3525 4215 ex
3568 4163 3675 4217 title

2078 4248 2180 4286 ms.
2232 4231 2589 4305 Floriacensis
2636 4231 3119 4305 Cutznpitanis._ln
3171 4231 3351 4305 priore
3398 4232 3539 4305 loco;
3563 4233 3675 4286 duo

2082 4318 2214 4359 mss.
2254 4306 2467 4358 cinlices
2502 4304 2738 4359 VatiCani
2785 4302 2980 4359 habent
3011 4302 3470 4369 Cutrumpitarum.
3505 4302 3672 4358 Cntc‘

403 4372 567 4445 poris,
600 4378 651 4430 id
673 4372 1043 4447 esu—ejusdem.
1070 4372 1233 4430 Itaet
1256 4375 1432 4429 Victor
1455 4375 1593 4431 Utie.
1626 4372 1719 4447 lib.
1748 4390 1766 4428 1
1796 4391 1809 4427 :
1839 4374 1975 4442 quod
2001 4378 2054 4438 D
2081 4374 2241 4447 lerins
2258 4377 2637 4444 exconjectura
2658 4376 2943 4445 legendum
2966 4382 3174 4447 censet,
3201 4372 3671 4447 ScototOpitarum,

401 4452 515 4512 ipso
537 4457 733 4517 gestum
770 4446 843 4501 est
868 4459 1110 4516 (emitore.
1156 4448 1218 4501 Et
1249 4450 1370 4516 post
1410 4447 1610 4515 aliquot
1636 4446 1849 4517 iterum
1880 4459 1973 4512 pa-

400 4515 555 4587 ginas
574 4560 586 4579 ,
618 4520 707 4588 qui
736 4515 985 4589 paulatim
1014 4515 1303 4589 deﬁcientes
1333 4531 1466 4570 nunc
1490 4515 1644 4589 simul
1669 4516 1768 4585 ipsi
1796 4530 1975 4586 super-

401 4589 544 4643 stites
575 4599 696 4643 sunt
723 4588 844 4643 tres.
897 4590 986 4642 Isti
1027 4589 1191 4642 voluit
1216 4588 1399 4643 dicere
1424 4602 1560 4658 quos
1592 4588 1845 4655 deinceps
1873 4603 1975 4658 uo-

404 4662 592 4715 miuat.
627 4660 781 4715 Dabit
822 4660 1031 4715 veniam
1061 4674 1244 4729 :eqnus
1269 4656 1479 4722 lector,
1520 4660 1564 4713 si
1610 4658 1721 4713 hinc
1758 4656 1976 4712 minima

403 4734 671 4787 interdum
723 4733 1116 4800 prosequimur.
1150 4730 1265 4784 Non
1304 4735 1447 4783 enim
1501 4730 1641 4798 quod
1690 4730 1818 4783 tanti
1872 4730 1979 4782 sint

402 4804 536 4872 ipsa,
569 4806 664 4858 sed
688 4802 829 4873 quod
854 4805 1079 4875 aliorum
1107 4805 1156 4855 in
1188 4801 1269 4875 his
1299 4802 1534 4855 minimis
1563 4815 1734 4865 error,
1760 4800 1888 4854 tanti
1920 4808 1977 4853 ut

403 4884 585 4929 essent
618 4872 825 4928 ieci-rit.
858 4874 924 4928 bl.
958 4872 1190 4927 Casaun.

424 4996 429 5003 .
477 4944 589 5016 (Ἱῦ)
621 4945 719 4999 Ubi
765 4948 877 5014 ipso
906 4954 1129 5016 tempore
1151 4943 1555 5016 conventiculum
1581 4940 1765 5016 habere
1787 4942 1981 5013 potuis-

398 5013 529 5071 sent.
564 5013 714 5083 Qlintl
745 5025 827 5070 est
850 5017 929 5070 vel
961 5013 1121 5085 quale
1152 5016 1324 5079 ipsum
1352 5014 1452 5069 hoc
1478 5013 1723 5085 tempus?
1748 5028 1975 5083 percon-

402 5100 544 5142 tatur
578 5088 846 5151 ll.traliius,
883 5084 1115 5154 legitque
1150 5087 1233 5140 ubi
1276 5103 1367 5155 pro
1399 5096 1641 5156 tempore.
1686 5084 1977 5138 Potuisseut

401 5162 511 5215 ἀντὶ
532 5166 623 5215 τοῦ
668 5171 872 5229 possent
904 5164 1134 5227 positum
1158 5200 1172 5221 ,
1202 5158 1340 5228 quod
1370 5157 1583 5227 quidem
1618 5172 1744 5210 ttSlIS
1784 5157 1976 5229 lingua:

404 5232 563 5284 latine
612 5224 915 5299 poscebat,
954 5230 1046 5284 sed
1096 5224 1321 5295 Opt-itus
1366 5224 1581 5283 secutus
1626 5238 1709 5282 est
1753 5224 1969 5299 modum

404 5298 681 5369 loquendi,
717 5318 872 5371 quem
906 5302 1234 5354 mutationem
1266 5314 1545 5371 temporum
1583 5302 1632 5353 iu
1660 5300 1819 5352 verbis
1849 5298 1973 5349 licet

404 5374 707 5441 appellare;
742 5390 769 5425 a
804 5372 1059 5427 Diomede
1098 5370 1450 5441 grammatico
1476 5370 1616 5425 inter
1649 5372 1864 5441 species
1884 5382 1974 5421 Su-

405 5439 629 5498 libelsmi
677 5444 943 5506 relatum,
980 5445 1072 5499 lib.
1105 5439 1143 5497 it
1195 5461 1206 5496 :
1246 5443 1309 5497 Et
1334 5460 1394 5497 ne
1416 5443 1614 5513 regredi
1653 5439 1720 5496 ad
1768 5439 1976 5497 meliora

407 5516 719 5583 potuissent,
748 5517 847 5583 ipsi
892 5515 987 5569 sibi
1027 5516 1313 5569 schismatis
1360 5514 1625 5582 compedes
1678 5520 1971 5581 posuerunt.

406 5586 676 5640 Arnobius
703 5602 916 5658 quoque
950 5587 1042 5642 lib.
1073 5603 1089 5639 ι
1120 5604 1132 5640 :
1162 5588 1276 5655 ipsa
1298 5586 1511 5655 denique
1540 5587 1733 5639 hiscere
1776 5584 1820 5639 si
1863 5583 1978 5636 aui-

360 5681 365 5686 -
408 5658 601 5712 mantia
638 5669 779 5714 muta
822 5658 1130 5729 potuissent,
1160 5659 1202 5710 si
1247 5659 1299 5712 in
1350 5657 1642 5727 linguarum
1689 5664 1978 5711 nostrarum

2077 4461 2106 4498 a
2128 4446 2327 4509 σκότος,
2354 4443 2588 4513 tenebris,
2611 4443 2788 4510 τόπὸς,
2818 4450 2983 4501 locus.
3010 4444 3169 4499 Forte
3188 4443 3514 4498 emendandi
3542 4458 3673 4500 sunt

2080 4514 2132 4570 hi
2164 4520 2442 4586 Augustini
2473 4518 2573 4572 luci
2603 4534 2669 4573 ex
2707 4520 3065 4589 llieronymo,
3109 4526 3175 4589 et
3196 4514 3485 4589 legendum
3514 4517 3673 4570 Caru-

2078 4585 2410 4658 pittt:,quod
2448 4590 2643 4643 mirum
2678 4592 2730 4644 in
2771 4585 2988 4643 modum
3026 4587 3261 4641 concinit
3289 4585 3489 4658 Optato
3514 4628 3530 4651 ,
3577 4589 3671 4656 qui

2078 4657 2208 4713 dicit
2236 4678 2319 4714 eos
2345 4662 2470 4728 foris
2507 4678 2537 4713 α
2579 4660 2780 4714 civitate
2805 4659 3097 4730 speluncam
3133 4657 3409 4730 quamdam
3438 4659 3671 4711 cratibus

2081 4731 2289 4795 sepiisse
2313 4748 2325 4783 :
2345 4725 2481 4785 'Iiiuc
2510 4731 2648 4785 enim
2674 4725 2842 4799 teque
2866 4729 3114 4795 Cantpittc
3135 4725 3198 4799 ac
3229 4725 3528 4799 Monteuses
3558 4730 3666 4784 dici

2079 4810 2391 4870 potuerunt.
2422 4802 2669 4856 Attamen
2698 4798 3028 4871 Augustinus
3058 4803 3109 4871 in
3134 4798 3233 4871 lib.
3260 4798 3333 4871 de
3358 4799 3667 4855 Incresibus

2080 4869 2128 4925 c.
2159 4873 2226 4926 69
2253 4914 2266 4935 ,
2300 4874 2365 4926 de
2410 4872 2697 4927 lioiialistis
2727 4869 2813 4941 qui
2860 4874 3041 4925 Romae
3084 4869 3353 4938 degebant
3394 4871 3625 4935 loquens
3646 4913 3663 4937 ,

2080 4956 2174 4997 eos
2203 4953 2405 4997 tantum
2450 4942 2739 4998 Moutenses
2779 4954 2954 4997 vocat.
3003 4941 3101 4995 Isti
3143 4941 3400 5003 Iiwretici,
3446 4941 3662 5009 inquit,

2079 5013 2131 5066 in
2172 5014 2290 5067 urbe
2332 5014 2507 5068 Honun
2563 5013 2853 5069 Montenses
2892 5023 3171 5075 uocantur,
3211 5010 3394 5080 quibus
3435 5011 3557 5065 hinc
3601 5030 3666 5066 ea:

2080 5086 2253 5154 Africa
2288 5089 2447 5141 solent
2485 5087 2777 5155 episcopum
2820 5087 3045 5144 mittere,
3076 5092 3169 5155 aut
3213 5082 3502 5155 ltinc__illuc
3546 5085 3662 5150 Afri

2080 5151 2251 5209 eorum
2279 5158 2498 5228 episcopi
2516 5151 2753 5227 pergere,
2778 5158 2821 5214 si
2851 5156 2979 5228 {orte
3014 5154 3083 5228 ibi
3107 5169 3225 5228 eum
3260 5151 3507 5228 ordinare
3542 5155 3660 5228 pla-

2077 5228 2280 5281 cuisset.
2310 5222 2368 5281 in
2404 5222 2766 5296 lege'llonorii
2787 5222 2860 5279 de
2885 5224 3150 5296 hmreticis
3178 5224 3230 5276 in
3254 5222 3664 5296 cpd._Tlieutlo.

2073 5298 2225 5353 siann
2257 5301 2293 5353 I.
2328 5298 2417 5359 45,
2450 5293 2705 5350 vorantur
2732 5301 2890 5350 etiam
2924 5294 3235 5348 Moulenses.
3272 5293 3344 5345 Du
3378 5293 3498 5347 Plu.

2146 5371 2259 5438 (78)
2294 5369 2470 5424 Claves
2507 5370 2773 5421 salutares.
2803 5367 2982 5438 Tertia
3014 5382 3077 5438 ex
3114 5362 3372 5419 Ecclesia:
3398 5365 3617 5421 dntibus
3643 5409 3658 5433 ,

2076 5442 2140 5497 de
2159 5437 2353 5495 annulo
2386 5440 2619 5494 secunda
2638 5440 2765 5492 dote
2790 5437 2922 5491 nihil
2945 5437 3357 5508 dixit._At.psse.

2150 5514 2265 5585 (79)
2306 5511 2494 5585 (loutru
2549 5511 2840 5585 cathedram
2888 5507 3045 5585 Petri.
3096 5505 3298 5585 Qoritra
3341 5507 3661 5585 cathedram

2078 5578 2222 5641 Petri
2248 5578 2558 5637 militabant
2589 5582 2899 5645 Donatistae,
2922 5578 3048 5649 quia
3078 5578 3328 5649 dicebant
3360 5578 3662 5637 Ecclesia".

2081 5670 2342 5726 nusquam
2360 5668 2480 5709 esse
2505 5651 2605 5708 nisi
2634 5666 2797 5723 penes
2822 5648 3145 5708 Donatistas.
3175 5648 3407 5705 Διωςῆ
