3848 6220
186 170 287 229 957

946 172 1036 230 DE
1073 171 1465 231 SCHISMATE
1504 174 2039 235 DONATISTARUM
2077 176 2282 234 LIBER
2319 175 2707 236 SECUNDUS.

3356 178 3465 239 958

185 292 333 364 cujus
378 291 549 349 Judaei
596 307 697 350 nec
726 293 1048 349 vestimenta
1096 292 1341 348 scindere
1380 293 1665 348 voluerunt
1697 302 1721 331 τι
1754 312 1766 348 :
1797 300 1845 359 Λ
1876 312 1993 351 nam
2023 297 2357 368 fundamenta
2386 297 2527 367 pacis
2548 296 2601 350 in
2647 294 2777 351 Sion
2825 294 2960 365 (Es.
2994 310 3087 361 ιι,
3116 291 3256 364 l7):
3288 296 3467 351 etalio

184 400 298 442 cum
325 385 601 454 apostolus
628 386 824 441 Paulus
850 386 1047 441 clamet
1083 394 1139 439 et
1165 383 1329 450 dicat,
1362 386 1607 455 numquid
1635 386 1764 443 divi-

183 495 263 534 sus
283 487 351 534 est
379 476 614 534 Christus
658 478 710 550 (l
740 478 859 533 Cor.
892 475 984 549 1)?
1015 476 1080 531 Et
1107 476 1314 529 utinam
1355 476 1400 530 si
1429 476 1537 544 jatn
1567 477 1763 533 malam

184 572 317 629 viam
343 573 708 639 intraverant;
733 573 915 645 agnito
933 570 1296 644 peccato,(80)
1312 585 1474 640 super
1490 585 1549 626 se
1580 586 1762 626 rever-

185 673 433 730 terentur,
479 664 533 721 id
561 674 645 722 est
673 663 1026 721 emendareut
1052 661 1193 733 quod
1236 669 1579 727 erraverunt;
1607 676 1766 717 revo-

180 764 357 812 carent
404 771 566 828 quam
614 755 931 826 fugaverant
975 768 1182 824 parem.
1237 753 1349 809 Hoc
1399 761 1518 809 erat
1563 752 1632 808 de
1678 753 1764 808 via

181 848 401 903 reverti:
426 847 545 921 (81)
571 849 622 904 in
649 850 732 903 via
780 848 923 903 enim
953 847 1280 914 ambulatur,
1310 862 1414 903 non
1430 857 1621 902 statur.
1655 847 1765 902 Sed

178 942 293 1014 quia
320 954 569 1012 parentes
597 942 762 997 vestri
791 941 987 997 reverti
1020 942 1345 1007 noluerunt;
1382 941 1529 1012 ipsos
1553 948 1766 995 constat

180 1033 230 1089 in
256 1034 335 1087 via
366 1045 709 1103 peccatorum
742 1034 979 1089 stetisse.
1010 1032 1247 1099 Quorum
1277 1046 1495 1103 gressus
1527 1030 1757 1101 impule-

182 1133 256 1179 rat
284 1123 451 1189 furor,
493 1133 731 1180 retentos
775 1125 956 1197 ligavit
988 1126 1135 1197 pigra
1161 1124 1468 1180 discordia:
1496 1133 1553 1180 et
1581 1138 1648 1181 ne
1675 1138 1766 1179 re-

182 1214 320 1286 gredi
371 1216 437 1270 ad
491 1216 712 1272 meliora
772 1218 1108 1288 potuissent,
1153 1215 1402 1287 ipsi'sibi
1454 1214 1763 1292 scbismatis

181 1307 459 1377 compedes
492 1305 521 1344 ι»
550 1318 866 1378 posuerunt.
892 1319 951 1364 ut
978 1309 1030 1364 in
1058 1323 1265 1364 errore‘
1290 1322 1390 1363 suo
1420 1306 1796 1380 pertinaciter-

179 1405 398 1463 starent,
452 1414 521 1456 ne
568 1399 633 1454 ad
679 1415 902 1470 pacem,
943 1404 1111 1472 quam
1148 1402 1524 1469 deseruerant,
1571 1401 1769 1456 reverti

184 1489 499 1561 potuissent.
530 1489 638 1546 Nec
667 1492 952 1547 audierunt
979 1492 1238 1563 Spiritum
1268 1504 1519 1549 sanctum
1538 1534 1554 1561 ,
1584 1493 1770 1549 dicen-

179 1592 277 1638 tem
310 1584 359 1638 in
396 1583 605 1655 psalmo
638 1599 806 1639 χχχιιι
848 1584 920 1657 (υ.
969 1585 1083 1655 15).
1126 1584 1316 1645 diverte
1344 1602 1376 1639 a
1400 1586 1559 1652 malo,
1596 1594 1642 1640 et
1684 1588 1768 1658 [ac

1872 387 1991 443 loco
2022 388 2099 461 (in
2131 390 2337 459 psalmo
2364 387 2617 459 vaxtv),
2643 386 2904 440 videamus
2939 385 3063 455 quid
3094 382 3332 453 loquatur
3361 385 3471 440 Do-
3518 436 3521 439 ,

1872 481 2041 534 minus
2067 520 2082 544 ,
2113 482 2356 551 quoniam
2392 480 2626 549 loquetur
2656 494 2831 546 pacem
2869 478 2922 529 in
2960 475 3154 544 plebem
3179 490 3323 530 suam
3354 519 3368 540 ,
3413 485 3469 533 et

1866 568 1971 627 alio
2003 570 2119 629 loco
2146 570 2232 642 (iu
2264 571 2468 640 psalmo
2500 568 2659 637 Lxxv)
2682 610 2695 629 ,
2719 568 2851 621 venit
2873 565 3041 621 Filius
3070 564 3185 633 Dei,
3232 574 3279 622 et
3303 566 3471 639 [actus

1869 674 1941 717 est
1965 665 2018 716 in
2047 680 2173 734 pace
2220 664 2361 717 locus
2378 666 2489 736 ejus
2516 677 2535 716 :
2566 669 2621 715 et
2648 659 2753 715 alio
2781 654 2900 715 ιοὸο
2931 659 3016 729 (ἰιι
3064 658 3269 730 psalmo
3298 658 3465 733 mu,

1868 754 2149 823 suscipiant
2186 763 2380 808 montes
2422 768 2597 824 pacem
2623 752 2833 822 populo,
2876 761 2921 807 et
2963 750 3115 807 colles
3148 746 3407 824 justitiam
3441 770 3462 820 ,-

1869 853 1923 899 et
1946 844 1997 897 in
2025 844 2338 913 Evangelio,
2370 859 2545 913 pacem
2597 859 2761 896 meam
2797 842 2863 898 do
2903 842 3062 907 vobis,
3084 833 3257 917 pacem
3298 858 3462 899 meam

1871 934 2103 1006 relinquo
2167 936 2307 989 vobis
2358 932 2562 1010 (Joan.
2614 948 2731 1002 ιιιν,
2782 934 2897 1008 27)
2944 954 2955 989 :
3014 944 3066 991 et
3114 934 3311 992 Paulus
3361 936 3456 1001 ait,

1868 1028 1958 1097 qui
2010 1043 2188 1099 pacem
2241 1028 2402 1093 serit,
2468 1022 2640 1099 pacem
2691 1036 2739 1082 et
2809 1026 2957 1083 metet
2996 1028 3015 1103 (
3057 1028 3097 1084 ll
3127 1026 3270 1095 σοι’..
3322 1027 3455 1101 ix):

1869 1129 1924 1175 et
1968 1121 2019 1175 in
2050 1108 2298 1177 omnibus
2328 1120 2436 1194 36
2465 1120 2705 1192 epistolis
2729 1121 2861 1189 suis,
2892 1140 2992 1192 paa:
3030 1124 3083 1177 in
3109 1124 3245 1178 vobis
3284 1124 3451 1179 abun-
3488 1196 3492 1198 γ

1870 1211 2099 1279 Δειε;ει
2130 1212 2181 1269 in
2215 1212 2421 1283 psalmo
2474 1228 2641 1269 χχχιιι
2700 1214 2770 1287 (υ.
2823 1211 2910 1285 15)
2944 1229 3110 1284 qurere
3158 1224 3367 1288 pacem,
3413 1217 3462 1272 et

1870 1307 2188 1375 consequeris
2231 1322 2362 1361 eam.
2395 1305 2616 1377 'Fugata
2666 1315 2963 1363 recesserat
3003 1321 3102 1377 pax
3133 1322 3161 1363 a
3217 1304 3458 1380 patribus

1869 1398 2085 1463 vestris;
2115 1413 2210 1452 vos
2240 1413 2382 1465 eam,
2415 1397 2570 1461 sicuti
2610 1413 2640 1452 a
2669 1398 2777 1454 Deo
2820 1399 3126 1456 mandatum
3166 1407 3271 1466 est,
3303 1399 3454 1473 quas-
3508 1427 3511 1429 -

1874 1504 1995 1545 rere
2022 1486 2291 1546 deberetis
2320 1488 2340 1528 τ
2364 1530 2381 1557 ,
2408 1504 2571 1560 quam
2616 1505 2714 1547 nec
2742 1491 2883 1546 ultro
2907 1491 3151 1547 voluistis
3188 1506 3453 1564 qua-rere,

1872 1581 1987 1667 (82)
2020 1598 2120 1638 nec
2136 1583 2370 1638 oblatam
2400 1583 2637 1639 libenter
2677 1584 2941 1655 accipere.
2971 1584 3102 1651 Quis
3131 1585 3346 1641 enimin
3377 1593 3457 1641 tot

177 1673 399 1731 bonum:
436 1676 638 1747 inquire
671 1693 870 1747 pacem,
898 1686 952 1737 et
971 1694 1268 1748 persequere
1305 1694 1450 1746 eam;
1477 1679 1571 1735 sed
1602 1687 1766 1735 stete~
1796 1690 1842 1750 Β
1874 1675 2190 1747 provinciis,
2229 1676 2423 1748 quibus
2452 1676 2568 1731 nati
2602 1678 2760 1739 estis,
2804 1676 3049 1731 audivit?
3078 1686 3132 1732 et
3181 1677 3226 1731 si
3264 1677 3458 1749 aliquis

186 1777 304 1823 runt
331 1768 385 1823 in
416 1770 503 1823 via
543 1765 882 1840 peccatorum
913 1785 1157 1826 suorum.
1189 1770 1458 1828 Sederunt
1488 1774 1648 1828 etiam
1710 1775 1762 1828 in

178 1860 425 1916 cathedra
456 1863 801 1933 pestilentias,
828 1879 946 1934 quae
966 1864 988 1935 (
1009 1872 1068 1918 ut
1095 1879 1255 1936 supra
1289 1864 1544 1938 diximus)
1573 1866 1765 1922 seduc-

177 1962 256 2009 tus
295 1953 458 2009 mittit
495 1954 562 2009 ad
592 1966 613 1993 ε
659 1964 913 2011 mortem.
950 1954 1054 2012 Sed
1088 1965 1143 2011 et
1190 1956 1314 2011 dum
1353 1962 1449 2013 ves
1480 1956 1761 2027 parentum

177 2061 407 2101 errorem
439 2048 708 2115 colentes,
735 2047 979 2115 studiose
1007 2046 1317 2113 defenditis,
1351 2047 1596 2105 baeredes
1639 2064 1761 2106 sce-

175 2138 295 2205 leris
321 2155 443 2195 csse
468 2139 735 2205 voluistis,
768 2154 890 2195 cum
921 2139 1015 2195 lilii
1043 2140 1186 2211 pacis
1218 2140 1306 2195 vel
1333 2155 1457 2197 sero
1494 2134 1616 2197 esse
1636 2152 1762 2212 pos-

175 2234 319 2286 setis.
375 2232 511 2287 Cum
571 2233 623 2287 in
683 2229 971 2289 Ezechiele
1019 2232 1285 2305 pr0pheta
1343 2234 1600 2305 scriptum
1656 2235 1761 2300 sit,

174 2325 353 2381 attolle
378 2334 549 2381 vocem
602 2338 740 2381 tuam
782 2344 938 2398 super
965 2322 1131 2396 ﬁlium
1171 2329 1453 2398 peccatoris
1474 2371 1489 2394 ,
1512 2346 1585 2384 rte
1612 2331 1763 2384 uesti-

175 2416 254 2487 gia
278 2418 439 2487 patris
480 2419 565 2471 sui
606 2427 869 2487 sequatur,
947 2419 1186 2487 quoniant
1228 2420 1402 2474 anima
1445 2420 1609 2492 patris
1651 2438 1763 2477 mea

175 2519 260 2574 est,
288 2520 335 2565 et
363 2511 537 2564 anima
557 2510 655 2581 ﬁlii
694 2518 805 2565 mea
826 2520 920 2565 est.
945 2512 1129 2566 Anima
1148 2529 1264 2582 qua:
1291 2502 1462 2583 peccat
1479 2553 1496 2581 ,
1526 2516 1634 2568 sola
1661 2532 1761 2584 pu-

176 2599 336 2655 nietur
375 2600 557 2674 (Ezec.
598 2614 761 2667 “ut,
792 2603 847 2670 5,
874 2601 939 2659 i9
968 2613 1015 2658 et
1035 2602 1166 2672 30):
1197 2603 1241 2659 si
1270 2600 1583 2675 displiceret
1609 2607 1762 2663 vobis

174 2692 308 2762 quod
344 2702 597 2763 parentes
623 2692 787 2748 vestri
835 2703 1226 2763 peccaverunt,
1265 2693 1331 2750 de
1374 2694 1615 2751 admissu
1658 2712 1759 2773 suo

175 2786 266 2839 soli
321 2786 611 2842 redderent
659 2787 956 2842 rationem:
1004 2786 1104 2842 boc
1150 2787 1312 2843 modo
1356 2789 1439 2844 vel
1469 2804 1564 2844 vos
1614 2788 1758 2849 beati

174 2891 286 2933 esse
314 2877 567 2947 possetis,
601 2886 656 2933 et
681 2878 894 2933 laudem
918 2876 985 2935 de
1014 2894 1108 2934 ore
1139 2879 1415 2951 propheta:
1453 2882 1752 2951 percipere,

173 2968 257 3038 qui
282 2968 353 3024 ait
385 2969 437 3022 in
470 2968 674 3038 psalmo
697 2985 744 3034 ι,
778 2969 964 3024 Beatus
1001 2968 1076 3023 vi'r
1121 2972 1206 3041 qui
1231 2987 1331 3025 non
1358 2971 1481 3027 abiit
1509 2972 1561 3027 in
1585 2974 1789 3029 conci-.

1872 1767 2095 1834 audivit,
2120 1768 2239 1839 quis
2260 1783 2368 1824 non
2394 1776 2634 1823 vestrum
2666 1768 2891 1824 miretur
2910 1768 3184 1825 errorem?
3210 1766 3330 1838 quis
3349 1765 3454 1824 nan

1870 1868 2109 1916 vestrum
2135 1848 2339 1916 facinus
2365 1852 2625 1916 damnet?
2650 1859 2816 1930 igitur
2843 1874 2961 1914 cum
2996 1856 3334 1916 manifestum
3364 1862 3453 1927 sit,

1867 1952 1922 2014 et
1944 1957 2054 2027 ipSa
2094 1957 2212 2031 luce
2238 1956 2309 2010 sit
2338 1955 2535 2011 clarius
2556 1998 2569 2022 ,
2594 1970 2691 2010 nos
2720 1971 2838 2010 cum
2870 1962 2948 2009 tot
2981 1953 3455 2011 innumerabilibus

1868 2050 2076 2120 populis
2120 2063 2271 2121 esse,
2304 2055 2357 2103 et
2377 2055 2456 2102 tot
2493 2048 2795 2119 provincias
2819 2046 3098 2101 nobiscum
3125 2064 3140 2101 :
3164 2046 3275 2118 iam
3306 2042 3455 2102 'vide-

1810 2142 1813 2143 ⁷
1868 2141 1934 2197 tis
1954 2136 2050 2196 vos
2089 2140 2140 2195 in
2165 2149 2315 2209 parte
2338 2141 2491 2194 unius
2514 2138 2749 2210 regionis
2773 2138 2993 2207 positos.
3037 2145 3093 2193 et
3117 2138 3183 2192 ab
3203 2137 3447 2195 Ecclesia

1868 2233 2060 2288 vestris
2090 2231 2361 2287 erroribus
2395 2246 2515 2287 esse
2568 2220 2869 2299 separatos,
2906 2227 3104 2285 frustra
3134 2229 3286 2284 Vobis
3323 2230 3454 2290 solis

1866 2324 1970 2381 ltoc
2012 2342 2205 2381 nomen
2262 2327 2517 2382 Ecclesite
2564 2340 2685 2381 eum
2737 2321 2851 2380 suis
2892 2324 3106 2381 dotibus
3152 2324 3449 2394 vindicare,

1864 2428 1985 2491 qua:
2018 2419 2188 2489 magis
2228 2419 2368 2491 apud
2411 2431 2510 2475 nus
2547 2427 2671 2474 Sunt
2728 2433 2886 2488 quam
2934 2417 3073 2488 apud
3126 2422 3223 2473 vus
3261 2434 3278 2473 :
3318 2404 3453 2489 quas

1863 2521 2072 2566 Constat
2094 2512 2165 2567 ita
2197 2512 2297 2567 sibi
2327 2526 2601 2567 connexos
2630 2519 2681 2566 et
2707 2510 3005 2566 individuas
3040 2518 3181 2578 esse,
3209 2516 3269 2580 ut
3290 2493 3446 2590 intel-

1862 2603 2057 2675 ligatur
2080 2617 2237 2657 unum
2278 2602 2347 2659 ab
2396 2603 2831 2673 alteraseparari
2876 2616 2983 2657 non
3020 2614 3195 2671 posse.
3241 2598 3451 2657 Etenim

1862 2690 2280 2748 numeranturiu
2304 2692 2663 2772 nominepsed
2689 2691 3084 2747 unointellectu
3103 2705 3201 2746 suo
3220 2690 3447 2762 iungun—
3520 2748 3526 2753 ,

1863 2784 1949 2841 tur
1992 2785 2044 2841 in
2094 2781 2321 2857 corpore
2365 2802 2386 2841 :
2413 2794 2471 2843 ut
2498 2786 2550 2842 in
2579 2788 2738 2842 manu
2765 2786 2934 2858 digiti,
2970 2787 3105 2866 quos
3154 2786 3444 2863 intervallis

1864 2880 2104 2951 singulos
2137 2879 2382 2935 videmus
2427 2894 2547 2936 esse
2599 2879 2903 2935 distinctos.
2942 2878 3121 2947 Unde,
3162 2874 3253 2949 qui
3303 2886 3447 2933 tenet

1865 2987 2047 3033 unum.
2075 2979 2215 3027 totos
2238 2980 2419 3028 teneat
2447 2975 2670 3028 necesse
2693 2981 2798 3036 est,
2840 2960 2959 3037 cum
3002 2970 3379 3041 unusquisque
3409 2984 3440 3025 a

174 3058 238 3111 lio
263 3059 649 3129 impiorum,et
679 3060 732 3113 in
775 3060 856 3113 via
897 3070 1221 3130 peccatorum
1266 3079 1367 3116 non
1410 3063 1566 3127 stetit,
1609 3072 1657 3117 et
1701 3065 1757 3118 in
1783 3078 1829 3141 ρ
1866 3062 2085 3132 paribus
2123 3061 2362 3133 separari
2414 3079 2520 3118 non
2550 3063 2739 3132 possit.
2770 3061 2922 3118 Adde
2967 3061 3109 3131 quod
3155 3075 3438 3123 nouuuam

171 3150 401 3204 cathedra
444 3151 747 3219 pestilentia:
791 3168 894 3206 non
932 3152 1085 3217 sedit;
1137 3152 1307 3211 sedit:
1347 3154 1457 3225 lege
1494 3152 1750 3217 Dominid

172 3236 392 3296 voluntas
415 3245 550 3314 ejus.
574 3241 710 3308 Quid
739 3251 821 3297 est
858 3242 1002 3297 aliud
1031 3244 1085 3297 in
1117 3244 1233 3315 lege
1266 3245 1465 3301 habere
1501 3246 1749 3301 volunta-

171 3324 290 3398 tem,
312 3332 411 3387 nisi
434 3330 614 3389 divina
644 3330 908 3403 praecepta
938 3341 993 3403 et
1016 3333 1266 3404 religiose
1286 3334 1516 3401 diseere,
1545 3346 1598 3391 et
1623 3351 1746 3394 cum

174 3420 356 3479 timore
384 3424 705 3493 complere?
731 3425 782 3479 in
803 3440 907 3495 qua
923 3420 1051 3496 lege
1090 3426 1347 3496 scriptum
1371 3436 1454 3482 est
1477 3426 1552 3499 (in
1581 3428 1754 3484 Evan-

169 3511 376 3587 gello):
445 3533 550 3582 pax
617 3516 909 3571 hominibus
965 3518 1020 3571 in
1068 3528 1202 3573 terra
1248 3517 1394 3573 bona:
1427 3518 1745 3575 voluntatis:

171 3603 311 3673 (Luc.
350 3623 420 3675 tt,
448 3606 564 3680 14);
593 3618 650 3666 et
692 3594 797 3665 alio
823 3607 941 3664 loco
967 3609 1053 3681 (in
1086 3607 1243 3666 Esaia
1274 3608 1567 3681 prapheta)
1600 3628 1614 3666 :
1640 3628 1740 3683 po-

1858 3146 2053 3219 solam,
2089 3153 2183 3209 sed
2207 3168 2395 3209 omnes
2421 3154 2643 3225 proprie
2672 3153 3029 3223 possidemus.

1919 3243 2005 3299 VI.
2037 3242 2115 3298 De
2158 3245 2370 3317 Angela,
2416 3236 2639 3300 scienda
2697 3244 2940 3300 Ecclesia:
2984 3245 3133 3311 dote;
3171 3261 3285 3300 eum
3336 3261 3437 3299 non

1848 3351 1956 3391 esse
1975 3335 2112 3406 apud
2140 3334 2458 3390 Donatistas.
2490 3366 2559 3376 -—-
2584 3335 2746 3406 Igitur
2773 3336 2841 3390 de
2865 3334 3081 3397 dotibus
3108 3334 3433 3406 supradictis

1846 3428 2098 3484 cathedra
2116 3439 2195 3499 est
2212 3427 2558 3504 (utdixitnus)
2573 3428 2889 3500 prima,(85)
2912 3443 3070 3499 quam
3087 3427 3429 3498 probavimus
3474 3442 3481 3446 '

1848 3522 2168 3601 perPetrum
2195 3529 2431 3576 nostram
2472 3519 2736 3607 esse,(84)
2762 3517 2881 3591 qua:
2910 3519 3056 3574 ducit
3084 3518 3150 3588 ad
3182 3533 3240 3573 se
3269 3533 3434 3588 auge-

1850 3608 2075 3685 lum(85)
2088 3612 2218 3670 .Nisi
2236 3611 2373 3681 forte
2385 3627 2506 3667 eum
2525 3612 2674 3667 vobis
2687 3607 3368 3688 vindieatttes,(86)ltabetis
3382 3609 3433 3663 in

1364 3722 1749 3784 LECTIONES
1802 3718 2213 3784 νΑιιιΑΝΤΕδ.

222 3874 248 3913 δ
284 3874 336 3925 In
354 3890 446 3926 ms.
464 3874 517 3925 S.
544 3876 603 3927 ὓ.
629 3877 903 3929 terminum.

222 3937 246 3967 °
280 3937 331 3985 lu
355 3950 472 3989 mss;
496 3938 550 3987 S.
577 3938 634 3988 Τ.
668 3946 721 3988 et
740 3938 797 3987 Ρ.
823 3940 875 3988 S.
901 3936 969 3989 in.

224 3996 250 4065 ᾳ
279 3998 339 4065 lu
356 4012 473 4048 mss.
500 4001 553 4065 ξ.
571 4000 713 4065 _'l‘._P.
739 4002 798 4065 δέ
812 4008 865 4049 et
889 3999 1107 4065 iu‘editis
1130 3998 1341 4065 additur,
1366 3998 1474 4065 fuit.

224 4062 247 4090 °
279 4059 331 4110 la
354 4072 471 4111 mss.
496 4062 549 4112 S.
570 4061 627 4112 Τ.
649 4062 741 4112 Pb.
767 4062 821 4113 S.
847 4068 899 4112 et
938 4062 988 4111 in
1030 4062 1176 4137 editis
1216 4059 1428 4126 additur,
1474 4062 1526 4113 in
1560 4061 1748 4117 nomine

1854 3816 2021 3871 Patris
2038 3824 2084 3869 et
2105 3816 2224 3868 Filii
2246 3824 2291 3869 et
2314 3814 2525 3872 Spiritus
2555 3816 2723 3872 sancti.

1920 3879 1941 3919 ι
1980 3880 2050 3929 Ita
2070 3881 2116 3929 in
2138 3880 2305 3941 tus.S.
2333 3877 2391 3931 (ἶ.
2414 3880 2467 3930 In
2487 3892 2600 3932 mss.
2626 3880 2678 3930 S.
2699 3879 2758 3930 Τ.
2786 3883 2837 3929 et
2850 3879 2910 3931 Ρ.
2930 3878 2982 3929 S.
3004 3889 3110 3928 eam
3128 3877 3277 3941 si,ult'
3295 3890 3326 3927 α
3344 3877 3431 3926 Do-

2000 3940 2278 3994 mandatum
2295 3947 2382 4008 est,
2403 3941 2701 4009 quaereretis.
2739 3941 2863 3995 Male
2902 3945 2952 3992 in
2987 3942 3149 4002 editis,
3175 3940 3268 3992 non
3295 3952 3430 4003 quie-

1936 4020 1978 4056 s.

1501 4145 1859 4206 VARIORUM
1897 4148 2121 4206 NOTAE.

230 4237 341 4312 (80)
365 4238 539 4309 Super
566 4254 619 4294 se
639 4246 1021 4295 reverterentur.
1038 4238 1299 4295 Redirent
1325 4239 1391 4294 ad
1419 4240 1739 4297 Ecclesium.

168 4300 435 4453 magis)?“
461 4381 714 4453 viaenim
735 4381 1045 4443 ambulatur,
1090 4389 1275 4435 statur.
1309 4380 1536 4451 Optatns
1579 4382 1741 4437 verba

168 4451 288 4531 regii
304 4451 438 4533 vatis
452 4455 532 4507 sic
555 4452 936 4521 interpretatur
961 4463 1013 4507 et
1040 4455 1379 4533 grapappo’tcizt,
1395 4455 1738 4533 beatus,_etc.,

1846 4242 2143 4298 brariorum
2172 4238 2302 4298 vitio
2324 4242 2411 4301 bic
2434 4245 2538 4312 sit,
2573 4241 2712 4299 baud
2749 4242 2904 4299 facile
2940 4240 3186 4298 dixerim.
3219 4241 3290 4298 Μ.
3323 4242 3428 4299 (ΞΑ-

1846 4327 2034 4455 ῗλῗὲέ)
2066 4384 2232 4448 Quam
2276 4385 2600 4455 probavimus
2648 4403 2739 4455 per
2782 4383 2993 4439 Petrum
3042 4392 3267 4439 nostram
3294 4398 3419 4439 esse.

1843 4453 1946 4528 Der
1975 4453 2402 4511 communionem
2427 4473 2584 4528 quam
2619 4453 2877 4513 habemus
2899 4466 3021 4528 cum
3051 4470 3277 4528 summo_
3291 4470 3423 4524 pon-

166 4522 295 4602 etuin
330 4525 411 4614 via
456 4531 780 4614 peccatorumI
813 4539 913 4577 non
935 4525 1090 4577 stetit.
1115 4522 1282 4614 ᾨιιίἐί
1311 4522 1526 4614 quando
1554 4524 1738 4605 abim-
1765 4555 1819 4614 Β
1847 4524 2007 4608 tiliee,
2058 4536 2110 4580 et
2142 4542 2235 4614 per
2257 4543 2381 4614 eum
2414 4522 2535 4583 cum
2580 4528 2638 4582 [ι.
2688 4528 2845 4583 Petro
2873 4525 3212 4614 pllobavimus
3238 4522 3424 4580 Eccle-

166 4592 258 4662 piis
280 4591 537 4648 seductus
582 4604 637 4649 et
681 4592 957 4660 abductus,
993 4596 1233 4649 eamdem
1279 4591 1550 4662 cumillis
1596 4594 1733 4648 viam

167 4661 383 4729 institit,
416 4679 523 4718 non
554 4662 786 4733 perstitit
826 4675 1001 4719 tamen
1022 4706 1037 4730 ,
1070 4666 1163 4720 sed
1202 4664 1268 4717 ab
1308 4664 1538 4731 incoepto
1569 4678 1731 4718 cursu

168 4733 376 4798 gradum
424 4737 577 4788 ocius
607 4736 900 4801 revocavit,
930 4744 981 4790 et
1021 4736 1085 4789 ad
1128 4750 1313 4789 sanant
1360 4744 1595 4787 tuentem
1628 4736 1735 4789 cito

168 4802 342 4876 rediit,
392 4812 500 4859 etc.
531 4804 640 4860 Cur
668 4813 843 4859 autem
877 4808 944 4860 ita
987 4805 1367 4876 interpretetur
1398 4804 1534 4876 bane
1561 4805 1734 4860 reddit

166 4873 436 4936 rationem,
473 4876 619 4941 quia,
668 4877 861 4944 inuuit,
911 4873 1143 4946 alioquin
1196 4874 1484 4944 improprie
1526 4875 1734 4946 loeutus

164 4955 304 5016 esset
339 4948 617 5016 propheta,
672 4947 715 4999 si
745 4943 889 5001 illud
917 4943 1070 5011 stetit,
1115 4948 1182 5003 de
1230 4943 1346 5016 ipso
1389 4943 1585 5009 standi,
1616 4945 1732 5001 sive

166 5012 481 5071 consistendi
526 5022 683 5081 actu,
725 5032 830 5071 non
860 5018 926 5073 de
972 5012 1281 5072 continuato
1314 5029 1470 5069 cursu
1521 5017 1729 5083 accipe-

167 5097 335 5137 remus
375 5103 388 5137 :
438 5085 502 5137 In
534 5085 613 5138 via
665 5087 795 5139 enim
845 5089 1152 5154 ambulatur,
1203 5104 1302 5142 non
1349 5096 1552 5147 statur;
1606 5101 1729 5140 mox

168 5167 339 5231 prope
452 5170 645 5231 pacein,
678 5157 855 5231 scribe
876 5176 964 5212 nec
992 5161 1059 5225 ad
1082 5153 1273 5231 pacem.
1308 5158 1375 5231 bl.
1404 5153 1632 5231 Casina.

230 5224 338 5299 (82)
370 5224 489 5299 Non
516 5226 732 5299 oblatam
764 5228 975 5299 libenter
1007 5224 1257 5299 accipere.
1296 5227 1425 5281 Alite
1462 5227 1726 5299 editiones

164 5296 339 5348 nteliUs
370 5295 455 5349 hic
481 5312 572 5349 nec
618 5296 875 5361 oblatam,-
908 5295 1133 5355 fnrtmsé
1180 5309 1356 5354 ιτηῃειι
1388 5313 1491 5351 non
1526 5296 1609 5349 hic
1642 5307 1722 5352 ιο.

165 5378 411 5440 uit-renati
436 5366 583 5420 illud.
618 5362 865 5440 [inpende
897 5368 1038 5422 enim
1072 5369 1721 5440 seqnentiahetagnosees

168 5438 242 5487 vix
268 5436 560 5503 enimuere,
589 5437 690 5491 nisi
721 5438 863 5505 legas
889 5456 901 5490 :
928 5456 1075 5505 quam
1105 5436 1195 5494 nec
1224 5436 1389 5503 ultro,
1432 5440 1479 5491 id
1508 5445 1589 5490 est
1618 5453 1718 5493 non

164 5506 283 5559 ultro
308 5517 361 5559 ut
386 5524 474 5560 nec
495 5509 680 5578 opinus
699 5522 793 5578 pro
822 5524 920 5561 non
946 5510 1149 5578 opinus,
1167 5520 1295 5578 etc.,
1326 5507 1551 5563 voluistis
1576 5524 1716 5576 qua:-

162 5590 278 5651 τεῖρε
294 5593 425 5631 nunc
440 5577 657 5651 oblatam
680 5576 887 5651 libenter
905 5576 1115 5651 accipite
1130 5598 1147 5633 :
1162 5576 1305 5645 mox»,
1320 5597 1426 5633 esse
1437 5589 1712 5651 separatos,

165 5644 279 5701 illud
305 5663 411 5703 esse
438 5648 628 5706 melius
651 5648 892 5718 abesset;
921 5644 1061 5720 quod
1101 5661 1276 5707 tamen
1294 5644 1515 5720 Optati',
1544 5667 1609 5705 an
1650 5650 1713 5704 li-

1842 4597 2388 4669 siam_et__catltedratn
2420 4613 2584 4669 penes
2616 4613 2713 4667 nos
2739 4598 3136 4669 esse._AALBASP.

1910 4665 2024 4736 (84)
2057 4666 2157 4731 Qui
2182 4668 2321 4741 ducit
2346 4665 2491 4741 atl'se
2513 4665 2770 4741 angelum.
2808 4667 2913 4741 Qui
2952 4666 3112 4741 habet
3159 4665 3416 4735 Spiritum

1839 4745 2124 4809 sanetum;
2163 4740 2250 4807 qui
2306 4740 2464 4796 habet
2515 4737 2830 4809 potestatem
2881 4737 3133 4809 Spiritum
3171 4744 3416 4809 sanetum

1836 4806 2147 4882 conferendi
2181 4806 2245 4863 et-
2264 4825 2453 4867 manus
2484 4806 2787 4882 imponendi
2807 4825 2821 4874 ;
2844 4809 2933 4878 qui
2957 4806 3117 4882 trahit
3137 4806 3418 4882 ad_seSpi-

1836 4875 1997 4930 rimm
2031 4890 2272 4934 sanelmn
2305 4898 2374 4935 ex
2426 4882 2476 4937 vi
2520 4875 2787 4937 cathedra:
2829 4875 2947 4945 quae
2990 4878 3038 4930 ei
3081 4876 3275 4937 tradita
3307 4885 3409 4933 est.

1837 4946 1937 5000 Per
1974 4949 2235 5022 Angeltnn
2267 4954 2410 5006 enim
2459 4953 2703 5022 intelligit
2742 4948 2997 5022 Spiritum
3023 4954 3307 5022 sanctum,
3356 4958 3415 5022 ιιι

1838 5026 1980 5083 patet
2012 5034 2075 5072 ex
2107 5020 2189 5074 bis
2217 5043 2230 5076 :
2259 5038 2359 5075 non
2399 5025 2529 5077 enim
2558 5016 2805 5089 Spiritum
2838 5016 3051 5090 Del_soli
3085 5018 3222 5073 vobis
3248 5019 3413 5072 vindi-

1835 5103 1951 5140 care
1969 5091 2176 5154 potestis
2202 5103 2288 5143 aut
2310 5094 2587 5148 includere.
2620 5094 2842 5147 ALsssr.
3291 5116 3297 5119 -

1904 5158 2018 5231 (alii)
2053 5159 2177 5223 Qum
2212 5163 2351 5214 tlucit
2389 5166 2458 5217 ad
2496 5181 2547 5217 se
2583 5162 2847 5231 angelum.
2884 5157 3246 5231 Perangeltun
3276 5159 3409 5214 biltil

1831 5227 1972 5304 blind
2000 5227 2331 5300 intelligunt
2386 5250 2542 5304 quam
2584 5227 2890 5304 episcopium
2919 5268 2932 5291 ,
2982 5227 3287 5304 legitimam
3315 5230 3409 5281 lia—

1830 5296 2042 5372 bentem
2075 5296 2666 5372 potestatem'rcgentla}
2690 5296 2962 5355 Ecclesiae.
2995 5296 3110 5372 Non
3138 5300 3405 5353 habebant

1827 5368 2129 5441 bujusmodi
2163 5374 2397 5441 angelum
2430 5368 2734 5436 Dtittatistzc,
2756 5370 3187 5439 quandoquidem
3216 5374 3402 5435 eorum

1823 5439 2057 5512 episcopi
2107 5439 2691 5512 non‘agttoseebautur
2741 5443 2907 5504 tales,
2960 5441 3129 5512 etab
3178 5441 3400 5512 aliarum

1820 5510 2169 5631 goellesiarum
2200 5510 2465 5586 epise0pis
2489 5530 2584 5584 pro
2610 5512 2879 5583 episcopis
2902 5525 3006 5567 non
3047 5510 3397 5567 habebantur.

1867 5595 1897 5631 ιι
1970 5596 2038 5631 uv.

1867 5595 1897 5633 U
1926 5595 2038 5633 l'IN.

1888 5650 2001 5720 (86)
2043 5649 2252 5708 llabetis
2278 5656 2331 5710 in
2358 5646 2537 5711 loculis
2568 5655 2853 5732 inclusum.
2894 5651 3111 5709 [iubetis
3138 5649 3399 5723 Spiritum
