3828 6218
428 246 533 305 959

1645 251 1888 309 SANCTI
1927 249 2178 309 ΟΡΤΑΤΙ
2219 248 2521 308 EPISCOPI

3591 243 3686 301 960

428 367 619 425 loculis
634 365 1024 439 clausum.(87)
1047 366 1235 424 Mittite
1255 368 1404 424 illum
1428 370 1472 425 si
1501 371 2010 440 potestis,excludat
2039 373 2084 429 Α
2116 367 2340 438 Spiritus
2391 363 2530 435 Deus
2560 374 2652 431 est.
2682 375 2727 418 ίί
2758 364 2842 417 ιιὖὲ
2866 363 2972 416 vult
3009 360 3262 432 αάερῑναι.
3293 370 3342 414 εἰ
3380 374 3549 414 vocem
3587 360 3685 424 εἱω

428 475 635 534 septem
661 463 898 533 angelos,
932 462 1020 530 qui
1049 469 1174 516 sunt
1205 461 1322 532 (88)
1346 464 1483 532 apud
1512 465 1691 520 socios
1724 475 1934 520 nostros
1957 467 2009 521 iu

423 560 572 624 Asia,
605 557 670 611 ad
693 571 921 626 quorum
945 555 1200 611 ecclesias
1231 557 1418 612 scribit
1447 557 1682 614 Joannes
1708 559 2006 628 apostolus;

424 651 539 724 (89)
556 665 676 704 cum
699 651 891 720 quibus
907 650 1151 710 ecclesiis
1166 637 1370 706 nullum
1402 652 1795 708 communionis
1817 651 2009 722 proba-

420 743 548 798 tnini
567 740 762 796 habere
776 741 1127 797 consortium.
1150 740 1265 813 (90)
1285 742 1434 799 Unde
1456 743 1606 797 vobis
1632 742 1900 812 angelum,
1918 741 2005 809 qui

416 831 556 902 apud
586 847 677 886 vos
699 831 812 904 (9i)
831 833 995 901 possit
1022 831 1224 888 l‘ontem
1249 848 1484 900 movere,
1504 843 1593 887 aut
1619 834 1757 886 inter
1785 839 2007 884 caeteras

418 925 574 982 dotes
597 926 849 981 Ecclesia:
865 928 1157 980 numerari.
1175 925 1291 999 (92)
1313 927 1468 979 Extra
1498 931 1700 992 septem
1723 921 2002 987 ecclesias,

417 1019 674 1090 quidquid
707 1018 839 1074 loris
859 1026 962 1082 est,
999 1018 1226 1072 alienum
1251 1026 1330 1073 est
1358 1015 1540 1087 (Apoc.
1588 1014 1627 1085 ι)
1655 1033 1666 1066 :
1697 1012 1810 1084 (95)
1843 1024 1933 1066 aut
1957 1014 2003 1067 si

420 1111 547 1165 ittdc
576 1110 782 1165 habetis
803 1110 1034 1178 aliquem
1065 1124 1248 1173 unum,
1280 1123 1375 1177 per
1405 1121 1565 1161 ttnum
1590 1104 2002 1160 communicatis

418 1211 471 1256 et
502 1201 713 1256 caeteris
742 1201 970 1268 angelis,
1004 1207 1057 1252 ct
1087 1213 1182 1265 per
1210 1197 1432 1268 angelos
1475 1201 1633 1275 supra
1691 1200 2004 1253 memoratis

417 1291 686 1357 ecclesiis,
714 1300 767 1345 et
794 1289 1063 1368 per_ipsas
1084 1290 1342 1344 ecclesias
1364 1290 1543 1345 nobis.
1579 1289 1631 1345 Si
1653 1290 1721 1344 ita
1753 1299 1852 1356 est,
1887 1289 2003 1364 (94)

417 1381 640 1449 litigium
672 1380 1001 1449 perdidistis.

485 1470 593 1526 VII.
619 1470 874 1542 Spiritum
901 1482 1134 1525 sanctum
1177 1489 1286 1527 esse
1322 1474 1375 1527 in
1407 1473 1664 1540 Ecclesia,
1713 1491 1816 1529 non
1866 1475 2006 1546 apud

410 1560 929 1634 Dattatistas.—(95)
957 1564 1094 1619 Ecce
1119 1564 1229 1633 jam
1262 1567 1401 1632 apud
1441 1581 1535 1621 vos
1564 1567 1717 1622 dotes
1746 1583 1867 1623 esse
1899 1584 2002 1625 non

410 1662 671 1723 possunt;
694 1670 798 1708 non
822 1655 965 1710 enim
989 1655 1246 1725 Spiritum
1279 1656 1395 1729 (96)
1420 1659 1507 1713 Dei
1525 1659 1625 1714 soli
1655 1661 1808 1715 vobis
1827 1661 2002 1716 vindi-

2115 462 2284 525 audis,
2313 472 2363 514 et
2387 469 2411 496 δ
2441 459 2600 513 nescis
2628 459 2762 511 unde
2804 455 2968 509 veniat
2997 464 3042 508 et
3081 469 3180 522 quo
3225 463 3305 506 eat
3343 451 3540 525 (Joan.
3569 451 3643 523 tu)
3671 469 3683 505 :

2115 552 2410 607 Permittite
2432 551 2598 604 Deum
2632 548 2770 603 unde
2798 548 2927 601 velit
2949 547 3047 611 ire,
3072 554 3122 598 et
3151 559 3258 615 quo
3284 544 3414 598 velit
3443 544 3687 600 accedere

2114 644 2304 697 habeat
2349 641 2454 711 37
2495 642 2793 693 libertatem
2825 636 2951 705 :qui
2995 635 3166 688 audiri
3199 647 3376 704 potest
3429 643 3494 714 et
3534 634 3686 690 videri

2112 748 2216 785 non
2272 739 2465 799 potest.
2523 729 2589 782 Et
2631 737 2809 782 tamen
2859 726 3036 779 studio
3095 725 3416 780 criminandi
3465 725 3682 780 libenter

2108 823 2482 890 blaSpbemare
2535 821 2743 874 voluisti
2789 862 2801 881 ,
2875 830 2931 872 ut
2973 819 3182 873 diceres
3225 835 3237 871 :
3316 817 3451 872 Nam
3506 817 3558 871 in
3605 817 3686 871 illa

2109 915 2352 971 Ecclesia
2392 915 2510 982 quis
2541 915 2763 984 Spiritus
2809 929 2930 969 esse
2976 909 3175 982 pot’est,
3205 913 3310 968 nisi
3366 913 3534 983 pariat
3560 913 3687 968 ﬁlios

2106 1008 2411 1080 gelietmaz?
2439 1007 2700 1064 Yomuisti
2751 1009 2819 1062 de
2872 1019 3087 1078 pectore
3133 1016 3223 1060 tuo
3267 1005 3586 1070 convicium,
3639 1013 3689 1060 et

2108 1106 2306 1176 putasti
2325 1103 2725 1175 adjung‘endum
2751 1117 2874 1157 esse
2900 1101 2967 1156 de
2997 1099 3284 1171 Evangelia
3314 1099 3684 1164 testimonium,

2108 1197 2199 1251 ubi
2249 1196 2446 1252 lecmm
2505 1206 2633 1251 est:
2673 1193 2762 1248 Va:
2801 1193 2960 1258 vobis,
3014 1193 3316 1263 hypocriten,
3366 1193 3453 1261 qui
3478 1192 3688 1245 circuitis

2108 1291 2273 1344 maria
2300 1297 2345 1344 et
2373 1299 2564 1354 terras,
2606 1298 2661 1342 ut
2690 1288 2889 1358 faciatis
2920 1303 3077 1340 unum
3128 1285 3466 1356 proselytunt,
3506 1293 3552 1337 et
3584 1299 3687 1335 cum

2107 1383 2417 1447 inveneritis,
2443 1382 2610 1453 facitis
2637 1397 2751 1434 eum
2783 1381 2946 1448 filium
2968 1378 3208 1446 gehennae
3231 1378 3506 1446 dupliciter
3552 1392 3687 1445 quam

2107 1493 2194 1532 vos
2222 1478 2338 1532 estis
2366 1475 2524 1547 (Mat.
2552 1491 2699 1536 xxnt,
2719 1474 2827 1542 l5).
2847 1473 2959 1548 (97)
2985 1473 3038 1528 Si
3057 1471 3158 1526 ltoc
3186 1471 3489 1527 convicium
3505 1470 3689 1525 facien-

2107 1571 2233 1626 dum
2265 1581 2401 1635 erat,
2429 1568 2569 1639 quod
2612 1583 2715 1622 non
2749 1568 2872 1622 licet
2900 1585 2912 1620 :
2946 1566 3189 1637 quamvis
3212 1567 3333 1621 sine
3381 1579 3543 1620 causa
3583 1565 3686 1628 list,

2108 1662 2223 1733 (98)
2251 1663 2450 1717 utinam
2472 1661 2665 1729 aliquis
2679 1675 2744 1714 ex
2770 1670 2952 1714 vestro
2983 1673 3210 1713 numero
3227 1658 3330 1711 hoc
3353 1657 3610 1712 dixisset:
3640 1664 3688 1709 et

411 1760 537 1800 εεπθ
584 1747 831 1817 Ροῑθειίε,
861 1758 953 1802 aut
981 1748 1258 1806 includere
1303 1751 1445 1820 quod
1479 1752 1794 1822 intelligitur
1814 1761 1869 1809 et
1892 1754 1996 1808 non
2036 1772 2083 1832 Β
2110 1766 2288 1809 tamen
2315 1765 2365 1809 te
2405 1753 2505 1808 boc
2536 1753 2737 1808 dixisse
2767 1752 2898 1805 satis
2924 1751 3180 1816 admiror,
3211 1750 3266 1805 id
3291 1751 3430 1805 l'also
3468 1749 3519 1804 in
3569 1748 3687 1801 alte-

413 1838 650 1896 vitletur.
691 1840 783 1896 Sic
818 1842 963 1897 enim
991 1843 1044 1898 in
1096 1842 1386 1915 Evangelio
1414 1845 1670 1916 scriptum
1726 1856 1813 1907 est
1838 1866 1851 1900 :
1881 1865 2001 1902 nam

478 2051 504 2083 °
541 2050 591 2103 In
616 2065 732 2104 mss.
756 2051 809 2104 S.
831 2053 889 2107 T.
910 2059 963 2106 el
982 2054 1039 2106 Ρ.
1061 2054 1114 2107 S.
1135 2054 1238 2108 sed.

2109 1863 2226 1904 rum
2242 1847 2446 1913 dicere,
2473 1862 2537 1902 ex
2553 1861 2678 1917 quo,
2699 1845 2817 1918 (99)
2844 1850 2889 1901 si
2917 1846 3312 1901 ordinationem
3346 1855 3494 1900 tuam
3523 1843 3687 1899 cousi«

1627 1959 1924 2017 LECTlON
1931 1961 2015 2018 ES
2081 1960 2494 2018 VARIANTES.

1727 2157 2089 2217 νΑιιιοιιυΜ
2119 2157 2352 2216 NOTAE.

415 2287 686 2343 sanctum,
717 2279 806 2348 qui
836 2285 918 2333 est
956 2277 1190 2335 secunda
1236 2275 1336 2333 dos
1358 2276 1619 2334 Ecclesia
1644 2318 1659 2344 ,
1703 2275 1758 2331 in
1808 2273 2000 2332 loculis

411 2351 673 2403 clausum.
706 2348 938 2406 ALBASP.
965 2368 967 2371 ·

486 2428 600 2500 (87)
649 2427 838 2484 Mittite
887 2429 1038 2485 illum
1089 2429 1134 2484 si
1182 2428 1429 2500 potestis.)
1467 2428 1522 2484 Si
1574 2428 1782 2484 habetis
1811 2444 1995 2486 verum

412 2499 668 2569 Spiritum
707 2509 972 2566 sanctum,
1008 2499 1200 2556 mittite
1235 2500 1385 2554 illum
1417 2499 1470 2553 in
1513 2501 1720 2564 Asiam,
1765 2501 1830 2554 ad
1877 2501 1997 2557 illas

409 2578 616 2642 septem
666 2572 928 2627 ecclesias
967 2587 1086 2642 quae
1111 2588 1178 2626 ex
1217 2570 1536 2626 auctoritate
1563 2573 1819 2642 _Apostoli
1856 2587 1997 2626 cen-

409 2640 596 2696 sentur
631 2657 751 2696 eum
787 2640 1002 2708 habere,
1037 2652 1093 2697 ut
1138 2642 1385 2696 excludat
1433 2640 1690 2709 Spiritum
1734 2642 1824 2709 qui
1876 2643 1993 2698 illas

409 2714 667 2767 ecclesias
689 2715 984 2784 gubernat;
1015 2725 1070 2770 et
1085 2717 1152 2769 ita
1171 2714 1528 2767 concedemus
1545 2729 1640 2767 vos
1668 2714 1863 2768 habere
1879 2715 1994 2783 Spi-

408 2784 574 2856 ritum
600 2798 843 2840 sanctum
864 2798 916 2841 et
943 2785 1103 2842 dandi
1131 2794 1471 2856 potestatem,
1500 2799 1618 2853 quae
1646 2795 1727 2840 est
1755 2788 1991 2852 secunda

365 2897 368 2900 .
410 2854 666 2927 Ecclesia:
688 2857 814 2922 dos;
847 2858 940 2912 sed
964 2859 1006 2913 si
1035 2854 1255 2927 spiritus
1286 2865 1463 2909 vester
1486 2872 1588 2908 non
1615 2865 1789 2922 potest
1810 2858 1991 2911 exclu-

413 2925 547 2982 dere
577 2928 820 2998 spiritum
864 2925 1077 2985 illarum
1122 2928 1494 2986 ecclesiarum.
1549 2941 1656 2983 non
1701 2936 1786 2983 est
1831 2943 1990 2985 verus

412 2999 654 3067 spiritus,
686 2999 778 3054 sed
805 3000 1273 3071 pseudo-spiritus.
1295 2998 1524 3069 ALBASP.

484 3077 600 3151 (88)
646 3079 796 3151 Apud
820 3083 981 3136 socios
1014 3093 1231 3138 nostros.

410 3149 724 3204 nicztviinus.
755 3154 979 3209 ALBASP.

485 3220 598 3291 (89)
633 3220 760 3274 Cum
793 3227 972 3299 qnilnts
1015 3227 1262 3280 ecclesiis.
1292 3226 1426 3295 Quia
1469 3244 1572 3282 non
1606 3231 1902 3299 probabant
1929 3237 1995 3291 ad

412 3305 508 3344 eos
535 3307 594 3347 se
618 3307 778 3363 posse
803 3297 1058 3352 scribere.
1094 3299 1319 3353 ALBASP.

487 3371 601 3448 (90)
650 3370 799 3448 [inde
826 3375 962 3430 vobis
1007 3379 1265 3448 angelum.
1318 3377 1469 3434 Unde
1507 3393 1715 3437 constat
1745 3400 1838 3439 vos
1889 3402 1994 3443 non

414 3441 615 3498 habere
657 3443 913 3518 Spiritum
949 3441 1191 3504 sanctum
1214 3490 1229 3513 ,
1262 3450 1364 3504 hoc
1411 3463 1512 3518 est,
1556 3470 1650 3508 vos
1695 3472 1798 3510 non
1833 3441 1991 3518 posse

412 3527 534 3566 eum
567 3514 830 3570 conferre.
865 3518 1096 3574 Auusr.
1500 3514 1509 3518 ⁷

483 3593 597 3669 (91)
631 3594 799 3669 Possit
820 3602 1011 3669 fontem
1034 3599 1245 3656 movere.
1267 3601 1436 3656 Possit
1456 3605 1741 3659 ecclesiam
1762 3618 1990 3664 vestram

412 3665 908 3749 auintarezalludit
947 3671 1014 3749 ad
1063 3683 1310 3749 octavum
1346 3686 1506 3749 caput
1537 3677 1903 3749 Apocalypsis,
1939 3684 1991 3735 ιιί

413 3737 602 3812 fallor;
635 3740 813 3794 vel'si
872 3744 1039 3796 mavis
1081 3737 1598 3812 cumTertulliano,
1652 3737 1993 3806 existimabat

411 3809 646 3890 .Angelns
675 3826 893 3890 movere
932 3829 1097 3890 aquas
1125 3814 1376 3890 baptismi
1405 3825 1460 3890 et
1490 3809 1593 3890 vini
1621 3818 1851 3886 aliquam
1886 3824 1993 3878 illis

411 3880 675 3958 ittSpirare
714 3881 782 3936 de
803 3880 1103 3958 baptismo:
1136 3880 1305 3958 Igitur
1335 3888 1597 3941 medicatis
1617 3880 1992 3958 quodammodo

409 3952 555 4030 aquis
583 3952 1222 4030 perangeliinterventum,
1252 3956 1476 4028 Spiritus
1506 3963 1558 4013 in
1581 3952 1724 4028 aquis
1749 3979 1993 4023 corpora-

411 4021 528 4074 liter
563 4021 796 4098 diluitur.
841 4025 994 4098 Item,
1043 4021 1451 4098 angelum'aquis
1481 4021 1807 4098 intervenire;
1838 4021 1990 4098 item,

413 4101 533 4172 tnnc
559 4093 647 4146 ille
688 4097 1035 4172 sanctissimus
1083 4098 1310 4172 Spiritus
1336 4093 1492 4172 super
1529 4093 1804 4157 emundata
1837 4117 1881 4158 et
1909 4093 1994 4160 be;

413 4162 613 4245 neOdirta
641 4180 855 4245 corpora
884 4166 1045 4245 libens
1069 4185 1101 4221 a
1127 4162 1290 4245 Patre
1310 4162 1567 4245 descendit
1593 4189 1746 4242 super
1795 4177 1992 4241 baptis-

412 4239 681 4310 un'_aquas
727 4253 746 4291 :
797 4239 980 4308 docet,
1010 4239 1288 4308 baptizatis
1338 4241 1593 4310 Spiritum
1640 4239 1880 4298 sanctum
1937 4248 1990 4303 in

409 4300 602 4431 22:3?
656 4310 807 4378 aquis
864 4300 1113 4379 iultittdi';
1182 4313 1323 4368 idem
1379 4300 1466 4370 ltic
1523 4316 1681 4370 docet
1745 4300 1987 4387 Optatos.

528 4393 555 4431 it
589 4394 638 4431 ι).

528 4393 638 4432 ASP.

1281 3083 1413 3149 Quia
1452 3099 1570 3140 cum
1606 3085 1712 3141 illis
1756 3105 1999 3148 comtnu-
2023 3089 2067 3152 C
2102 3123 2173 3177 pa

2194 2270 2326 2326 lbid.
2383 2270 2628 2341 Litigiunt
2680 2267 2993 2341 perdidistis.
3049 2267 3278 2341 Causam

2105 2342 2401 2398 Duuatisttc
2429 2344 2473 2396 si
2491 2338 2620 2396 cum
2642 2338 2977 2406 ortltodoxis,
3005 2340 3091 2394 vel
3112 2355 3234 2395 cum
3264 2338 3519 2396 Asiaticis
3546 2355 3682 2395 com-

2105 2417 2414 2468 muttionem
2455 2414 2684 2482 aliquant
2732 2410 3078 2466 habuissent:
3126 2428 3246 2467 nam
3283 2426 3566 2482 perperam
3605 2426 3681 2466 rc-

2105 2484 2438 2554 baptizarent
2467 2482 2801 2538 ortltodoxos
2840 2483 2886 2536 si
2913 2495 3102 2538 eorum
3131 2485 3568 2540 communionem
3593 2496 3679 2553 ap-

2099 2558 2436 2625 probassent.
2457 2555 2684 2609 ALBASP.

2175 2627 2287 2700 (95)
2322 2627 2450 2700 Erce
2469 2627 2754 2700 jaui_apud
2783 2641 2887 2682 vos.
2917 2625 3133 2700 Transit
3152 2623 3218 2680 ad
3249 2623 3438 2700 dotes:
3471 2633 3547 2700 et_
3564 2626 3675 2681 inec

2100 2695 2322 2754 vei-bna
2354 2695 2489 2754 linea
2522 2697 2723 2752 debent
2770 2699 3008 2764 inscribi,
3049 2695 3268 2767 vultque
3309 2698 3492 2751 dicere
3518 2697 3678 2752 Dona-

2101 2770 2252 2824 tistas
2295 2786 2397 2823 uou
2449 2783 2606 2839 posse
2651 2768 2894 2838 spiritum
2945 2769 3047 2824 silti
3102 2767 3374 2822 vindicare
3399 2779 3453 2822 et
3493 2769 3563 2822 ita
3605 2769 3676 2822 in-

2097 2840 2339 2905 cludere,
2369 2851 2426 2893 ut
2459 2849 2572 2893 'non
2602 2839 2668 2893 sit
2694 2840 2833 2909 apud
2862 2840 3210 2903 ortltodoxos;
3256 2839 3399 2908 apud
3452 2854 3545 2893 eos
3576 2855 3674 2893 non

2099 2921 2272 2978 potest
2304 2927 2444 2978 esse,
2476 2912 2604 2982 quia
2632 2912 2777 2966 nulla
2801 2913 2941 2968 inter
2971 2927 3064 2968 eos
3103 2917 3189 2964 est
3218 2911 3548 2965 communio.
3579 2912 3674 2966 At.-

3332 2266 3685 2352 perdidissent

2094 2995 2240 3036 BASP.

2176 3054 2294 3124 (96)
2345 3051 2466 3106 Non
2509 3055 2642 3107 enim
2687 3055 2943 3123 spiritum.
2991 3050 3174 3108 Tertia
3223 3049 3496 3124 Ecclesia),
3532 3050 3673 3106 dos:

2181 3121 2458 3179 ruieuiano
2494 3121 2910 3180 commemorata
2954 3124 3173 3192 spiritus
3225 3121 3532 3191 adoptionis
3577 3138 3674 3191 quo

2101 3195 2234 3249 limit
2262 3196 2550 3251 Christiani
2601 3196 2698 3250 Dei
2745 3195 2856 3251 lilii.
2888 3196 3001 3251 Hoc
3048 3206 3235 3248 carere
3273 3193 3453 3247 aiebat
3499 3193 3674 3248 Eccle-

2098 3267 2255 3329 siam,
2285 3269 2411 3337 quia
2448 3269 2690 3336 p-iriebat-
2712 3269 2858 3321 solos
2891 3267 3027 3322 ﬁlios
3066 3264 3347 3337 geltenum.
3380 3263 3526 3318 Istud
3555 3280 3674 3337 cott-

2099 3335 2317 3409 viciuur
2351 3341 2524 3408 potius
2575 3353 2734 3404 quam
2786 3346 3154 3409 argumentum
3196 3335 3432 3390 breviter
3475 3336 3675 3409 repellit

2097 3407 2422 3476 Optatus,’el
2450 3412 2501 3463 in
2530 3410 2700 3474 ipsum
2730 3407 3000 3480 retorquet
3034 3409 3206 3462 locum
3234 3421 3512 3462 sacrarum
3541 3408 3672 3461 litte-

2095 3495 2275 3533 rarum
2315 3495 2473 3548 quem
2501 3481 2814 3535 adduxerat.
2862 3486 2934 3535 Ιῖι]
2963 3480 3076 3534 PIN.

2168 3551 2282 3622 (97)
2324 3551 2383 3605 Si
2427 3553 2520 3613 hoc
2547 3551 2832 3605 convicium
2869 3551 3160 3622 faciendum
3196 3559 3334 3614 erat,
3379 3557 3486 3603 etc.
3519 3547 3673 3622 Totus

2096 3619 2185 3675 ltie
2223 3623 2370 3677 locus
2403 3622 2542 3677 foede
2573 3619 2896 3690 corruptus:
2926 3620 3191 3676 sententia
3222 3627 3400 3675 tamen
3443 3634 3549 3690 non
3589 3619 3673 3672 ob.

2095 3708 2250 3746 scura
2276 3710 2289 3746 :
2319 3704 2377 3747 ut
2403 3694 2470 3746 de
2502 3693 2678 3748 verbis
2712 3689 2890 3748 minus
2920 3691 3265 3748 laborandum
3306 3692 3397 3746 sit.
3432 3689 3680 3762 Fortasse.

2095 3763 2388 3832 scripserat
2427 3762 2652 3832 Optatus
2708 3781 2722 3817 :
2777 3765 2838 3820 Si
2892 3766 2987 3817 hoc
3055 3761 3338 3816 convicium
3393 3762 3673 3832 faciendam

2093 3848 2235 3907 erat»,
2267 3838 2494 3905 quamvis
2533 3837 2642 3888 sine
2669 3853 2825 3907 causa
2869 3834 2991 3907 fiat;
3020 3835 3216 3907 utinam
3240 3833 3428 3907 aliquis
3458 3832 3524 3905 (f.
3553 3832 3673 3885 alius

2093 3905 2228 3975 quis)
2255 3922 2317 3959 ea:
2337 3916 2498 3959 vestro
2523 3923 2732 3961 numero
2754 3906 2849 3960 hoc
2872 3905 3102 3969 dixisset,
3131 3905 3363 3959 attamen
3385 3905 3516 3974 (vel,
3540 3911 3584 3957 te
3600 3912 3673 3975 ta-

2096 3974 2232 4047 men)
2257 3993 2369 4029 eum
2393 3979 2551 4047 fuisse
2573 3978 2698 4031 satis
2725 3979 2976 4042 admiror,
3005 3977 3091 4043 qui
3116 3975 3249 4046 falso
3288 3978 3342 4029 in
3368 3977 3579 4028 alterum
3597 3974 3672 4025 di-

2094 4047 2262 4108 ceres,
2290 4064 2355 4101 ea:
2376 4065 2495 4116 quo.
2533 4060 2638 4102 etc.
2658 4089 2671 4111 ,
2705 4052 2786 4103 vel
2809 4093 2821 4114 ,
2854 4060 2902 4102 et
2924 4060 3091 4102 tamen
3124 4057 3171 4100 te
3212 4047 3307 4099 hoc
3346 4047 3533 4100 dixisse
3561 4047 3672 4097 satis

2094 4119 2340 4171 admiror.
2376 4115 2442 4171 ld
2469 4120 2600 4188 [also
2626 4121 2678 4172 in
2715 4123 2929 4173 alterum
2956 4119 3176 4178 diceres,
3211 4118 3326 4182 vel,
3361 4115 3528 4170 dicere
3548 4124 3591 4170 te
3615 4131 3671 4169 ex

2095 4205 2224 4251 quo,
2259 4191 2302 4242 si
2329 4191 2696 4243 ordinationem
2744 4201 2881 4244 tuam
2927 4190 3241 4254 consideres,
3281 4189 3444 4256 possis
3483 4197 3528 4241 et
3567 4203 3672 4239 era-

2097 4260 2331 4313 besrere?
2364 4261 2514 4326 Quod
2541 4278 2638 4314 non
2669 4262 2782 4316 ltret
2808 4259 3356 4328 tzttttqttamglossetna
3385 4266 3478 4314 τοῦ
3504 4273 3671 4324 quam-

2097 4332 2171 4385 vis
2211 4333 2318 4383 sine
2348 4348 2504 4384 causa
2534 4333 2623 4398 ﬁat
2642 4373 2655 4392 ,
2688 4335 2862 4403 qualia
2903 4332 3060 4400 vulgo
3089 4331 3266 4384 solent
3295 4345 3328 4383 e
3357 4331 3595 4403 margine
3622 4329 3670 4381 in

2099 4403 2268 4470 ipsum
2302 4412 2609 4457 contextum
2643 4398 2904 4474 irrepere,
2936 4398 3154 4474 penitus
3190 4417 3458 4474 eXpuogu.
3488 4398 3671 4474 Tamen

485 4456 600 4544 (92)
637 4456 793 4544 [istm
831 4470 1017 4544 septem
1045 4463 1308 4544 ecclesias._
1329 4463 1427 4531 Qui
1459 4469 1991 4544 non_comn_1tt_ni_cant
2018 4476 2070 4535 D
2099 4456 2192 4541 pro
2237 4484 2403 4527 autem
2445 4456 2904 4544 interdum‘potii'
2927 4456 3274 4542 iampridem.
3299 4456 3668 4544 adeopiscuttt

413 4537 618 4594 Septem
651 4530 756 4605 illis
783 4531 1025 4605 ecclesiis
1057 4549 1175 4603 qua:
1199 4536 1488 4603 probantur
1512 4535 1705 4592 habere
1731 4539 1986 4605 Spiritum

413 4607 681 4664 sanctum,
707 4601 833 4679 [pris
862 4614 1002 4664 sunt;
1030 4601 1129 4679 lioc
1149 4601 1358 4677 est,qui
1389 4606 1708 4678 nou_ltabent
1729 4601 1986 4679 Spiritum

411 4679 686 4730 sanctum.
721 4672 849 4726 furis
876 4685 1015 4726 sunt.
1042 4675 1266 4731 ALBASP.

484 4748 626 4828 (95)_
653 4749 754 4828 Aut
783 4753 844 4828 _si_
896 4754 1013 4808 inde
1058 4755 1251 4809 habetis
1296 4753 1534 4828 aliquem.
1573 4759 1677 4813 Aut
1713 4760 1754 4812 si
1788 4760 1854 4814 ab
1883 4761 1988 4816 illis

410 4821 657 4902 ecclesiis
705 4822 961 4902 Spiritum
1009 4836 1250 4880 sanctum
1301 4821 1605 4902 accepistis,
1636 4831 1867 4898 Spiritus
1896 4835 2006 4889 ille’

410 4894 515 4974 qui
533 4906 629 4946 vos
657 4895 815 4974 regit,
860 4894 986 4950 facit
1030 4906 1086 4950 nt
1129 4894 1532 4974 comniunicctis
1572 4894 1694 4954 cuni
1722 4903 1852 4974 aliis
1892 4919 1987 4956 an-

412 4962 547 5042 gelis
572 4978 601 5017 a
633 4965 974 5042 quibuscum
997 4969 1304 5042 accepistis,
1334 4971 1455 5037 quia
1483 4986 1619 5023 unus
1640 4983 1692 5024 et
1719 4972 1856 5028 idem
1878 4975 1998 5042 Spi-

408 5036 543 5107 ritus
557 5043 641 5088 cst
661 5053 678 5107 7:
700 5036 892 5104 quodsi
921 5039 1038 5093 aliis
1069 5041 1275 5107 angelis
1297 5036 1725 5104 communicatis,
1754 5059 1874 5097 cum
1905 5036 1997 5099 iis-

412 5105 536 5159 dem
561 5106 803 5162 ecclesiis
835 5119 887 5163 et
916 5125 1037 5166 cum
1069 5105 1223 5166 nobis
1263 5113 1574 5168 societatem
1618 5112 1844 5171 habetis.
1888 5115 1996 5171 Al.-

409 5191 556 5232 ιΑερ.

482 5256 600 5346 (94)
632 5259 694 5314 Si
721 5260 792 5313 ita
813 5271 908 5325 est,
941 5261 1183 5346 litigium,
1207 5271 1314 5317 etc.
1345 5262 1425 5346 ᾼά
1456 5264 1734 5346 superiora
1767 5267 2001 5346 referen-

409 5327 560 5406 dum,
581 5327 700 5384 non
737 5347 856 5406 qtae
889 5327 1132 5401 proxime
1164 5327 1490 5403 przccedttnt.
1517 5327 1569 5386 Si
1610 5335 1680 5386 ita
1703 5352 1789 5390 res
1818 5339 1994 5406 ltiltet,

410 5400 692 5476 inquitdtt
721 5400 974 5476 diximus,
1015 5415 1072 5461 ut
1115 5400 1468 5476 quaecumque
1507 5422 1669 5459 unum
1710 5408 1870 5464 habet
1899 5400 1993 5463 an;

411 5470 587 5548 gelum
624 5472 884 5548 Ecclesia,
913 5470 1506 5548 exteris'qttoque'pcr
1553 5477 1988 5545 illittn'tcomn‘tu-

398 5543 560 5597 .nicet
610 5544 815 5614 angelis
859 5555 912 5598 et
960 5543 1238 5612 ecclesiis;
1285 5543 1432 5603 'cuni
1480 5563 1577 5602 vos
1619 5543 1827 5603 constet
1877 5553 1995 5604 aliis

419 5614 640 5668 minime
663 5620 1064 5690 cotumuniCare
1089 5620 1358 5682 ecclesiis,
1391 5620 1515 5689 quid
1541 5629 1808 5687 superest,
1836 5639 1994 5690 quam

422 5690 482 5737 ut
509 5699 665 5741 causa
700 5687 855 5763 plane
903 5691 1254 5763 excideritis?
1287 5687 1420 5745 Ecce
1456 5691 1600 5763 (nam
1633 5699 1688 5763 et
1710 5691 1835 5744 illud
1856 5687 1998 5763 quo-

421 5768 524 5822 que
551 5760 920 5829 consequitur)
947 5778 959 5813 :
981 5765 1095 5833 jam
1119 5763 1258 5831 apud
1283 5779 1398 5828 vos,
1425 5760 1529 5817 etc.
1561 5762 1626 5816 Μ.
1657 5761 1886 5819 Cissus.

2099 4546 2410 4599 historicum
2439 4541 2778 4599 observatum
2807 4557 2905 4597 est.
2931 4541 3083 4611 Quod
3116 4544 3158 4595 si
3185 4544 3466 4612 quisquam
3504 4541 3670 4595 subti-

2095 4616 2199 4670 lius
2227 4618 2324 4670 ista
2357 4617 2692 4683 distinguere
2720 4616 2980 4677 voluerit,
3013 4630 3113 4667 non
3145 4614 3260 4668 licet
3302 4626 3357 4667 et
3386 4616 3487 4667 sine
3525 4627 3670 4665 causa

2095 4689 2184 4751 lit;
2218 4704 2311 4756 per
2335 4703 2418 4741 tne
2441 4688 2622 4742 licebit
2650 4689 2722 4741 illi
2753 4705 2764 4740 :
2795 4699 2851 4740 ut
2873 4686 3004 4739 mibi
3032 4696 3207 4739 tamen
3235 4686 3495 4756 integrum
3521 4683 3672 4756 sitil-

2093 4758 2183 4813 lui!
2209 4753 2351 4829 quod
2386 4759 2550 4826 probo
2593 4761 2757 4828 magis
2797 4759 2969 4826 sequi.
3006 4757 3128 4810 ldco
3174 4753 3370 4829 atttetttf
3406 4756 3504 4810 hoc
3544 4753 3670 4829 dicit

2095 4823 2317 4899 Oplaltls‘
2341 4872 2354 4895 ,
2387 4823 2529 4898 quod
2574 4823 2956 4886 Parmenionis
2987 4837 3129 4881 esset
3159 4828 3488 4897 peregrinus.
3519 4823 3663 4899 Quod

2099 4898 2307 4955 etiamsi
2339 4917 2443 4954 non
2478 4902 2564 4955 liic
2589 4915 2799 4966 exerte,
2830 4901 2955 4954 alibi
2988 4909 3164 4953 tamen
3193 4899 3413 4952 disertis
3439 4898 3532 4966 ipsi
3561 4911 3673 4949 ver-

2103 4971 2184 5025 bis
2212 4973 2413 5038 objicit.
2448 4974 2624 5025 Possis
2655 4974 2815 5026 etiam
2844 5013 2857 5036 ,
2902 4972 2944 5024 si
2979 4971 3273 5024 retinemus
3303 4970 3430 5024 illud
3457 4967 3671 5036 quamvis

2102 5044 2209 5096 sine
2236 5060 2388 5096 causa
2415 5045 2522 5108 ﬁat,
2543 5043 2613 5096 ita
2645 5041 3013 5110 interpretari:
3034 5041 3474 5108 Quandoquidem
3505 5050 3668 5093 tamen

2103 5114 2176 5167 ita
2209 5114 2356 5167 vobis
2386 5114 2560 5186 sedet,
2585 5115 2886 5186 convicium
2907 5122 3195 5181 utcumque
3218 5112 3460 5167 illicitum
3484 5111 3666 5171 facere,

2104 5186 2325 5249 utinam,
2359 5184 2461 5238 etc.
2496 5185 2561 5238 Μ.
2588 5184 2816 5239 ΟΑςΑυΒ.

2157 5258 2290 5326 (98)
2335 5255 2539 5311 Utinam
2583 5257 2767 5324 aliquis
2815 5272 2877 5309 ea:
2919 5263 3100 5309 vestro.

2099 5330 2323 5385 dixisset
2350 5344 2506 5397 quam
2540 5337 2613 5378 ιιι.
2647 5331 2876 5381 Acsssp.

2170 5401 2289 5470 (99)
2333 5393 2391 5452 Si
2419 5397 2788 5452 ordinationem
2811 5409 2950 5451 tuam
2968 5396 3279 5470 consideras.
3303 5393 3670 5470 Rebaptimtus

2097 5466 2270 5533 ruet-at
2302 5471 2684 5523 Parmeniauus
2704 5513 2717 5532 ,
2746 5479 2800 5524 ct
2825 5484 2884 5523 se
2913 5468 3231 5535 rebaptizari
3278 5466 3582 5537 permiserat
3616 5471 3670 5517 ιιι

2097 5545 2162 5598 ad
2197 5543 2378 5595 sedent
2406 5541 2749 5609 Carthaginis
2780 5541 3104 5594 eveheretur
3133 5557 3160 5592 a
3196 5538 3518 5602 Donatistis,
3552 5549 3667 5609 nam

2098 5617 2254 5670 aliter
2280 5613 2376 5693 illa.
2401 5613 2561 5666 verba
2592 5608 2760 5694 facitis
2783 5627 2898 5694 eum
2926 5611 3090 5679 filium
3119 5615 3363 5692 galle-nua:
3390 5608 3666 5694 dupliciter,

2097 5702 2205 5741 non
2237 5683 2532 5754 potuissent
2557 5681 2604 5737 ei
2627 5686 2936 5744 convenire,
2963 5698 3136 5752 neque
3153 5694 3218 5737 ex
3239 5681 3663 5754 iiserubescere:

2101 5755 2202 5814 nisi
2237 5749 2371 5810 velis
2420 5756 2496 5809 illi
2527 5755 2954 5812 erubescendum
3001 5749 3177 5810 facere
3215 5769 3279 5809 ex
3309 5752 3418 5807 illis
3454 5749 3622 5806 verbis
3651 5765 3664 5800 :

3151 5253 3367 5310 Utinam
3412 5254 3542 5309 alius
3577 5253 3670 5306 hoc
