3828 6218
391 343 497 401 963

1577 336 1823 394 SANCTl
1859 336 2112 396 ΟΡΤΑΤΙ
2152 340 2460 400 EPISCOPI

3558 348 3661 406 96-5

388 459 592 514 nullare
625 455 769 511 visus
798 468 856 508 es
887 474 900 509 :
933 440 986 507 in
1017 453 1363 507 excusatione
1410 461 1434 488 α
1474 454 1675 508 erroris
1703 463 1756 508 et
1784 451 1966 510 livoris
1996 460 2044 518 A
2075 457 2170 513 bus
2217 461 2353 538 ratio
2404 461 2746 532 baptismatis
2790 471 3213 535 agnosceretur:
3254 463 3347 519 ubi
3394 465 3528 520 nihil
3569 467 3665 523 sibi

387 549 577 611 vestri,
624 546 750 600 dum
783 552 902 614 post
931 557 1028 597 nos
1073 542 1417 614 rebaptizatis
1441 540 1493 608 b,
1530 537 1584 597 et
1629 551 1749 611 post
1794 547 1970 600 socios

385 646 589 692 vestros
619 637 668 690 in
698 645 922 704 peccato
952 634 1224 698 detectus,
1260 633 1364 689 hoc
1395 650 1499 690 non
1543 633 1740 690 facitis.
1784 636 1970 691 Dixisti

379 730 519 784 enim
561 727 703 798 quod
760 727 804 782 si
846 726 1098 782 sacerdos
1139 726 1192 782 in
1225 735 1445 796 peccato
1474 726 1572 790 sit,
1604 729 1734 782 sola:
1766 730 1971 798 possint

376 821 530 876 dotes
555 810 787 890 operari.
816 819 999 889 lgitur,
1027 819 1153 889 quia
1176 819 1457 874 docuimus
1473 827 1527 891 et
1553 819 1678 889 quid
1704 821 1776 875 sit
1798 820 1968 876 haere-

375 913 479 980 sis,
506 921 560 968 et
587 912 716 983 quid
739 913 810 966 sit
837 911 1096 980 schisma,
1125 920 1182 967 ct
1208 912 1334 983 quid
1365 913 1436 968 sit
1465 924 1649 970 sancta
1677 912 1918 970 Ecclesia
1949 932 1963 970 :

372 1019 426 1066 et
451 1008 609 1079 hujus
637 1017 836 1066 sanctzc
868 1008 1121 1066 Ecclesiae
1150 1021 1234 1066 est
1261 1011 1375 1082 (l3)
1395 1013 1684 1068 constituta
1711 1029 1961 1084 persona,

369 1112 424 1158 et
453 1101 589 1156 hanc
617 1117 737 1157 esse
767 1103 1086 1158 catholicam
1105 1144 1121 1171 ,
1152 1119 1274 1175 qua:
1310 1106 1382 1159 sit
1403 1107 1454 1160 in
1489 1115 1602 1162 toto
1629 1107 1761 1163 orbe
1790 1118 1964 1164 terra-

370 1209 486 1249 rum
508 1193 698 1249 dil'fusa
727 1212 740 1250 :
771 1193 924 1264 cujus
947 1195 1190 1251 membra
1213 1205 1268 1251 et
1289 1211 1389 1251 nos
1418 1198 1558 1252 inter
1581 1199 1716 1254 alios
1736 1216 1919 1254 sumus
1945 1217 1959 1254 :

369 1285 522 1354 cujus
550 1286 704 1342 dotes
733 1286 872 1356 apud
901 1285 1047 1340 illam
1075 1286 1276 1357 ubique
1300 1298 1446 1340 sunt.
1483 1288 1683 1344 Deinde
1705 1290 1755 1344 in
1789 1291 1962 1359 primo

368 1379 506 1433 libro
533 1377 911 1450 probavimus,
956 1378 1022 1434 ad
1069 1394 1166 1436 nos
1211 1394 1316 1434 non
1349 1381 1619 1450 pertinere
1662 1381 1961 1438 traditionis

367 1468 656 1537 invidiam,
703 1481 758 1528 et
795 1470 897 1528 hoc
940 1471 1144 1528 crimen
1192 1470 1352 1528 etiam
1400 1488 1429 1527 a
1462 1472 1617 1528 nobis
1661 1489 1782 1530 esse
1811 1473 1962 1529 dam-

368 1571 574 1618 Italum.

437 1655 508 1711 Χ.
541 1657 690 1729 Apud
715 1656 1003 1714 Catholicos
1043 1677 1150 1715 esse
1186 1677 1304 1716 vera
1333 1661 1577 1718 Ecclesia:
1622 1675 1957 1721 sacramenta.

367 1778 438 1789 —
464 1747 581 1804 Jatn
613 1748 742 1805 illud
773 1751 902 1806 mibi
933 1752 1052 1806 volo
1078 1753 1427 1824 respondeas,
1459 1769 1580 1810 cum
1603 1755 1670 1811 de
1699 1757 1830 1812 solis
1856 1758 1955 1812 Ec-

2075 556 2375 623 operarius,
2401 557 2488 627 qui
2507 557 2665 612 homo
2689 567 2790 624 est,
2815 557 3070 624 vindicet,
3101 555 3216 631 (18)
3244 559 3389 629 quod
3418 575 3512 615 vos
3530 560 3670 616 'faci-

2076 645 2161 697 tis.
2195 644 2429 716 Ideoque
2458 647 2522 701 ad
2551 648 2691 702 solas
2718 650 2870 703 dotes
2902 659 2954 704 te
2979 649 3226 704 conferre
3252 649 3502 717 voluisti,
3533 666 3664 721 quas

2074 736 2219 790 velut
2249 752 2405 791 manu
2433 740 2826 808 apprehensas,
2860 751 2951 795 aut
2980 739 3098 813 (19)
3126 755 3250 795 area
3282 750 3304 779 ο
3343 744 3660 807 conclusas,

2070 827 2362 882 Catholicis
2389 828 2681 900 denegans,
2711 832 2865 886 vobis
2889 831 3017 887 solis
3037 845 3130 888 eas
3161 831 3352 898 frustra
3381 831 3658 888 vindicare

2069 927 2293 971 conatus
2321 932 2400 974 es.
2427 916 2559 974 Cum
2586 931 2774 993 agatur
2789 921 2856 978 de
2879 923 3286 994 regeneratione
3314 922 3365 999 ά,
3394 939 3514 980 cum
3544 940 3663 997 aga-

2069 1018 2155 1064 tur
2198 1007 2267 1064 de
2311 1008 2527 1066 homine
2574 1011 2914 1080 innovando,
2965 1015 3110 1070 nulla
3154 1031 3185 1071 a
3227 1024 3280 1071 te
3325 1016 3657 1078 credentium

2069 1101 2233 1167 fides,
2277 1104 2418 1157 nulla
2464 1105 2729 1174 professio
2762 1115 2785 1143 θ
2817 1109 3087 1163 nominata
3131 1119 3257 1175 est:
3291 1108 3420 1165 dum
3468 1111 3550 1165 vis
3593 1108 3658 1165 de

2066 1196 2197 1250 solis
2224 1195 2438 1252 dotibus
2467 1196 2633 1267 loqui,
2669 1198 2784 1253 hare
2811 1199 2990 1256 omnia
3011 1240 3028 1266 ,
3055 1201 3173 1255 sine
3199 1201 3395 1272 quibus
3419 1202 3530 1273 39
3551 1200 3661 1271 spiv

2066 1289 2236 1344 ritalis
2268 1290 2356 1345 illa
2396 1292 2650 1347 nativitas
2679 1293 2915 1362 reparari
2963 1309 3068 1350 non
3098 1303 3307 1364 potest,
3355 1295 3410 1348 in
3447 1295 3656 1367 silentio

2065 1382 2320 1437 remisisti
2351 1399 2365 1435 :
2398 1393 2598 1438 etcum
2629 1384 2784 1439 dotes
2810 1383 2876 1438 ad
2906 1367 3185 1454 sponsam,
3228 1401 3336 1440 non
3365 1398 3562 1455 sponsa
3589 1383 3654 1439 ad

2063 1473 2220 1530 dotes
2250 1475 2554 1544 pertineat,
2585 1476 2665 1532 sic
2691 1477 2952 1541 ordinasti
2997 1476 3151 1533 dotes
3171 1519 3185 1543 ,
3217 1476 3371 1549 quasi
3405 1478 3538 1553 ipsa:
3574 1476 3655 1532 vi-

2063 1565 2292 1621 deantur
2317 1553 2608 1638 generare,
2642 1566 2757 1644 (‘20)
2796 1583 2902 1624 non
2933 1568 3174 1635 viscera;
3203 1585 3325 1642 qua:
3354 1568 3653 1640 intelligun-

2067 1667 2153 1714 tur
2180 1660 2298 1730 plus
2327 1663 2497 1728 posita
2525 1659 2580 1715 in
2639 1661 2995 1735 sacramentis
3035 1676 3192 1732 quam
3223 1661 3275 1716 in
3305 1662 3650 1716 ornamentis.

2133 1753 2225 1808 XI.
2261 1739 2538 1809 Ecclesiam
2571 1755 2865 1824 paradisum
2893 1755 3072 1809 merito
3102 1753 3227 1823 dici,
3257 1754 3346 1809 sed
3377 1755 3468 1807 toti
3499 1765 3652 1808 terra-

365 1839 544 1896 clesia:
565 1841 777 1898 dotibus
806 1844 948 1914 loqui
973 1845 1209 1910 voluisti,
1239 1855 1293 1901 et
1318 1847 1385 1902 de
1416 1847 1616 1903 sanctis
1642 1848 1759 1916 ejus
1786 1866 1955 1904 mem-
1985 1840 2031 1900 B
2060 1866 2173 1902 rum
2198 1849 2307 1902 orbi
2338 1848 2751 1919 respondentem.
2777 1878 2844 1888 ——
2874 1847 2983 1903 Nec
3027 1847 3155 1902 illud
3201 1856 3485 1918 prartereo,
3515 1846 3651 1918 quod

370 1934 479 1990 bris
500 1949 561 1989 ac
592 1935 889 1991 visceribus
921 1937 1131 1991 tacuisti
1162 1954 1173 1989 :
1206 1953 1326 2008 qua:
1351 1946 1475 1992 sunt
1505 1940 1686 2008 procul
1718 1940 1880 1996 dubio
1902 1946 1954 1996 in

363 2025 717 2081 sacramentis
748 2036 800 2082 et
834 2025 948 2098 (H)
975 2027 1025 2082 in
1052 2028 1660 2104 nominibusTrinitatis
1687 2030 1825 2102 (15).
1855 2031 1954 2086 Cui

361 2117 636 2172 concurrit
684 2118 816 2173 ﬁdes
860 2119 1228 2184 credentium,
1262 2129 1315 2176 et
1348 2119 1632 2191 professio,
1669 2138 1787 2193 qua:
1837 2121 1950 2194 (16)

362 2209 502 2278 apud
532 2219 648 2264 acta
693 2210 977 2266 conficitur
1001 2211 1314 2282 angelorum
1347 2212 1485 2283 (17),
1529 2213 1614 2266 ubi
1661 2213 1954 2269 miscentur

360 2303 597 2358 cmlestia
631 2313 684 2358 ct
711 2304 972 2374 spiritalia
998 2305 1225 2370 semina,
1254 2314 1306 2358 ut
1332 2313 1519 2366 sancto
1543 2304 1786 2375 germine
1813 2322 1947 2363 nova

359 2397 530 2466 possit
557 2398 948 2451 renascentium
983 2397 1192 2452 indoles
1236 2399 1506 2467 procreari
1542 2415 1554 2450 :
1595 2405 1651 2453 ut
1677 2399 1802 2454 dum
1830 2400 1950 2455 Tri-

359 2491 497 2544 nitas
539 2505 658 2544 cum
691 2489 796 2545 fide
823 2487 1147 2558 concordat,
1180 2490 1268 2560 qui
1315 2498 1470 2546 natus
1512 2489 1687 2546 fuerat
1725 2493 1945 2561 smculo,

354 2592 667 2638 renascatur
720 2582 1037 2653 spiritaliter
1078 2583 1207 2638 Deo.
1252 2581 1342 2638 Sic
1389 2583 1444 2637 fit
1479 2582 1756 2640 hominum
1801 2595 1951 2656 pater

361 2673 505 2739 Deus
524 2716 539 2744 ,
582 2683 768 2744 sancta
793 2675 880 2745 sic
920 2673 979 2730 ﬁt
1006 2684 1178 2746 mater
1206 2673 1469 2746 Ecclesia.
1506 2676 1631 2733 ΙΙωο
1659 2677 1840 2732 omnia
1869 2678 1951 2735 iu-

355 2765 538 2836 lolligo
566 2781 594 2820 a
628 2775 678 2822 te
704 2765 824 2822 ideo
855 2781 964 2822 non
1003 2780 1125 2822 esse
1154 2766 1427 2822 nominata
1449 2806 1463 2833 ,
1494 2781 1562 2822 ne
1590 2768 1641 2822 in
1672 2768 1738 2823 iis
1769 2770 1952 2826 omni-

2060 1956 2154 1995 orc
2199 1950 2287 1994 tuo
2330 1950 2384 1994 et
2423 1955 2583 1995 sensu
2613 1949 2797 1994 nostro
2827 1939 3128 1995 Ecclesiam
3180 1940 3487 2009 paradisum
3538 1954 3650 1996 esse

2057 2029 2239 2084 dixisti
2270 2049 2282 2083 :
2313 2046 2432 2100 anc
2474 2045 2560 2085 res
2590 2030 2708 2084 sine
2748 2029 2912 2085 dubio
2939 2043 3063 2084 vera
3111 2039 3195 2085 est
3225 2048 3237 2083 :
3272 2030 3324 2084 in
3355 2046 3464 2101 quo
3502 2029 3651 2085 horto

2059 2122 2198 2178 Deus
2240 2123 2442 2192 plantat
2467 2121 2800 2179 arbusculas.
2832 2121 2899 2176 Et
2929 2131 3106 2176 tamen
3149 2121 3259 2177 Deo
3285 2123 3502 2177 divitias
3533 2137 3650 2177 suas

2056 2213 2385 2284 denegastis,
2417 2213 2572 2284 cujus
2602 2212 2815 2268 hortum
2863 2213 2915 2267 in
2962 2213 3236 2283 angustias
3282 2213 3498 2282 cogitis,
3529 2213 3649 2268 dum

2056 2306 2212 2362 vobis
2238 2305 2369 2360 solis
2411 2305 2682 2360 immerito
2723 2304 2902 2359 omnia
2933 2304 3234 2359 vindicatis.
3271 2303 3468 2375 Utique
3498 2305 3648 2376 plan-

2057 2400 2285 2454 tationes
2329 2399 2420 2454 Dei
2463 2407 2586 2453 sunt
2637 2396 2849 2453 diversa
2883 2398 3089 2454 semina
3140 2413 3234 2480 per
3264 2398 3481 2455 diversa
3521 2415 3649 2469 pra:-

2054 2501 2227 2561 cepta.
2261 2491 2395 2546 Justi
2421 2532 2435 2557 ,
2467 2491 2841 2558 continentes,
2891 2491 3275 2548 misericordes
3314 2501 3369 2547 et
3395 2492 3645 2563 virgines,

2054 2585 2318 2656 Spiritalia
2341 2593 2465 2640 sunt
2492 2585 2730 2639 semina:
2763 2585 2951 2639 harum
2976 2601 3157 2640 rerum
3187 2587 3504 2642 arbusculas
3535 2585 3646 2661 (2|)

2010 2725 2012 2728 ,
2054 2679 2105 2733 in
2140 2678 2388 2750 paradiso
2433 2679 2575 2734 Deus
2607 2678 2834 2749 plantat.
2866 2677 3162 2735 Concedite
3218 2679 3329 2734 Deo
3367 2688 3425 2734 ut
3471 2678 3649 2738 hortus

2053 2772 2172 2844 ejus
2198 2772 2268 2829 sit
2289 2772 2446 2844 longe
2472 2772 2685 2844 lateque
2709 2771 2954 2829 diii‘usus.
2978 2770 3117 2841 Quid
3143 2770 3217 2826 illi
3240 2770 3447 2842 negatis
3468 2770 3648 2827 Orien-

1597 2902 1982 2962 LECTIONES
2022 2905 2439 2963 VARIANTES.

415 2997 441 3027 ⁸
475 2996 528 3046 1η
548 3009 635 3046 ms.
662 2996 720 3046 P.
747 2995 1137 3048 S.exsecutione.

409 3055 437 3096 Ι)
471 3059 525 3122 in
552 3073 643 3110 ms.
662 3060 714 3108 S.
744 3058 803 3110 G.
829 3054 1096 3122 boptizatis.

409 3126 432 3154 ⁸⁵
468 3121 540 3173 Ita
578 3123 764 3185 Optime
807 3123 856 3171 in
890 3117 993 3171 'ms.
1038 3120 1090 3170 S.
1131 3119 1190 3172 G.
1237 3117 1295 3169 In
1336 3132 1452 3170 mss.
1499 3118 1553 3170 S.
1597 3118 1657 3170 Τ.
1701 3129 1753 3172 et
1795 3121 1852 3172 Ρ.
1880 3120 1932 3172 S.

2049 3009 2506 3175 es
2527 3061 2815 3188 me
2834 3059 2886 3111 δ’
2917 3057 2978 3112 θ’

1685 3230 2047 3288 VARIORUM
2087 3231 2318 3289 NOTAE.

347 3349 448 3417 Qui
469 3350 746 3420 .aunullare
774 3349 994 3405 verbum
1019 3357 1321 3416 usurparet,
1346 3348 1702 3420 antiquiorem
1736 3349 1932 3417 Optan
1962 3353 2006 3416 C

352 3438 454 3475 non
488 3421 613 3475 vidi‘.
644 3417 774 3487 Qua:
807 3421 1016 3489 phrasis
1050 3421 1245 3474 nullius
1288 3421 1440 3489 pretii
1471 3417 1574 3484 e5t,
1608 3422 1734 3477 licet
1761 3420 1934 3476 Juris-

349 3492 578 3548 consulti
631 3490 893 3547 Forenses
939 3507 1035 3562 pro
1083 3491 1328 3547 dedicato
1357 3502 1411 3547 et
1461 3501 1732 3563 tamquam
1783 3491 1937 3549 festis

347 3563 534 3617 diebus
566 3565 639 3617 uti
671 3574 870 3618 ament.
907 3564 1123 3618 lacent.

415 3635 528 3706 (13)
569 3633 854 3688 Constituto
875 3650 1117 3706 persona.
1137 3632 1249 3688 Hoc
1271 3642 1354 3688 est
1375 3635 1425 3689 in
1449 3630 1680 3702 persona
1703 3635 1760 3690 S.
1794 3635 1939 3691 Pon-

344 3705 500 3760 tificis
545 3705 777 3778 Ecclesia
813 3705 912 3778 ,eSt
955 3705 1281 3778 constituta,
1317 3706 1692 3778 tamquamin
1720 3707 1893 3778 capite
1917 3747 1934 3776 ,

345 3785 502 3850 atque
530 3777 638 3832 illic
661 3787 741 3832 est
773 3776 863 3832 ubi
891 3786 1092 3833 etcum
1125 3777 1318 3847 quibus
1346 3777 1725 3902 commuXicat.
1789 3776 1799 3778 “
1934 3777 1935 3780 “

1603 3864 1782 3902 LBASP.

1603 3864 1782 3904 LBASP.

420 3916 534 3992 (H)
683 3919 735 3971 in
766 3918 1052 3992 nominﬂius
1079 3916 1345 3992 Trinitatis
1367 3960 1402 3992 ,Α
1421 3931 1526 3992 etc.
1554 3919 1781 3992 Nomina
1809 3918 1933 3975 Tri-

348 3987 528 4045 nitatis
559 3988 646 4044 hic
677 3997 735 4043 ut
775 3989 912 4058 apud
939 3987 1331 4044 Tertulliauum
1374 3989 1442 4044 de
1474 3989 1624 4058 Bapt.
1646 4031 1661 4056 ,
1700 3989 1791 4046 lib.
1826 4007 1933 4058 vn,

348 4075 602 4115 numerus
629 4058 904 4114 nominum
941 4058 1273 4124 divinorum,
1304 4059 1354 4113 id
1395 4068 1480 4115 est
1501 4101 1516 4124 ,
1557 4075 1934 4128 personarum.

347 4133 540 4188 Noster
567 4131 700 4186 infra
727 4131 816 4184 lib.
846 4145 924 4194 tn,
955 4130 1172 4197 nomina
1200 4131 1411 4200 pietatis
1437 4145 1532 4199 pro
1555 4146 1799 4200 persona:
1820 4135 1936 4187 vin-

344 4207 466 4259 culo
510 4202 719 4273 pietatis
749 4202 847 4256 sibi
891 4202 1122 4273 juncta},
1156 4211 1207 4255 et
1249 4201 1344 4273 lib.
1371 4203 1558 4273 v,tria
1592 4206 1801 4257 nomina
1823 4245 1838 4269 ,
1884 4202 1936 4261 id

343 4285 445 4338 est,
480 4270 590 4328 tres
619 4288 885 4344 personaa.
911 4272 986 4327 De
1013 4270 1114 4344 fide
1137 4286 1198 4327 ac
1227 4271 1557 4338 professione
1579 4274 1935 4336 credentium,

341 4361 463 4414 quzc
503 4343 820 4414 sequuntur,
850 4351 908 4397 ut
934 4344 1050 4397 aliis
1088 4343 1366 4398 decantata
1390 4385 1402 4408 ,
1451 4343 1627 4398 sciens
1649 4357 1932 4414 pr.etereo.

341 4418 609 4472 Cmterum
654 4416 900 4486 angelum
930 4417 1083 4483 aquis
1133 4415 1460 4486 intervenire
1481 4455 1495 4478 ,
1529 4416 1711 4486 multis
1739 4416 1936 4486 proba-

340 4499 449 4544 tum
477 4485 807 4542 Tertulliani)
842 4485 910 4541 de
936 4486 1113 4554 Bapt.,
1156 4500 1274 4553 cap.
1305 4485 1360 4551 5,
1394 4485 1448 4540 6.
1485 4485 1589 4542 Sed
1634 4502 1738 4542 non
1782 4486 1937 4556 aquis

342 4570 568 4624 tantum,
601 4557 694 4613 sed
726 4568 774 4613 et
806 4555 1160 4612 oratiOnibus.
1197 4557 1269 4610 De
1297 4568 1433 4610 orat.
1468 4572 1587 4626 cap.
1619 4557 1705 4619 12.
1741 4567 1796 4615 et
1825 4555 1937 4611 ma-

339 4631 577 4686 trimonii
609 4631 798 4691 sacris,
823 4628 889 4683 ad
916 4643 1136 4682 uxorem
1161 4628 1253 4680 lib.
1282 4643 1340 4689 it,
1365 4643 1414 4682 c.
1439 4627 1538 4681 ult.
1565 4628 1640 4684 De
1672 4629 1937 4696 baptismo

338 4711 516 4758 autem
561 4703 722 4757 etiam
755 4699 978 4769 August.
1015 4698 1080 4752 de
1111 4697 1358 4769 symbolo
1397 4700 1461 4753 ad
1490 4703 1791 4755 catliecum.
1844 4701 1934 4755 ubi

340 4783 459 4855 post
488 4772 740 4855 quaedam
767 4768 1200 4855 de’professimie
1231 4787 1243 4823 :
1288 4768 1461 4855 Videte
1483 4810 1496 4833 ,
1523 4771 1738 4854 inquit,
1771 4771 1912 4825 dilec-

338 4840 543 4909 tissimi,
574 4844 694 4910 quia
721 4845 851 4896 lianc
883 4840 1251 4913 professionem
1273 4850 1494 4913 uestram
1518 4842 1568 4913 in
1592 4843 1784 4913 curiam
1813 4859 1930 4913 pro.

337 4915 482 4984 fertis
521 4915 850 4986 angelorum,
885 4911 1113 4986 nomina
1148 4912 1496 4986 proﬁtentium
1541 4912 1592 4986 in
1634 4911 1760 4966 libro
1792 4911 1930 4986 eaei-

339 4983 544 5053 piuntur
582 4983 724 5050 uiue,
758 5002 858 5038 non
898 5001 932 5036 a
953 4983 1176 5050 quolibet
1224 4983 1461 5050 homine,
1498 4985 1588 5054 sed
1613 5001 1643 5036 α
1671 4985 1935 5054 superiore

336 5058 533 5111 caelitus
561 5066 835 5126 potestate,
877 5065 978 5111 etc.
998 5095 1012 5116 ,
1049 5056 1138 5122 qui
1167 5054 1318 5108 locus
1345 5055 1540 5109 eximie
1571 5053 1712 5109 hunc
1757 5053 1934 5122 Optati

335 5130 586 5183 illustrat.
619 5128 744 5179 Acta
769 5135 944 5197 autem
970 5126 1056 5179 hic
1079 5129 1374 5197 utisecreta,
1400 5127 1590 5197 studia,
1617 5126 1933 5197 spectacula,

335 5199 476 5271 apud
526 5199 662 5252 alios
709 5207 762 5252 et
809 5195 1112 5252 istiusmodi
1156 5195 1575 5271 inmuncrapro
1623 5193 1754 5271 locis
1801 5193 1936 5271 ipsis

334 5267 576 5326 aelnrttnt
598 5311 610 5334 ,
644 5277 975 5324 secretorum
997 5306 1012 5332 ,
1039 5276 1145 5321 etc.
1180 5267 1254 5321 Ita
1281 5267 1488 5322 centies,
1514 5271 1565 5322 in
1598 5269 1780 5322 collal.
1804 5269 1934 5323 Car-

336 5346 479 5414 thag.
513 5339 656 5414 apud
691 5349 810 5414 acta
853 5349 899 5393 et
925 5338 1071 5414 actis,
1106 5337 1157 5391 id
1187 5340 1573 5414 est,_public_c,
1601 5356 1785 5414 coram
1811 5337 1934 5394 ofﬁ-

336 5408 455 5476 cio:
473 5408 586 5468 sive
613 5411 836 5482 Notario
864 5408 1250 5482 publico,_et_c.
1285 5410 1400 5463 Mox
1424 5410 1688 5482 Trinitas,
1722 5411 1776 5466 id
1810 5418 1894 5466 est
1914 5451 1929 5477 ,

339 5500 580 5552 persmia:
607 5477 885 5540 Trinitatis
911 5481 1090 5552 Pater,
1117 5477 1284 5534 Filius
1302 5522 1316 5545 ,
1335 5491 1399 5552 et
1427 5481 1658 5552 Spiritus
1689 5491 1928 5552 sanctus.

340 5549 448 5611 Deo
474 5571 665 5624 nempe
703 5569 826 5628 cum
864 5553 977 5622 ipsa
1011 5551 1115 5604 fide
1143 5558 1196 5604 et
1225 5549 1934 5628 professionebaptizando-

339 5633 454 5679 rum
483 5623 844 5680 concordante
871 5635 924 5678 et
953 5631 1336 5689 concurrente,
1361 5634 1464 5676 etc.
1491 5623 1557 5677 Μ.
1591 5623 1820 5680 (lassus.

411 5696 526 5767 (15)
565 5695 630 5749 In
673 5694 1002 5767 sacramentis
1039 5703 1086 5746 et
1125 5693 1195 5767 itt_
1230 5695 1516 5767 mugitibus
1542 5693 1832 5767 Trinitatis.
1875 5694 1933 5750 in

344 5762 678 5837 sacramento
724 5765 1011 5837 baptismi,
1055 5762 1199 5835 quod
1227 5765 1294 5820 ad
1327 5763 1936 5825 Trinitatisinvocatio-

345 5851 469 5894 nem
495 5836 804 5898 confertur.
819 5837 896 5895 Du
922 5837 1014 5892 i’ta
1032 5878 1037 5886 .

2111 3350 2224 3422 (16)
2271 3351 2399 3422 Qua:
2439 3350 2580 3418 apud
2614 3357 2729 3402 acta
2768 3347 3040 3422 conﬁcitur
3067 3344 3401 3422 Anqeforunt.
3437 3347 3646 3422 Tertul-

2043 3416 2239 3486 lianus,
2267 3416 2588 3490 obsignatum
2619 3421 2791 3490 angeli
2816 3416 3130 3479 renuntiant,
3157 3416 3318 3472 Pater
3338 3428 3452 3472 rato
3478 3421 3639 3486 habet,

2044 3495 2114 3550 de
2149 3492 2492 3548 Matrimonia
2521 3491 2660 3550 libro
2690 3507 2746 3556 tt,
2777 3490 2843 3546 ad
2873 3506 3116 3545 uxorem.
3150 3490 3382 3544 ALsAsr.

2116 3565 2230 3634 (l7)
2287 3563 2414 3629 Qua:
2455 3563 2597 3632 apud
2638 3573 2754 3634 acta
2801 3560 3072 3634 conﬁcitur
3112 3561 3432 3634 angelorrqn.
3487 3561 3646 3634 Aquis

2042 3630 2361 3696 lustralibus
2405 3630 2658 3704 angelum
2711 3632 3038 3704 intervenire
3083 3630 3317 3704 affirmat
3348 3630 3640 3704 Tertull.l.

2039 3709 2107 3762 de
2145 3707 2296 3778 Bapt.
2331 3720 2380 3787 ς.
2412 3705 2445 3759 5
2479 3702 2531 3787 et
2569 3705 2631 3771 (ἲς
2670 3705 2910 3787 "August.
2950 3703 3023 3787 de
3053 3702 3313 3787 Syntbolo
3339 3703 3642 3787 adeateeh.

2040 3787 2163 3849 post
2189 3772 2436 3848 quaedam
2456 3775 2537 3849 Ade
2565 3772 2922 3849 professione,
2949 3773 3066 3849 luce
3094 3772 3255 3849 habet
3285 3791 3298 3825 :
3339 3772 3536 3837 Videte,
3567 3774 3645 3849 in-

2037 3845 2570 3920 quit,’dilectissimi,
2609 3848 2730 3920 quia
2769 3847 2901 3906 hanc
2934 3845 3554 3920 professionem_uestram
3593 3846 3644 3920 in

2035 3915 2236 3975 iuriam
2278 3918 2520 3990 profertis
2556 3915 2858 3990 angelorum,
2888 3915 3153 3990 :_nomin_a
3196 3916 3551 3990 profitentium
3592 3916 3644 3990 in

2039 3990 2167 4046 libro
2191 3986 2517 4062 excipiuntur
2551 3991 2688 4045 vitta.
2714 3986 2884 4056 Quam
2914 3987 3028 4042 lucc
3048 3999 3286 4053 consona
3315 3997 3440 4042 sunt
3467 3986 3642 4059 Optati

2037 4062 2212 4118 dictu!
2250 4061 2326 4116 DtJ
2359 4061 2476 4116 PlN.
3522 4093 3532 4101 .

2111 4131 2226 4205 (la)
2270 4131 2420 4200 Quod
2446 4147 2531 4205 vos
2567 4129 2756 4205 facitis.
2787 4129 3048 4205 Dicebant
3073 4145 3139 4205 ex
3176 4143 3344 4205 opere
3371 4129 3639 4200 operantis

2039 4201 2362 4273 baptzsmutn
2387 4213 2442 4257 et
2472 4203 2588 4271 ejus
2618 4203 2848 4270 gratiam
2874 4201 3131 4273 conferri.
3163 4202 3396 4273 ALBASP.

2111 4270 2222 4345 (19)
2267 4274 2366 4345 Aut.
2390 4270 2531 4345 aqua
2561 4274 2846 4345 con-clusas.
2879 4271 3071 4345 Nescio
3093 4285 3348 4345 quorsum
3373 4270 3470 4345 hic
3490 4287 3638 4344 aqua

2040 4339 2402 4409 menti'o,'nisi
2434 4343 2572 4399 forte
2601 4342 2666 4395 ad
2715 4343 3000 4398 eluendum
3035 4339 3176 4412 quod
3206 4341 3340 4398 latet
3370 4341 3460 4398 hic
3494 4339 3639 4399 m'cn-

2040 4417 2200 4482 dum;
2236 4415 2407 4486 idque,
2423 4424 2527 4470 tam
2555 4413 2758 4486 foedum
2779 4455 2794 4480 ,
2827 4424 2887 4470 ut
2917 4413 3108 4469 mirum
3135 4412 3242 4476 sit,
3275 4414 3461 4486 tandi‘u
3494 4414 3637 4470 fefel-

2039 4487 2166 4542 lisse
2196 4483 2344 4541 viro's'
2381 4485 2590 4540 doctos.
2627 4483 2756 4538 Nam
2803 4500 2898 4552 pro
2939 4500 3071 4549 aqua
3123 4483 3530 4539 rescribendum
3562 4495 3638 4541 est

2039 4574 2159 4613 cum
2192 4556 2388 4626 Optato
2409 4571 2564 4619 arca;
2592 4554 2739 4626 quod
2766 4558 2896 4626 olim
2925 4554 3260 4626 scribebatur
3287 4571 3470 4623 arqua,
3503 4558 3637 4611 velut

2041 4646 2193 4698 arqus
2224 4623 2318 4698 pro
2347 4644 2520 4694 arcus,
2556 4635 2691 4681 te5te
2716 4625 3013 4698 Prisciano.
3048 4623 3184 4698 Qua}
3204 4634 3384 4698 tamen
3411 4641 3441 4678 a
3473 4626 3637 4683 Nonio

2040 4694 2292 4755 Marcello
2337 4697 2594 4768 distingui
2645 4712 2748 4751 non
2801 4695 3094 4768 nescimus.
3134 4694 3258 4768 ,ISc‘d
3315 4696 3470 4768 plura
3520 4705 3637 4752 sunt

2039 4772 2178 4840 apud
2235 4765 2848 4840 l‘risciauu'maliosque
2886 4767 3086 4840 veteris
3132 4765 3290 4821 istius
3319 4765 3636 4837 scriptionis

2038 4838 2377 4912 ekempla,et
2410 4842 2463 4914 in
2490 4838 2812 4914 quibusdam
2837 4838 3126 4914 hodieque,
3155 4846 3431 4914 u_t_,qunm,
3461 4855 3636 4914 sequ:

2037 4924 2139 4979 tus,
2169 4907 2299 4976 εἰς..
2331 4907 2648 4968 retinentur.
2679 4909 2790 4966 Hoc
2818 4908 2906 4982 qni
2931 4907 3036 4964 non
3066 4907 3476 4982 intellexerunt,
3500 4907 3635 4982 quod

2041 4985 2294 5050 baptismi
2326 4984 2488 5052 paulo
2514 4997 2640 5037 ante
2663 4979 3026 5052 mentiofacta
3049 4987 3215 5047 esset,
3241 4979 3293 5033 in
3316 4979 3636 5052 aquam'mu-

2039 5064 2240 5110 larunt.
2280 5050 2435 5125 Atqui
2460 5053 2571 5125 jztnt
2604 5069 2764 5122 supra
2794 5069 2806 5105 :
2841 5050 2960 5107 Nisi
2995 5054 3126 5123 forte
3163 5066 3276 5125 eunt
3306 5050 3448 5125 vobis
3475 5053 3632 5125 vindi-

2039 5137 2234 5194 cantes,
2257 5120 2752 5196 ~habetisintoeufis
2787 5120 3060 5178 clausum:
3091 5120 3344 5196 angelum
3378 5121 3630 5196 intellige.

2040 5196 2154 5271 Non
2193 5190 2351 5271 o'vmn
2378 5211 2486 5271 ovo
2516 5195 2764 5262 similius,
2799 5210 2958 5266 quam
2985 5202 3112 5271 sunt
3139 5190 3228 5271 lim1
3236 5191 3380 5271 _du_:e_
3406 5190 3632 5271 φρᾷσὶις,

2042 5269 2094 5333 in
2126 5268 2316 5324 loculis
2342 5269 2584 5324 clausum
2612 5279 2665 5324 et
2691 5263 3159 5333 arca'conclusum
3181 5263 3381 5392 ahlliqucid
3403 5263 3628 5324 habere.

2799 5386 2804 5390 _
3251 5373 3268 5389 .
3344 5351 3533 5392 assus.

2799 5386 2804 5390 .
3194 5351 3268 5392 Μ.
3298 5351 3533 5393 υΔΞΔυΙ.

2110 5409 2223 5484 (ΞΟ)
2269 5409 2390 5466 Non
2423 5411 2634 5484 viscera.
2665 5410 2722 5465 In
2756 5409 3067 5484 baptisteria
3099 5416 3351 5484 tanquam
3377 5409 3431 5461 in
3461 5417 3629 5476 utero,

2039 5480 2216 5553 patres
2254 5485 2405 5538 aiunt
2445 5483 2690 5540 homines
2750 5480 2893 5538 naSci
2937 5490 2991 5538 et
3002 5480 3267 5554 renasci;
3307 5485 3630 5554 quapropter

2037 5549 2183 5609 recte
2210 5563 2366 5610 vocat
2391 5564 2728 5610 sacramenta
2765 5555 2972 5608 viscera
3001 5549 3282 5606 Ecclesiae.
3312 5549 3544 5608 Amissi.

2112 5620 2227 5698 (21)
2268 5625 2333 5678 1η
2363 5623 2663 5698 paradisum
2693 5623 2834 5680 Deus
2855 5626 3072 5698 plantat.
3105 5622 3160 5676 In
3191 5621 3538 5698 paradisum,
3552 5625 3630 5680 hic

2040 5706 2092 5752 cl
2123 5693 2251 5752 alibi
2282 5706 2338 5751 ut
2365 5693 2506 5764 apud
2533 5693 2922 5752 Ciceronem-in
2946 5703 3282 5764 potestatem;
3312 5694 3454 5762 apud
3483 5693 3631 5751 Plau-

2045 5778 2179 5832 tum,
2210 5768 2260 5821 in
2286 5778 2521 5830 utentem,
2556 5768 2692 5837 apud
2726 5768 2861 5822 alios
2883 5768 2935 5821 in
2960 5764 3357 5837 controversiain
3377 5781 3510 5837 esse,
3538 5780 3629 5836 pro

2047 5848 2327 5914 potestate,
2358 5847 2463 5896 etc.
2490 5834 2644 5910 Quod
2674 5838 2792 5896 ideo
2815 5853 3031 5906 moneo,
3056 5850 3164 5892 non
3187 5834 3334 5910 quod
3355 5835 3516 5894 valde
3538 5834 3628 5896 in»
