3828 6218
143 302 246 359 969

908 304 997 358 DE
1036 301 1419 361 SClllSMATE
1457 298 2240 389 DONATISTARUM‘LIBER
2279 301 2658 368 SECUNDUS.

3323 307 3427 362 970
3470 270 3473 271 ί

140 416 281 471 illius
312 426 338 453 ιι
366 416 627 487 temporis
666 414 935 485 iudicibus
988 416 1098 484 (58)
1160 418 1347 472 relatio
1401 418 1720 472 mitteretur.
1754 423 1957 481 Asunt
1998 418 2133 491 (45),
2182 420 2390 472 Primus
2422 418 2562 471 ﬁlius
2593 415 2851 482 Januarii,
2900 416 2953 471 ct
3002 417 3239 472 Donatus
3286 420 3429 474 ﬁlius

138 507 243 565 Sed
278 510 568 565 intervenit
602 517 655 563 et
699 508 931 563 occurrit
955 506 1213 575 judicium
1244 510 1368 576 Dei,
1403 522 1457 563 ut
1489 511 1606 573 ille,
1637 509 1726 577 qui

138 615 235 655 vos
260 600 579 671 jamdudum
608 598 787 655 redire
829 599 1098 676 iusserat,
1152 601 1446 668 imperator
1476 601 1729 671 profanus

136 701 192 749 et
242 694 540 764 sacrilegus
587 685 919 756 moreretur,
968 690 1060 759 qui
1108 693 1537 759 persecutionem
1583 695 1730 749 vobis

135 787 560 861 provocantibus
583 785 692 856 jam
717 773 941 839 miserat
968 792 1058 836 aut
1087 784 1298 839 mittere
1323 785 1654 854 disponebat.

210 877 397 934 Χνιιι.
419 877 804 932 Donatistarum
824 874 988 929 credes
1009 884 1053 929 et
1070 874 1626 946 [acinorm—Operala
1649 888 1733 935 est

132 970 277 1041 apud
296 971 425 1043 loca
454 968 759 1039 supradicta
782 968 835 1021 in
864 964 1173 1023 Catholicos
1196 966 1501 1033 trucidatio,
1531 958 1734 1026 memo?

133 1063 332 1118 ramini
364 1077 458 1132 per
485 1062 601 1116 loca
632 1058 864 1128 singula,
894 1060 983 1129 qui
1015 1058 1214 1114 fuerint
1242 1058 1411 1113 vestri
1438 1058 1730 1116 discursus.

132 1152 329 1209 Nonne
358 1152 426 1206 de
467 1167 693 1218 numero
728 1160 909 1206 vestro
963 1150 1174 1204 fuerunt
1212 1149 1360 1204 Felix
1398 1149 1657 1205 Zabensis
1705 1150 1733 1191 ι)

136 1243 338 1317 (59)ει
370 1242 481 1315 (60)
512 1230 804 1298 Januarius
855 1241 1349 1313 Flumenpiscensis
1411 1252 1432 1280 ο
1494 1240 1629 1314 (41),
1684 1252 1736 1297 ct

133 1333 349 1399 exteri,
376 1334 465 1403 qui
497 1343 603 1389 tota
643 1333 918 1390 celeritate
945 1348 1336 1391 concurrerunt
1364 1333 1429 1388 ad
1458 1333 1735 1387 castellum

134 1426 685 1501 Lemellensetiil):
735 1427 823 1483 ubi
874 1443 998 1483 cum
1045 1435 1232 1484 contra
1278 1428 1736 1503 importunitatem

133 1536 292 1581 suam
326 1514 573 1576 viderent
618 1520 893 1578 basilicam
944 1523 1202 1589 clausam,
1244 1531 1538 1592 praesentes
1562 1520 1739 1591 jusse—

135 1624 265 1679 runt
294 1614 525 1672 comites
553 1629 702 1680 suos,
727 1622 787 1667 ut
808 1613 1167 1670 ascenderem
1188 1614 1443 1679 culmina,
1473 1614 1742 1668 nudarent

136 1715 304 1772 tecta,
346 1706 617 1777 iactarent
661 1706 909 1775 tegulas:
954 1706 1180 1776 imperia
1210 1721 1396 1761 eorum
1428 1706 1543 1762 sine
1588 1722 1738 1761 mora

1830 511 1972 577 Nini,
2027 510 2339 577 urgentibus
2370 518 2423 563 et
2473 509 2827 577 praesentibus
2871 510 3205 578 C'JBplSCoplS
3234 514 3428 565 vestris

1829 619 1989 671 supra
2022 596 2333 659 memoratis
2360 621 2372 655 :
2404 612 2457 657 ut
2486 604 2603 656 sine
2624 602 2789 656 dubio
2810 602 2876 656 de
2910 604 3060 657 vobis
3091 604 3296 657 dictum
3322 604 3426 656 sit:

1838 694 2049 750 Veloces
2080 696 2230 767 pedes
2262 710 2438 747 eorum
2468 693 2536 744 ad
2576 692 2943 757 effundendum
2981 695 3281 763 sanguinem
3306 692 3423 764 (Ps.
3480 750 3483 753 _

1834 802 1953 855 xm,
1984 787 2060 860 ὅ).
2095 789 2167 842 De
2193 803 2293 857 qua
2316 802 2373 841 re
2396 785 2674 839 Primosus
2698 784 2982 853 episcopus
3003 785 3299 839 catholicus
3326 785 3428 839 loci

1832 893 1993 953 supra
2022 879 2327 941 memorati,
2370 877 2423 930 in
2470 874 2696 929 concilio
2740 884 2919 929 vestro
2960 877 3099 945 apud
3148 876 3433 931 Thenesti-

1834 984 1955 1023 nam
1987 969 2100 1040 (44)
2130 969 2401 1024 civitatem
2433 976 2656 1038 questus
2682 975 2785 1025 est.
2826 974 2879 1021 ct
2905 968 3151 1035 querelas
3176 968 3291 1036 ejus
3320 969 3432 1024 dis-

1834 1062 2150 1116 simulanter
2192 1061 2434 1116 audistis.
2488 1060 2626 1115 Ecce
2674 1075 2703 1112 a
2752 1058 2904 1113 vobis
2948 1057 3143 1113 factum
3178 1070 3257 1113 est
3288 1062 3431 1131 quod

1834 1154 2014 1208 dixisti
2032 1174 2041 1207 :
2059 1155 2343 1209 Ecclesium
2367 1172 2468 1209 non
2498 1171 2603 1208 esse
2625 1168 2740 1224 qua:
2765 1153 2983 1206 crttettlis
3001 1153 3247 1206 morsibus
3262 1155 3431 1221 pas-ci-

1837 1257 1951 1309 tur;
1975 1258 2017 1300 et
2046 1248 2158 1317 (45)
2186 1250 2327 1303 aliud
2352 1257 2469 1301 sunt
2500 1247 2684 1300 milites
2711 1246 2818 1318 42
2852 1247 3014 1309 missi,
3042 1246 3184 1299 aliud
3207 1248 3434 1316 episcopi

1840 1337 2083 1391 ordinati.
2131 1340 2284 1406 Quod
2331 1350 2517 1395 contra
2562 1356 2661 1395 nos
2703 1339 2968 1393 invidiose
3016 1338 3317 1408 loquimini,
3370 1339 3438 1393 ab

1818 1428 1957 1504 "aliis
1982 1428 2179 1484 factum
2211 1444 2312 1498 est,
2361 1448 2467 1487 non
2499 1440 2526 1485 a
2576 1432 2773 1486 nobis:
2807 1430 2947 1501 quod
2980 1430 3157 1485 dicitis
3210 1447 3317 1485 non
3345 1431 3442 1486 de-

1842 1522 2021 1577 huissc
2073 1522 2207 1587 fieri,
2239 1539 2334 1577 vos
2369 1524 2591 1579 fecistis.
2623 1522 3066 1603 Commemorasti
3110 1532 3165 1578 et
3194 1522 3438 1577 beatissi-

1844 1630 1991 1669 mum
2042 1614 2343 1683 apostolum
2389 1616 2609 1669 Paulum
2657 1614 2879 1682 dixisse,
2918 1617 3027 1669 sine
3072 1632 3201 1686 ruga
3241 1625 3283 1668 et
3330 1616 3442 1671 sine

1843 1705 1995 1760 sorde
2046 1704 2333 1758 Ecclesium
2365 1722 2470 1759 esse
2496 1704 2692 1757 debere.
2725 1704 3004 1775 Episcopis
3032 1706 3224 1758 vestris
3248 1705 3443 1772 juben—

133 1800 408 1869 completa
451 1789 610 1865 sunt;
662 1806 716 1855 et
756 1812 887 1875 cum
925 1796 1097 1853 altare
1134 1796 1486 1870 delenderent
1527 1798 1737 1875 diaconi
1772 1796 1817 1855 B
1846 1796 1991 1852 tibus
2020 1804 2074 1851 et
2105 1782 2481 1865 prmsentihus,
2520 1809 2679 1864 supra
2722 1795 2895 1848 altare
2931 1794 3183 1850 catholici
3232 1794 3445 1851 diaconi

134 1889 413 1958 catholici,
447 1889 638 1961 tegulis
672 1874 891 1960 plurimi
935 1887 1201 1958 cruentati
1242 1896 1388 1953 sunt,
1427 1874 1532 1943 duo
1576 1888 1740 1944 occisi

1849 1890 2011 1945 occisi
2042 1898 2196 1955 sunt;
2235 1888 2481 1944 similiter
2524 1897 2578 1942 et
2608 1885 2749 1956 apud
2784 1886 2985 1955 Carpos
3016 1884 3153 1957 (46).
3188 1885 3301 1940 Νοη
3350 1886 3447 1942 tibi

1354 2022 1738 2107 LECTIONES
1778 2024 2197 2085 VARIANTES.

200 2147 232 2177 ⁸
253 2143 331 2194 Ita
352 2141 644 2204 legendum,
670 2150 723 2191 nt
738 2141 948 2204 habetur
970 2140 1019 2189 in
1043 2152 1132 2190 ms.
1160 2139 1211 2189 S.
1235 2137 1295 2190 G.
1314 2150 1433 2204 _non
1469 2136 1730 2204 iudicibus,

132 2208 259 2256 utin
277 2219 394 2256 mss.
410 2200 467 2255 VS.
492 2204 549 2255 Τ.
577 2200 707 2254 Ρέδ.
737 2213 788 2253 et
809 2203 857 2252 in
884 2203 1054 2257 editis.
1097 2215 1207 2251 nam
1256 2200 1433 2251 relatio
1472 2200 1735 2251 ‘mittitura

128 2270 384 2334 iudicibus
402 2267 460 2316 ad
476 2269 839 2334 imperatorem,
864 2276 967 2334 non
985 2264 1283 2334 adiudices;
1366 2322 1397 2334 _
1474 2324 1532 2334 Μ
1571 2324 1582 2334 ,
1685 2322 1697 2333 ,

199 2326 232 2368 δ
258 2330 333 2381 Ita
357 2331 408 2379 iu
430 2342 520 2380 ms.
542 2322 597 2378 Β.
624 2328 684 2379 G.
706 2326 762 2377 In
786 2322 900 2377 mss.
935 2326 988 2378 S.
1022 2322 1114 2377 Th.
1154 2332 1207 2377 et
1228 2324 1319 2375 Ph.
1365 2322 1417 2375 S.
1468 2322 1741 2377 Diabensis.

1843 2140 2160 2253 Priorllectio
2183 2140 2445 2191 retinenda
2474 2154 2486 2189 :
2514 2140 2625 2191 vide
2672 2128 2886 2190 nostram
2927 2140 2985 2190 ad
3034 2142 3163 2191 hunc
3185 2142 3343 2191 locum
3362 2143 3448 2192 ob-

1844 2216 1987 2252 serva
2014 2216 2196 2253 tonem.
2386 2242 2389 2244 -

1844 2216 2196 2253 servationem.

1912 2242 2326 2329 Eiiavle‘igendum
2348 2273 2402 2314 ut
2422 2266 2610 2329 in_mss.
2630 2264 2694 2329 _S.
2735 2264 2795 2329 ’1⁸ἶ
2837 2264 2983 2329 etLS.
3024 2264 3082 2315 G.
3132 2279 3230 2315 non
3272 2264 3447 2329 ﬂauum

1849 2324 2217 2387 .i’isceusisfaut
2238 2325 2411 2389 ﬂamen
2428 2325 2681 2389 Pistensis,
2708 2334 2761 2376 ut
2784 2327 2831 2374 in
2858 2326 3021 2377 editis.

1491 2428 1854 2487 VARIORUM
1891 2431 2120 2489 ΝΟΤιΕ.

137 2528 196 2583 in
231 2527 357 2582 aula
398 2526 743 2595 imperatoria
777 2524 1201 2596 praepotentibus
1244 2522 1555 2595 paganismo
1579 2524 1744 2580 devo-

139 2597 395 2655 tissimis.
423 2598 631 2652 Ban'rn.

222 2668 363 2741 ibid.
395 2668 644 2741 cruentas
668 2666 864 2741 operati
890 2676 1007 2741 sunt
1050 2664 1512 2741 credes._Mendum
1557 2665 1746 2741 fefellit

141 2741 201 2797 in
242 2738 432 2795 ultima
455 2737 607 2804 voce,
639 2737 778 2807 quod
822 2737 1119 2807 projectum
1168 2738 1222 2791 in
1249 2738 1442 2792 malam
1471 2751 1609 2795 rem.
1635 2737 1747 2792 cla-

142 2827 275 2879 rere
317 2810 494 2865 locum
541 2806 699 2863 faciet
747 2806 1745 2879 nniversuanegendum,Ajudicibus

140 2876 334 2938 relatio
386 2882 663 2934 timeretur.
704 2878 857 2944 Quod
903 2879 1031 2949 quin
1080 2877 1256 2949 Optati
1312 2876 1602 2949 genuijmm
1652 2880 1741 2943 sit,

142 2968 337 3013 nemo.
364 2951 615 3024 arbitror,
642 2947 961 3024 dubitarese
987 2947 1275 3024 putaverit.
1302 2947 1427 3004 Haec
1454 2947 1706 3024 Barthius
1731 2966 1744 3003 :

145 3025 265 3094 Ego
278 3038 409 3094 vero
430 3031 545 3094 non
559 3022 677 3075 sine
692 3034 853 3094 causa
872 3019 1081 3094 dubito,
1102 3020 1297 3094 aioque
1317 3021 1743 3094 controversiam

141 3090 329 3150 status
358 3093 482 3147 huic
506 3091 625 3147 loco
648 3091 878 3146 minime
897 3090 1239 3156 movendam,
1263 3091 1617 3145 conﬂrmanle
1646 3090 1739 3144 uti~

140 3180 257 3237 que
286 3161 624 3237 hu_nc-alt_er_o
644 3160 886 3237 ejusdem
905 3160 1144 3237 auctoris
1173 3160 1435 3237 loco,_lib.
1471 3176 1525 3237 t:_
1540 3160 1572 3214 Ἰ
1584 3162 1746 3215 isdem

1850 2539 1957 2597 non
2006 2528 2226 2595 proprio
2268 2528 2362 2583 sed
2420 2529 2601 2582 alieno
2656 2527 2776 2583 loco
2818 2536 2869 2582 et
2901 2536 3145 2597 tempore
3185 2528 3449 2587 seminata

1851 2596 1977 2651 sint.
2009 2597 2267 2668 Loquitur
2295 2599 2439 2653 enim
2458 2599 2523 2653 de
2549 2599 2791 2664 zizaniis,
2810 2614 2928 2667 qure
2950 2616 2977 2652 a
3004 2600 3219 2657 diabolo
3251 2602 3446 2658 furtiva

1852 2671 2371 2741 superseminatione
2400 2685 2497 2741 per
2521 2670 2773 2725 tenebras
2806 2670 2960 2724 bonis
2982 2670 3221 2741 frugibus
3246 2674 3451 2731 immis-

1853 2748 2063 2793 centur.
2096 2739 2163 2793 Μ.
2194 2739 2423 2796 ΟΑςΑυιιζ

1928 2808 2065 2864 Ibid.
2091 2808 2375 2864 Ianuarius
2408 2809 2625 2864 Flamen
2657 2809 2926 2865 Pistensis.
2956 2810 3200 2867 Januarii
3245 2814 3453 2871 luminis

1855 2879 2285 2954 mentiolmerito
2327 2881 2432 2936 hoc
2476 2883 2594 2935 luco
2633 2881 2851 2954 oll‘cndit
2885 2883 3187 2949 Barthium,
3238 2887 3330 2939 sed
3363 2889 3454 2954 qui

1852 2953 2045 3005 mutari
2068 2953 2118 3005 in
2145 2952 2336 3006 melius
2363 2955 2551 3019 possit,
2580 2950 2863 3019 proﬁtetur
2891 2954 3118 3008 candide
3135 2970 3192 3009 se
3216 2950 3446 3013 nescire.

1852 3021 2102 3077 Balduini
2130 3022 2294 3077 editio
2342 3023 2580 3078 secunda
2626 3038 2643 3075 :
2673 3022 2957 3077 Jattuaritts
2997 3024 3213 3080 Flamen
3248 3026 3454 3082 Pisten-

1848 3094 1920 3169 sis
1995 3094 2143 3169 unde
2170 3095 2420 3169 legerim,
2450 3092 2943 3169 lt‘lutttenpiscensis.
2981 3094 3451 3169 lumenpiscensis

1852 3162 1953 3217 loci
2000 3166 2079 3219 sic
2114 3165 2240 3220 dicti
2291 3166 2345 3218 in
2397 3163 2575 3218 Africa
2635 3162 2877 3235 meminit
2915 3166 3130 3221 collatio
3172 3162 3450 3235 Carthagi-

141 3229 464 3307 iemporibus
501 3229 1213 3307 Felix'quidanhdiaconus,
1246 3233 1334 3302 qui
1378 3248 1469 3307 per
1498 3234 1747 3307 famosam
1773 3241 1819 3304 ο
1852 3236 2038 3307 nensis
2060 3251 2179 3307 cum
2213 3235 2507 3307 Donatistis
2537 3250 2567 3288 a
2591 3234 2808 3307 Papirio
2833 3234 2977 3307 juris
2995 3238 3189 3307 publici
3219 3229 3447 3306 primum

140 3302 326 3362 nescio
352 3320 505 3373 quam
550 3302 613 3359 de
657 3314 875 3373 tyranno
915 3302 1215 3374 imperatore
1244 3312 1365 3361 tunc
1397 3306 1588 3374 factum
1640 3304 1746 3371 epi-

138 3377 339 3433 stolam
363 3370 790 3442 appellatum'est,
820 3370 1098 3440 periculum
1130 3375 1331 3438 timens,
1350 3370 1503 3441 apud
1536 3370 1751 3426 Mensu-

139 3448 285 3502 rium
318 3447 614 3513 episc0pum
640 3444 898 3507 delituisse
933 3442 1134 3497 dicitur.
1167 3442 1327 3505 Quem
1368 3459 1482 3496 cum
1511 3442 1745 3512 postula-

141 3529 253 3573 tum
299 3514 597 3585 Mamurius
639 3514 835 3584 publice
871 3514 1161 3585 denegaret,
1212 3514 1395 3585 {elatio
1433 3514 1589 3572 missa
1627 3525 1699 3568 est
1729 3529 1748 3568 :

142 3588 484 3654 Rescriptum
509 3584 662 3657 venit,
700 3593 755 3639 ut
792 3586 839 3657 si
864 3583 1156 3657 Mensurius
1203 3583 1441 3657 Felicem
1470 3585 1747 3657 diaconum

142 3676 254 3715 non
288 3653 612 3717 reddidisset.
654 3659 721 3709 ad
751 3653 998 3726 palatium
1044 3654 1368 3726 dirigeretur.
1410 3654 1587 3721 Quare
1624 3656 1748 3709 abs-

144 3731 262 3786 tine
298 3726 623 3787 emendandi
657 3727 1005 3797 pruriginem.
1041 3726 1228 3797 lector,
1264 3735 1422 3795 atque
1458 3727 1617 3781 istinc
1662 3728 1740 3781 lu-

143 3817 267 3859 cem
297 3801 531 3856 obscuro
556 3797 650 3853 tibi
683 3798 801 3852 loco
824 3798 1111 3853 fmnerare.
1143 3796 1359 3852 lucem.

218 3870 349 3942 (58)
393 3869 593 3942 Relatio
631 3869 951 3942 mitteretur._
982 3867 1186 3942 Elegia,
1228 3866 1473 3942 epistolas
1512 3876 1565 3921 et
1606 3866 1747 3921 rela—

145 3936 340 3999 tiones
386 3940 453 3996 ad
498 3941 879 4009 imperatorem
916 3938 989 3993 de
1037 3936 1125 4009 illa
1176 3939 1323 4009 caede
1370 3937 1741 3991 mitterentur:

145 4014 376 4086 quidam
397 4004 668 4086 reponunt
684 4011 970 4086 timeretur,
1001 4004 1102 4086 sed
1125 4008 1272 4063 nullo
1303 4021 1481 4086 sensu.
1514 4009 1743 4086 Auge.

222 4081 364 4158 ('59)
388 4077 662 4158 Zalgensis:
684 4079 740 4135 in
765 4080 949 4158 nolitis
990 4077 1185 4158 Africa:
1211 4089 1293 4134 est
1320 4080 1603 4158 episcopus
1626 4078 1746 4158 _Z_a-

146 4148 406 4225 berisis'in
454 4151 723 4225 Numidia,
756 4161 821 4225 et_
840 4150 995 4225 hujus
1026 4148 1747 4225 etiamnominjsNumldige

145 4219 445 4296 episc0pus
471 4223 755 4296 inlcollatl
785 4219 994 4296 ϐαι-ψη
1020 4220 1114 4296 sed
1142 4222 1245 4275 alia
1275 4229 1357 4275 est
1378 4219 1514 4296 Zabe
1544 4220 1746 4296 insiti-

148 4291 320 4358 lénsi.
348 4291 505 4364 cujus
527 4294 611 4349 hic
645 4294 797 4348 Felix
824 4291 938 4364 erat
966 4291 1273 4363 epis'copus.
1298 4302 1356 4347 ut
1376 4291 1533 4347 docet
1555 4291 1744 4346 vicinia

143 4363 516 4425 Lemellensis
542 4365 771 4421 castelli.
807 4364 882 4420 Du
913 4363 1029 4419 PIN.

225 4435 675 4511 (40)_Januarius
724 4434 937 4511 Flamen
978 4434 1262 4511 Piftensis._
1300 4433 1482 4511 “cete,
1528 4432 1743 4503 quidam

145 4504 449 4567 Januarius
478 4504 1313 4577 episcopusFlamenlPistcnsis.
1347 4508 1571 4577 litasse.

222 4579 369 4635 Ibid.
402 4575 685 4633 Ianuarius
730 4575 950 4632 Flamen
990 4575 1262 4631 Pistensis.
1310 4575 1574 4630 Prohabili
1618 4592 1747 4631 con—

144 4652 367 4722 jectura
414 4650 571 4722 nixus
606 4650 688 4722 vir
717 4649 907 4722 doetus
950 4648 1002 4703 in
1045 4648 1185 4722 notis
1222 4646 1288 4722 ad
1330 4645 1625 4722 Optatuin,‘
1651 4663 1748 4716 pro

148 4716 383 4777 Flamen
407 4719 650 4774 Pistensis
682 4728 774 4773 aut
811 4716 1033 4773 Flumen
1064 4717 1334 4783 Pistensis,
1367 4716 1506 4785 quod
1536 4717 1625 4785 alii
1657 4733 1745 4772 re-

148 4800 514 4865 praesentant,
555 4790 669 4860 ipse
712 4789 1177 4865 Flunienpiscensis
1199 4804 1261 4865 est
1286 4784 1464 4841 collat.
1488 4784 1741 4865 Carthag.

146 4853 551 4921 restituendum
579 4853 786 4916 censet.
840 4853 955 4928 Ego
996 4876 1100 4912 non
1140 4859 1362 4921 renitor,
1405 4869 1457 4912 et
1498 4858 1547 4911 in
1601 4853 1743 4912 tanta

150 4938 405 4992 locorum
447 4934 671 4986 istorum
734 4946 851 5000 qua:
895 4931 946 4983 in
996 4928 1242 4999 Carthag.
1286 4929 1463 4983 collat.
1500 4930 1741 4998 paginam

150 5015 448 5070 utramque
494 4931 737 5070 impletus
781 5001 1037 5070 caligine,
1080 4999 1279 5069 aliquid
1328 5006 1475 5053 certo
1518 4999 1741 5056 delinire

147 5015 448 5073 utramque
494 4999 1037 5073 itnplcnticaligine,
1080 4999 1279 5073 aliquid
1328 5006 1475 5073 certo
1518 4999 1744 5056 delinire

147 5071 389 5131 arduum
431 5082 579 5142 puto.
624 5072 742 5127 Mox
770 5089 883 5125 cum
912 5083 1091 5125 contra
1118 5071 1544 5139 importunitatem
1572 5088 1739 5136 suam,

149 5158 264 5204 etc.
294 5145 491 5200 Moneo
508 5142 684 5197 minus
706 5154 911 5207 mutos,
936 5158 1002 5196 ne
1021 5144 1079 5197 τὸ
1096 5142 1525 5213 importunitatem
1547 5142 1749 5213 vulgari

152 5219 387 5274 notione
428 5215 715 5285 accipiant,
767 5213 862 5268 sed
888 5212 1167 5285 quomodo
1212 5211 1482 5281 Virgilius,
1539 5211 1747 5285 Cicero,

150 5288 476 5353 Terentius,
548 5283 740 5354 Optimi
808 5283 1085 5340 latinitatis
1145 5294 1416 5348 auctores,
1486 5284 1754 5354 accipiunt

151 5375 349 5431 saepe;
388 5352 719 5431 "gmpe'pro
754 5355 1082 5411 immanitate
1121 5354 1257 5424 ipsa,
1292 5363 1346 5408 et
1386 5355 1569 5425 ultima
1599 5352 1753 5431 Πλεί-

153 5427 364 5489 tioium
411 5428 573 5483 linea.
607 5427 789 5498 Neque
826 5438 1000 5481 tamen
1043 5436 1191 5495 puto,
1226 5436 1465 5498 noslrum
1511 5436 1614 5498 tam
1658 5429 1755 5498 hos

154 5502 391 5576 imitari,
421 5514 581 5567 quam
626 5494 908 5576 scriptum.
927 5494 1499 5576 opifequitaﬁ-roaot
1529 5497 1757 5576 ,attsurdi

156 5573 390 5644 progirie
426 5566 525 5644 pro
550 5570 791 5644 scelestis
816 5581 870 5624 et
900 5566 1098 5644 impiis.
1122 5567 1257 5622 Vide
1274 5566 1414 5644 _Luc.
1438 5583 1591 5644 situt,
1615 5570 1676 5623 41
1704 5577 1759 5644 et

158 5639 491 5708 di;"l‘liess.
524 5654 601 5701 nt,
629 5639 686 5700 ‘2,
731 5640 798 5691 ab
839 5639 979 5707 vulg.
1008 5639 1311 5707 importunis
1343 5640 1511 5703 malis,
1539 5651 1647 5693 etc.
1678 5640 1759 5693 Αη

154 5727 205 5771 et
234 5718 546 5782 importuna
566 5719 770 5782 peccata
796 5710 887 5782 lib.
920 5724 1013 5773 vn,
1049 5711 1121 5763 ita
1144 5723 1358 5782 quoque
1387 5710 1761 5778 interpretabi-

155 5778 325 5845 mur?
351 5780 472 5839 Nisi
515 5789 687 5832 tamen
740 5778 809 5832 ibi
855 5791 1065 5848 peccata
1108 5788 1264 5837 vocet
1302 5779 1616 5851 importuna,
1641 5795 1761 5851 qua:

460 5872 737 5939 Panos.
771 5871 882 5935 XI.

1853 3305 2012 3366 facta.
2066 3306 2320 3360 editionis
2357 3305 2804 3360 Commeliuiame
2837 3323 2887 3373 p.
2926 3305 3047 3371 l95,
3082 3309 3167 3362 ubi
3209 3305 3453 3364 nomina-

1854 3384 1960 3439 tur,
2008 3375 2291 3432 Restitutus
2329 3377 2598 3444 episcopus
2652 3375 3137 3442 Fluntenpiscensis.
3182 3380 3269 3433 Sic
3321 3380 3451 3435 Flu-

1851 3449 2187 3518 menzeritani
2214 3449 2577 3518 episcopalem
2626 3449 2801 3518 locum
2845 3446 3021 3501 Africa
3055 3448 3235 3515 habet;
3268 3450 3451 3507 Victor

1856 3516 2122 3574 Uticensis
2149 3518 2217 3574 de
2245 3516 2619 3588 persecntionc
2644 3517 2966 3573 Vanilalica:
2987 3518 3205 3574 lucum.

1920 3588 2036 3670 (41)
2077 3588 2572 3670 Flumenpiscensis.
2606 3589 2661 3642 in
2709 3590 2998 3670 collatione
3024 3590 3275 3670 Cartltag.
3313 3593 3454 3648 inter

1850 3659 2135 3732 episcotios
2200 3659 2508 3732 Donatistas
2564 3669 2888 3732 recensetur
2939 3659 3123 3732 Victor
3154 3659 3455 3732 epismipus

1854 3728 2364 3803 Flumeupiscensis.
2405 3732 2498 3803 Est
2521 3730 2791 3803 ejusdem
2822 3731 3055 3803 nominis
3080 3728 3369 3803 episcopus
3399 3738 3451 3790 in

1850 3801 2037 3855 notitia
2071 3801 2401 3855 Mauritaniae
2432 3800 2725 3855 Sitifensis.
2772 3801 2847 3855 Du
2881 3801 2992 3854 l’m.

1920 3871 2033 3944 (42)
2073 3871 2406 3944 Lemellense.
2438 3869 2705 3944 Oppidum
2748 3872 2918 3944 etiam
2948 3872 3278 3944 Mauritania:
3324 3877 3451 3932 Siti-

1851 3941 2034 4006 fensis,
2063 3943 2216 4012 cujus
2245 3943 2449 3998 mentio
2476 3952 2554 3996 est
2584 3942 2633 3995 in
2659 3941 2872 3996 notitia.
2912 3943 2984 3997 liu
3021 3942 3135 3997 Plu.

1923 4014 2035 4085 (i3)
2080 4012 2198 4067 Duo
2240 4014 2393 4085 occisi
2417 4024 2554 4067 sunt.
2586 4012 2797 4085 Primus
2819 4023 2876 4068 et
2921 4014 3157 4085 Donalus
3195 4015 3449 4073 dit-untur

1850 4084 1902 4138 in
1933 4083 2321 4156 inartyrolugio
2366 4084 2610 4138 Romano
2650 4083 2715 4138 ad
2753 4084 2907 4156 diem
2954 4100 3003 4138 ιχ
3046 4084 3345 4154 Februarii,
3393 4090 3449 4144 in

1848 4171 1951 4226 qua
1975 4155 2160 4211 eorum
2192 4155 2449 4210 memoria
2481 4156 2757 4211 recolitur.
2792 4155 2869 4209 Du
2898 4155 3012 4209 PIN.

1920 4247 2037 4320 (44)
2084 4248 2458 4323 ΓΙιεηεειίηαῃι,
2496 4249 2855 4323 Tlten_ae__uri)s
2886 4249 2935 4302 in
2971 4250 3243 4323 provincia
3278 4253 3447 4323 Byza-

1847 4319 2194 4387 cena,'cujus
2240 4320 2442 4375 mentio
2470 4320 2611 4391 apud
2641 4319 2872 4375 Plinium
2905 4321 3038 4375 etin
3071 4319 3334 4378 Antonini
3360 4326 3419 4379 iti

1848 4393 2083 4447 nerario.
2110 4392 2187 4447 Du
2212 4391 2329 4447 Pin.

1921 4480 2056 4555 (45)
2077 4482 2235 4537 Aliud
2258 4494 2373 4537 sunt
2396 4482 2584 4555 milites
2613 4482 2776 4555 missi.
2802 4481 3026 4537 Multum
3052 4482 3307 4539 differunt
3327 4504 3448 4553 qua:

1850 4552 2057 4609 fecistis
2094 4565 2146 4609 et
2190 4570 2307 4624 qua:
2362 4554 2515 4610 nobis
2567 4554 2830 4623 obiicitis;
2869 4569 2990 4607 nam
3038 4556 3140 4609 etsi
3186 4552 3448 4612 Macarius

1773 4620 1827 4679 D
1855 4625 2113 4679 unitatem
2142 4620 2348 4684 fecerit.
2379 4634 2435 4680 et
2465 4642 2490 4677 a
2520 4620 2673 4680 nobis
2704 4627 3001 4694 postulatus
3032 4627 3103 4680 sit
3134 4637 3188 4678 ut
3220 4642 3335 4681 eam
3368 4629 3449 4681 fa-

1853 4703 2032 4761 Ccret;
2068 4707 2267 4762 tamen,
2301 4698 2345 4750 si
2392 4697 2519 4766 quid
2548 4697 2723 4749 minus
2750 4696 2968 4749 humani
3015 4697 3063 4748 in
3102 4695 3191 4750 illa
3223 4699 3444 4765 expedi-

1854 4766 1998 4821 tione
2016 4768 2238 4833 accidit,
2273 4768 2322 4823 id
2348 4782 2520 4835 neque
2540 4767 2819 4835 jus-simus,
2849 4783 3024 4835 neque
3056 4767 3280 4821 fecimus
3305 4788 3316 4822 :
3345 4772 3438 4824 secl

1850 4839 2086 4906 episcopi
2114 4840 2277 4892 vestri
2308 4849 2547 4910 tempore
2576 4837 2774 4892 Juliani
2806 4839 3001 4892 multas
3028 4838 3205 4893 credes
3229 4843 3442 4910 propria

1850 4924 2007 4963 manu
2043 4920 2437 4979 perpetrarunt.
2469 4907 2696 4962 Aumsr.

1919 4997 2034 5070 (46)
2076 5000 2223 5069 Apud
2249 4999 2460 5066 Carpos.
2494 4997 2674 5068 Carpis
2706 4998 2833 5053 urbs
2858 4999 3056 5054 Africa}
3096 5004 3448 5064 proconsula-

1852 5070 1928 5124 ris
1959 5085 1986 5123 a
2033 5070 2322 5124 Ptolemaeo
2351 5082 2679 5123 memoratur
2707 5070 2742 5122 l.
2782 5085 2855 5136 IV,
2889 5087 2935 5122 c.
2970 5070 3225 5126 nullane
3256 5076 3442 5129 urbem
3521 5076 3525 5080 ’

1854 5140 2058 5196 Plinius
2087 5141 2320 5205 appellat
2349 5138 2523 5209 Carpi.
2555 5139 2892 5194 Secundinus
2928 5157 2955 5194 a
2988 5142 3170 5208 Carpis
3204 5145 3447 5201 interfuit

1852 5210 2531 5283 concilioCartltaginensi
2580 5213 2681 5283 sub
2729 5210 3027 5283 Cyprianol
3070 5212 3125 5267 In
3156 5214 3447 5272 collatione

1851 5281 2265 5354 Carthaginensi
2287 5296 2475 5351 compa
2486 5291 2597 5336 rent
2613 5282 2720 5335 duo
2737 5281 2973 5352 cpiscotii
2997 5282 3281 5354 Carpituni,
3306 5303 3447 5343 unus

1852 5352 2172 5421 catholicus,
2204 5352 2339 5408 alter
2360 5368 2426 5407 ex
2456 5363 2607 5421 parte
2644 5354 2836 5407 Donati
2865 5352 3309 5409 concilio‘Carth.
3342 5360 3442 5411 sub

1859 5423 2078 5479 Aurelio
2107 5424 2232 5476 anni
2277 5426 2403 5490 M9,
2450 5434 2501 5478 et
2542 5425 2743 5478 smculo
2772 5428 3039 5493 sequenti,
3081 5430 3312 5481 concilio
3344 5431 3447 5485 sub

1863 5495 2136 5550 Bonifacio
2181 5494 2399 5549 adfuere
2428 5495 2660 5564 episcopi
2705 5495 2999 5565 Carpitani.
3042 5498 3135 5549 Est
3164 5498 3213 5551 in
3260 5502 3449 5553 notitia

1863 5568 2235 5635 episcoporum
2266 5568 2553 5636 provincia)
2589 5581 2837 5635 procons.
2895 5566 3205 5633 Carpilmtus
3236 5569 3451 5633 episco-

1868 5652 1994 5707 pus:
2029 5636 2259 5707 denique
2289 5640 2339 5691 in
2368 5639 2597 5693 concilio
2630 5637 2974 5690 Laterunensi
3004 5639 3103 5690 sub
3129 5636 3354 5691 Martin‘o
3386 5640 3450 5704 ll,

1866 5717 1970 5763 act.
2000 5707 2422 5838 2,Dmelt)noratur
2450 5707 2647 5762 Bassus
2678 5708 2964 5777 episcopus
2984 5708 3242 5762 Ecclesia:
3268 5707 3454 5781 Carpi-

1868 5789 2021 5837 tanaz.
2105 5794 2136 5836 υ
2209 5795 2280 5836 ιη.

1868 5789 2021 5837 tanta.
2057 5789 2136 5837 DU
2164 5789 2280 5836 PIN.

2864 5870 2938 5933 31
