3828 6218
405 269 463 325 i‘l
1561 261 1640 318 SA
1650 259 1806 315 NCT]
1844 256 2094 317 Ol‘TATl
2136 256 2445 315 EPlSCOPi

3603 264 3631 280 υ

3603 264 3631 280 υ

3564 263 3668 319 οις

362 384 617 441 videntur
667 390 692 419 ι
740 378 1094 450 inexpiabiles
1138 374 1362 432 sordes?
1404 376 1457 429 in
1516 375 1847 431 Mauritaniae
1885 374 1963 428 ci-
1987 378 2039 437 Α
2067 372 2260 429 Christi
2287 375 2339 429 in
2353 372 2578 429 Canticis
2606 375 2945 429 canticorum.
2973 373 3028 431 Si
3049 388 3153 431 una
3180 375 3429 444 estapud
3456 392 3550 432 vos
3572 378 3669 431 Ec-

364 477 641 539 vitatibns,
690 473 843 529 vobis
892 468 1238 533 intrantibus,
1278 466 1553 539 quassatio
1600 466 1779 537 populi
1828 465 1967 520 facta

365 582 450 629 est
477 589 490 624 :
525 567 723 625 mortui
752 574 877 621 sunt
908 565 961 619 in
991 562 1161 620 uteris
1192 571 1445 630 matrum,
1479 562 1567 633 qui
1596 562 1808 618 fuerant
1837 575 1965 615 nas-

365 663 542 721 cituri.
572 660 689 714 Non
720 658 815 713 tibi
847 656 1241 727 videturruga,
1261 670 1382 728 quae
1407 668 1512 710 non
1537 655 1705 725 possit
1727 653 1849 709 ullis
1877 668 1963 708 sa-
2010 640 2022 646 ’

365 754 756 813 tisfactionibus
786 751 937 809 tendi
980 762 1073 807 aut
1101 750 1418 821 explanari?
1442 750 1580 818 Quid
1608 749 1714 804 tale
1740 762 1770 802 a
1814 747 1969 814 nobis

362 850 656 905 admissum
685 846 803 903 est?
841 860 941 902 nos
968 853 1349 915 exspectamus
1382 843 1649 900 vindicem
1683 841 1870 897 Deum.
1901 839 1971 894 Et

365 940 623 998 invidiam
649 937 1092 1006 facitisMacario,
1108 936 1197 1008 qui
1219 936 1263 991 si
1285 950 1477 1006 aspere
1498 932 1701 1004 aliquid
1723 932 1847 989 fecit
1872 945 1969 1001 pro

366 1034 597 1100 unitate,
620 1032 740 1089 leve
763 1046 887 1099 esse
902 1030 1075 1086 videri
1101 1030 1297 1100 poterit
1328 1045 1339 1082 :
1372 1028 1497 1083 dum
1530 1041 1625 1082 vos
1640 1040 1736 1095 pro
1760 1024 1971 1079 dissen-

362 1127 517 1183 sione
543 1132 690 1180 tanta
738 1122 875 1179 mala
916 1122 1137 1188 acerha,
1168 1128 1389 1177 cruenta
1421 1130 1476 1176 et
1507 1117 1721 1174 hostilia
1749 1114 1777 1154 ι)
1820 1114 1967 1170 fece-

363 1220 503 1276 ritis.
537 1218 677 1289 Quid
715 1230 1137 1275 commemorem
1179 1214 1429 1283 Tipasam
1461 1210 1577 1285 (47)
1620 1208 1970 1266 Caesariensis

364 1313 699 1369 Mauritania:
729 1308 1037 1366 civitatem?
1064 1306 1130 1362 ad
1174 1321 1334 1376 quam
1357 1304 1425 1360 de
1446 1302 1694 1358 Numidia
1720 1300 1970 1357 Urbanus

368 1404 680 1463 Formensis
706 1403 844 1475 (48),
884 1413 938 1459 et
959 1401 1111 1456 Felix
1137 1398 1426 1454 Idicrensis
1460 1408 1479 1433 θ’
1511 1394 1653 1469 (i9),
1680 1395 1799 1451 duae
1822 1394 1971 1451 facu-

366 1497 457 1564 lte,
480 1499 713 1555 incensas
742 1495 1023 1560 livoribus,
1054 1499 1439 1549 cucurrerunt:
1466 1489 1585 1562 (50)
1614 1482 1919 1562 quieturum
1942 1487 1968 1527 ἀ

367 1598 425 1648 et
451 1590 505 1645 in
545 1604 678 1661 pace
708 1589 1007 1658 positorum
1038 1588 1247 1641 animos
1276 1580 1657 1655 perturbantes
1686 1598 1701 1637 :
1730 1583 1966 1638 nonnul-

369 1681 543 1741 loruin
590 1673 901 1737 officialium
943 1688 996 1735 et
1051 1679 1233 1733 favore
1276 1687 1330 1731 et
1376 1675 1557 1732 furore
1612 1675 1859 1744 juvanle,
1911 1682 1967 1728 et

2074 467 2261 532 clesia,
2304 482 2409 521 una
2457 474 2539 521 est
2568 467 2847 524 columba:
2884 468 3012 540 quid
3057 477 3140 524 est
3166 458 3311 539 quod
3344 468 3529 525 dicere
3568 486 3665 527 vo-

2075 561 2245 624 luisti,
2271 574 2527 616 numerus
2552 560 2725 630 major
2754 570 2838 618 est
2862 561 3271 619 columbarum?

2145 651 2289 709 XIX.
2322 652 2653 707 Eucharistia
2674 671 2705 708 ιι
2725 653 3005 711 Donatistis
3032 656 3239 710 canibus
3261 656 3405 721 data,
3439 658 3671 729 ampulla

2072 746 2361 801 chrismatis
2390 747 2445 800 in
2475 749 2743 819 praeceptis
2765 754 2993 823 projecta
3020 791 3033 815 ,
3067 750 3270 819 aliaque
3298 765 3478 804 eorum
3504 752 3669 804 sacri-

2076 836 2227 908 legia.
2259 866 2328 876 —
2360 836 2428 892 Et
2451 837 2594 909 quod
2622 839 2776 895 vobis
2799 841 2916 897 leve
2933 840 3168 910 videtur,
3198 840 3409 896 facinus
3432 841 3670 896 immane

2074 930 2423 985 commissum
2452 940 2554 997 est,
2596 942 2655 989 ut
2679 933 2857 988 omnia
2894 943 3242 989 sacrosancta
3269 948 3433 1004 supra
3466 949 3671 988 memo-

2073 1023 2175 1076 rati
2206 1023 2371 1078 vestri
2404 1024 2641 1095 cpiscOpi
2673 1016 2957 1081 violarent.
2999 1025 3114 1098 (51)
3146 1025 3436 1082 iusserunt
3461 1025 3673 1101 Eucha-

2074 1114 2281 1170 ristiam
2304 1117 2529 1172 canibus
2557 1118 2704 1174 fundi
2723 1116 2780 1186 ll;
2804 1134 2909 1175 non
2935 1119 3050 1175 sine
3075 1120 3229 1191 signo
3251 1119 3424 1175 divini
3447 1119 3667 1189 judicii:

2075 1222 2201 1263 nam
2234 1196 2396 1264 iidem
2433 1225 2594 1265 canes
2619 1211 2835 1267 accensi
2866 1211 3034 1279 rabie,
3066 1211 3215 1282 ipsos
3236 1212 3491 1267 dominos
3518 1226 3670 1279 suos,

2075 1302 2229 1372 quasi
2260 1301 2518 1370 latrones,
2546 1304 2717 1358 sancti
2748 1305 2993 1372 corporis
3046 1319 3193 1372 reos,
3242 1304 3406 1361 dente
3436 1303 3669 1371 vindice,

2078 1399 2347 1463 tamquam
2380 1394 2592 1464 ignotos
2618 1405 2671 1449 et
2698 1394 2946 1449 inimicos
2975 1384 3334 1452 laniaverant.
3364 1395 3669 1465 Ampullam

2075 1500 2290 1557 quoque
2318 1482 2626 1542 chrismatis
2649 1502 2746 1559 per
2771 1486 3086 1555 fenestram,
3117 1498 3174 1542 ut
3205 1488 3539 1559 frangerent,
3561 1487 3673 1556 jac-

2077 1586 2360 1644 taveruut;
2403 1588 2458 1634 et
2502 1594 2624 1634 cum
2656 1594 2839 1636 casum
2895 1578 2911 1616 ί
2946 1580 3229 1651 adjuvaret
3264 1579 3525 1651 abjectio,
3566 1594 3670 1635 non

2076 1670 2245 1727 defuit
2281 1686 2472 1727 manus
2500 1674 2763 1744 angelica,
2795 1688 2915 1743 qum
2941 1673 3228 1743 ampullam
3271 1673 3506 1742 spiritali
3540 1672 3669 1727 sub-

375 1774 609 1833 Athenio
642 1773 869 1845 praeside
897 1780 1163 1843 praesente
1189 1786 1309 1826 cum
1345 1769 1535 1841 signis,
1568 1767 1832 1824 catholica
1863 1766 1974 1823 fre-
2005 1778 2053 1840 Β
2081 1765 2329 1821 vectionc
2363 1764 2691 1821 deduceret:
2725 1768 2959 1836 projecta
2990 1781 3174 1822 casum
3203 1766 3409 1821 sentire
3439 1780 3549 1819 non
3581 1779 3675 1832 po-

370 1867 588 1939 quentia
617 1867 903 1922 exturbata
946 1873 1001 1920 et
1038 1871 1335 1927 cruentata,
1381 1860 1449 1916 de
1493 1860 1711 1916 sedibus
1741 1859 1853 1914 suis
1876 1875 1970 1915 ex-

369 1960 529 2031 pulsa
559 1968 679 2014 est:
718 1956 1095 2012 iacerati‘sunt
1130 1943 1254 2020 viri,
1296 1961 1480 2008 tracta:
1521 1962 1646 2007 sunt
1683 1959 1968 2019 matronm,

370 2048 606 2104 infantes
633 2050 805 2103 necati
837 2056 981 2111 sunt,
1015 2046 1186 2100 abacti
1216 2052 1343 2099 sunt
1372 2053 1574 2113 partus.
1611 2043 1749 2099 Ecce
1791 2046 1970 2123 vestra

373 2142 638 2208 Ecclesia,
672 2141 943 2211 episc0pis
968 2139 1215 2202 ducibus,
1247 2138 1484 2193 cruentis
1524 2138 1792 2194 morsibus
1820 2146 1973 2209 pasta

370 2247 477 2295 est.
518 2238 647 2292 Pest
694 2236 794 2290 hoc
837 2238 998 2290 etiam
1041 2232 1173 2287 illud
1225 2232 1524 2287 addidisti:
1560 2231 1820 2297 Quantum
1864 2233 1972 2287 vult

332 2336 335 2337 ⁷
376 2337 643 2384 consumat
670 2327 894 2381 edacitas
916 2310 1402 2389 vulturum,‘tamen
1433 2325 1598 2393 major
1619 2333 1691 2379 est
1732 2340 1973 2378 numerus

373 2421 753 2478 columbarum.
784 2418 884 2475 Ubi
916 2429 995 2474 est
1024 2416 1165 2487 quod
1212 2416 1367 2487 vulgo
1396 2415 1612 2481 dicitur,
1656 2416 1971 2471 memoriam

379 2511 661 2569 custodem
699 2510 897 2565 habere
938 2516 1155 2578 oportet
1200 2506 1514 2562 mendacem
1563 2506 1627 2560 ‘?
1654 2507 1863 2562 Oblitus
1892 2522 1971 2573 es,

374 2607 517 2679 quod
543 2603 565 2644 ί
586 2604 743 2675 paulo
772 2612 898 2658 ante
914 2601 1115 2666 dixisti,
1148 2599 1436 2655 Ecclesiam
1464 2615 1619 2653 unam
1646 2598 1933 2654 columbam
1950 2608 1975 2646 ε

2076 1858 2205 1923 luit;
2226 1858 2339 1913 Deo
2361 1857 2661 1924 muniente,
2690 1857 3008 1913 illzesaiuter
3025 1873 3153 1913 saxa
3178 1858 3443 1913 consedit.
3474 1856 3592 1928 (52)
3616 1856 3677 1911 Et

2075 1960 2298 2020 possent
2336 1952 2431 2004 ista
2483 1964 2587 2005 non
2630 1949 2769 2015 fieri,
2822 1950 2867 2004 si
2927 1950 3177 2004 mandata
3226 1949 3429 2005 Christi
3482 1950 3536 2003 in
3569 1963 3675 2003 me-

2076 2040 2247 2094 moria
2280 2040 2574 2108 haberetis,
2597 2040 2689 2110 qui
2729 2039 2804 2093 ait
2837 2055 2850 2091 :
2891 2038 2974 2093 Ne
3012 2039 3254 2094 dederitis
3274 2050 3511 2094 sanctum
3539 2039 3676 2092 cani-

2077 2132 2193 2199 bus,
2226 2150 2384 2203 neque
2410 2133 2649 2187 miseritis
2676 2134 2981 2206 margaritas
3010 2128 3201 2193 uestras
3226 2142 3349 2189 ante
3374 2149 3583 2203 porcos,
3616 2150 3675 2187 ne

2078 2226 2373 2280 conculcent
2422 2242 2506 2281 eas
2554 2226 2764 2295 pedibus
2803 2228 2931 2286 suis.
2976 2236 3024 2281 et
3074 2228 3300 2283 conuersi
3340 2228 3542 2283 elidant
3592 2243 3676 2283 vos

2080 2317 2299 2389 (Matth.
2346 2332 2443 2383 vn,
2489 2318 2567 2389 6).
2612 2318 2751 2387 Quid
2795 2319 2899 2375 tale
2926 2319 2994 2374 ab
3020 2321 3283 2389 operariis
3311 2321 3537 2375 unitatis
3564 2320 3695 2376 fieri

2079 2409 2276 2479 potuit?
2297 2408 2437 2464 unde
2465 2410 2618 2465 nobis
2640 2409 2931 2465 Catholicis
2958 2409 3065 2482 43
3088 2426 3285 2480 vanam
3317 2412 3573 2467 invidiam
3598 2412 3671 2467 fa-

2078 2519 2203 2559 cere
2216 2503 2494 2559 laboratisi
2514 2502 2663 2559 .lnde
2688 2512 3024 2560 revertentes
3045 2504 3291 2561 Urbanus
3302 2505 3615 2563 Formensis
3627 2514 3677 2564 et

2067 2595 2593 2665 .Felixddicrensis,
2639 2595 2757 2671 (53)
2800 2597 3121 2654 invenerunt
3172 2606 3396 2662 matres,
3440 2614 3575 2669 quas
3612 2598 3676 2653 de

1596 2732 1983 2791 LECTIONES
2021 2733 2439 2792 VARIANTES.

436 2856 463 2886 ⁸
488 2856 547 2906 In
592 2868 707 2905 mss.
742 2851 799 2905 S.
825 2852 885 2904 Τ.
914 2858 966 2903 et
998 2853 1057 2903 P.
1094 2852 1147 2902 S.
1184 2863 1279 2901 non
1322 2848 1617 2911 dividentur,
1662 2850 1755 2901 sed
1794 2863 1977 2915 perpe-

376 2932 548 3030 1⁸³1ιξὶῖιι
572 2993 661 3030 ms.
688 2979 742 3027 S.
769 2976 826 3027 G.
854 2972 1061 3037 inutilia,
1088 2988 1260 3037 errore
1282 2976 1609 3024 amanuensis.

443 3046 467 3075 ο
496 3042 550 3091 in
572 3056 660 3091 ms.
687 3041 741 3091 S.
767 3040 826 3089 Τ.
850 3040 879 3088 Ι
883 3036 1121 3090 dierensis
1136 3050 1153 3099 ,'
1179 3037 1266 3087 sed
1290 3044 1459 3099 postea
1486 3036 1535 3084 in
1560 3037 1737 3089 eodem
1756 3050 1844 3087 ms.
1865 3036 1978 3088 Idi-

383 3119 674 3216 ονῗιηῗιῗίηε.
694 3165 745 3215 S.
770 3164 829 3214 T.
862 3170 915 3214 et
932 3164 980 3212 in
1005 3163 1169 3221 editis,
1194 3158 1275 3224 qui
1298 3164 1345 3210 et
1368 3159 1541 3210 horum
1559 3158 1609 3210 in
1626 3172 1762 3223 pace,
1795 3168 1884 3211 etc.

449 3233 473 3258 ει
501 3230 553 3258 In
579 3242 650 3258 me
704 3228 734 3258 Ω
782 3226 821 3258 Ω.
869 3221 1151 3258 mam/ariam
1177 3221 1425 3258 rescindam
1455 3220 1633 3258 (laboro
1655 3234 1757 3258 paco
1778 3223 1979 3258 mons/In-
2007 3194 2054 3258 C

1923 3236 1979 3273 α.-

449 3233 473 3261 θ
501 3230 555 3281 in
579 3242 669 3279 ms.
702 3228 755 3277 S.
782 3226 841 3278 G.
868 3220 1162 3276 memoriam
1177 3220 1427 3274 custodem
1454 3220 1635 3273 debere
1655 3220 1757 3275 esse
1778 3223 1921 3273 mend

2077 2848 2167 2902 cis.
2191 2851 2249 2901 In
2269 2864 2361 2902 ms.
2385 2851 2438 2901 S.
2457 2850 2514 2901 Τ.
2539 2849 2823 2902 memoriam
2844 2851 3091 2904 custodem
3125 2850 3305 2903 habere
3348 2864 3455 2905 esse
3482 2854 3675 2905 menda-

2079 2926 2253 3049 δεῖξε)
2276 2988 2365 3026 ms.
2386 2976 2441 3049 ξ.
2460 2975 2519 3049 [ξ.
2539 2973 2678 3049 quid.
2703 2975 2760 3049 in
2777 2989 2870 3026 ms.
2896 2976 2950 3027 S.
2979 2976 3035 3028 G.
3063 2977 3198 3042 quia.
3364 3041 3373 3049 .

2145 3039 2171 3103 β
2196 3037 2253 3103 in
2278 3051 2364 3088 ms.
2386 3037 2439 3103 ξ.
2466 3038 2524 3103 1‘.
2552 3037 2867 3103 Catholicam,
2892 3052 3063 3092 errore
3074 3037 3423 3099 'amanuensis.

2143 3098 2175 3165 ιδ
2198 3100 2251 3165 I_n
2277 3114 2369 3149 ms.
2391 3100 2449 3165 8ζ
2467 3099 2536 3165 G;
2559 3099 2781 3165 fundere.

2154 3161 2172 3202 ί
2202 3162 2259 3212 In
2284 3175 2398 3213 mss.
2420 3162 2472 3210 S.
2498 3161 2568 3212 'l‘.'
2588 3170 2639 3213 et
2658 3163 2713 3211 P.
2737 3164 2788 3214 S.
2814 3176 2948 3215 casu.

2154 3224 2168 3275 i
2202 3224 2257 3274 In
2282 3238 2369 3275 Ius.
2391 3224 2444 3274 S.
2465 3224 2524 3275 G.
2544 3224 2752 3277 voluisti.

1715 3325 1800 3381 VA
1814 3324 2075 3385 RIORUM
2113 3326 2337 3383 NOTAE.

459 3425 575 3498 (47)
615 3423 881 3498 Tipasam.
913 3416 1481 3498 Urbem__l\i_auritani.e
1512 3417 1982 3498 Czesarietisis,_ut

387 3488 479 3554 hic
518 3488 770 3552 observat
812 3493 1058 3562 Optatus.
1113 3489 1481 3562 Urbishujus
1520 3489 1769 3562 meminit
1806 3488 1985 3545 Ptole-

386 3584 577 3623 maeus.
606 3559 875 3621 Occurrit
913 3564 966 3617 in
1005 3560 1259 3616 Antonini
1288 3559 1589 3614 itinerario.
1622 3561 1821 3615 Plinius
1866 3576 1983 3615 eam

385 3636 538 3696 Latin
563 3638 741 3692 datam
767 3636 974 3689 scribit.
994 3634 1090 3685 Est
1114 3637 1165 3684 in
1199 3630 1389 3685 notitia
1418 3631 1799 3700 episcoporum
1828 3630 1987 3699 hujus

389 3709 683 3781 provinciae
711 3705 1057 3781 Tanusitmtus
1080 3700 1624 3781 episc0ptts.u(_3iviu_m
1660 3701 1817 3781 hujus
1844 3703 1988 3781 urbis

390 3770 658 3849 Egregiam
704 3777 862 3832 ﬁdem
913 3770 1331 3830 laudat'Victor
1384 3770 1617 3827 Vitcnsis
1663 3771 1695 3825 l.
1730 3788 1783 3838 v,
1827 3788 1881 3827 ιι.
1932 3772 1984 3827 6.

397 3855 474 3907 Du
505 3852 622 3905 PIN.

471 3919 586 3991 (51:8)
631 3918 949 3991 Formensis.
996 3916 1122 3991 Dum
1161 3912 1992 3991 _leg_untur__sedesepiscopales

398 3982 579 4061 lmjus'
612 3987 844 4061 nominis
915 3987 965 4038 in
1020 3988 1205 4061 notitia
1250 3982 1530 4061 Numidia}.
1568 3982 1762 4061 Audiuit
1798 3982 1993 4061 iustus

400 4055 701 4117 Formensis
755 4058 1042 4126 episcopus
1100 4056 1150 4108 in
1220 4056 1508 4108 collatione
1561 4055 1989 4124 Carthaginensi.

401 4136 479 4188 Du
504 4134 617 4187 PIN.
1180 4138 1181 4145 ‘

479 4204 594 4271 (49)
639 4196 935 4271 Idicrensis.
960 4194 1264 4271 Episcopus
1286 4193 1547 4271 gumidire
1576 4194 1626 4248 in
1652 4196 1836 4249 notitia
1864 4205 1915 4249 et
1943 4196 1994 4248 in

404 4264 696 4329 Cnl‘latiOne
720 4266 1155 4336 Carthaginiensi.
1188 4266 1261 4318 Du
1298 4264 1412 4336 Plu.

480 4344 591 4414 (50)
650 4342 748 4407 Qui
777 4349 821 4391 ct
854 4334 1023 4389 eorum
1052 4338 1101 4414 in
1134 4352 1256 4403 pace
1287 4334 1776 4414 positurumnnimos
1805 4348 2002 4406 pertun

410 4406 603 4468 limites.
637 4406 727 4465 Vel
753 4419 835 4463 est
872 4408 1223 4477 perturbantcs
1266 4421 1359 4477 pro
1392 4406 1768 4474 perturbarunt,
1801 4416 1854 4477 ut
1886 4417 2004 4474 post

406 4488 609 4553 aliquot
646 4475 881 4550 paginas,
916 4478 1187 4553 militantes
1216 4487 1261 4528 ct
1285 4475 1593 4553 destruentcs
1620 4492 1714 4543 pro
1754 4476 2005 4553 militastis

413 4568 468 4611 cl
504 4546 853 4609 'tlestritxistis,
899 4551 979 4601 vel
1030 4558 1111 4601 cst
1168 4548 1527 4599 nominativus
1582 4562 1675 4612 pro
1727 4546 2003 4601 aufureudi

412 4643 577 4688 (ad;
606 4625 789 4690 ψηιιιιδ
822 4624 1179 4681 ἀντιπτὼσεις,
1211 4618 1370 4670 etiam
1404 4617 1669 4690 plusculas
1693 4617 2005 4690 observabis

2089 3435 2188 3494 pro
2203 3422 2311 3476 lucc
2332 3431 2499 3494 autem
2515 3423 2720 3477 minime
2741 3422 2881 3492 facta
2901 3432 3085 3488 essent,
3112 3424 3223 3492 fieri
3247 3439 3349 3482 non
3372 3426 3679 3494 potuissent:

2092 3503 2151 3547 ut
2179 3493 2229 3546 in
2262 3494 2382 3546 cod.
2411 3493 2617 3567 Theod.
2643 3506 2697 3548 et
2716 3494 2854 3567 apud
2878 3494 3286 3567 Cassiodorum,
3308 3512 3411 3567 non
3423 3497 3673 3567 jubemus,

2090 3578 2191 3633 pro
2221 3574 2471 3617 petamus.
2508 3564 2638 3620 Vide
2672 3563 3056 3634 ad’Lamprid.
3091 3582 3142 3633 p.
3186 3565 3314 3620 556.
3357 3563 3438 3620 ita
3465 3567 3674 3622 constit.

2093 3636 2281 3704 Apost.
2313 3635 2425 3707 (lib.
2453 3650 2532 3701 ιιι,
2557 3649 2617 3707 c.
2639 3634 2710 3689 20
2736 3652 2748 3687 :
2786 3634 2891 3689 Nec
2935 3637 3282 3707 presbyterum
3309 3653 3473 3705 neque
3516 3640 3677 3691 diaco-

2094 3721 2214 3758 num
2234 3704 2475 3777 jubemus
2525 3706 2763 3778 ordinare
2786 3704 2943 3778 ςνάντὲ
2972 3704 3211 3761 vetaiuus
3254 3723 3577 3778 queinquam
3604 3708 3677 3763 rel

2098 3778 2487 3845 presbyterum,
2538 3777 2619 3830 vel
2651 3787 2754 3830 etc.
2791 3777 2976 3831 Graeca
3024 3793 3125 3831 non
3155 3777 3308 3832 erant
3339 3779 3404 3831 ad
3447 3795 3675 3843 manum,

2095 3861 2217 3901 cum
2275 3847 2387 3899 lnec
2428 3846 2751 3918 scriberem;
2801 3847 2893 3901 sed
2945 3849 3289 3918 interpretem
3336 3850 3553 3918 opinor,
3601 3850 3679 3903 bic

2096 3932 2309 3986 quoque
2361 3917 2581 3971 verbum
2622 3919 2785 3971 verbo
2816 3917 3131 3974 reddidisse.
3169 3917 3461 3974 Sciendum
3508 3928 3674 3974 tamen

2097 3999 2202 4061 est,
2231 3988 2450 4041 verbum
2496 4004 2825 4061 posseismpe
2863 3989 3186 4061 redundare,
3229 3990 3317 4061 ubi
3368 3999 3430 4061 τῇ
3477 3994 3676 4061 μειώσει

2099 4050 2247 4114 locus
2275 4073 2380 4112 non
2405 4050 2504 4111 est.
2533 4058 2623 4115 Sic
2653 4050 2905 4129 lioc'ipso
2946 4060 3080 4114 libro
3101 4050 3244 4114 circa
3285 4050 3487 4127 finem;
3507 4061 3677 4115 mereri

2101 4140 2307 4198 possunt
2353 4145 2447 4193 pro
2495 4139 2799 4184 merentur:
2838 4137 2966 4184 mori
3015 4140 3306 4199 potuerunt,
3365 4147 3464 4200 pro
3506 4132 3676 4187 mortui

2101 4210 2259 4253 sunt:
2289 4200 2447 4252 etiam
2479 4201 2583 4266 pati
2614 4209 2901 4268 potuerunt,
2940 4218 3035 4268 pro
3067 4204 3201 4271 passi
3232 4212 3384 4267 sunt;
3409 4202 3557 4268 item,
3591 4220 3674 4270 p0-

2105 4271 2198 4323 tuit
2221 4272 2345 4340 geri,
2382 4286 2474 4337 pro
2505 4281 2696 4339 gestum
2724 4282 2813 4324 est.
2849 4271 3037 4339 Operm
3075 4282 3128 4327 et
3173 4272 3373 4327 charta:
3408 4288 3588 4342 parco,
3618 4287 3676 4325 ne

2109 4342 2255 4409 plura
2291 4355 2575 4408 congeram
2605 4359 2616 4395 :
2664 4342 2755 4395 sed
2790 4344 2954 4395 multo
2997 4342 3146 4411 plura
3181 4342 3377 4397 similis
3409 4342 3675 4397 locutionis

2104 4412 2374 4477 exempla,
2408 4412 2598 4478 poterit
2627 4413 2677 4463 in
2720 4413 2818 4464 hoc
2847 4428 2949 4464 uno
2978 4415 3241 4481 scriptore
3268 4413 3491 4469 sedulus
3524 4415 3675 4468 lector

2107 4481 2413 4535 obschure.
2445 4481 2562 4545 Quo
2585 4481 2807 4548 fortasse
2839 4484 3068 4550 pertinet
3095 4493 3149 4537 et
3177 4483 3305 4536 illud
3339 4483 3396 4537 S.
3425 4484 3581 4537 Marci
3608 4499 3671 4543 vt,

2108 4552 2162 4615 5,
2208 4554 2291 4604 καὶ
2321 4554 2405 4603 οὐκ
2432 4550 2673 4610 ἠδύνατο,
2718 4560 2760 4601 ct
2808 4569 2905 4604 non
2936 4563 3137 4618 poterat
3172 4551 3243 4604 ibi
3266 4553 3674 4618 virtutempllam

2109 4602 2295 4690 usus,
2321 4602 2459 4690 ,ειυς
2476 4602 2572 4673 m'
2593 4602 2646 4690 ei
2665 4602 2673 4610 ’
2693 4602 2833 4674 ιιιιιιι
2849 4602 2859 4604 ⁷
2875 4602 3072 4676 caus.
3087 4602 3235 4685 "ag;
3253 4602 3675 4687 22*,"35‘s'i'ea

412 4668 476 4752 ἷιῖ
499 4668 1546 4762 N'.’tiv.zis"¢;.'.‘.;o1;.1;;finterprete...
1580 4668 1661 4739 ad,
1695 4668 1872 4762 Mlir'c‘.’
1892 4668 1999 4751 3;...
2031 4681 2084 4740 D
2107 4668 2295 4750 ﬁniit";
2321 4668 2447 4744 ’δὲλΗὲ
2487 4668 2645 4762 quod
2663 4668 2822 4762 y'atg?
2844 4668 2915 4745 ad
2932 4668 3343 4760 ἰ’ἑῖιιυῖιῖῖᾳᾶἷᾶ
3371 4668 3673 4762 ηοήᾜοιὲό

416 4772 578 4829 40,‹-ι
610 4768 645 4818 ll
678 4764 805 4815 (lor.
862 4778 940 4825 iv,
972 4762 1057 4819 15,
1090 4760 1177 4829 qui
1206 4759 1454 4825 exemplo
1485 4756 2003 4823 elegantissimorum

417 4842 742 4904 scriptorum
783 4832 893 4884 fieri
929 4846 1311 4904 nonnunquam
1339 4830 1514 4904 ducet.
1552 4829 1851 4904 Aliquando
1881 4830 2008 4904 reti-

418 4898 613 4962 nuit-ct
658 4908 923 4967 interpres
974 4913 1145 4964 vetus,
1192 4911 1245 4953 ut
1276 4900 1482 4954 Coluss.
1519 4914 1592 4958 tu,
1628 4899 1736 4951 lli:
1794 4898 2008 4950 Verbum

420 4979 609 5033 Christi
656 4974 843 5027 habitet
890 4974 939 5023 in
969 4972 1105 5023 vobis
1155 4971 1468 5025 abundanter
1497 4970 1548 5021 in
1584 4970 1720 5021 omni
1764 4970 2011 5035 sapientia

422 5052 677 5110 docentes,
727 5056 771 5098 et
819 5050 1184 5095 commonentrs
1217 5042 1563 5107 rasmetipsos.
1620 5040 1840 5093 Concilti
1884 5038 2013 5093 Car-

423 5123 568 5188 thag.
600 5136 685 5172 an.
740 5115 861 5177 M9,
898 5112 1356 5188 initioldAtu'elius
1402 5112 1664 5188 episcopus
1693 5111 1858 5188 dixit:
1890 5110 2013 5188 Post

420 5181 1206 5250 dictitprtrstitutumconrilti,ut
1235 5181 1589 5244 recordamini,
1614 5184 1762 5250 fratr.
1788 5182 2013 5245 beatiss.,

422 5248 583 5315 multa
616 5262 844 5329 ﬂagitata
877 5266 989 5307 sunt
1024 5262 1364 5329 racsjicctantes
1395 5258 1573 5319 fratres
1604 5248 1832 5329 nostros,
1866 5256 1916 5307 ὲν
1943 5262 2013 5324 τῷ

423 5324 841 5403 “agar/gula;
871 5330 988 5383 τοὺς
1034 5324 1275 5395 ἀδελφοὺς
1305 5325 1470 5403 ἡμῶν..
1510 5332 1563 5375 ιιι
1614 5333 1760 5403 recte
1794 5324 2014 5377 Gl‘iL‘t‘llS

426 5406 693 5469 interpres
744 5418 755 5452 :

429 5466 654 5527 eamdem
686 5473 937 5538 synodum
972 5469 1231 5538 [imitantes
1282 5466 1384 5538 ἀπὸ
1434 5469 2014 5538 τῶνῌπρρηγησαμέυων

428 5548 559 5616 ἡμᾶς
580 5550 668 5602 τὴν
694 5534 843 5599 ἀϋτὴν
864 5536 1073 5594 σύνοδον
1103 5536 1511 5616 ϐεϐαιωσάνξῳν.
1544 5534 1586 5616 ιι
1604 5584 1607 5585 ,
1626 5534 1866 5616 'CASLMIB.

501 5616 615 5679 (.31)
654 5613 925 5665 Jusserunt
967 5607 1370 5679 Eucharistium.
1406 5604 1680 5673 Negabant
1716 5606 2013 5679 _l)unatis::n

434 5675 823 5735 Eucharistiatn
858 5681 955 5732 rilc
985 5680 1050 5729 ab
1083 5677 1396 5731 ortlnnloxis
1422 5675 1745 5727 consecrari.
1786 5678 2008 5729 ALeasp.

505 5754 615 5821 (5'2)
665 5752 724 5803 Et
757 5761 954 5819 possent
1000 5750 1094 5800 ista
1122 5765 1218 5801 non
1262 5747 1393 5814 ﬁeri.
1426 5744 1773 5801 Oliscrvanda
1805 5750 2014 5823 μεέωσις

815 5412 1044 5463 moxque
1102 5393 1313 5453 iterum,
1361 5410 1391 5443 ιι
1439 5393 1777 5447 decessoribus
1834 5396 2016 5447 nostris

2112 4766 2277 4832 faccre
2302 4763 2595 4830 quidquam.
2629 4760 2697 4815 M.
2732 4760 2960 4815 CASAUB.

2185 4833 2300 4903 (55)
2341 4832 2850 4903 Inveneruntnnttres
2872 4848 2995 4903 quas
3025 4831 3086 4882 de
3112 4832 3561 4903 castimonialibus.
3584 4830 3671 4884 Ma-

2114 4901 2221 4956 tres
2244 4901 2534 4969 possumus
2568 4902 2876 4955 Abbatissas
2928 4902 3288 4969 interpretari.
3335 4901 3673 4969 Quemadmo-

2113 4974 2237 5026 dum
2270 4976 2409 5027 enim
2442 4973 2623 5026 Patres
2656 4973 2829 5026 vocati
2857 4973 2944 5040 qui
2974 4972 3248 5024 monachis
3272 5012 3284 5033 ,
3314 4981 3376 5024 ut
3412 4973 3564 5025 docet
3585 4973 3673 5023 Au-

2114 5045 2359 5111 {:uslinus
2390 5044 2455 5095 de
2486 5044 2724 5095 moribus
2760 5044 2961 5097 liccles.
2994 5041 3149 5095 Catlt.
3171 5042 3311 5109 'cap.
3360 5044 3448 5103 5i,
3478 5043 3543 5095 ita
3571 5054 3672 5109 qua:

2117 5114 2427 5166 lilunialilins
2454 5124 2738 5181 prmerant,
2766 5125 2962 5167 matres
2987 5114 3112 5165 olim
3135 5122 3358 5165 vocatae.
3388 5113 3670 5181 liieronym.

2116 5186 2180 5235 ad
2216 5185 2560 5239 Sabinianum
2596 5184 2876 5236 diactinutn
2904 5185 3109 5252 lapsum
3138 5202 3148 5233 :
3178 5182 3341 5237 Moris
3364 5193 3455 5244 est,
3492 5180 3671 5250 ngyp-

2117 5257 2198 5307 tiis
2226 5266 2271 5307 et
2301 5255 2463 5323 Syriis
2492 5255 2827 5317 monasteriis,
2857 5265 3019 5307 ultam
3050 5255 3185 5323 virgo
3214 5270 3363 5319 quam
3392 5254 3560 5309 vidua.
3582 5266 3675 5319 qua:

2120 5325 2336 5380 Domino
2359 5343 2408 5378 se
2428 5326 2664 5381 vorcrint.
2688 5335 2731 5377 et
2754 5325 2938 5378 swculo
2953 5328 3481 5392 renuntiantespmnes
3495 5323 3673 5376 delicias

2117 5399 2288 5449 sa’culi
2317 5396 2742 5457 ctmculcaverint,
2771 5396 2956 5449 crinem
2989 5399 3410 5449 monasteriorum
3459 5394 3674 5447 matribus

2118 5467 2333 5531 o/I'erant
2362 5467 2730 5527 (lcsrcandum,
2790 5483 2887 5519 non
2926 5468 3109 5520 intecto
3163 5477 3376 5533 postea,
3426 5465 3674 5520 secundum

2117 5540 2418 5590 voluntatem
2450 5538 2677 5603 Apostoli
2703 5539 2973 5591 incessum:
3001 5539 3193 5606 capite,
3225 5538 3315 5590 sed
3339 5538 3496 5607 ligato
3518 5536 3675 5604 pariter

2123 5625 2183 5659 ac
2205 5610 2383 5661 velato.
2437 5610 2506 5661 Ita
2534 5607 2807 5676 descripsi
2834 5624 2895 5663 ex
2926 5609 3144 5676 antiquo
3174 5610 3360 5662 codice
3414 5624 3514 5661 ms.
3540 5619 3674 5674 quem

2124 5695 2291 5747 nuper
2321 5682 2368 5731 in
2406 5680 2502 5732 hac
2532 5680 2660 5733 urbe
2693 5688 2880 5733 nactus
2905 5696 3044 5733 sum.
3073 5678 3215 5733 [dem
3246 5679 3615 5748 Hieronymus,
3636 5683 3677 5727 ct

2123 5764 2187 5803 ex
2213 5750 2402 5805 eodem
2436 5750 2623 5805 codice
2665 5751 2924 5807 adversus
2956 5749 3301 5820 Vigilantium
3326 5751 3473 5805 circa
3499 5749 3641 5803 finem
3665 5757 3677 5794 :
