3828 6218
441 294 545 349 075

1623 287 1871 347 SANCTI
1908 288 2160 346 OPTATI
2203 289 2512 349 EPISCOi’I

3420 118 3798 240 Ἰ·-

3610 286 3711 346 976

438 408 607 464 Filius
634 405 897 463 Christus.
927 404 1114 460 Cmteri
1140 419 1326 459 omnes
1347 404 1733 476 senii-perfecti
1757 415 1780 443 ο
1813 412 2017 461 sumus.
2049 414 2100 473 Α
2129 406 2393 479 ignoscas.
2427 406 2539 462 Hoc
2566 404 2782 461 insanus
2814 405 2989 471 furor,
3022 402 3125 459 hoc
3169 402 3439 474 punienda
3472 411 3527 460 et
3560 402 3712 459 dam—

440 500 575 567 Quia
606 509 844 554 nostrum
871 506 954 552 est
996 496 1132 551 velle
1152 518 1169 563 ,·
1214 506 1458 552 nostrum
1486 505 1570 551 est
1591 512 1839 564 currere;
1890 497 2022 562 Dei,

436 594 718 665 perﬁcere.
751 590 897 647 Unde
924 589 1267 645 beatissimus
1309 590 1585 659 apostolus
1632 591 1857 656 Paulus,
1910 592 2023 647 ait:

438 685 617 754 Neque
645 683 873 748 volentis,
920 698 1081 752 neque
1134 684 1415 751 currentis,
1445 682 1535 738 sed
1564 683 1632 737 ad
1681 682 1777 738 Dei
1807 684 2026 754 gratiam

439 775 738 846 pertinentis
768 760 1046 845 (Rome,
1074 775 1182 845 16).
1211 774 1343 831 Nam
1385 784 1439 833 et
1466 791 1496 831 a
1518 774 1734 832 Christo
1758 776 2025 831 salvatore

432 876 641 931 nostro,
674 865 911 937 perfecta
936 868 1192 923 sanctitas
1218 884 1323 929 non
1340 868 1588 936 estdata,
1611 868 1706 925 sed
1737 869 2019 939 promissa.

434 956 677 1030 Denique
706 961 782 1015 sic
804 961 916 1039 ait:
958 961 1135 1021 Sancti
1161 962 1334 1029 eritis,
1362 963 1484 1034 quia
1508 979 1628 1036 ergo
1671 971 1874 1016 sanctus
1909 976 2023 1015 sum

435 1050 632 1128 (Leuit.
654 1068 729 1120 XI,
762 1053 875 1123 45).
907 1052 1066 1108 Solus
1111 1062 1194 1109 est
1218 1069 1348 1125 ergo
1390 1053 1655 1124 perfectus
1682 1061 1737 1108 et
1778 1060 2016 1107 sanctus.

434 1145 680 1217 Denique
725 1162 830 1201 non
856 1146 1021 1213 dixit,
1078 1147 1241 1201 sancti
1268 1148 1413 1213 estis,
1465 1146 1559 1200 sed
1586 1186 1601 1211 ,
1647 1145 1809 1200 sancti
1835 1145 1977 1199 eritis
1999 1184 2016 1209 ,

431 1237 585 1294 dixit.
606 1238 759 1293 Unde
788 1248 869 1294 est
890 1254 1047 1307 ergo,
1085 1237 1225 1307 quod
1252 1237 1404 1293 vobis
1433 1235 1726 1306 perfectam
1767 1236 2021 1291 sanctita-

432 1341 539 1387 tem
568 1331 633 1386 de
660 1329 1259 1403 superbiavindicatis?
1306 1329 1409 1385 nisi
1456 1340 1513 1383 ut
1564 1339 1847 1399 appareat,
1899 1329 2020 1399 quia

431 1440 518 1479 vos
547 1425 683 1491 ipsos
711 1423 964 1492 deeipitis,
982 1432 1029 1477 et
1053 1425 1234 1478 veritas
1263 1424 1317 1477 in
1348 1422 1489 1477 nobis
1522 1421 1631 1477 non’
1648 1431 1740 1477 est.
1772 1422 1830 1477 In
1857 1420 2022 1477 Joan-

431 1519 517 1574 nis
539 1516 752 1573 scholab
775 1532 893 1573 esse
914 1517 1177 1573 noluisds.
1201 1516 1332 1573 Cum
1357 1508 1499 1571 enim
1516 1515 1769 1571 scducitis
1790 1515 2018 1585 aliquos,

426 1610 744 1684 promittitis
768 1624 859 1665 vos
884 1610 1266 1681 indulgentiam
1281 1617 1617 1679 peccatorum
1632 1622 1753 1663 esse
1777 1606 2021 1662 daturos:

426 1718 628 1763 etcum
664 1704 825 1758 vultis
863 1703 1064 1759 donare
1102 1710 1357 1774 peccata,
1410 1708 1645 1757 vestram
1694 1697 2023 1772 proﬁtemini

2130 502 2303 557 nanda
2324 501 2594 569 superbia.
2627 500 2764 554 Dens
2792 509 3009 569 paratus
3030 506 3113 552 cst
3162 498 3447 569 ignoscere
3466 540 3482 565 ,
3512 508 3564 555 et
3591 514 3713 568 reus

2130 593 2349 649 festinat
2387 592 2771 663 indulgentiam
2802 605 3075 651 recusare.
3106 590 3433 648 Publicanus
3463 584 3708 657 humilis,

2129 685 2399 741 hominem
2426 698 2485 739 se
2516 696 2637 739 esse
2664 696 3027 753 cognoscens,
3079 683 3158 738 sic
3204 684 3415 755 rogavit
3437 725 3452 751 ,
3484 682 3663 739 dicens
3694 700 3709 737 ε

2128 775 2395 846 Propitius
2426 784 2555 840 esto,
2576 770 2817 839 Domine,
2849 774 2975 829 mihi
2991 776 3245 847 peccatori
3270 774 3437 848 (Ibid.
3486 772 3594 844 Η).
3621 772 3711 829 Sic

2118 868 2399 940 iustiﬁcari
2432 868 2627 925 meruit
2681 862 2997 925 humilitas°
3030 886 3045 923 :
3076 869 3159 926 sic
3203 870 3457 941 superbia
3496 869 3548 923 in
3578 867 3711 923 Pha-

2122 960 2281 1015 risaco
2304 1001 2318 1026 ,
2352 962 2607 1031 magistro
2633 969 2846 1027 vestro,
2880 962 2947 1018 de
2973 962 3175 1032 templo
3211 962 3464 1017 damnata
3494 961 3709 1018 descen-

2122 1051 2220 1109 dit.
2261 1051 2483 1108 Meliora
2522 1054 2737 1110 inventa
2779 1063 2905 1110 sunt
2950 1064 3169 1124 peccata
3212 1069 3335 1110 cum
3382 1053 3705 1119 humilitate,

2121 1160 2279 1216 quam
2300 1145 2603 1202 innocentia
2624 1160 2745 1201 cum
2770 1147 3039 1217 superbia.
3065 1144 3270 1204 Deinde
3294 1162 3417 1203 cum
3440 1146 3591 1204 vobis
3607 1155 3707 1202 tra-

2121 1237 2341 1295 ditionis
2363 1248 2417 1294 et
2444 1238 2751 1317 schismatis
2778 1241 2962 1309 gravia
3007 1250 3225 1311 peccata
3255 1256 3363 1298 non
3390 1241 3600 1310 desint,
3629 1232 3705 1298 in-

2119 1344 2283 1399 super
2303 1340 2358 1386 et
2384 1331 2647 1402 superbos
2678 1347 2771 1389 vos
2802 1348 2923 1389 esse
2948 1333 3288 1406 gratulamini
3312 1332 3357 1390 ί.

2193 1421 2336 1478 XXI.
2382 1422 2843 1495 Reprehenduntur
2871 1425 3156 1482 Donatista
3183 1426 3321 1498 quod
3352 1427 3616 1499 episcopos
3640 1427 3708 1481 di-

2122 1516 2315 1588 gnitate
2333 1518 2605 1586 spoliarint
2631 1518 3006 1590 etpaenitentitz
3028 1519 3293 1577 laboribus
3314 1520 3708 1595 subiecerint.—

2121 1607 2273 1665 Nunc
2303 1610 2553 1680 quoniam
2600 1611 2966 1679 erubescenda
2992 1610 3187 1683 gaudia
3238 1622 3420 1669 vestra
3470 1612 3704 1685 probavi—

2121 1694 2263 1776 muos,
2294 1711 2350 1758 et
2367 1703 2516 1757 furor
2538 1713 2717 1759 vester
2744 1709 2825 1759 tot
2853 1703 2987 1767 locis
3013 1690 3266 1761 ostensus
3292 1713 3411 1771 est;
3452 1713 3618 1761 restat
3643 1704 3705 1761 de

422 1788 784 1855 innocentiam
812 1814 824 1851 :
857 1808 909 1853 et
934 1794 1308 1851 remissionem
1350 1800 1696 1861 peccatorum
1728 1790 1807 1846 sic
1834 1789 1977 1846 datis
1997 1830 2013 1858 ,
2042 1795 2087 1869 ς
2122 1792 2385 1863 profunda
2414 1794 2687 1865 impietate
2712 1803 2888 1852 vestra
2916 1796 3114 1867 aliquid
3138 1796 3338 1855 dicere.
3362 1796 3496 1852 Nam
3513 1797 3700 1862 omnia,

419 1895 577 1965 quasi
602 1894 807 1949 nullum
835 1902 857 1931 ο
907 1888 1149 1944 habeatis
1178 1889 1279 1958 ipsi
1306 1884 1609 1957 peccatum.
1664 1884 1778 1940 Non
1805 1894 1888 1941 est
1916 1884 2016 1939 ista

418 1986 772 2056 praesumptio
797 2027 811 2051 ,
869 1982 963 2038 sed
995 1981 1242 2049 deceptio
1274 1996 1287 2032 :
1322 1994 1420 2035 nec
1452 1980 1650 2034 veritas
1672 2019 1685 2043 ,
1740 1977 1835 2033 sed
1867 1993 2017 2033 men-

421 2080 653 2136 dacium.
686 2078 899 2133 Etenim
924 2076 1065 2131 inter
1090 2074 1263 2130 vicina
1287 2082 1580 2140 momenta,
1603 2071 1730 2127 dum
1756 2070 1873 2144 (65)
1903 2086 2018 2127 mea

420 2190 524 2230 nus
547 2164 823 2244 imponitis
850 2179 904 2226 et
944 2168 1139 2225 delicta
1167 2168 1378 2223 donatis
1398 2208 1413 2235 ,
1441 2181 1566 2221 mox
1616 2164 1732 2237 (66)
1760 2164 1826 2219 ad
1847 2164 2015 2221 altare
2040 2187 2050 2197 σ

418 2265 667 2322 conversi
694 2261 852 2338 “(67)
903 2260 1226 2317 dominicam
1270 2258 1569 2315 orationem
1596 2255 2015 2329 praetermittere

415 2378 528 2419 non
554 2360 797 2433 potesﬁs.
826 2360 888 2412 Et
918 2358 1100 2428 utique
1128 2348 1341 2435 dicitis:
1371 2353 1530 2409 Pater
1557 2361 1748 2419 noster,
1772 2352 1859 2422 qui
1880 2367 1932 2405 es
1961 2351 2015 2407 in

422 2455 563 2511 oculis
589 2495 603 2519 ,
633 2453 827 2507 dimitte
846 2450 987 2505 nobis
1016 2448 1184 2502 debita
1214 2456 1259 2501 et
1292 2454 1498 2513 peccata
1523 2454 1716 2499 nostra.
1747 2442 1885 2511 Quid
1914 2457 2013 2500 vo-

420 2542 605 2604 carisd
629 2586 644 2610 ,
690 2543 815 2599 dum
844 2549 1059 2614 peccata
1089 2538 1362 2623 conﬁteris
1388 2538 1521 2593 tua?
1564 2538 1609 2593 si
1649 2545 1869 2594 sanctus
1905 2549 1967 2591 es
1994 2575 2010 2603 ,

418 2638 543 2694 dum
570 2636 795 2692 dimittis
812 2634 1025 2689 aliena?
1056 2633 1156 2687 hoc
1180 2630 1340 2688 modo
1370 2640 1426 2687 et
1451 2644 1547 2686 vos
1568 2630 1717 2701 ipsos
1742 2628 2009 2699 decipitis,

426 2740 483 2787 et
508 2730 706 2785 veritas
738 2729 789 2784 in
814 2728 964 2784 vobis
987 2741 1092 2783 non
1114 2736 1215 2782 est.
1244 2726 1349 2783 Sed
1376 2736 1435 2781 ut
1464 2735 1708 2797 apparet,
1731 2724 1832 2781 hoc
1860 2725 2013 2782 vobis

416 2824 583 2881 dictat
599 2822 773 2877 nutrix
796 2830 972 2877 vestra
1001 2819 1272 2891 superbia,
1297 2834 1456 2890 quam
1478 2818 1724 2873 Christus
1746 2818 1799 2873 in
1829 2817 2009 2874 Evan-

418 2918 563 2991 gelio
592 2916 908 2972 testiﬁcatur
936 2932 950 2969 :
979 2916 1101 2985 quia
1124 2914 1228 2970 etsi
1257 2914 1473 2969 nomina
1505 2907 1685 2971 vestra
1718 2919 1825 2969 utin
1852 2913 2009 2980 dixit,

418 3024 518 3080 per
546 3004 952 3064 similitudinem
986 3012 1163 3059 tamen
1198 3014 1402 3060 vestros
1429 3019 1607 3060 mores
1638 3002 1901 3069 ostendit;
1934 3000 2013 3063 sic

387 3102 558 3169 ,enim
588 3100 841 3169 scriptum
866 3107 948 3153 est
976 3114 988 3151 :
1018 3095 1233 3152 Dicebat
1258 3096 1409 3152 Jesus
1432 3098 1561 3152 hanc
1586 3097 1971 3152 similitudinem
1990 3142 2004 3167 ,

2120 1901 2240 1957 quae
2280 1903 2309 1941 a
2340 1887 2493 1943 vobis
2521 1888 2656 1944 ﬁunt
2680 1898 2773 1944 aut
2794 1888 2929 1945 facta
2971 1901 3129 1955 sunt,
3169 1891 3291 1962 quis
3318 1890 3517 1961 poterit
3544 1890 3702 1960 expli-

2117 1978 2281 2033 care?
2307 1979 2388 2033 sic
2419 1986 2609 2033 cuncta
2658 1979 2990 2051 malignitate
3018 1981 3249 2051 quadam
3292 1981 3575 2039 ordinasse
3616 1995 3701 2036 vos

2115 2068 2329 2126 constat
2348 2112 2361 2137 ,
2391 2079 2452 2125 ut
2474 2071 2525 2125 in
2561 2086 2664 2125 una
2695 2072 2875 2141 specie
2906 2072 3085 2141 cperis
3114 2072 3277 2128 vestri
3297 2114 3311 2140 ,
3344 2075 3553 2145 species
3581 2072 3701 2129 alias

2116 2160 2412 2231 impleretis
2445 2177 2458 2215 :
2492 2170 2548 2217 ut
2574 2160 2701 2217 dum
2734 2163 3016 2233 presbyter
3042 2170 3135 2217 aut
3162 2161 3282 2235 (68)
3308 2165 3591 2235 episcopus
3612 2164 3699 2220 de-

2108 2251 2322 2324 jicitur,
2374 2254 2453 2309 sic
2503 2255 2732 2325 populus
2774 2264 3077 2326 caperetur.
3133 2256 3460 2326 Quomodos
3519 2268 3689 2328 posset

2115 2346 2273 2402 turba
2324 2333 2604 2403 hominum
2650 2356 2821 2416 stare,
2856 2365 2975 2421 qua:
3001 2359 3269 2407 rectorem
3295 2334 3454 2409 suum
3482 2368 3510 2407 a
3558 2352 3698 2409 vobis

2116 2438 2325 2517 elisum;
2344 2454 2466 2497 esse
2493 2443 2869 2512 conspiceret?
2891 2441 3009 2498 Non
3038 2444 3196 2499 aliter
3218 2486 3233 2511 ,
3262 2460 3425 2516 quam
3454 2461 3699 2517 quocum-

2114 2548 2219 2605 que
2245 2515 2372 2590 casu
2395 2575 2411 2601 ,
2460 2545 2673 2607 pastore
2700 2537 2882 2593 occiso
2902 2578 2918 2603 ,
2950 2536 3061 2609 lupi
3114 2531 3451 2609 grassantur.
3481 2539 3696 2596 Exorci-

2114 2631 2280 2685 zastis
2331 2628 2597 2696 ﬁdelesh,
2648 2638 2706 2688 et
2729 2630 2938 2686 lavistis
2967 2632 3084 2687 sine
3130 2647 3292 2688 causa
3348 2634 3612 2705 parietes:
3643 2640 3695 2688 ut

2116 2720 2219 2778 hoc
2250 2723 2504 2793 nequitia:
2555 2739 2751 2796 genere
2803 2726 3137 2782 subrueretis
3186 2726 3694 2797 simplicissimorum

2070 2840 2071 2843 η
2113 2813 2392 2872 homirnam
2425 2826 2653 2873 mentes.
2683 2817 2902 2875 Talibus
2928 2818 3173 2876 consiliis
3200 2812 3429 2885 vestris,
3478 2818 3697 2875 nonnul-

2114 2905 2288 2963 lorum
2314 2909 2479 2965 animi
2502 2909 2729 2981 jugulati
2757 2920 2911 2977 sunt,
2960 2922 3013 2968 et
3036 2912 3137 2968 sub
3157 2913 3297 2970 nube
3316 2912 3694 2988 simplicitatis,

2114 2997 2387 3055 obcmcato
2413 3000 2623 3055 astutiae
2654 3000 2879 3066 lumine,
2910 3009 2970 3057 ut
2998 3001 3227 3059 mis‘eros
3256 3005 3585 3070 sterneretis,
3612 3018 3695 3059 sa-

2114 3092 2277 3161 gittas
2330 3090 2399 3146 de
2449 3089 2701 3161 pharetra
2760 3094 2994 3164 pectoris
3046 3094 3249 3164 veStri,
3307 3095 3695 3153 seductionibus

414 3202 625 3265 propter
649 3208 735 3247 eos
765 3192 850 3262 qui
870 3207 924 3246 se
945 3200 1148 3245 sanctos
1190 3198 1403 3259 putant,
1432 3198 1479 3244 et
1506 3198 1830 3245 contemnunt
1863 3197 2011 3259 ctete-
2042 3191 2091 3254 Β
2117 3181 2458 3253 prazmisistis
2494 3198 2506 3235 :
2543 3190 2603 3237 ut
2638 3182 2887 3255 devobis
2909 3184 3139 3256 Spiritus
3162 3192 3381 3243 sanctus
3423 3202 3513 3258 per
3538 3186 3690 3242 David

412 3265 501 3341 τ’δῗ
518 3267 647 3359 (Luc
676 3299 830 3350 xvtu,
852 3282 932 3354 9).
966 3282 1080 3337 Hoc
1101 3281 1169 3337 de
1190 3282 1341 3337 vobis
1368 3280 1571 3337 dictum
1588 3282 1718 3338 ‘esse
1734 3322 1748 3348 ,
1785 3281 1898 3352 ipsa
1921 3296 2009 3338 res

415 3377 694 3451 evidenter
720 3374 951 3430 ostendit
976 3391 990 3441 ;
1019 3374 1145 3429 dum
1178 3388 1274 3429 vos
1297 3372 1449 3445 quasi
1481 3383 1701 3430 sanctos
1726 3373 2006 3441 extollitis,

414 3480 470 3526 et
501 3484 599 3524 nos
626 3467 910 3523 manifeste
936 3464 1581 3536 apertequecontcmnitis
1611 3482 1625 3519 :
1658 3463 2005 3539 Duo(inquit)

416 3564 755 3621 ascenderunt
778 3562 830 3615 in
856 3560 1101 3630 templum
1127 3558 1344 3613 adorare
1362 3599 1377 3626 ,
1407 3575 1540 3613 unus
1582 3556 1882 3613 Pharisatus
1904 3599 1919 3625 ,
1960 3567 2009 3613 et

415 3674 549 3731 unus
579 3655 893 3710 Publicanus
914 3650 1079 3724 (Ibid.
1114 3651 1228 3721 10).
1280 3632 1587 3706 Phariszeus
1614 3648 1885 3729 tumidus,
1914 3663 2021 3727 su-l
2046 3656 2059 3679 ί

411 3750 647 3821 perbus,
679 3747 925 3811 inﬂatus,
952 3745 1073 3799 talis
1094 3784 1110 3811 ,
1154 3744 1343 3815 quales
1370 3751 1425 3800 et
1449 3758 1544 3798 vos
1581 3742 1825 3799 videmus
1856 3758 2003 3798 :non

410 3839 697 3896 liumiliato
724 3852 950 3905 corpore
968 3876 984 3900 ,
1009 3850 1113 3890 non
1136 3835 1391 3889 inclinata
1416 3834 1663 3901 cervice;
1697 3833 1791 3890 sed
1823 3843 2004 3891 erecta
2052 3884 2053 3887 η

2052 3939 2057 3943 ’
2110 3942 2292 3988 menta
2317 3932 2566 3988 servaret
2606 3932 2752 4005 (70)!
2782 3932 2838 3987 in
2868 3930 3273 4002 comparatione
3296 3933 3473 4003 operis
3502 3930 3676 3994 vestri,

412 3930 574 3999 facie,
606 3937 662 3984 et
684 3926 905 3983 tumenti
928 3934 1139 3997 pectore
1166 3944 1179 3979 :
1213 3924 1420 3980 Gratias
1440 3925 1547 3991 tibi,
1581 3924 1736 3993 Deus,
1768 3926 1890 3995 quia
1920 3926 2003 3980 ni—

416 4023 494 4079 hil
518 4021 759 4097 peccavi;
806 4018 910 4075 hoc
959 4026 1041 4073 est
1087 4018 1267 4075 dicere
1305 4018 1450 4087 Deo,
1498 4034 1605 4074 non
1637 4018 1811 4075 habeo
1862 4018 2005 4090 quod

2113 3281 2433 3352 prophetam
2465 3280 2518 3335 in
2550 3280 2760 3351 psalmo
2788 3281 3099 3351 praedixerit
3128 3298 3143 3337 :
3175 3283 3432 3351 Quoniam
3452 3288 3561 3337 ecce
3579 3297 3688 3353 pec-

2114 3382 2309 3427 catores
2333 3371 2658 3427 intenderunt
2686 3388 2864 3427 arcum
2887 3392 2901 3430 :
2931 3384 3237 3445 parauerunt
3258 3376 3472 3447 sagittas
3498 3375 3551 3429 iu
3571 3374 3691 3444 plta-

2112 3473 2250 3519 retra
2276 3479 2390 3531 sua,
2406 3466 2473 3517 ad
2494 3464 2813 3535 sagittandos
2842 3464 3056 3519 obscura
3078 3466 3202 3520 luna
3222 3478 3389 3522 rectas
3406 3467 3555 3522 corde
3576 3466 3683 3537 (Ps.

2110 3570 2169 3620 ι,
2197 3556 2274 3625 '5).
2298 3554 2437 3623 Quid
2458 3569 2486 3608 a
2510 3555 2667 3614 .vobis
2698 3556 2873 3611 minus
2894 3556 3095 3611 factum
3114 3566 3197 3623 est
3214 3558 3408 3613 vestris
3428 3556 3688 3613 consiliis?

2110 3648 2333 3704 sauciati
2369 3646 2383 3685 ί
2425 3658 2553 3703 sunt
2579 3648 2891 3704 innocentes
2912 3692 2927 3717 ,
2961 3650 3219 3705 exarmati
3251 3649 3436 3705 ﬁdeles
3460 3692 3474 3717 ,
3496 3648 3686 3705 honore

2108 3740 2344 3795 nominis
2366 3739 2447 3795 sui
2469 3740 2683 3811 spoliati
2713 3748 2839 3796 sunt
2862 3740 3193 3798 sacerdotes.
3217 3742 3262 3798 0
3290 3742 3531 3811 impietas
3548 3742 3684 3796 inau-

2107 3831 2239 3901 dita,
2259 3831 2366 3905 45
2383 3831 2497 3905 (69)
2523 3848 2685 3905 quem
2710 3833 3040 3904 jugulaveris
3065 3833 3207 3889 inter
3231 3835 3556 3905 prenitentia:
3581 3844 3681 3887 tor-

2108 4022 2379 4079 latronum
2406 4024 2575 4113 levior
2620 4022 2829 4081 videtur
2859 4022 3188 4080 immanitas.
3219 4021 3337 4097 (7i)
3379 4022 3487 4081 Vos
3520 4023 3677 4079 vivum

1647 4136 2031 4203 LECTIONES
2068 4138 2486 4199 VARIANTES.

479 4252 507 4313 β
528 4251 587 4301 In
609 4263 699 4300 ms.
719 4250 769 4301 s.
793 4250 851 4313 ῦς
874 4246 1160 4313 imperfecti.

472 4310 505 4351 ιι
528 4314 598 4364 Ita
618 4316 667 4363 in
691 4327 804 4363 mss.
830 4312 881 4362 S.
902 4310 961 4361 Τ.
984 4310 1041 4361 et'
1059 4313 1116 4361 P.
1138 4312 1190 4362 S.
1218 4312 1275 4363 In
1298 4326 1388 4365 ms.
1409 4312 1461 4363 S.
1488 4312 1546 4364 G.
1572 4314 1780 4367 Joannis
1798 4315 1937 4368 socii.

479 4378 502 4407 ο
532 4376 687 4425 Deest
708 4376 755 4423 in
775 4388 863 4423 ms.
885 4373 939 4423 S.
966 4374 1022 4424 (ἱ.

478 4436 505 4476 d
530 4437 585 4485 In
603 4450 695 4485 ms.
722 4437 775 4486 S.
802 4436 862 4485 G.
888 4434 1128 4487 vocitaris.

483 4503 507 4531 ο
532 4498 757 4547 Additum
781 4499 872 4547 hoc
886 4499 1090 4547 verbum
1113 4511 1176 4548 ex
1200 4511 1289 4549 ms.
1313 4500 1365 4550 S.
1390 4499 1448 4549 G.

2114 4253 3188 4387 g'i‘iimi's’s'iéiieéﬁ’ii’s‘i'iWiT’“
3297 4380 3341 4387 -.

2172 4380 2222 4445 h_
2227 4380 2284 4430 In
2306 4394 2398 4445 mg.
2416 4380 2553 4445 SLG.
2572 4380 2761 4431 additur
2797 4377 2923 4430 istud
2956 4377 3148 4443 ﬁdeles,
3184 4380 3312 4445 quod
3335 4380 3491 4433 'deest
3512 4383 3671 4432 inntss.

2058 4426 2061 4429 “
2112 4443 2167 4494 S.
2183 4426 2443 4494 Τῗεῖῥίιῖ
2458 4426 2515 4492 εξ

2179 4504 2198 4568 i_
2241 4503 2312 4568 ita
2337 4504 2387 4553 in
2426 4517 2517 4553 ms.
2536 4501 2773 4568 .S._G._In
2814 4501 3062 4568 ms._S.j.
3091 4504 3245 4568 et_in‘
3286 4502 3434 4568 editis
3469 4501 3666 4568 saginati.

482 4559 504 4599 ἰ
528 4546 601 4610 Ita
623 4560 672 4608 in
694 4573 784 4609 ms.
801 4546 863 4609 S.
880 4546 939 4610 G.
964 4546 1133 4610 Iamsi
1155 4560 1207 4611 S.
1233 4546 1292 4611 ’l‘.
1316 4546 1541 4625 insuper
1575 4567 1619 4614 et
1638 4576 1785 4627 super
1806 4575 1887 4614 vos
1909 4575 2011 4616 esse
2036 4546 2090 4608 Ῑ)
2183 4564 2198 4617 i
2240 4546 2312 4615 ita
2336 4546 2387 4615 iii
2411 4546 3493 4618 (ὀξεῖάἸῖωὲἐῘ-ΞῖῖξεῘΡί-δῘᾶἐῖ-ίηῖ

634 4657 641 4664 ’
692 4674 693 4677 ‘
1396 4668 1399 4671 ’
1769 4663 2123 4724 VARIORUM
2158 4665 2389 4722 NOTAE.

484 4758 605 4829 (65)
648 4757 833 4811 Manus
876 4759 1154 4828 imponitis.
1204 4758 1423 4815 Publice
1448 4768 1502 4814 et
1535 4760 1586 4814 in
1618 4760 1780 4815 missa
1821 4762 1995 4829 pteui-

411 4828 592 4887 tentes
614 4831 741 4884 olim
767 4828 1181 4900 absolvebantur
1206 4847 1218 4885 :
1243 4830 1474 4885 Tertull.
1500 4830 1567 4884 de
1596 4828 1851 4898 pudicita,
1878 4849 1998 4900 pro-

410 4913 640 4958 sternens
678 4901 731 4953 in
778 4898 997 4952 mediam
1029 4915 1046 4953 :
1076 4899 1225 4967 item,
1254 4911 1459 4957 crateras
1497 4903 1648 4955 etiam
1680 4910 1811 4955 metu
1854 4898 1994 4955 com-

411 4976 543 5045 ples.
560 4972 788 5045 ALnaSP.
850 5038 861 5045 .
930 4994 941 5045 ‘t
1194 5021 1200 5026 .

486 5040 602 5111 (66)
645 5038 769 5094 Mox
794 5038 861 5093 ad
890 5039 1051 5093 altare
1077 5044 1321 5097 conversi.
1354 5042 1634 5099 Absolutis
1674 5042 1993 5111 paenitenti-

406 5114 605 5171 busad
633 5112 807 5166 altare
834 5112 1226 5183 revertebantur
1267 5114 1525 5181 episcopi.
1558 5116 1786 5169 Annasp.

483 5184 596 5255 (67)
643 5181 960 5255 Dominicant
992 5182 1288 5255 orationem.
1335 5184 1470 5253 Ergo
1513 5185 1780 5239 abSolutio
1830 5182 1995 5238 ﬁebat

408 5250 535 5310 ante
565 5250 863 5308 arationem
906 5250 1267 5319 Dominicam,
1293 5262 1348 5310 et
1378 5250 1500 5310 ante
1529 5256 1987 5310 communionem.

410 5329 645 5381 ALBASP.
932 5330 937 5335 '
1600 5362 1603 5365 .

481 5392 798 5475 (68_)_D_umn
828 5394 1122 5475 episcopus.
1154 5392 1409 5475 deﬁcitur.
1464 5393 1605 5475 Loco
1660 5404 1987 5475 removetur.

406 5461 633 5521 Tertull.
665 5466 731 5519 de
759 5461 982 5537 Exliort.
1001 5461 1278 5537 _:_Memini
1304 5464 1537 5537 digamos
1580 5465 1687 5537 loco
1721 5466 1945 5537 dejectoﬁs
1973 5476 1991 5519 :‘

408 5537 689 5605 episcopos
717 5551 747 5589 e
777 5534 890 5589 suis
922 5533 1139 5589 sedibus
1187 5532 1545 5605 deturbabant
1569 5575 1583 5596 ,
1618 5532 1792 5590 laicos'
1824 5536 1989 5590 facie-

404 5604 565 5668 bant;
593 5606 913 5671 pmnitentim
946 5619 1135 5659 manus
1161 5604 1241 5659 eis
1266 5604 1635 5673 imponebant.
1666 5606 1779 5659 hzec
1806 5608 1985 5663 omnia

409 5685 467 5729 ut
506 5676 737 5728 ﬁdelium
783 5675 991 5729 animos
1020 5675 1088 5729 ab
1117 5674 1356 5730 Ecclesia
1398 5683 1724 5729 averterent.
1757 5676 1988 5731 Accessi.

479 5744 596 5814 (69)
627 5744 1119 5815 Qneinjugutaveris
1138 5745 1269 5801 inter
1308 5744 1672 5816 paenitentiam.
1703 5744 1837 5802 Alia:
1878 5748 1991 5804 edi-

2104 4760 2279 4815 tiones
2306 4760 2423 4816 haec
2451 4760 2523 4815 ita
2550 4760 2731 4830 legunt
2757 4775 2775 4813 :
2804 4758 2848 4813 0
2876 4758 3111 4827 impietas
3136 4734 3376 4831 inaudita
3404 4799 3418 4823 ,
3448 4774 3556 4831 qua
3590 4759 3665 4829 ju-

2082 4834 2253 4903 ,gulas
2283 4833 2413 4885 inter
2444 4829 2748 4903 paenitentia:
2774 4839 3019 4903 tormenta
3070 4829 3287 4903 secure!
3326 4830 3380 4883 in
3425 4829 3663 4903 compara-

2102 4897 2407 4964 iione,'ctc.
2444 4897 2615 4973 'Qnod
2659 4900 3120 4973 praecedentibus
3133 4899 3376 4973 quidem
3400 4916 3501 4973 npn
3532 4897 3660 4973 male

2101 4972 2354 5026 convenit
2382 5012 2397 5036 ,
2432 4972 2522 5025 sed
2555 4967 2672 5040 qua}
2703 4980 3038 5039 sequuntur,
3086 4967 3220 5040 illud
3270 4967 3445 5037 potius
3472 4971 3659 5039 exigere

2099 5042 2349 5096 videntur
2370 5041 2510 5109 quod
2539 5038 2592 5095 in
2623 5042 2720 5095 hac
2748 5038 3005 5095 editione.
3043 5040 3115 5093 Μ.
3148 5038 3380 5095 Caseus.

2171 5111 2305 5165 Ibid.
2331 5108 2475 5166 Inter
2501 5110 2847 5179 paenitentiam
2866 5120 2913 5165 et
2943 5119 3195 5163 tormenta
3214 5125 3435 5165 seruare.
3463 5108 3655 5179 EpiscO-

2098 5198 2195 5252 pos
2223 5198 2357 5250 quos
2383 5182 2775 5252 deposuerant,
2808 5188 2865 5234 et
2893 5179 3193 5252 privatione
3221 5181 3551 5252 episcopatus
3571 5190 3649 5231 oc-

2096 5248 2358 5312 ciderant.
2390 5248 2485 5307 eos
2513 5252 2728 5307 demum
2760 5250 2900 5304 inter
2931 5248 3648 5317 pmnitentes’rescribebant:

2097 5323 2199 5376 hoc
2216 5334 2329 5377 erat
2346 5323 2617 5392 jugulatos
2640 5334 2861 5377 scrvare
2886 5320 3026 5374 inter
3046 5328 3310 5375 tormenta
3335 5317 3645 5391 paenitentis.

2095 5395 2329 5448 ALBASP.

2167 5464 2281 5535 (70)
2317 5465 2480 5538 Quem
2523 5464 2844 5538 jugulaveris
2902 5461 3392 5538 inter‘ptenitentite
3431 5465 3648 5538 tumultu

2093 5531 2310 5589 seruare.
2343 5531 2708 5605 Sacerdotem
2750 5550 2909 5605 quem
2942 5533 3107 5604 gradu
3136 5531 3402 5601 deieceris
3428 5531 3479 5586 in
3506 5531 3647 5602 pinni-

2094 5608 2275 5658 tentias
2302 5601 2571 5665 laboribus
2597 5601 2859 5661 detinere.
2889 5601 2965 5660 Du
2991 5605 3104 5661 PIN.
3148 5634 3151 5637 λ
3420 5626 3431 5635 ·

2164 5674 2275 5745 (7i)
2323 5675 2425 5729 Vos
2456 5677 2617 5747 viuum
2658 5677 2828 5747 facitis
2858 5676 3212 5747 homicidium.
3247 5677 3432 5735 Sinitis
3466 5668 3642 5747 episco-

2091 5742 2189 5816 pos
2213 5742 2349 5817 quos
2374 5742 2730 5804 occidistis'et
2753 5762 2888 5818 quos
2911 5746 3170 5813 dignitate
3199 5747 3469 5820 spoliastis
3488 5782 3505 5812 ,
3529 5742 3642 5797 inter
