3828 6218
206 280 303 336 977

945 278 1031 335 DE
1072 274 1457 345 SCHISMATE
1500 273 2033 356 DONATISTARUM
2068 276 2272 337 LIBER
2310 254 2694 336 SE'CUNDUS.

3363 280 3470 337 978

206 391 370 447 tacitis
397 390 748 448 homicidium
778 390 895 466 (72)
920 409 933 446 :
961 390 1372 462 latrojugulatis
1404 389 1496 444 dat
1515 388 1584 443 de
1611 400 1783 446 morte
1809 395 1857 452 Α
1888 394 2139 462 potestis;
2174 405 2230 449 ut
2256 410 2350 465 per
2380 411 2475 450 vos
2508 394 2715 464 plenius
2752 394 2965 465 juretur
2996 435 3011 460 ,
3070 398 3124 447 et
3152 393 3219 448 de
3267 392 3375 449 Deo
3396 395 3471 448 si-

206 487 576 556 Cotnpentlium
625 506 636 540 :
684 496 995 557 paupertate
1063 498 1254 538 sensus
1303 483 1383 537 sui
1436 483 1784 539 circumventi

210 588 327 633 sunt
349 620 363 641 ,
385 566 527 648 quos
552 578 802 648 decipere
853 577 1115 646 potuistis.
1151 573 1381 630 Perfecti
1402 573 1542 629 enim
1576 573 1786 629 fuerant

202 671 311 734 illi,
334 685 497 742 opere
526 670 728 726 scilicet
767 669 900 735 Dei,
954 668 1043 739 qui
1075 667 1126 722 in
1172 666 1288 737 ejus
1330 665 1545 721 nomine
1574 663 1787 721 fuerant

200 764 449 820 ordinati.
480 764 543 818 Et
568 778 665 819 vos
688 773 1035 833 contraupus
1059 761 1147 816 Dei
1178 758 1449 829 hostiliter
1472 758 1782 827 militantes,

200 857 435 912 divinum
466 871 602 927 opus
627 856 887 911 malitian
930 854 1169 911 vectibus
1214 854 1572 909 destruentes.
1591 850 1787 923 .Appa-

200 960 279 1006 ret
300 966 428 1021 ergo
453 949 522 1005 de
552 949 703 1005 vobis
732 949 932 1005 dictum
960 963 1081 1003 esse
1113 950 1162 1002 in
1187 964 1218 1003 x
1244 947 1451 1017 psalmo
1480 964 1494 1000 :
1528 945 1786 1011 Quoniam

197 1057 304 1110 qua:
328 1051 384 1095 tu
424 1041 681 1113 perfecisti
704 1081 720 1107 ,
767 1042 866 1111 ipsi
895 1040 1257 1095 destruxerunt
1286 1036 1410 1108 (Ps.
1439 1054 1491 1102 κ,
1522 1036 1605 1108 4).
1638 1036 1787 1092 Fecit

198 1147 290 1188 vos
322 1132 583 1201 superbos
625 1132 875 1204 impietas
914 1142 1091 1188 vestra
1126 1149 1139 1186 :
1170 1131 1265 1186 sed
1288 1140 1510 1185 accusat
1529 1144 1625 1183 vos
1657 1143 1782 1198 pro-

197 1222 430 1293 spiciens
456 1222 525 1277 de
548 1222 688 1279 caelo
712 1222 918 1292 iustitia
954 1240 981 1276 :-
1012 1232 1067 1278 et
1097 1223 1274 1293 iniqua
1304 1236 1398 1277 vos
1420 1228 1670 1293 gerentes
1698 1234 1786 1276 er-

198 1329 284 1370 ror
310 1312 586 1368 hominum
620 1312 818 1381 laudat,
849 1322 907 1368 ut
927 1314 995 1369 de
1018 1312 1171 1369 vobis
1198 1312 1251 1366 iu
1275 1327 1325 1367 ix
1351 1313 1557 1384 psalmo
1585 1310 1786 1366 dixerit

196 1406 426 1476 Spiritus
455 1415 673 1462 sanctus
694 1446 713 1474 ,
749 1406 992 1476 quoniam
1036 1406 1281 1461 laudatur
1304 1414 1541 1476 peccator
1569 1407 1621 1458 in
1643 1404 1781 1459 desi-
1808 1408 1811 1409 ⁷

194 1497 345 1553 deriis
370 1498 557 1551 anima:
584 1512 715 1565 sum;
729 1508 774 1551 et
793 1498 881 1569 qui
908 1498 1082 1567 iniqua
1108 1497 1281 1567 egerit,
1303 1497 1620 1550 benedicatur
1647 1494 1761 1568 (Ps.

194 1591 412 1661 11,24).
458 1590 595 1660 Quid
626 1590 891 1660 iniquius,
948 1604 1108 1659 quam
1163 1590 1472 1645 exorcizare
1519 1588 1782 1657 Spiritum

193 1694 473 1751 sanctum;
500 1683 687 1738 altaria
718 1681 994 1753 frangere;
1020 1680 1411 1736 Eucharistiam
1462 1679 1781 1739 animalibus

195 1775 491 1848 projicere?
536 1785 592 1833 et
629 1773 746 1847 (75)
776 1783 830 1829 ut
858 1774 915 1828 in
935 1788 1174 1829 errorem
1206 1787 1305 1829 vos
1347 1784 1525 1828 veSter
1553 1771 1781 1842 populus

192 1867 394 1934 tuittat,
430 1865 692 1922 laudando
734 1863 918 1920 felices
945 1863 1257 1935 appellant,
1288 1872 1344 1920 et
1374 1864 1490 1935 (74)
1521 1863 1656 1919 bene
1680 1879 1778 1918 no-

192 1962 398 2015 minant
432 1959 545 2031 (75)
572 2001 586 2025 ,
620 1969 673 2014 et
697 1958 765 2014 76
795 1973 889 2029 per
921 1973 1016 2012 vos
1036 1957 1249 2027 jurant,
1283 1966 1341 2013 et
1372 1971 1629 2027 personas
1657 1971 1778 2013 ves-

194 2063 297 2110 tras
314 2055 423 2125 jam
450 2070 547 2125 pro
579 2052 688 2107 Deo
719 2052 921 2107 habere
951 2060 1264 2107 noscuntur.

257 2144 421 2200 XXII.
452 2143 698 2215 Impietas
725 2141 1113 2197 Donatistarum
1137 2142 1222 2213 qui
1252 2159 1343 2213 per
1372 2157 1493 2197 suos
1529 2142 1781 2216 jurabant

192 2238 475 2308 episcOpos.
503 2234 925 2292 —.Solet‘Deus
958 2233 1024 2289 ad
1056 2232 1383 2303 probandam
1428 2232 1587 2287 ﬁdem
1616 2234 1669 2293 in
1689 2234 1778 2303 ju-

188 2330 393 2387 ratione
420 2330 488 2384 ab
519 2328 826 2383 hominibus
857 2326 1152 2390 nominari;
1188 2324 1280 2380 sed
1303 2339 1425 2380 cum
1456 2340 1552 2395 per
1579 2341 1673 2379 vos
1690 2324 1777 2395 ju-

190 2432 365 2488 ratur,
382 2422 496 2492 jam
526 2421 667 2492 apud
702 2430 909 2475 vestros
932 2418 999 2473 de
1027 2418 1135 2472 Deo
1178 2427 1231 2473 et
1261 2416 1474 2489 Christo
1504 2416 1776 2472 silentium

189 2526 267 2572 est
293 2508 342 2571 5.
394 2514 453 2571 Si
497 2515 561 2569 ad
593 2529 685 2569 vos
716 2513 896 2568 divina
956 2511 1207 2587 migravit
1249 2510 1318 2566 de
1365 2511 1505 2568 coelo
1552 2512 1776 2581 religio,

188 2608 305 2677 quia
335 2621 429 2676 per
461 2620 557 2661 vos
579 2606 822 2674 iuratur,
873 2618 1032 2658 nemo
1075 2610 1315 2658 vestrum
1355 2610 1449 2657 aut
1473 2612 1777 2659 vestrorum

190 2699 471 2771 langueat:
503 2698 673 2753 nolite
720 2697 893 2752 mori:
934 2694 1197 2766 imperate
1243 2694 1472 2751 nubibus
1501 2738 1515 2757 ,
1544 2696 1709 2765 pluite
1733 2697 1779 2752 si

1890 482 2081 538 Ieatur.
2107 484 2236 539 Nam
2263 494 2317 540 et
2342 485 2610 557 prioribus
2633 485 2842 540 sacculis
2868 526 2882 549 ,
2928 493 2985 538 ut
3013 483 3209 553 templa
3244 483 3470 538 fabrica-

1889 585 2074 631 rentur
2100 620 2114 642 ,
2145 588 2197 633 et
2226 577 2369 633 Idola
2403 579 2614 643 tierent,
2647 577 2774 648 quid
2796 592 2825 631 a
2848 587 3028 633 vestro
3058 575 3257 647 populo
3283 574 3470 630 diabo-

1888 667 1972 722 lus
1996 671 2164 738 potuit
2188 670 2413 738 amplius
2445 668 2660 724 facere?
2683 668 2814 722 nihil
2838 667 2978 723 aliud
3006 710 3020 733 ,
3052 668 3151 723 nisi
3180 676 3236 722 ut
3261 666 3329 722 de
3362 667 3471 723 Deo

1889 768 2172 829 taceretur,
2199 762 2328 818 dum
2365 777 2457 833 per
2478 777 2715 818 errorem
2748 760 2995 817 homines
3031 761 3101 817 de
3123 760 3238 817 solo
3257 760 3472 833 diabolo

1888 853 2265 923 loquebantur.

1959 944 2142 1000 XXIII.
2194 946 2657 1013 Reprehenduntur
2687 948 2969 1003 Donatista:
3020 948 3157 1018 quod
3201 956 3471 1002 auctorum

1888 1034 1987 1089 Dei
2016 1037 2334 1090 sacerdotum
2357 1039 2524 1107 capita
2553 1040 2790 1093 raserint.
2835 1070 2907 1081 —
2932 1037 2977 1093 0
3008 1037 3344 1108 sacrilegium
3376 1038 3473 1093 im-

1888 1126 2073 1196 pietati
2101 1128 2444 1182 commissum
2476 1130 2533 1183 οε
2563 1122 2687 1183 dum
2718 1131 2962 1187 homines
2990 1145 3086 1200 per
3109 1145 3207 1184 vos
3228 1129 3471 1199 jnrantes

1886 1218 2119 1273 libenter
2144 1219 2362 1284 auditis,
2387 1229 2442 1273 et
2480 1215 2664 1275 vocem
2690 1221 2781 1276 Dei
2812 1222 3032 1277 auribus
3060 1236 3164 1276 non
3189 1219 3470 1275 admittitis

1887 1311 2080 1367 vestris
2101 1312 2189 1383 qui
2222 1312 2274 1366 in
2296 1326 2381 1367 etv
2414 1310 2620 1382 psalmo
2648 1312 2731 1380 (v.
2765 1314 2864 1383 15)
2893 1314 2971 1369 sic
2993 1314 3066 1367 ait
3092 1332 3105 1367 :
3139 1312 3221 1367 Ne
3250 1311 3473 1383 tetigeri-

1886 1407 1999 1461 ritis
2021 1415 2199 1460 unctos
2224 1422 2362 1459 meos
2385 1422 2405 1473 ;
2433 1421 2594 1474 neque
2611 1406 2665 1459 in
2692 1407 2963 1476 prophetas
2984 1422 3120 1460 meos
3150 1422 3357 1460 manum
3375 1406 3473 1460 mi-

1884 1500 2074 1554 seritis.
2109 1498 2314 1555 Unctos
2343 1508 2523 1554 autem
2554 1514 2673 1554 esse
2695 1509 2749 1555 et
2775 1515 2933 1571 reges
2956 1510 3010 1556 et
3046 1501 3354 1556 sacerdotes
3379 1542 3394 1567 ,
3417 1510 3474 1556 et

1886 1590 2010 1645 libri
2038 1591 2343 1661 Regnorum
2375 1590 2643 1655 indicant;
2675 1599 2729 1645 et
2752 1591 2917 1645 David
2967 1590 3021 1646 in
3049 1593 3256 1661 psalmo
3280 1606 3470 1648 cxxxu

1889 1682 2047 1757 (v.2)
2081 1684 2157 1738 sic
2182 1670 2285 1737 ait:
2322 1683 2468 1739 Sicut
2488 1694 2801 1753 unguentum
2831 1686 2883 1738 in
2914 1685 3078 1754 capite
3106 1686 3241 1754 quod
3264 1686 3472 1740 descen-

1812 1798 1860 1859 B
1890 1775 1966 1829 dit
1985 1775 2039 1829 in
2064 1774 2271 1829 barbam
2291 1776 2484 1831 Aaron.
2513 1774 2630 1846 (77)
2661 1775 2727 1830 Et
2751 1785 2926 1830 tamen
2956 1791 3052 1830 vos
3073 1786 3258 1832 contra
3282 1776 3470 1832 iisdem

1883 1867 2088 1923 viribus
2134 1868 2310 1923 conati
2339 1869 2470 1941 estis
2502 1878 2763 1939 praecepta
2807 1878 3151 1925 contemnere
3174 1912 3189 1937 ,
3244 1870 3472 1940 quibus,

1883 1958 1972 2027 qui
2009 1959 2171 2014 Deum
2202 1961 2427 2027 timent,
2467 1960 2717 2015 mandata
2756 1971 3022 2016 conantur
3067 1961 3327 2031 implere.
3360 1960 3472 2033 46

1887 2048 2083 2107 Docete
2112 2051 2199 2105 ubi
2222 2051 2376 2106 vobis
2402 2051 2710 2129 mandatum
2751 2061 2869 2115 est,
2897 2050 3012 2123 (78)
3060 2052 3249 2106 radere
3294 2055 3471 2122 capita

1862 2138 2233 2196 "sacerdotum
2264 2142 2402 2213 (79),
2432 2158 2554 2197 cum
2586 2158 2616 2197 e
2661 2143 2933 2197 contrario
2958 2145 3065 2197 sint
3103 2150 3183 2197 tot
3223 2143 3471 2217 exempla

1837 2277 1845 2281 μ
1889 2235 2186 2304 proposita,
2218 2234 2332 2290 ﬁeri
2357 2251 2468 2290 non
2498 2236 2715 2291 debere.
2743 2235 3176 2305 Saulanteqnam
3200 2244 3468 2305 peccaret,

1887 2328 2011 2396 ungi
2039 2328 2265 2382 meruit:
2300 2336 2422 2397 post
2463 2327 2769 2386 unctionem
2826 2342 2930 2381 non
2988 2326 3185 2382 leviter
3225 2326 3467 2382 oll‘endit.

1882 2419 1994 2477 Iloc
2027 2422 2166 2476 Deus
2194 2416 2330 2476 cum
2365 2417 2617 2476 videretd
2643 2461 2658 2487 ,
2704 2429 2919 2491 propter
2963 2421 3139 2476 oleum
3186 2435 3290 2475 non
3358 2429 3475 2475 tan-1

1879 2512 2135 2584 gendum,
2167 2513 2354 2568 volens
2397 2512 2642 2583 exempla
2695 2525 3004 2582 proponere
3030 2554 3044 2578 ,
3092 2511 3466 2581 pmnitentiam

1881 2606 2156 2677 professus
2205 2614 2319 2671 est;
2359 2605 2447 2659 sic‘
2477 2605 2621 2659 enim
2664 2604 2861 2674 legitur
2892 2598 3097 2659 dixisse
3148 2603 3468 2658 Dominum:

1884 2699 2102 2756 Paenitet
2123 2717 2201 2756 me
2218 2701 2429 2756 auxisse
2457 2699 2589 2755 Saul
2608 2700 2663 2754 in
2692 2714 2863 2770 regem
2901 2696 2948 2772 (Ι
2976 2697 3105 2769 Reg.
3136 2713 3225 2764 xv,
3259 2695 3349 2769 H)
3376 2712 3392 2762 ;
3417 2704 3472 2753 et

1392 2810 1773 2873 LECTIONES
1841 2815 2260 2875 VARIANTES.

249 2910 274 2977 ξ
307 2909 382 2977 Ita
406 2910 459 2959 in
482 2909 646 2977 ms._S.
676 2907 735 2977 (ᾖ.
755 2905 811 2957 In
834 2918 950 2956 mss.
975 2905 1031 2977 _S.
1054 2903 1114 2956 T.
1143 2913 1195 2957 et
1216 2904 1274 2955 P.
1300 2904 1354 2955 S.
1379 2904 1585 2957 militiis.

246 2970 275 3009 δ
307 2972 361 3022 In
380 2986 475 3024 ms.
502 2973 554 3021 S.
578 2971 637 3021 G.
661 2970 847 3022 siletur.

247 3037 270 3067 ο
306 3034 375 3086 Ita
396 3036 447 3085 in
470 3048 563 3084 ms.
590 3033 643 3083 S.
668 3033 726 3084 Τ.
753 3032 963 3095 iunctum
982 3027 1163 3084 scilicet
1186 3029 1418 3095 impietati
1440 3030 1771 3099 sacrilegium:

1878 2914 2066 2978 quippe
2086 2912 2400 2978 sacrilegium
2435 2920 2510 2963 est
2543 2926 2634 2976 per
2658 2913 2905 2978 hominem
2922 2912 3091 2975 jurare
3111 2949 3126 2976 ,
3162 2915 3387 2978 impietas
3406 2915 3471 2965 de

1880 2973 1989 3025 Deo
2010 2974 2163 3025 silere
2186 2988 2242 3023 ac
2264 2976 2368 3033 ι’,ἰιις
2386 2973 2557 3024 vocem
2580 2988 2675 3024 non
2691 2975 2881 3025 audire.

1945 3035 1973 3076 ἀ
2007 3035 2062 3085 ln
2088 3050 2175 3086 ms.
2202 3039 2253 3087 S.
2281 3037 2341 3088 T.
2362 3036 2573 3101 diceret,
2600 3037 2737 3101 lapsu
2762 3038 3098 3100 exscriptoris.

1520 3139 1878 3197 VARIORUM
1918 3141 2142 3197 NOTIE.

312 3235 509 3307 itentes
537 3233 788 3307 miseram
817 3233 979 3289 vitam
1005 3233 1244 3290 trahere:
1299 3234 1402 3289 hoc
1424 3241 1505 3288 est
1540 3273 1555 3298 ,
1598 3233 1779 3289 vivum
1810 3236 1856 3300 C
1888 3236 2009 3290 bene
2033 3253 2145 3302 nos,
2177 3236 2298 3291 bene
2320 3252 2439 3301 vos,
2483 3235 2608 3290 bene
2637 3245 2863 3289 nostram
2910 3235 3059 3289 etiam
3090 3234 3427 3307 Stephanium
3450 3253 3469 3290 .-

226 3306 533 3362 omicidium
558 3305 753 3360 facere.
778 3307 1005 3360 ALsttsp.

257 3376 391 3432 Ibid.
428 3376 534 3432 Vos
555 3386 723 3431 autem
748 3378 913 3430 tivum
970 3374 1309 3429 homicidium
1348 3375 1539 3443 facitis.
1586 3375 1690 3431 Pro
1718 3392 1781 3431 eo

190 3447 319 3503 dixit
348 3448 491 3519 quod
523 3457 627 3513 est,
661 3462 757 3519 vos
783 3447 1098 3519 deturbatos
1126 3447 1283 3501 bonis
1328 3456 1387 3519 et
1410 3446 1780 3519 dignitatibus,

190 3516 478 3573 summates
504 3519 650 3573 viros
680 3518 865 3572 vivere
918 3518 969 3572 in
1017 3533 1229 3588 pmnam
1264 3559 1277 3582 ,
1310 3518 1457 3573 velut
1504 3518 1632 3587 ipsis
1681 3517 1781 3572 sibi

190 3591 503 3660 superstites
524 3589 721 3645 facitis.
757 3589 936 3643 Manil.
965 3590 1104 3645 libro
1132 3604 1163 3642 v
1199 3607 1211 3641 :

274 3681 496 3747 Virginis
515 3688 569 3730 et
591 3681 712 3731 vivae
737 3682 925 3743 rapitur
946 3681 1053 3729 sine
1078 3679 1253 3729 funere
1275 3678 1436 3729 funus.

192 3762 327 3819 Bona
359 3774 522 3833 atque
548 3763 832 3832 dignitates
861 3804 874 3827 ,
900 3762 1063 3816 altera
1107 3761 1410 3816 hominibus
1461 3762 1567 3815 vita
1598 3803 1611 3824 ,
1643 3761 1780 3833 alter

189 3846 305 3888 sunt
328 3832 549 3905 sanguis
577 3876 591 3899 ,
622 3845 678 3887 ut
716 3833 1131 3905 jurisconsnltns
1160 3834 1420 3905 barbarge
1452 3833 1597 3886 vocis
1618 3874 1633 3896 ,
1679 3832 1779 3905 mi-

189 3904 325 3971 nime
346 3902 698 3960 vertitnentis
733 3946 748 3968 ,
800 3903 1087 3958 Accursiu‘s
1140 3904 1293 3959 dixit.
1346 3902 1510 3969 Cujus
1564 3902 1778 3971 generis

189 3964 284 4029 alia
314 3977 498 4030 videre
525 3987 575 4028 te
606 3964 853 4029 volumus
885 3978 1021 4039 apud
1068 3974 1223 4029 Joan.
1260 3964 1595 4037 Meursinm,
1632 3974 1799 4042 opti-'

190 4062 345 4111 mum,
381 4046 804 4101 eruditissimum
832 4087 845 4107 ,
871 4046 1129 4110 nobisque
1160 4044 1546 4099 amicissimum
1578 4044 1772 4108 virum,

190 4116 816 4171 iuauimadversionibus
872 4116 1143 4171 Miseellis.
1190 4116 1438 4184 Ejusdem
1486 4115 1775 4169 sentenlim

188 4199 264 4243 est
295 4188 506 4259 Ulyssis
543 4187 609 4241 ad
639 4189 940 4258 Penelopen
970 4200 1157 4241 versus
1186 4188 1322 4255 apud
1351 4186 1630 4249 Ovidium:

275 4279 477 4331 Viscera
502 4287 685 4338 nostra,
712 4285 809 4329 tuae
831 4278 1157 4328 dilacerautur
1179 4290 1315 4341 Opes.
1354 4277 1544 4341 Banm.

255 4363 369 4435 (72)
413 4364 596 4418 Vivum
626 4365 794 4435 facitis
825 4362 1173 4416 homicidium.
1201 4362 1498 4435 Episcopus
1524 4376 1657 4431 quos
1682 4375 1774 4416 oc-

187 4433 388 4491 (‘ItIISlIS
413 4436 557 4504 quod
591 4433 794 4503 spectat
824 4437 887 4486 ad
919 4436 1079 4487 vitam
1127 4433 1358 4497 civilem,
1402 4433 1452 4486 id
1481 4444 1563 4487 est
1593 4474 1608 4499 ,
1639 4446 1775 4502 quos

189 4505 384 4561 honore
414 4519 469 4561 et
490 4508 747 4576 dignitate
780 4506 1050 4573 spoliastis
1086 4545 1101 4570 ,
1132 4504 1382 4558 miseram
1425 4506 1585 4557 vitam
1635 4504 1777 4559 inter

189 4579 509 4644 rmnitentes
543 4577 755 4631 trahere
776 4576 989 4647 cogitis,
1021 4576 1121 4630 hoc
1144 4586 1226 4630 est
1253 4616 1268 4641 ,
1296 4577 1461 4629 vivum
1484 4578 1651 4644 facere
1682 4576 1775 4629 ho-

188 4651 464 4703 micidium.
494 4648 572 4702 Du
609 4649 721 4703 PIN.
1656 4654 1665 4665 '

253 4718 365 4792 (75)
393 4721 459 4774 Et
487 4730 541 4772 ut
567 4721 618 4772 in
640 4735 859 4792 errorem
886 4733 971 4771 vos
1002 4728 1161 4792 uester
1191 4716 1413 4792 populus
1448 4716 1633 4782 mittat,
1648 4716 1771 4792 lau-

188 4785 356 4844 dando
377 4794 556 4861 [elices
587 4789 880 4861 appellant,
904 4799 951 4841 et
994 4790 1117 4861 bene
1140 4785 1404 4861 naminant
1437 4829 1453 4853 ,
1497 4794 1603 4842 etc.
1638 4785 1773 4861 Bene
1870 4803 1882 4809 ‘

188 4859 479 4926 nominant,
512 4862 563 4913 ἰιι
615 4859 732 4925 eSt,
784 4860 901 4913 loco
936 4859 1114 4913 omnis
1164 4859 1289 4915 boni
1335 4868 1511 4914 vestra
1555 4859 1771 4913 nomina

189 4934 478 5000 proferunt.
511 4930 754 4985 Tibullus
786 4931 823 4984 I.
855 4945 913 4996 ιι,
944 4930 1083 5000 eleg.
1120 4930 1144 4984 I
1176 4948 1189 4983 :
1280 4938 1283 4941 '

272 5023 370 5085 Sed
395 5023 530 5073 bene
552 5021 829 5072 Messallam
845 5035 934 5071 sua
957 5023 1167 5085 quisque
1189 5020 1248 5070 ad
1273 5019 1443 5085 pocula
1467 5022 1627 5073 dicat:

330 5084 522 5137 Nomen
545 5091 595 5135 et
618 5086 838 5135 absentis
861 5084 1056 5149 singula
1081 5084 1229 5134 verba
1249 5084 1444 5134 senent.
1508 5085 1689 5135 ΒΑΜ-ἠ.

231 5188 368 5260 (74)
406 5188 473 5243 Et
504 5188 628 5243 bene
656 5170 941 5244 nominant.
975 5188 1029 5244 Id
1052 5197 1174 5253 est,.
1194 5190 1306 5243 loco
1321 5190 1505 5243 ominis
1521 5190 1639 5244 boni
1666 5206 1778 5245 ves-

188 5268 260 5313 tm
278 5261 492 5332 nomina
518 5261 785 5329 proferunt
810 5263 929 5332 :a'ir
968 5260 1159 5316 doetus
1181 5260 1247 5315 ad
1295 5261 1437 5315 hunc
1464 5262 1662 5328 locum,
1686 5261 1779 5332 qui

188 5332 341 5385 etiam
371 5331 580 5403 profert
605 5332 783 5387 locum
810 5331 1045 5387 Tibulli:

272 5422 370 5485 Sed
394 5423 529 5472 bene
554 5421 827 5471 Messallam
846 5435 935 5471 sua
952 5424 1159 5485 quisque
1181 5421 1239 5469 ad
1259 5420 1427 5482 pocula
1447 5420 1593 5480 dicat,

332 5484 524 5534 Nomen
546 5492 599 5534 et
616 5486 864 5543 absentis,
889 5484 1089 5547 singula
1111 5486 1259 5532 verba
1277 5490 1470 5533 sonent.

254 5569 383 5623 lllml
404 5568 638 5623 fortasse
660 5583 845 5622 verum
874 5609 888 5631 ,
912 5568 1002 5621 sed
1028 5567 1128 5621 hoc
1152 5583 1335 5636 parum
1388 5567 1633 5635 apposite
1665 5608 1678 5627 ,
1733 5566 1787 5621 ni

195 5637 359 5693 fallor.
392 5638 552 5694 Aliud
581 5640 723 5693 enim
755 5648 839 5692 est
883 5639 1173 5693 amicorum
1208 5679 1222 5704 ,
1262 5638 1371 5692 sive
1402 5638 1742 5705 prmsentium
1773 5680 1787 5705 ,

202 5709 307 5764 sive
335 5709 647 5764 absentium
700 5711 839 5763 inter
870 5708 1155 5763 bibendum
1202 5709 1511 5763 meminisse
1535 5749 1549 5770 ,
1599 5707 1791 5763 et'illis

209 5778 336 5836 bene
367 5780 583 5850 precari
612 5778 854 5834 Plautina
881 5778 968 5833 illa
995 5780 1247 5834 formula:
1284 5777 1418 5834 Bene
1444 5796 1544 5844 me,
1576 5778 1698 5833 bene
1717 5788 1785 5845 te,

1886 3307 2054 3379 aliud,
2083 3324 2268 3379 nomen
2286 3308 2540 3379 alicujus,
2574 3309 2778 3379 pontiuis
2827 3306 2941 3365 boni
2993 3306 3471 3379 causad'proferre;

1886 3378 2029 3447 quod
2055 3377 2145 3447 qui
2174 3378 2318 3443 facit,
2352 3376 2450 3433 sibi
2478 3378 2653 3445 potius
2679 3378 2815 3433 bene
2846 3388 3113 3447 precatur.
3143 3376 3256 3432 Non
3289 3393 3374 3431 me
3397 3378 3471 3431 la—

1888 3446 1991 3511 tet,
2025 3446 2154 3504 deos
2186 3464 2399 3519 quoque
2426 3448 2660 3518 deasque
2690 3446 2950 3517 appellari
2992 3449 3182 3502 solitos
3210 3465 3235 3501 a
3286 3446 3470 3503 biben-

1887 3520 2047 3585 tibus,
2074 3536 2208 3591 quos
2237 3519 2569 3590 probabilius
2602 3520 2725 3573 boni
2758 3519 2953 3591 ominis
2979 3534 3137 3591 causa
3170 3520 3470 3591 nominatos

1886 3602 2040 3657 putes
2062 3588 2192 3651 {sed
2216 3588 2344 3645 illud
2386 3606 2558 3657 neque
2587 3591 2653 3644 ad
2687 3592 2825 3644 hunc
2847 3588 3026 3660 Optati
3049 3631 3064 3655 ,
3097 3604 3271 3657 neque
3319 3589 3470 3644 illum

1885 3662 2082 3717 Tibulli
2128 3662 2301 3716 locum
2345 3663 2598 3731 pertinet.
2662 3660 2841 3714 Possis
2890 3662 3049 3715 etiam
3094 3660 3466 3727 interpretari,

1884 3734 2006 3807 bene
2036 3734 2331 3807 nominant.
2357 3732 2887 3807 quoties__nominant
2920 3731 3248 3807 ,‘benedictos
3286 3732 3471 3807 appel-

1882 3803 2030 3857 lant:
2079 3802 2349 3872 quomodo
2392 3801 2749 3855 'l‘ertnllianns
2780 3801 3067 3872 benedicta:
3104 3801 3469 3872 etbenedictas

1883 3870 2109 3941 proprie
2143 3873 2448 3943 designatos
2502 3882 2806 3943 martyres,
2856 3871 3035 3941 paucis
3097 3870 3162 3925 ad
3218 3880 3469 3943 martyres

1881 3944 2143 4013 capitibus
2168 3941 2384 4013 saepius.
2430 3941 2838 3998 Solitos'autem
2874 3943 3175 3997 Donatistas
3212 3941 3275 3995 de
3298 3941 3469 4009 perse-

1882 4017 2082 4067 cutione
2120 4013 2523 4078 Catholicorum,
2554 4014 2751 4081 passim
2792 4014 2983 4083 qumri,
3012 4023 3065 4068 et
3088 4027 3207 4067 sese
3228 4027 3467 4081 suosque

1881 4087 2111 4157 veritatis
2130 4095 2382 4157 martyres
2409 4099 2738 4155 nuncupare,
2774 4082 3018 4153 pluribus
3041 4083 3202 4139 docet
3253 4082 3464 4153 Augus-

1881 4157 2043 4210 tinus.
2070 4156 2136 4211 Μ.
2167 4155 2395 4212 Casum.
2822 4198 2827 4203 .
3488 4178 3491 4185 λ

1953 4228 2067 4300 (75)
2090 4227 2225 4300 Bene
2253 4228 2534 4300 nominant.
2564 4227 2720 4300 Bene
2742 4225 3245 4300 precantur_vobis:
3270 4238 3367 4279 vos
3407 4236 3469 4281 ut

1879 4296 2095 4353 sanctus
2124 4308 2177 4353 et
2198 4299 2291 4353 Dei
2334 4299 2536 4353 amicos
2579 4298 2892 4365 praedicant.
2925 4298 3001 4352 Du
3031 4296 3145 4352 PIN.

1952 4369 2069 4442 (76)
2098 4368 2200 4442 Per
2222 4386 2308 4425 vos
2330 4371 2528 4440 jurant.
2553 4369 2680 4425 Hmc
2705 4368 2769 4442 ad
2798 4370 3060 4442 Donatum
3084 4365 3467 4442 Carthaginen-

1880 4438 1992 4495 sem
2023 4438 2307 4496 referenda
2332 4438 2495 4506 sunt,
2539 4443 2628 4511 qui
2660 4440 2960 4511 patiebatur
3000 4448 3057 4494 ut
3081 4453 3176 4509 per
3205 4453 3263 4493 se
3291 4438 3465 4492 homi-

1882 4513 2262 4581 nes-jurareut.
2293 4515 2519 4567 ALBASI’.
2976 4532 2979 4535 ·
3170 4514 3173 4517 ’

1950 4576 2211 4638 Ibid.‘Per
2239 4600 2324 4637 vos
2361 4582 2567 4654 jurant,
2600 4592 2646 4635 et
2691 4599 2931 4648 personas
2974 4591 3160 4654 vestras
3203 4595 3326 4654 pro_
3354 4576 3465 4634 Deo

1880 4653 2065 4709 habere
2089 4650 2387 4709 noscuntur.
2419 4654 2547 4709 Vide
2577 4664 2628 4708 et
2658 4654 2749 4708 lib.
2783 4670 2858 4707 Ill.
2893 4652 3136 4706 Iloratius
3163 4650 3462 4705 carminum

1882 4726 1973 4780 lib.
2003 4742 2075 4791 ιν,
2108 4728 2197 4781 0tl.
2230 4727 2285 4791 5,
2320 4726 2384 4780 ad
2417 4727 2747 4794 Augustum:
3456 4755 3460 4760 ι

2064 4815 2188 4869 Hinc
2209 4818 2267 4867 ad
2291 4819 2401 4866 vina
2423 4818 2551 4867 redit
2574 4818 2713 4866 laetus
2734 4822 2783 4866 et
2806 4816 2972 4865 alteris

2124 4880 2196 4931 'l'e
2217 4883 2399 4931 mensis
2420 4879 2617 4929 adhibet
2639 4879 2814 4928 Deum.

1878 4962 2009 5019 Item
2035 4982 2047 5017 :
2106 5018 2109 5019 ν

1974 5054 2310 5116 Jurandasque
2341 5057 2476 5103 tuum
2504 5064 2590 5115 per
2614 5063 2791 5101 nomen
2814 5053 3039 5169 porliimus
3060 5062 3184 5101 aras.

2184 5122 2193 5133 '
2907 5130 3105 5169 ucen'r.

2184 5122 2193 5133 '
2884 5122 3105 5169 lucem.

1957 5210 2070 5280 (77)
2099 5209 2167 5262 Et
2205 5218 2371 5262 tamen
2396 5224 2481 5262 vos
2532 5217 2708 5280 contra
2734 5208 2935 5263 easdem
2964 5211 3112 5262 uires.
3138 5207 3300 5263 Miror
3327 5208 3471 5264 unde

1884 5278 1997 5335 haec
2024 5278 2077 5334 in
2109 5281 2383 5335 meliorem
2416 5280 2554 5334 hanc
2586 5278 2878 5335 editionem
2932 5280 3248 5348 irrepserint
3276 5324 3290 5345 ,
3342 5295 3464 5334 cum

1885 5353 2079 5408 melius
2109 5351 2595 5422 antealegcretnr:
2645 5361 2688 5403 et
2720 5361 2887 5405 tamen
2917 5365 3003 5404 vos
3034 5360 3209 5404 contra
3240 5392 3255 5415 ,
3287 5350 3469 5404 iisdem

1882 5422 2071 5477 viribus
2097 5423 2288 5485 conati,
2319 5431 2423 5475 etc.
2456 5422 2523 5476 Μ.
2553 5421 2784 5479 ΟΑεΑυΒ.

1988 5494 2080 5566 78)
2111 5492 2311 5549 Radere
2333 5495 2501 5566 capita
2528 5494 2864 5548 sacerdotum.
2894 5491 3270 5566 Pmnitentinm
3295 5493 3470 5560 capita

1896 5564 2221 5619 radebantur
2246 5576 2301 5621 et
2320 5564 2502 5620 cinere
2528 5566 2980 5634 aSpergebantnr;
3014 5564 3189 5634 itaque
3206 5632 3212 5634 Α
3230 5578 3349 5616 eum
3381 5579 3471 5617 sa-

1893 5637 2201 5691 cerdotibus
2254 5631 2618 5702 paenitentiam
2652 5631 2987 5705 imponerent
3028 5631 3317 5689 Donatista:
3342 5677 3357 5702 ,
3389 5636 3470 5689 eis

1892 5709 2062 5777 capita
2094 5708 2616 5763 radebant.At.nAsp.
2732 5775 2739 5777 Α
2954 5775 2965 5777 _
3051 5772 3114 5777 __
3298 5775 3311 5777 ,
3456 5774 3459 5775 ν

1972 5778 2090 5847 (79)
2123 5779 2322 5832 Radere
2367 5781 2535 5846 capita
2564 5775 2900 5832 sacerdotum.
2952 5772 3229 5830 Iladebant
3294 5774 3469 5829 Donaé-
