3828 6218
381 171 483 228 979

1550 163 1792 222 suum
1835 162 2084 221 0PTATI
2125 135 2432 223 EPISCOPI

3548 159 3659 217 9ῗο

382 287 564 356 utique
588 286 758 359 potuit
789 287 931 340 Deus
960 284 1135 338 oleum
1165 281 1306 352 quod
1336 280 1556 336 dederat
1590 282 1821 336 auferre.
1851 279 1958 336 Sed
1990 285 2036 347 Α
2066 282 2356 336 evertendas
2406 281 2602 336 animas
2646 278 2858 350 (Ezech.
2887 294 2999 343 xm,
3048 275 3158 347 18).
3217 272 3339 348 (88)
3381 272 3660 329 Invenistis

382 396 504 434 cum
534 378 698 432 voluit
721 377 934 441 docere,
967 390 1071 428 non
1097 373 1292 428 debere
1320 371 1558 444 contingi
1600 373 1781 428 oleum
1801 373 1963 428 etiam

381 471 435 526 in
465 478 777 539 peccatore:
809 467 924 536 ipse
951 467 1040 536 qui
1067 464 1327 532 dederat,
1374 463 1746 536 paenitentiam
1776 465 1962 535 gessit.

382 562 546 634 Igitur
574 561 736 626 Deus,
761 560 828 626 si,
858 569 914 613 ut
943 569 993 612 te
1015 556 1255 623 doceret,
1275 557 1414 628 quod
1442 557 1592 614 dedit
1617 555 1831 613 auferre
1857 570 1967 611 non

382 651 574 723 potuit,
609 665 704 720 per
733 650 876 720 quod
899 650 1102 704 noluit:
1129 659 1185 704 tu
1212 650 1330 719 quis
1355 664 1417 704 es
1435 690 1449 714 ,
1474 659 1534 703 ut
1578 647 1793 702 auferas
1824 647 1967 720 quod

384 757 491 798 non
522 741 753 798 dedisti?
807 751 862 796 et
892 743 982 812 qui
1035 757 1226 812 parare
1281 741 1517 797 debebas
1563 755 1720 798 aures
1760 740 1828 796 ad
1870 755 1968 794 au-

384 837 677 904 diendum,
707 835 906 906 parasti
959 836 1275 891 novaculam
1325 835 1390 889 ad
1423 829 1873 904 delinquendum:
1917 841 1972 886 et

383 943 505 985 cum
533 929 760 999 possetis
785 936 910 984 esse
929 927 1022 982 filii
1049 926 1163 992 Dei,
1195 927 1287 981 ﬁlii
1312 927 1588 981 hominum
1619 939 1741 980 esse
1771 922 1972 978 voluis-

382 1025 573 1091 tis;et
604 1024 670 1079 ad
713 1023 1040 1095 inﬁgendum
1096 1033 1334 1078 morsum
1388 1019 1681 1074 honoribus
1730 1016 1923 1072 alienis
1954 1056 1969 1080 ,

385 1116 575 1172 dentes
603 1125 811 1171 vestros
842 1114 895 1169 in
917 1117 1136 1184 sagittas
1159 1121 1213 1167 et
1253 1126 1401 1166 arma
1452 1109 1689 1165 vertistis
1715 1125 1730 1173 ;
1765 1107 1973 1176 linguas

388 1212 607 1265 acuistis
631 1208 681 1263 in
703 1206 936 1278 gladios:
972 1205 1233 1274 implestis
1257 1203 1398 1273 quod
1418 1202 1484 1257 de
1508 1201 1660 1256 vobis
1688 1201 1739 1256 ln
1765 1199 1975 1272 psalmo

393 1318 477 1357 Lvt
509 1303 762 1370 scriptum
803 1308 914 1354 est:
945 1297 1071 1351 Filii
1091 1297 1351 1351 hominum
1375 1337 1390 1362 ,
1423 1296 1598 1350 dentes
1630 1311 1806 1351 eorum
1833 1311 1978 1349 arma

391 1405 437 1449 et
463 1396 680 1465 sagitta},
714 1403 760 1446 et
783 1393 959 1463 lingua
980 1406 1153 1445 eorum
1183 1391 1389 1461 gladius
1417 1387 1732 1460 ueutus(Ps.
1765 1403 1872 1455 ut,
1894 1387 1976 1460 4).

467 1485 654 1541 XXIV.
689 1482 895 1557 Injuria
937 1487 1076 1555 facta
1121 1499 1152 1536 a
1207 1482 1493 1538 Donatistis
1533 1483 1671 1536 omni
1719 1483 1982 1537 hominum

392 1579 564 1650 generi
595 1589 640 1632 et
673 1579 811 1632 artati
842 1593 930 1648 per
956 1576 1332 1648 impositionem
1361 1591 1603 1629 manuunt
1644 1576 1696 1628 in
1740 1576 1986 1644 paeniten-

2073 389 2302 444 pueros;
2328 375 2395 429 de
2426 373 2740 445 putnitentia
2793 369 3095 436 sauciastis,
3123 383 3189 424 ne
3215 367 3380 438 aliqui
3424 367 3661 422 ordinari

2072 467 2390 538 potuissent.
2424 466 2714 537 Agnoscite
2741 479 2836 518 vos
2864 463 3072 517 animas
3113 461 3395 516 evertisse.
3422 458 3662 516 Invenis-

2077 560 2144 614 tis
2166 558 2287 630 (89)
2317 558 2504 613 ﬁdeles
2531 557 2778 626 antiquos
2803 595 2818 622 ,
2851 554 3054 609 fecistis
3082 553 3428 629 pmnitentes.
3456 551 3666 622 Agnos-

2073 653 2179 707 cite
2204 667 2299 704 vos
2322 651 2530 704 animas
2553 648 2836 704 evertisse.
2884 648 3174 703 invenistis
3202 646 3484 714 diaconos,-
3518 663 3666 717 pres-

2075 744 2329 814 byteros,
2366 739 2481 814 (90)
2526 741 2812 811 episc0pos
2839 783 2854 807 ,
2889 737 3089 796 fecistis
3139 739 3324 796 laicus.
3379 739 3667 811 Agnoscite

2077 848 2171 888 vos
2199 831 2406 886 animas
2433 831 2712 888 evertisse.

2148 923 2314 979 XXV.
2343 923 2540 979 Iterum
2564 925 2617 979 in
2644 924 2962 992 Donatistas,
2989 926 3080 997 qui
3119 924 3407 980 sacerdotes
3430 925 3670 980 innocen-

2078 1028 2147 1074 tes
2175 1020 2420 1091 dignitate
2440 1028 2484 1074 et
2511 1019 2703 1074 honore
2743 1021 3031 1092 spoliabant
3057 1023 3106 1086 et;
3155 1020 3477 1092 panitentitz
3515 1019 3666 1074 addi-

2081 1113 2278 1169 cebant.
2310 1143 2383 1154 —
2409 1112 2525 1187 (91)
2573 1113 2765 1170 Socius
2812 1123 2866 1170 et
2907 1129 3092 1170 comes
3131 1125 3312 1187 vester
3352 1113 3668 1185 jamdudum

2080 1205 2278 1270 fuerat,
2307 1206 2390 1260 cui
2425 1219 2794 1283 nuncmanus
2833 1206 3034 1265 inferre
3065 1216 3296 1262 conatus
3323 1215 3420 1263 es:
3471 1207 3670 1277 pariter

2082 1297 2416 1354 currebatis:
2451 1296 2534 1353 fac
2572 1297 2720 1353 illum
2745 1312 2997 1368 peccasse
3043 1298 3186 1372 (cum
3240 1309 3518 1370 peccatum
3566 1313 3670 1355 non

2084 1406 2207 1448 esse
2243 1392 2515 1460 constet);
2542 1389 2756 1460 jacebat
2779 1399 2837 1446 ut
2865 1391 3139 1446 aestimas:
3171 1391 3218 1447 si
3246 1391 3568 1462 Apostotum
3597 1390 3673 1445 le-

2087 1485 2236 1556 gisu,
2270 1492 2325 1540 tu
2356 1484 2474 1540 vide
2500 1485 2584 1539 cui
2613 1493 2756 1554 stes,
2785 1491 2842 1540 et
2864 1485 2939 1540 illi
2961 1484 3044 1540 cui
3063 1485 3240 1556 jaceat
3268 1504 3280 1539 :
3309 1485 3352 1540 si
3377 1499 3562 1542 servus
3590 1501 3670 1550 es,

2087 1577 2362 1632 dominum
2399 1589 2744 1649 recognosce,
2764 1582 2831 1633 ‘et
2870 1577 3109 1650 intellige
3131 1623 3145 1647 ,
3171 1579 3298 1650 quia
3327 1593 3432 1634 non
3463 1580 3554 1635 tibi
3595 1580 3674 1650 ja-

394 1672 537 1726 tiam.
564 1701 632 1710 —
681 1669 822 1740 Ergo
874 1670 1084 1740 linguas
1133 1679 1342 1722 vestras
1395 1668 1617 1722 acuistis
1664 1669 1716 1723 in
1747 1667 1952 1739 gladios
1978 1712 1994 1740 ,
2027 1676 2075 1738 B
2101 1671 2258 1725 cebat
2281 1711 2296 1737 ,
2327 1669 2416 1741 qui
2445 1677 2621 1726 tecum
2648 1671 2806 1740 paulo
2850 1680 2976 1725 ante
3015 1671 3285 1726 currebat.
3317 1669 3457 1739 Quid
3487 1671 3537 1725 in
3581 1686 3674 1740 po-

395 1777 530 1832 quas
559 1764 799 1818 movistis
829 1761 944 1834 (80)
997 1764 1048 1816 in
1083 1771 1285 1816 mortes
1313 1802 1326 1826 ,
1373 1776 1478 1815 non
1523 1776 1811 1833 corporum
1839 1804 1856 1830 ,
1889 1764 1983 1818 sed

395 1856 659 1910 honorum
681 1875 693 1908 :
715 1854 1002 1925 jugulastis
1032 1869 1135 1908 non
1161 1853 1423 1919 membra,
1468 1853 1582 1927 (81)
1614 1855 1708 1909 sed
1742 1857 1979 1911 nomina.

398 1948 533 2016 Quid
561 1947 798 2017 prodest,
830 1946 952 2016 quia
983 1947 1168 2000 vivunt
1190 1946 1455 2013 homines,
1488 1952 1544 2001 et
1569 1945 1688 2017 (82)
1713 1946 1918 2002 honore
1949 1962 1979 2003 a

399 2043 553 2097 vobis
595 2043 760 2098 occisi
798 2041 961 2096 sunt?
1020 2040 1201 2095 valent
1265 2040 1481 2111 quidem
1539 2041 1837 2108 membris,
1889 2041 1985 2097 sed

399 2145 600 2205 ereptae
648 2142 861 2204 portant
907 2131 1097 2188 funera
1143 2132 1439 2202 dignitatis.
1490 2131 1606 2205 (85)
1661 2133 1990 2189 Extendistis

404 2225 546 2280 enim
577 2211 790 2279 manum
824 2266 836 2291 ,
869 2231 925 2278 et
953 2237 1116 2293 super
1161 2237 1323 2278 omne
1351 2219 1521 2293 ‘eaput
1553 2222 1669 2296 (84)
1717 2224 1990 2280 mortifera

404 2318 672 2373 velamina
713 2314 1108 2387 prtetendistis:
1161 2324 1218 2369 ut
1271 2329 1390 2369 eum
1442 2315 1548 2369 sint
1598 2315 1762 2388 (sicut
1829 2331 1990 2385 supra

406 2410 542 2480 dixi)
568 2410 689 2482 (85)
718 2420 948 2480 quatuor
969 2423 1166 2479 genera
1196 2409 1427 2478 capitum
1453 2408 1502 2462 in
1550 2397 1826 2477 Ecclesia,
1883 2412 1996 2480 epi-

409 2517 720 2575 scoporum,
751 2505 1215 2575 presbyterorum,
1241 2503 1613 2573 diaconorum,
1644 2514 1698 2560 et
1720 2505 1956 2561 ﬁdelium
1980 2522 1994 2558 :

415 2603 532 2676 (86)
562 2619 658 2658 nec
684 2604 774 2656 uni
807 2613 1026 2670 parcere
1057 2601 1324 2655 voluistis:
1358 2601 1472 2673 (87)
1495 2603 1762 2656 evertistis
1789 2603 1999 2657 animas

414 2696 716 2750 hominum.
747 2694 854 2749 Hos
879 2685 1033 2748 actus
1066 2703 1274 2748 vestros
1297 2695 1409 2748 odit
1451 2694 1592 2748 Deus
1634 2693 1687 2748 in
1717 2693 2004 2750 Ezechiele

412 2792 701 2864 propheta,
730 2805 850 2846 cum
879 2791 1036 2846 dicit:
1067 2805 1141 2845 va:
1169 2790 1474 2861 facientibus
1500 2791 1749 2854 velamen,
1775 2791 1876 2846 hoc
1897 2795 1998 2860 e'st,

369 2946 372 2948 γ
417 2883 822 2957 imponentibus
877 2897 1094 2938 manum
1149 2897 1302 2952 super
1368 2897 1566 2935 onmem
1630 2893 1828 2937 (etatem
1876 2891 1900 2920 ⁸
1937 2884 2004 2936 ad

2091 1771 2340 1819 testatem
2373 1763 2601 1818 alienam
2645 1762 2841 1831 irruis?
2876 1762 3002 1832 quid
3041 1763 3358 1816 temerarius
3387 1761 3483 1816 Dei
3515 1761 3678 1815 tribu-

2095 1857 2180 1910 nal
2212 1853 2500 1910 ascendis?
2529 1863 2581 1908 et
2606 1869 2728 1908 cum
2761 1854 2876 1923 ipse
2905 1854 2979 1908 sis
3008 1868 3166 1919 reus,
3215 1855 3266 1906 in
3295 1856 3527 1908 alterum
3577 1869 3674 1906 au-

2094 1948 2189 2003 des
2237 1949 2374 2001 ferre
2424 1946 2783 2001 sententiam?
2830 1955 2884 2000 et
2932 1945 3134 2016 legisti:
3189 1945 3277 2016 qui
3302 1954 3440 2011 stat,
3477 1944 3678 1999 domino

2095 2050 2198 2099 stat
2224 2056 2340 2110 suo,
2373 2050 2419 2095 et
2443 2041 2529 2111 qui
2552 2042 2711 2112 jacet,
2739 2039 2947 2094 domino
2975 2054 3068 2094 suo
3082 2043 3223 2114 jacet
3250 2037 3428 2108 (fiam.
3456 2053 3567 2105 xuv,
3598 2038 3675 2108 4).

2097 2135 2297 2191 Potens
2328 2142 2411 2189 est
2439 2141 2617 2189 autem
2645 2131 2893 2188 dominus
2936 2133 3055 2203 ejus
3077 2175 3090 2195 ,
3127 2132 3391 2188 suscitare
3435 2146 3593 2188 eum:
3626 2139 3679 2187 tu

2094 2227 2184 2298 qui
2207 2241 2288 2292 es,
2318 2224 2406 2297 qui
2445 2225 2512 2282 de
2552 2231 2708 2281 servo
2722 2225 2915 2287 alieno
2937 2223 3180 2295 judices?
3200 2224 3389 2280 Oleum
3420 2223 3681 2280 sacerdoti

2097 2334 2124 2373 a
2151 2319 2262 2374 Deo
2288 2317 2561 2382 collatum,
2593 2330 2702 2372 non
2719 2317 2985 2373 debuisse
3015 2331 3109 2372 vos
3153 2326 3409 2388 tangere,
3442 2322 3470 2370 a
3515 2330 3678 2387 puero

2102 2412 2196 2468 Dei
2232 2409 2397 2465 David
2436 2411 2647 2466 discere
2677 2409 2940 2465 debuistis
2970 2452 2984 2478 ,
3031 2411 3119 2481 qui
3147 2408 3223 2465 sic
3253 2424 3348 2480 per
3381 2408 3678 2465 Samueleut

2102 2507 2345 2579 ungitur,
2376 2514 2433 2560 ut
2460 2505 2608 2561 Sauli
2631 2504 2770 2576 quod
2800 2504 3114 2576 jamdudum
3138 2505 3320 2560 datum
3346 2502 3558 2569 fuerat,
3587 2503 3682 2556 mi-

2105 2607 2248 2660 nime
2272 2587 2377 2677 E7
2404 2604 2683 2659 tolleretur
2711 2603 2757 2670 (Ι
2809 2599 2935 2671 Reg.
2988 2600 3124 2671 1m).
3159 2599 3395 2668 Denique
3439 2597 3523 2651 vel
3563 2611 3679 2650 cum

2108 2697 2218 2751 Deo
2236 2697 2462 2766 jubente
2483 2695 2566 2750 vel
2598 2703 2790 2751 eventu
2816 2701 3156 2764 procurante,
3183 2705 3285 2744 una
3311 2704 3404 2745 eos
3431 2688 3680 2758 spelunca

2105 2790 2508 2860 concluderet;
2561 2797 2784 2844 venerat
2845 2788 2896 2842 in
2949 2793 3300 2856 potestatem,
3334 2783 3480 2854 pueri
3526 2781 3682 2834 David

2107 2884 2262 2950 Saul,
2289 2884 2376 2952 qui
2411 2887 2747 2952 peccaverat.
2781 2877 2894 2953 (92)
2918 2877 3142 2936 Videtur
3175 2881 3285 2932 non
3313 2875 3495 2931 videtis
3521 2915 3537 2940 ,
3569 2866 3683 2928 ideo

1618 2995 1996 3053 LECTIONES
2036 2996 2449 3053 VARIANTES.

482 3097 506 3124 ⁸
532 3092 584 3144 In
606 3102 697 3145 ms.
723 3091 776 3142 S.
796 3087 854 3139 (ἓ.
875 3099 1018 3151 super
1041 3097 1180 3138 omne
1199 3089 1342 3148 caput
1363 3089 1406 3135 et
1429 3097 1572 3150 super
1594 3097 1777 3136 omnem
1801 3093 2004 3139 (etatem.

1726 3191 2081 3250 VARIORUM
2111 3166 2340 3248 unus.

323 3298 326 3302 ’
419 3299 556 3353 ιίειςε
581 3295 754 3366 capita
806 3284 1170 3366 sacerdotum,
1199 3286 1350 3366 quasi
1377 3283 1442 3339 ad
1474 3283 1835 3339 auferendum
1875 3301 2001 3339 unc-

418 3371 620 3423 tionem
649 3357 1062 3418 sacerdotalem.
1091 3357 1166 3412 Du
1198 3357 1314 3410 pIN.

493 3437 605 3510 (80)
632 3435 696 3488 In
728 3444 907 3510 mortes
949 3445 1048 3484 non
1076 3441 1385 3510 corporum“,
1429 3425 1518 3480 sed
1566 3427 1836 3510 honorum.
1870 3425 2007 3494 Quia

421 3495 704 3582 episcopos
734 3507 936 3582 honore
965 3511 1018 3556 et
1041 3495 1220 3581 ofﬁcio
1244 3498 1557 3582 Sp‘t‘liiafztdll‘l.
1594 3495 1824 3582 Atutsp.

495 3567 624 3654 (8t).
674 3574 960 3650 Jugulastis
993 3571 1216 3624 nomina.
1277 3567 1616 3638 Dignitatem
1675 3567 2005 3623 detraxistis.

425 3653 644 3708 Messe.

495 3719 627 3776 Ibid.
655 3714 940 3788 Iugulastis
967 3729 1068 3788 non
1101 3709 1326 3788 membra
1346 3751 1361 3775 ,
1403 3709 1490 3788 sed
1517 3709 1742 3788 nomina.
1787 3706 2014 3788 Nomina

348 3845 356 3856 ,
425 3803 527 3864 pro
554 3779 884 3861 dignitdtibus
914 3792 966 3837 et
1013 3779 1289 3864 honoribus
1321 3781 1527 3864 posuit.
1551 3779 1748 3864 Ibidem
1791 3779 2014 3864 subjun-

424 3849 502 3937 git
530 3849 680 3937 eccfe,
712 3865 898 3937 erepta:
928 3861 1142 3937 portant,
1161 3859 1341 3921 funera
1370 3851 1670 3937 dignitatis],
1696 3859 1747 3930 et
1770 3849 2012 3937 pagg‘tio,

430 3917 622 4007 c’gutturi
652 3917 814 4007 uestro
837 3917 1086 4007 honorum
1117 3917 1296 4007 (unera
1323 3917 1526 4007 minime
1548 3919 1833 4007 sufﬁciunt.
1879 3917 2012 4007 Item

433 3991 551 4073 ἶνες.
581 3999 670 4066 60,
708 3995 803 4050 Dei
819 3995 1095 4073 episCOpos
1123 3993 1310 4062 linguae
1332 3991 1523 4073 ‘gladio
1550 3991 1834 4073 iugulastis
1861 4031 1874 4055 ,
1908 3991 2019 4073 fun-

434 4060 605 4129 dentes
648 4060 945 4141 sanguinem
994 4060 1092 4116 non
1142 4060 1416 4130 corporis,
1477 4060 1564 4114 sed
1611 4060 1817 4113 honoris
1845 4101 1859 4126 ,
1913 4069 2014 4114 etc.

533 4157 656 4198 ERTt

438 4146 776 4268 lmiﬁiiifSed
803 4207 1027 4260 nomina.
1061 4202 1284 4258 Nomina
1318 4243 1332 4267 ,
1396 4217 1493 4272 pro
1538 4201 1897 4273 dignitatibus
1920 4215 2023 4273 Apo-

438 4285 540 4339 sita
571 4280 904 4337 notabamus.
942 4275 1233 4345 Jugulastis
1269 4289 1369 4326 non
1398 4271 1624 4327 membra
1656 4271 1759 4345 sed
1781 4271 2019 4345 (nomina.

440 4354 572 4410 Cum
599 4352 777 4406 statim
799 4349 961 4415 dicat,
993 4342 1174 4415 erepta:
1205 4345 1386 4414 funera
1429 4342 1711 4417 dignitatis.
1764 4343 2020 4414 Ovidius:

468 4490 470 4492 τ
537 4466 663 4515 Vive
690 4463 776 4514 tibi
804 4468 856 4512 et
879 4460 1024 4521 longe
1049 4459 1241 4508 nomina
1261 4469 1437 4518 magna
1459 4457 1585 4506 cole.

1460 4563 1667 4618 ΒΑιιτιι.
1730 4566 1732 4568 ’

2031 3292 2076 3355 C
2110 3287 2324 3338 mittunt.
2357 3284 2511 3339 Tolle
2536 3279 2788 3355 mendum
2825 3279 2985 3355 nimis
3011 3287 3169 3347 quam
3222 3274 3640 3332 manifeStarium
3668 3318 3682 3343 ,

2117 3357 2344 3426 legendo
2361 3357 2569 3426 animas
2588 3354 2832 3426 omnium.
2848 3352 3050 3426 lucent-
3063 3391 3075 3403 .
3152 3418 3177 3426 _.

2185 3415 2607 3498 (87)Evertistis.
2650 3423 2998 3498 Quiiidelem
3034 3437 3098 3476 ex
3152 3418 3269 3498 lege
3297 3415 3494 3498 gltrisii
3542 3425 3595 3472 et
3625 3433 3685 3498 ex

2114 3490 2231 3567 ejus
2266 3490 2493 3566 corpore
2529 3494 2816 3558 rescendit,
2857 3493 2901 3547 is
2959 3499 3156 3547 statum
3191 3490 3428 3545 ﬁdelium
3478 3491 3682 3544 evertit.

2114 3573 2340 3623 ALBASP.

2189 3639 2320 3692 lbid.
2356 3635 2624 3690 Evertistis
2645 3636 2845 3688 animos
2870 3635 3153 3686 hominum.
3181 3631 3408 3702 Corrige
3440 3646 3558 3685 eum
3581 3631 3687 3682 vim

2119 3711 2275 3764 docto
2302 3709 2501 3761 animus
2532 3709 2777 3770 omnium,
2807 3704 2967 3774 quale
2993 3714 3075 3760 est
3096 3704 3237 3773 quod
3269 3713 3325 3757 et
3371 3704 3592 3774 septimo
3617 3703 3689 3753 Ie-

2118 3784 2369 3850 gebatur:
2401 3779 2460 3833 Si
2488 3794 2646 3830 unum
2674 3787 2748 3830 est
2776 3773 2914 3850 quod
2929 3849 2932 3850 ν
2952 3776 3014 3828 ab
3064 3773 3352 3850 imaginibus
3379 3773 3652 3826 admittitur
3671 3812 3685 3836 ,

2119 3845 2244 3917 ἴδια,
2283 3853 2369 3902 ubi
2393 3851 2747 3912 correximus,
2780 3845 3028 3900 (inanibus.
3063 3845 3131 3900 Μ.
3158 3846 3390 3901 ΟΑεΑυιι.

2195 3914 2310 3992 (88)
2339 3918 2610 3972 Invenistis
2640 3935 2840 3988 pueros.
2874 3918 3186 3992 Extremum
3217 3925 3333 3971 erat
3364 3914 3572 3992 malitia:
3603 3927 3689 3991 ge-

2123 3986 2224 4046 nus
2266 3986 2458 4060 pueros
2486 4004 2548 4043 ac
2572 3986 2850 4057 propterea
2873 3987 3218 4051 innocentes,
3245 3997 3300 4041 et
3327 3987 3466 4040 omni
3499 3986 3688 4060 lumine

2123 4053 2318 4116 vacuos
2348 4062 2410 4114 ad
2436 4053 2804 4129 pmoitentiam
2833 4071 3026 4127 cogere
3047 4074 3065 4122 ;-
3095 4073 3230 4129 ιιςιιῐι
3265 4065 3387 4126 post
3433 4053 3687 4124 publicam

2125 4135 2280 4207 illam,
2318 4127 2682 4207 pinuitentiam
2714 4132 2765 4183 in
2789 4129 3016 4207 _cler_um
3040 4127 3238 4207 adlegi
3302 4142 3428 4207 non.
3458 4130 3690 4207 poterant

2126 4195 2382 4272 amplius:
2410 4203 2484 4255 uti
2508 4202 2601 4267 ait,
2633 4217 2701 4272 ηεΔ
2715 4200 2798 4268 qui
2821 4197 3050 4272 ordinari
3073 4195 3370 4272 potuissent.
3403 4195 3597 4272 Abesse
3676 4199 3688 4212 ‘

2197 4264 2308 4344 (89)
2345 4272 2545 4344 Fideles
2567 4264 2820 4340 antiduos.
2851 4264 3100 4344 Seniores
3127 4268 3310 4331 laicos,
3341 4267 3688 4344 paenitentiam

2127 4338 2370 4414 quamvis
2402 4342 2533 4397 nihil
2564 4338 2879 4414 peccassent
2904 4338 3118 4414 ,_subit;e
3138 4338 3686 4414 coegerant._AL_ns~r.

2200 4413 2316 4486 (9U)
2344 4405 2620 4486 Episcosz
2643 4411 2831 4481 fecistis
2855 4411 3030 4486 (uicos.
3051 4405 3362 4486 Episcopus
3382 4405 3690 4486 orthodosus

2129 4476 2468 4555 deport'ebant
2494 4500 2505 4536 :
2531 4476 2652 4536 Ἰιοις⁷
2676 4480 3022 4555 postmodum
3050 4481 3190 4555 inter
3222 4479 3534 4555 pcenitentes
3561 4476 3689 4555 rete:

2129 4543 2344 4628 gabant,
2374 4566 2427 4610 et
2468 4563 2585 4628 acta
2647 4543 2952 4628 poenitentia
2995 4550 3179 4628 iaicos
3219 4543 3480 4602 faciebant
3495 4562 3510 4628 ξ
3555 4543 3688 4613 quod

518 4651 632 4734 (8‘2)
668 4659 831 4714 οεσίεε
851 4666 964 4734 εμιιι
991 4655 1234 4734 honor“:
1254 4654 1394 4734 Nihil
1420 4656 1626 4734 ιιιτρίιιε
1653 4655 1810 4734 otii".
1848 4670 2022 4724 ηθίιιιθ
2051 4675 2100 4734 ι)
2128 4625 2641 4734 Σῗξῗὶίῖῗηῖἔὲῗθξῖξῗξ
2664 4623 2964 4734 ιῗῖἓῖῗς¹¹⁵ἷι¹ῗ
2989 4619 3690 4734 9.93.131;.3?"3rf.ii'.i§3ﬁii

446 4723 925 4805 indignummagis
950 4770 964 4793 ,
995 4742 1152 4805 quam
1189 4725 1368 4805 videre
1394 4727 1701 4805 episcoiiuin
1743 4723 1882 4779 inter
1915 4723 2022 4805 pia;-

448 4796 712 4859 niteﬁtes:
739 4796 860 4854 ideo
883 4800 955 4851 ait
975 4800 1180 4852 occisos
1203 4796 1366 4850 fuisse
1389 4796 1672 4864 epis'COpOS
1696 4810 1829 4864 quos
1854 4797 2024 4864 pmui-

449 4885 622 4930 tentes
651 4872 886 4926 fecerant
919 4871 1145 4922 ALBASP.

522 4945 632 5016 (85)
666 4941 975 5016 Extendistis
998 4941 1130 5006 enim
1150 4954 1375 5016 manuni.
1399 4936 1737 5016 [inposuistis
1764 4938 2026 5016 paeniten-

453 5007 581 5069 tiam
615 5007 883 5074 omnibus,
906 5021 958 5062 et
987 5024 1172 5062 omnes
1205 5010 1440 5070 ordines,
1473 5007 1777 5074 episcopos,
1806 5008 2027 5077 presby-

456 5100 620 5146 teros,
646 5084 918 5141 diaconos,
943 5089 997 5133 et
1025 5082 1187 5131 laicus
1214 5094 1336 5132 vere
1364 5079 1586 5133 fecistis.
1622 5081 1846 5130 ALBASP.

531 5153 644 5225 (84)
676 5151 964 5220 Mortifera.
1000 5150 1276 5225 sumntum
1316 5160 1434 5225 erat
1465 5150 1640 5225 scelus
1671 5150 1734 5200 iis
1777 5148 1866 5217 qui
1895 5149 2028 5225 nihil

455 5220 882 5281 comtn'crucrant
916 5220 1282 5288 pcenitentiaut
1316 5220 1622 5286 impertire:
1655 5233 1775 5271 nam
1804 5229 1918 5273 erat
1947 5222 2027 5272 in-

457 5310 735 5351 nocentem
807 5307 955 5346 reum
998 5289 1194 5352 facere,
1224 5300 1276 5342 et
1319 5301 1591 5356 peccatum
1644 5289 1723 5342 illi
1778 5291 2031 5345 tribucre.

459 5374 682 5422 ALBASP.

531 5439 646 5507 (85)
684 5435 912 5501 QuatuOr
946 5445 1129 5502 genera
1160 5429 1400 5507 capitum.
1532 5426 1810 5507 credamus
1853 5431 1917 5507 iis
1946 5431 2034 5499 qui

461 5498 795 5576 sacriﬁcandi
838 5498 1155 5572 potéStatetn
1200 5498 1568 5576 sacerdotibus
1597 5508 1648 5550 et
1700 5499 1846 5576 laiets
1885 5498 2033 5570 justa

463 5573 780 5639 Concedunt,
813 5567 973 5627 unum
996 5579 1194 5625 tantum
1224 5569 1323 5623 erit
1343 5567 1572 5637 capitum
1586 5582 1780 5639 genus.
1805 5567 2032 5625 ALDASP.

535 5645 648 5716 (86)
679 5644 787 5697 Nec
807 5647 893 5696 uni
915 5659 1122 5715 parcere
1147 5641 1371 5694 voluistis
1398 5679 1414 5705 ,
1444 5638 1686 5691 evertistis
1723 5641 1917 5692 animus
1937 5640 2033 5693 lto-

2128 4699 2254 4752 olim
2286 4687 2496 4766 poterat
2520 4695 2634 4766 ﬁeri
2664 4693 2867 4766 laicus,
2896 4697 2954 4766 ut
3007 4687 3232 4766 legimus
3260 4689 3329 4742 de
3378 4687 3652 4766 'l‘rophiuto
3673 4725 3685 4748 ,

2130 4768 2223 4822 sed
2256 4759 2356 4819 h'oc
2406 4783 2509 4818 non
2548 4765 2706 4818 ﬁebat
2746 4764 2848 4818 nisi
2875 4763 2942 4816 ob
2994 4759 3213 4830 aliquod
3263 4774 3426 4830 grave
3456 4759 3684 4830 crimen:

2131 4837 2323 4890 deinde
2366 4836 2676 4905 paenitentia
2728 4835 2800 4888 illi
2836 4829 3104 4902 nunquam
3151 4829 3536 4900 imponebatur.
3588 4829 3687 4881 At.-

2131 4922 2276 4960 BASP.
3064 4934 3075 4941 .
3554 4953 3558 4963 ο

2205 4975 2318 5046 (91)
2347 4975 2531 5028 Socius
2581 4981 2626 5046 et
2670 4989 2853 5046 comes.
2893 4973 3002 5026 lloc
3041 4982 3160 5046 est“,
3197 4969 3536 5046 illi_episcopi
3569 4979 3689 5045 qltps

2133 5037 2446 5116 painit'entia
2479 5044 2754 5116 sauciastis
2781 5084 2791 5104 ,
2823 5052 2978 5116 erant
3021 5041 3153 5094 socii
3178 5053 3250 5116 et.
3274 5037 3466 5095 fratres
3489 5037 3683 5116 vestri,

2133 5109 2223 5186 qui
2248 5117 2290 5169 si
2323 5116 2447 5184 quid
2481 5114 2739 5176 fecerant,
2769 5123 2922 5186 erant
2946 5109 3687 5186 deponendi,nonpaenitcu-

2137 5180 2206 5240 tia
2233 5180 2484 5256 puniendi
2519 5226 2530 5246 ,
2579 5201 2682 5236 nou
2719 5186 2818 5256 huc
2862 5182 3123 5256 dedecore
3179 5180 3484 5233 alliciendi:
3531 5180 3684 5232 oleum

2145 5252 2285 5312 enim
2319 5255 2410 5310 θυι
2439 5270 2541 5307 ltuit
2570 5262 2652 5307 est
2682 5252 3007 5305 violandum.
3039 5254 3264 5302 Λυδίων.

2219 5328 2332 5397 (9'2)
2397 5325 2606 5397 Videtur
2635 5339 2733 5376 non
2760 5323 3078 5397 videns,_etc.
3104 5319 3244 5397 Lege
3271 5311 3533 5397 disjuncta
3576 5328 3686 5392 voce

2145 5389 2728 5452 clausi'oris.05autcm
2757 5403 2916 5446 totam
2949 5392 3168 5445 denotat
3196 5392 3416 5456 faciem;
3444 5389 3685 5443 Germani-

2146 5485 2240 5524 cus
2269 5469 2336 5522 de
2352 5473 2535 5521 Astrea
2570 5484 2580 5518 :

2241 5583 2463 5642 Seraque
2485 5581 2546 5630 ab
2569 5579 2798 5632 Ecelesiis
2819 5576 3124 5630 descendens
3147 5578 3408 5640 montibus,
3433 5588 3514 5642 or_e

2238 5638 2428 5694 Veluti).
3363 5638 3371 5640 “
3397 5638 3400 5639 ⁷
3473 5638 3629 5687 Βιηηι
