3828 6218
416 203 521 257 983

1604 200 1848 257 SANCTI
1888 199 2137 255 OPTATI
2180 198 2481 255 EPISCOPI

3470 75 3797 150 Ψ

3608 201 3705 256 984

407 327 510 384 est,
544 317 737 373 frustra
758 333 815 373 se
843 318 1210 374 Christianum
1237 326 1329 372 aut
1357 318 1691 373 sacerdotem
1721 318 1809 373 Dci
1844 319 2005 387 proft-
2038 321 2088 379 Λ
2116 326 2237 386 post
2264 318 2550 384 unitatem,
2585 319 2725 389 quod
2758 334 2786 373 a
2818 320 2967 375 nullo
2991 320 3189 377 factum
3234 329 3320 378 est
3346 328 3471 392 post
3503 320 3709 374 thurift.

409 422 579 475 tetur,
618 411 709 482 qui
759 412 1035 467 lenitatem
1084 412 1176 466 Dei
1210 426 1317 464 non
1364 420 1513 464 curat
1550 410 1749 463 imitari
1784 420 1848 472 u;
1890 424 2011 463 eum

411 505 669 573 scriptum
697 503 767 557 sit
797 504 848 557 in
880 503 1173 558 Salomone
1200 520 1211 554 :
1249 502 1388 555 Deus
1430 510 1642 553 mortem
1690 517 1789 553 non
1844 503 1964 571 fecit
1994 544 2008 564 ,

410 615 500 652 nec
532 599 734 651 Ιιιιιαιιιτ
767 597 816 649 in
843 597 1126 665 perditione
1168 596 1397 648 vivorum
1437 593 1590 663 (Sap.
1624 608 1661 656 ι,
1693 592 1800 662 15).
1833 592 2010 646 Credo

408 705 505 744 vos
526 690 773 744 oblivisci
809 705 913 743 non
946 704 1127 758 posse,
1163 687 1289 757 quid
1326 702 1422 756 per
1450 687 1564 740 loca
1597 685 1775 755 aliqua
1819 685 2011 739 feceri-

408 786 497 845 tis,
530 800 647 837 cum
680 798 796 847 eos,
826 784 914 851 qui
940 783 1113 851 legem
1141 781 1233 834 Dei
1260 778 1643 848 praedicabant,
1675 776 1725 831 id
1748 785 1854 841 est,
1886 792 2010 846 pro-

408 876 597 947 phetas
627 876 837 928 velletis
860 874 1111 929 occidere
1141 883 1330 927 contra
1353 872 1653 942 iussionem
1698 870 1791 924 Dei
1823 872 2009 926 diecu—

411 971 515 1021 tis:
558 969 620 1020 Et
661 970 709 1019 in
742 966 1018 1037 prop/tetas
1060 983 1196 1021 meos
1248 983 1459 1019 manum
1512 982 1571 1018 ne
1601 965 1841 1019 miseritis
1887 964 2006 1037 (1’s.

406 1077 513 1123 ειν,
552 1063 662 1129 15).
715 1062 1025 1113 lienterium
1064 1102 1077 1124 ,
1132 1058 1442 1113 Partenium
1472 1101 1486 1121 ,
1531 1058 1797 1112 Donatum
1826 1058 1854 1097 ι)
1884 1098 1899 1123 ,
1950 1066 2003 1112 et

404 1154 727 1220 Getulicum,
758 1152 850 1207 Dei
875 1152 1180 1225 episcopos,
1216 1152 1413 1221 lingum
1450 1150 1628 1221 gladio
1671 1150 1959 1220 iugulastis
1988 1192 2004 1217 ,

402 1246 691 1301 fundentes
737 1246 1056 1316 sanguinem
1108 1260 1213 1299 non
1259 1244 1546 1314 corporis,
1600 1244 1695 1299 sed
1757 1243 2002 1299 honoris.

407 1339 665 1392 Vixerunt
691 1348 875 1408 postea
911 1338 1183 1403 homines,
1215 1336 1309 1391 sed
1339 1351 1367 1389 a
1412 1336 1566 1391 vobis
1593 1334 1754 1391 occisi
1803 1343 1929 1389 sunt
1952 1336 2003 1389 in

404 1430 718 1492 honoribus,
748 1430 838 1485 Dei
863 1429 1196 1484 sacerdotes.
1234 1428 1412 1482 Multis
1457 1437 1646 1483 n0tum
1674 1437 1758 1483 est
1784 1438 1837 1484 et
1878 1442 2003 1499 pro-

375 1525 608 1589 ‘batum,
640 1526 1033 1595 persecutionis
1057 1533 1300 1591 tempore
1325 1523 1610 1593 episcopos
1636 1522 1865 1593 aliquos,
1893 1520 2008 1596 (97)

403 1615 1015 1671 inertiaacoufessione
1070 1614 1302 1669 nominis
1352 1615 1446 1668 Dei
1483 1614 1741 1683 delapsos
1796 1615 2006 1669 thurifi-

2116 414 2570 483 cationetn:quia
2618 415 2879 481 SCt'iplltm
2933 424 3055 470 est:
3094 415 3176 469 Ne
3216 416 3487 485 tctigeritis
3535 420 3708 465 unctos

2115 522 2251 558 meos
2283 547 2295 569 ,
2350 521 2506 572 neque
2556 506 2608 557 in
2651 504 2925 575 prapltetas
2996 523 3131 559 meos
3198 522 3404 559 manum
3474 504 3707 557 miseritis

2117 595 2232 668 (Ps.
2265 612 2347 649 CIV
2376 638 2390 660 ,
2425 597 2539 664 15).
2574 595 2765 649 Oleum
2813 611 2968 650 suum
3017 597 3258 651 defendit
3291 597 3464 651 Deus:
3493 596 3615 665 quia
3663 596 3705 649 si

2116 694 2392 757 precatum
2438 694 2523 741 est
2552 686 2820 751 hominis;
2855 687 3037 743 unctio
3063 698 3147 742 est
3179 697 3357 743 tamen
3385 687 3699 742 divinitatis.

2115 778 2199 831 Ne
2242 778 2511 849 tetigeritis
2541 777 2759 848 (inquit)
2814 788 2994 832 unctos
3026 795 3207 833 meos:
3250 778 3374 834 ideo
3409 820 3424 843 ,
3468 794 3534 847 ne
3582 778 3704 833 dum

2112 882 2389 942 peceatum
2420 873 2657 933 hominis
2705 876 3002 945 percutitur
3027 916 3041 938 ,
3088 883 3144 930 et
3183 873 3263 946 (5)
3311 874 3491 928 oleum
3515 915 3529 936 ,
3560 871 3703 943 quod

2112 965 2205 1020 Dei
2234 974 2355 1031 est,
2394 966 2640 1022 feriatur.
2698 967 2911 1024 Judicio
2956 983 3053 1021 suo
3107 968 3249 1021 Deus
3304 962 3540 1021 servavit
3590 980 3700 1019 rem

2109 1077 2285 1129 suam,
2316 1070 2371 1117 et
2422 1071 2607 1117 tamen
2652 1078 2751 1117 vos
2796 1063 2993 1133 passim
3053 1061 3287 1116 irruistis
3337 1060 3389 1113 in
3437 1059 3700 1124 alienam,

2109 1162 2520 1223 corrumpentes
2550 1153 2791 1221 omnium
2843 1153 3177 1209 felicitatem.
3220 1149 3300 1222 (ι)
3345 1148 3478 1205 Nam
3507 1165 3629 1221 qua:
3679 1160 3703 1186 ε

2109 1246 2281 1314 maior
2302 1245 2611 1312 infelicitas,
2641 1238 2805 1317 qdam
2843 1246 2936 1301 Dei
2985 1244 3299 1301 sacerdotes
3350 1243 3565 1309 vivere,
3606 1254 3703 1297 nec

2108 1355 2230 1396 esse
2255 1338 2400 1410 quod
2432 1338 2689 1394 fuerant?

2152 1420 2369 1485 'XXVI.
2414 1428 2689 1495 Matronw,
2714 1429 2880 1501 pueri,
2904 1428 3145 1501 virgines,
3178 1427 3436 1481 immerito
3474 1443 3504 1479 ο
3528 1424 3701 1479 Dona-

2110 1524 2238 1578 tistis
2268 1523 2575 1594 poenitentia:
2596 1522 2833 1577 addictos.
2865 1551 2937 1563 ——
2969 1521 3248 1582 Matronae,
3280 1519 3432 1590 pueri
3462 1518 3621 1595 simul
3653 1526 3703 1586 et

2108 1619 2338 1689 virgines
2360 1634 2389 1672 a
2408 1618 2560 1674 vobis
2585 1626 2808 1684 coactae,
2841 1615 2990 1671 nullo
3018 1614 3419 1683 interveniente
3448 1621 3667 1681 peccato
3684 1652 3697 1675 ,

400 1724 579 1773 casse,
612 1718 663 1763 et
697 1717 875 1761 tamen
923 1709 1098 1762 nullus
1146 1722 1333 1761 eorum
1381 1706 1471 1776 qui
1499 1706 1611 1777 (98)
1669 1716 1995 1774 evaserunt,
2032 1713 2080 1772 B
2108 1711 2579 1766 salvainnoeentia
2610 1719 2661 1765 et
2686 1710 2960 1780 pudicitia,
2991 1707 3145 1762 vobis
3175 1704 3498 1761 docentibus
3536 1703 3695 1773 pceni-

404 1809 497 1853 aut
530 1800 648 1872 (99)
675 1815 891 1853 manum
922 1798 1085 1868 lapsis
1116 1799 1389 1868 imposuit,
1426 1810 1520 1852 aut
1553 1798 1632 1871 (1)
1662 1809 1717 1853 ut
1741 1814 1913 1868 genua
1940 1800 2005 1855 fi-

403 1901 683 1961 gerent“;
758 1890 1063 1961 imperavit.
1120 1891 1186 1946 Et
1259 1890 1431 1945 facitis
1494 1906 1590 1946 vos
1652 1890 1811 1946 hodie
1857 1888 2008 1965 (1(2)

2118 1804 2339 1859 tentiam
2367 1818 2559 1874 gerere
2580 1802 2903 1857 didicerunt.
2931 1799 3195 1869 Numquid
3227 1799 3406 1853 minor
3434 1808 3514 1852 est
3537 1798 3700 1852 infeli-

2116 1895 2286 1951 citas?
2317 1894 2398 1969 (5)
2431 1893 2764 1970 co‘ntrivistis
2787 1909 2949 1961 sexus
2985 1892 3029 1960 ί,
3062 1892 3302 1947 vexastis
3330 1901 3532 1946 artates.
3565 1890 3699 1945 Vere

1676 2006 2060 2066 LECTIONES
2105 1980 2526 2066 vantanres.

468 2100 493 2127 θ
530 2097 643 2148 llaec
679 2094 1101 2162 supplevimusex
1140 2098 1307 2147 "13.8.
1356 2097 1415 2148 ϐ.
1454 2097 1642 2162 ln_aliis
1684 2099 1763 2151 hic
1800 2101 2005 2162 lacuna,

402 2174 551 2225 quam
573 2158 888 2225 suppleverat
912 2161 1178 2225 Balduinus
1203 2173 1290 2224 per
1316 2173 1484 2211 vocem
1507 2158 1715 2223 ignorat.

473 2221 503 2257 δ
541 2221 692 2271 Deest.
718 2224 765 2270 in
793 2237 883 2271 ms.
910 2224 961 2272 S.
990 2223 1048 2271 G.
1205 2221 1216 2224 ’
1398 2260 1405 2265 ,

464 2287 492 2349 °_
528 2285 578 2349 ιιι
604 2297 716 2333 mss.
744 2286 796 2332 S.
819 2284 878 2333 Τ.
906 2293 958 2349 et
982 2285 1073 2349 Ijh.
1100 2285 1152 2334 S.
1178 2286 1311 2348 lapsu
1337 2284 1878 2349 amanuensis,,ﬁerent.

466 2345 494 2384 ά
530 2347 685 2397 Deest
708 2349 757 2396 in
782 2361 872 2396 ms.
898 2348 951 2397 S.
979 2346 1038 2396 G.

2183 2103 2206 2130 ο
2242 2100 2312 2149 Ita
2339 2101 2388 2148 in
2412 2113 2502 2151 ms.
2529 2099 2580 2151 S.
2607 2100 2666 2151 G.
2694 2098 2821 2149 Male
2845 2101 2895 2148 in
2918 2111 3035 2149 mss.
3060 2100 3112 2147 S.
3136 2097 3193 2148 Τ.
3227 2102 3280 2146 ει
3304 2097 3362 2145 l’.
3391 2098 3439 2145 Β.
3466 2099 3648 2159 Neque.

2184 2162 2205 2201 ί
2244 2162 2315 2212 Ita
2338 2164 2385 2210 in
2420 2176 2509 2213 ms.
2530 2164 2589 2212 Β.
2632 2162 2691 2212 G.
2726 2162 2780 2211 In
2805 2175 2919 2211 mss.
2960 2164 3011 2212 S.
3036 2160 3094 2211 'l‘.
3124 2168 3175 2211 et
3212 2160 3269 2209 Ρ.
3297 2160 3349 2207 S.
3376 2169 3425 2207 et
3450 2161 3497 2208 in
3524 2162 3662 2210 editis
3683 2200 3694 2218 ,

2118 2223 2342 2275 contritas
2363 2236 2486 2274 sexu
2512 2225 2720 2277 vexastis
2744 2229 2936 2283 a’tates,
2966 2225 3124 2275 minus
3157 2225 3289 2275 bene
3304 2260 3319 2283 ,
3347 2235 3455 2271 nam
3478 2222 3571 2272 duo
3594 2234 3695 2273 sunt

2118 2288 2341 2337 membra
2362 2286 2584 2338 distincta
2606 2299 2759 2337 sexus
2780 2294 2832 2337 et
2853 2294 2988 2336 aetas.

1686 2476 1690 2479 ·
1722 2454 1805 2509 VA
1816 2454 2086 2515 RlORUM
2124 2458 2353 2515 NOTAE.

410 2570 591 2699 A(97)
636 2566 852 2626 lneriia.
908 2570 1053 2627 lnter
1108 2580 1376 2627 tormenta
1425 2571 1701 2647 Christum
1750 2588 1996 2645 negasse.

464 2658 641 2697 LBASP.

464 2658 641 2697 LBASP.

482 2714 613 2766 Ibid.
646 2713 843 2768 Inertia
870 2730 900 2765 a
949 2716 1268 2783 confessione
1314 2713 1408 2768 Dei
1454 2716 1675 2778 elapsos,
1711 2724 1815 2770 etc.
1865 2714 2002 2770 Ver-

412 2785 541 2838 bum
571 2784 673 2837 hoc
694 2785 894 2849 inertia,
920 2800 1027 2837 non
1060 2802 1155 2852 pro
1182 2787 1467 2840 atrocitate
1490 2787 1754 2849 criminis,
1784 2802 1890 2855 quo
1919 2788 2005 2841 vix

414 2856 805 2927 ullumrnaius,
839 2858 908 2919 si,
931 2865 985 2907 ut
1018 2860 1194 2927 vulgo,
1230 2857 1482 2926 accipias.
1523 2857 1626 2911 Sed
1658 2859 1892 2911 inertiam
1920 2858 2005 2911 hic

413 2922 855 2989 vocat'Optatus,
889 2937 1084 2980 metum
1112 2922 1691 2991 inortisfet-amorem
1737 2928 1919 2982 mundi
1952 2937 2006 2982 et

363 3041 366 3044 .
419 2997 728 3064 temporalis
758 2998 1192 3065 tranquillitatis;
1226 3014 1342 3067 quae
1384 3014 1513 3052 sane
1549 3014 1673 3053 vere
1728 3000 1902 3053 inertis
1953 3009 2003 3053 et

418 3068 597 3135 ignavi
627 3068 841 3137 propria
874 3086 892 3119 :
921 3068 1063 3122 unde
1092 3080 1144 3123 et
1186 3069 1237 3122 in
1268 3069 1329 3121 N.
1366 3068 1427 3133 Τ,
1487 3068 1639 3124 δειλοὶ
1673 3070 2001 3133 meticulosi,

418 3138 624 3203 timidi,
658 3136 943 3194 εῑνᾶπιστοι
976 3139 1219 3193 infideles
1260 3141 1681 3208 Coniunguntur,
1715 3149 1767 3193 et
1794 3140 1861 3193 ab
1890 3140 2001 3195 hie-

422 3208 653 3261 reditate
682 3209 890 3262 etelesti
915 3227 1033 3264 cum
1064 3222 1258 3265 caetera
1284 3220 1623 3277 peccatorum
1652 3212 1885 3265 colluvie
1915 3227 2009 3265 ex-

418 3278 728 3351 cluduntur,
762 3279 985 3348 Apocal.
1014 3297 1122 3342 XVI,
1157 3282 1209 3335 8.
1244 3282 1417 3351 Magni
1462 3283 1605 3334 enim
1658 3292 1712 3335 et
1760 3284 2008 3349 generosi

419 3350 582 3401 animi
620 3358 741 3416 est,
773 3365 894 3404 esse
933 3350 1473 3417 Christianum.'Quo
1510 3351 1741 3405 fortasse
1783 3364 1837 3405 et
1881 3351 2010 3406 illud

416 3442 670 3511 pertinet,
695 3442 836 3510 quod
868 3442 1077 3496 Hebraei
1099 3442 1299 3506 dicunt,
1320 3448 1411 3497 '1‘:
1436 3448 1517 3518 PN
1539 3448 1629 3499 ΝἾῖ
1658 3419 2015 3514 κιαι-ι,κῇοἮ

417 3524 559 3581 171m
601 3526 731 3577 't'Dl't
774 3520 967 3575 Nullus
991 3522 1173 3575 nebulo
1204 3524 1403 3593 (fatuus
1432 3522 1685 3591 stolidus)
1717 3524 1852 3576 timet
1896 3539 2015 3593 pec-

420 3602 637 3664 catum:
664 3609 753 3645 nec
797 3593 960 3645 idiota
993 3593 1192 3659 (Hebr.
1240 3595 1466 3662 populus
1518 3593 1714 3664 terrae)
1746 3597 2011 3664 quisquam

419 3662 534 3733 pius
584 3680 595 3714 :
651 3678 715 3716 ex
756 3668 835 3720 RD
882 3678 1003 3730 quae
1052 3666 1209 3732 vulgo
1251 3665 1475 3729 capitula
1534 3662 1765 3733 patrum.
1813 3662 1915 3719 Sed
1959 3675 2012 3721 et

422 3732 585 3803 Hebr.
614 3748 685 3803 vt,
719 3735 777 3786 ll
813 3743 866 3786 et
896 3734 961 3786 12
993 3750 1186 3803 segnes
1210 3742 1263 3786 et
1298 3736 1499 3788 inertes
1532 3732 1611 3789 eis
1638 3748 2007 3802 Opponnntur,

423 3802 594 3875 quiin
626 3802 729 3856 fide
756 3802 819 3857 ad
849 3803 1015 3875 finem
1049 3802 1218 3872 usque
1248 3815 1617 3872 perseverant,
1650 3822 1823 3875 neque
1853 3807 2007 3860 dubi-

424 3873 554 3924 tavit
584 3874 771 3927 beatns
802 3872 1222 3943 Chrysostomns
1250 3875 1517 3928 infandam
1563 3876 1716 3930 Judal':
1739 3872 2011 3944 proditio—

422 3958 546 4019 nem
566 3945 743 4019 ipsius
768 3944 973 4019 inertia:
996 3946 1433 4019 mip'aﬁupichuni
1462 3946 1791 4019 adscribere;
1825 3956 2010 4003 τοσοῦ-

422 4013 506 4067 τὸν
558 4016 665 4068 ἐστι
713 4014 938 4086 p'aOopiu
989 4013 1170 4086 κακόν,
1202 4013 1255 4067 ut
1297 4013 1689 4086 eleganteriibi
1718 4018 2011 4073 concludit

427 4093 558 4159 tom.
589 4099 641 4159 _v,
672 4084 788 4159 pag.
987 4084 1130 4159 Idem
1163 4087 1348 4139 beatus
1377 4097 1547 4159 pater,
1578 4084 1654 4139 ὅτι
1677 4089 1730 4140 ἐκ
1757 4089 2009 4159 ῥαθυμίας

425 4155 456 4210 ἡ
484 4157 653 4213 κακία,
698 4158 780 4207 καὶ
809 4156 910 4209 ἀπὸ
936 4155 1164 4230 σπῗυ-δῇς
1192 4159 1221 4212 ἡ
1249 4159 1426 4230 ἀρετή,
1450 4155 1567 4230 inse
1600 4155 1775 4209 tuetur
1807 4174 1869 4211 ac
1889 4155 2008 4211 'dis-

422 4232 575 4292 putat
609 4237 737 4276 tom.
769 4239 842 4289 vt,
874 4240 991 4293 pag.
1019 4224 1141 4278 8M.
1176 4224 1293 4278 etcf
1314 4241 1473 4291 supra
1502 4225 1620 4277 libr.
1659 4241 1697 4287 ι,
1724 4229 1911 4281 eadem
1942 4228 2009 4283 de

423 4311 482 4347 re
508 4336 521 4359 ,
556 4304 611 4346 ut
641 4295 827 4346 damno
858 4305 1061 4347 wternte
1105 4296 1238 4361 vitae,
1273 4296 1420 4347 istius
1447 4298 1649 4347 incerta:
1678 4297 1803 4349 lucis
1842 4314 2011 4350 moras

420 4364 738 4418 brevissimus
761 4375 1139 4436 compararent,
1169 4375 1272 4417 etc.
1300 4364 1449 4429 Quod
1473 4366 1630 4433 igitur
1652 4369 1797 4434 prius
1817 4368 2009 4431 amori,

421 4435 708 4504 studioque
736 4437 1014 4500 prmseutis
1063 4436 1220 4501 huius
1252 4439 1395 4497 vitze,
1432 4435 1516 4487 hic
1548 4438 1755 4489 inerme
1788 4438 2011 4505 imputat

426 4514 482 4558 ut
512 4506 673 4559 etiam
698 4506 763 4570 Ο.
792 4505 1029 4569 Curtius,
1058 4508 1263 4575 pigros,
1294 4514 1368 4567 et,
1397 4506 1484 4572 qui
1526 4506 1827 4559 diuturnam
1855 4509 2010 4561 vitam

419 4576 624 4627 unicum
668 4576 853 4629 bonum
894 4578 1145 4629 mstimant
1174 4619 1187 4640 ,
1233 4577 1548 4643 conjunxit:
1584 4576 1905 4646 Quamquam
1949 4596 2010 4631 ne
2036 4581 2088 4639 D

389 4646 554 4717 ,pigri
593 4647 793 4712 quidem
833 4648 929 4699 sibi
958 4651 1065 4715 fata
1093 4648 1403 4717 disponunt,
1432 4646 1521 4697 sed
1562 4646 1770 4699 unicum
1820 4649 2004 4701 bonum

419 4716 716 4785 diuturnam
762 4718 914 4769 vitam
941 4716 1247 4771 wstimantes
1274 4760 1285 4776 ,
1316 4732 1449 4785 stupe
1478 4718 1659 4769 acerba
1687 4734 1822 4770 mors
1851 4735 2004 4771 occu-

419 4796 529 4855 pat,
554 4786 619 4837 de
643 4784 791 4840 Gest.
823 4788 977 4841 Alex.
1011 4790 1104 4842 lib.
1137 4806 1207 4842 ιχ.
1245 4788 1361 4841 Mox
1394 4788 1481 4855 qui
1508 4801 1793 4845 evaserunt,
1832 4790 1879 4842 id
1903 4799 2003 4851 est,

419 4858 507 4925 qui
532 4856 813 4927 tentationi
840 4872 933 4909 seu
955 4859 1314 4926 persecutioni
1342 4874 1445 4910 non
1475 4860 1894 4923 succubuerunt,
1920 4862 2009 4927 qui

417 4936 684 4981 steterunt.
719 4925 794 4979 Ita
827 4925 971 4980 enim
1018 4930 1153 4981 solet
1194 4938 1411 4981 sanctus
1450 4927 1790 4997 Cyprianus,
1820 4925 2009 4983 stantes

415 4997 580 5067 lapsis
611 5012 905 5066 Opponerc.
937 4997 1003 5051 Μ.
1028 4998 1256 5052 υλειυιι.

492 5087 612 5159 (98)
634 5087 936 5142 Evaserant.
966 5087 1008 5142 Ii
1036 5090 1123 5157 qui
1147 5089 1422 5144 Christum
1452 5104 1557 5145 non
1590 5101 1871 5161 negarunt.
1907 5094 2009 5148 At.-

415 5174 565 5213 BASP.

486 5251 602 5323 (99)
650 5254 749 5305 Aut
792 5268 998 5304 manum
1030 5250 1209 5318 lapsis.
1252 5250 1637 5323 _Pmniteutiam
1678 5254 1842 5321 lapsis
1896 5269 2002 5307 non

417 5321 834 5389 imposuissent;
870 5336 1135 5393 nusquam
1176 5321 1319 5393 enim
1348 5323 1584 5388 reperies
1612 5339 1787 5393 neque
1816 5327 1867 5377 in
1893 5326 2002 5378 An-

416 5406 641 5463 ενι-ἀοι),
678 5408 851 5461 neque
901 5394 950 5445 in
1002 5392 1275 5463 liliberino
1303 5392 1997 5463 ipmoitentiamepiscopis

418 5462 716 5533 impositam
748 5504 760 5527 ,
798 5464 903 5530 imo
930 5460 1261 5515 contrarium
1300 5462 1493 5530 legitur
1521 5464 1587 5516 de
1614 5460 1995 5533 Trephimo'et

412 5529 480 5583 de
507 5532 827 5585 Marcellino.
856 5529 1083 5587 ALBASP.

406 5630 411 5633 ν
446 5664 449 5665 ν
491 5601 568 5667 (1)
608 5603 703 5671 Aut
734 5614 786 5653 ut
828 5621 990 5669 gentm
1035 5604 1267 5671 ﬁgerent.
1302 5604 1408 5656 Aut
1436 5612 1489 5654 ιιι
1520 5602 1726 5670 publice
1754 5617 1991 5660 errorem

404 5670 566 5719 suum
591 5670 981 5726 detestarentur
1012 5690 1025 5724 :
1060 5672 1381 5739 pernitentes
1425 5674 1566 5727 enim
1595 5686 1775 5727 coram
1815 5676 1989 5728 omh‘l-

2108 2576 2209 2632 bus
2234 2591 2405 2647 genua
2432 2575 2691 2702 figebant,
2714 2583 2770 2631 et
2796 2574 2849 2631 in
2868 2575 3107 2645 porticus
3135 2573 3399 2631 Ecclesia:
3426 2583 3694 2629 transeun-

2110 2657 2191 2702 tes
2215 2650 2441 2702 tzenibus
2506 2648 2621 2702 exis
2641 2648 2885 2702 orabant.
2913 2657 2971 2701 ιιι
3000 2647 3163 2701 Deum
3195 2656 3249 2699 et
3278 2646 3572 2700 Ecclesiam
3602 2659 3692 2702 pro

2110 2657 2191 2702 tes
2215 2646 2441 2717 genibus
2468 2646 2621 2702 flexis
2641 2648 2885 2711 orabant,
2913 2657 2971 2701 ιιι
3000 2647 3163 2709 Deum
3192 2656 3249 2717 et
3278 2646 3572 2700 Ecclesiam
3602 2659 3692 2717 pro

2109 2733 2168 2773 se
2212 2715 2525 2772 exorarent.
2561 2718 2949 2781 Tertullianus,
2996 2719 3128 2771 caris
3177 2715 3277 2771 Dei
3306 2716 3688 2786 adgeniculari,

2114 2790 2415 2859 presbyteris
2456 2789 2657 2843 advolvi
2683 2806 2700 2843 :
2728 2804 2833 2858 quo
2860 2790 3096 2857 respexit
3126 2787 3371 2855 Optatos.
3402 2788 3623 2859 Adnue.

2188 2857 2276 2931 (ὲ)
2293 2860 2419 2913 Post
2446 2863 2713 2931 unitatem.
2740 2857 2869 2913 Post
2889 2861 3146 2931 unitatem
3170 2873 3199 2913 a
3217 2859 3449 2931 Macario
3475 2857 3689 2911 factam:

2150 2928 2398 2999 estquam
2445 2930 2719 2985 crudelem
2755 2932 2805 2984 in
2835 2930 3115 2998 episcopos
3138 2928 3430 2982 vindictam
3480 2942 3688 2982 exerce-

2113 2947 2241 3054 iiant
2271 3002 2561 3054 Donatistm
2605 3011 2856 3054 tanquam
2897 3004 2947 3053 in
2993 3016 3086 3053 eos
3113 3014 3339 3054 auorum
3380 2998 3606 3054 impulsu
3632 3012 3688 3052 ea

2131 3013 2241 3055 iant
2271 3002 2561 3061 Donatistte
2605 3011 2856 3069 tanquam
2897 3004 2947 3053 in
2993 3016 3086 3053 eos
3113 3014 3339 3069 quorum
3380 2998 3606 3067 impulsu
3632 3012 3688 3052 ea

2113 3072 2249 3127 faeta
2301 3080 2462 3127 esset.
2510 3073 2597 3124 Ait
2628 3071 2787 3139 igitur
2840 3071 3143 3125 Donatistas
3197 3070 3415 3141 gravius
3463 3070 3687 3141 puniisse

2113 3144 2398 3213 episcopos
2454 3142 2543 3209 qui
2608 3144 2868 3197 unitatem
2916 3139 3310 3213 procurarunt,
3360 3154 3514 3213 quam
3547 3139 3683 3213 Διιιίιιι

2118 3209 2353 3269 Ecclesia
2379 3214 2431 3267 in
2461 3213 2642 3280 lapsos
2671 3209 3121 3267 animadverterat
3143 3222 3194 3266 et
3228 3212 3280 3266 in
3304 3224 3397 3265 eos
3422 3211 3510 3282 qui
3538 3209 3681 3265 fidem

2121 3286 2471 3354 peierassent.
2500 3286 2724 3354 Αιειιδιζ,
2922 3353 2925 3354 ν
3072 3290 3087 3297 ‘
3191 3290 3209 3354 _'

2194 3354 2273 3423 (5)
2318 3354 2495 3408 Oleum
2523 3356 2660 3419 quod
2682 3352 2780 3406 Dei
2810 3362 2880 3407 est
2902 3353 3138 3423 feriatur.
3179 3351 3371 3411 Oleum
3404 3351 3678 3408 fet‘iebatur

2117 3422 2491 3495 quiadignitas
2505 3424 2855 3479 sacerdotalis
2869 3422 3442 3495 ludibriohabebatur.
3462 3425 3675 3477 Amsr.

2194 3442 2240 3479 ta
2260 3440 2307 3477 ιιι
2354 3440 2855 3479 nnassacerootans
2871 3440 3103 3484 ltltltUl'IQ
3127 3440 3442 3483 nanepatur.
3462 3440 3675 3477 ncesse.

2190 3494 2267 3566 (4)
2314 3440 2546 3565 ﬁlumque
2578 3498 2740 3566 major
2777 3493 3171 3566 infclicitatha
3206 3494 3511 3566 legendum,
3537 3509 3679 3562 neque

2190 3516 2267 3566 (4)
2314 3516 2546 3565 namque
2578 3516 2657 3563 ma
2684 3516 2740 3549 ar
2777 3516 3069 3565 micucuas.
3099 3516 3171 3547 tta
3206 3516 3511 3563 tcgcnuutn,
3537 3516 3675 3562 neque

2115 3571 2284 3639 major
2303 3567 2604 3639 infelicitas.
2619 3516 2763 3639 Citm
2777 3567 2933 3639 vulgo
2958 3565 3187 3639 pessime
3208 3564 3514 3639 coaluerint_
3533 3579 3675 3617 voces

2116 3634 2276 3691 etiam
2302 3634 2389 3706 nec
2402 3654 2524 3690 esse.
2554 3636 2607 3691 ιιι
2626 3637 2765 3706 quod
2794 3634 2999 3699 videre,
3018 3636 3183 3689 cuivis
3209 3650 3457 3703 pronum.
3484 3634 3673 3706 ΒΑιιτιι.

2186 3710 2263 3777 (5)
2282 3702 2538 3761 Contriias
2553 3702 2675 3762 sexit
2700 3709 2917 3762 vexastis
2940 3716 3091 3761 artes.
3110 3707 3213 3761 Aut
3240 3720 3362 3759 cum
3378 3706 3493 3758 aliis
3510 3704 3676 3758 editio

2116 3780 2273 3833 nibus
2299 3778 2584 3849 legendum
2615 3797 2627 3831 :
2660 3778 2907 3840 numquid
2932 3778 3098 3831 minor
3128 3786 3199 3830 est
3227 3776 3534 3849 infelicitas,
3568 3790 3672 3827 con-

2114 3852 2257 3904 tritas
2287 3850 2305 3923 (
2332 3848 2447 3918 lege
2475 3866 2601 3923 (cum
2622 3850 2864 3903 contritas
2885 3890 2899 3913 ,
2934 3858 2990 3923 ut
3018 3862 3207 3923 supra,
3234 3848 3561 3923 compressit,
3591 3860 3672 3923 pro

2114 3938 2228 3973 cum
2252 3916 2505 3990 prwcessit
2532 3936 2549 3974 :
2572 3918 2592 3989 )
2622 3936 2745 3974 sexit
2769 3922 2984 3974 vexastis
3008 3918 3183 3990 artes?
3210 3933 3344 3983 vere,
3378 3925 3479 3971 etc.
3508 3918 3607 3990 Alit
3630 3916 3666 3969 si

2116 3987 2293 4056 illud,
2328 3987 2580 4059 numquid
2621 3991 2786 4059 minor
2809 4002 2880 4043 est
2927 3988 3239 4059 infelicitas,
3298 3990 3364 4040 ad
3415 3987 3667 4055 superiora

2116 4064 2363 4128 pertinet,
2388 4055 2729 4115 scribendum
2759 4055 2850 4114 hic
2877 4079 2891 4114 :
2923 4055 3161 4113 contritas
3179 4076 3303 4113 sexu
3329 4059 3538 4112 vexastis
3563 4065 3668 4110 σιαο

2116 4132 2225 4184 tes?
2247 4148 2375 4191 vere,
2400 4144 2506 4185 etc.
2522 4130 2629 4186 Sed
2652 4132 2777 4200 quid
2801 4132 2918 4191 hoc.
2935 4132 3192 4185 eontritas
3220 4146 3353 4183 sexu
3380 4128 3589 4200 aetates?
3608 4142 3663 4179 an

2114 4201 2538 4254 subaudiendum
2576 4199 3075 4256 autrestituendum
3098 4242 3114 4265 ,
3142 4202 3403 4270 utriusque
3423 4240 3437 4265 ,
3463 4210 3513 4253 et
3548 4199 3657 4266 lege,

2114 4272 2358 4324 contritas
2385 4272 2649 4336 utriusque
2676 4286 2825 4324 sexus
2856 4273 3068 4325 vexastis
3095 4282 3287 4326 wtates.
3322 4270 3546 4334 zEtates,
3566 4272 3662 4322 sive

2100 4339 2340 4395 'seorsim
2372 4341 2553 4408 capias
2575 4382 2587 4402 ,
2619 4340 2733 4395 sive
2772 4356 2891 4395 cum
2934 4343 3177 4397 contritas
3222 4342 3510 4410 coniungas
3530 4384 3543 4406 ,
3567 4338 3657 4392 ele—

2114 4421 2302 4473 aanter
2330 4413 2546 4479 ponitur
2570 4426 2665 4477 pro
2698 4412 2915 4465 senibus
2942 4452 2955 4479 ,
2985 4426 3078 4465 seu
3111 4414 3356 4479 personis
3381 4412 3525 4465 senio
3553 4423 3661 4463 eon-

2116 4481 2268 4534 fectis
2293 4499 2305 4535 :
2332 4492 2407 4546 ut,
2433 4480 2624 4533 mdium
2648 4490 3070 4545 senectutem,et
3090 4482 3283 4535 aedium
3311 4492 3660 4547 mtatem,pro-

2116 4553 2317 4605 tniscue
2340 4562 2591 4618 usurpata
2612 4551 2864 4614 reperias.
2891 4552 3050 4619 Atqui
3071 4550 3179 4618 jam
3213 4550 3470 4619 virginum
3499 4560 3659 4604 etma-

2116 4632 2386 4675 tronarmn
2412 4664 2424 4682 ,
2451 4624 2503 4674 in
2535 4622 2796 4690 superiori
2827 4623 3044 4679 periodo
3071 4622 3408 4684 meminerat,
3437 4635 3502 4673 an
3526 4619 3659 4689 igitur

2112 4693 2196 4746 hic
2245 4694 2433 4745 iterum
2469 4709 2479 4742 :
2514 4708 2663 4744 sexus
2693 4692 2995 4759 utriusque?
3029 4707 3093 4763 an
3123 4690 3295 4759 potius
3323 4706 3493 4763 senum
3519 4704 3657 4763 scon-

2112 4766 2256 4817 tritas
2284 4779 2457 4816 senum
2504 4764 2719 4817 vexastis
2746 4770 2805 4816 ιιι
2859 4773 2982 4815 ante
3030 4761 3229 4829 aliquot
3278 4776 3399 4829 pag.
3429 4760 3657 4813 invenistis

2110 4835 2284 4903 fideles
2310 4836 2544 4901 antiquos
2564 4874 2580 4896 ,
2609 4840 2712 4886 etc.
2745 4831 3103 4900 Coniiciebam
3128 4832 3416 4903 aliquando
3446 4831 3656 4903 contritas

2111 4900 2235 4957 saxo
2271 4900 2520 4967 vexastis,
2561 4918 2680 4957 cum
2724 4917 2891 4973 pauca
2938 4913 3084 4957 retro
3107 4945 3122 4967 ,
3153 4900 3317 4973 genua
3356 4901 3507 4973 ﬁgere
3538 4900 3655 4973 inter

2111 4990 2319 5044 poenas,
2354 4990 2381 5027 τι
2418 4971 2800 5042 paenitentibus
2829 4973 2970 5043 exigi
3011 4971 3218 5034 solitas,
3256 4971 3654 5044 posuerit..Pra‘.°

2115 5039 2283 5105 terea,
2309 5039 2436 5112 quid
2463 5046 2566 5099 huc
2591 5045 2857 5111 pertinent
2881 5039 3154 5113 sequentia
3178 5039 3475 5098 Psahnistae
3496 5039 3650 5113 verba.

2088 5130 2232 5188 ,qure
2280 5116 2480 5182 profert
2522 5116 2755 5188 _Uptatus
2775 5158 2788 5179 ,
2820 5114 2865 5169 si
3038 5113 3286 5169 contritio
3308 5157 3322 5179 ,
3347 5114 3414 5188 de
3438 5127 3534 5188 qua
3557 5112 3651 5188 δίζε

2110 5180 2316 5253 agitur,
2352 5202 2454 5239 non
2487 5185 2554 5240 ab
2582 5180 2770 5241 eorum
2798 5184 3114 5241 crudelitate
3137 5226 3149 5246 ,
3177 5199 3315 5254 quos
3354 5184 3440 5239 hic
3458 5180 3650 5254 ineas“

2108 5250 2290 5309 noster
2319 5296 2330 5319 ,
2355 5257 2450 5310 sed
2482 5257 2595 5324 ipsa
2621 5272 2809 5309 senum
2850 5264 3005 5309 mtate
3032 5255 3054 5307 ’ἐ
3085 5250 3393 5309 ιιίεἰίιιηιειι
3424 5250 3647 5308 contritas

2106 5327 2359 5395 vexastis,
2399 5342 2494 5395 pro
2522 5326 2851 5380 conterendo
2880 5326 3133 5395 vexastis,
3166 5326 3233 5377 sit
3261 5326 3329 5395 ab
3366 5339 3432 5379 eo
3454 5324 3643 5377 dictum.

2102 5393 2272 5450 Tuum
2296 5393 2413 5449 erit
2433 5397 2735 5458 arbitrium,
2765 5396 2930 5448 lector
2953 5433 2967 5456 ,
3000 5394 3140 5463 quod
3184 5394 3435 5447 malueris
3455 5396 3642 5463 eligere.

2098 5464 2345 5534 Optatum
2367 5476 2544 5520 autem
2572 5464 2833 5535 ejusmodi
2861 5459 3096 5535 argutias
3127 5463 3291 5535 nimis
3323 5459 3539 5535 amasse,
3559 5459 3640 5535 tli-

2104 5528 2221 5588 num
2262 5550 2367 5588 non
2421 5547 2522 5587 tam
2580 5528 2743 5587 multa
2787 5536 2835 5587 in
2859 5528 3057 5586 mundo
3082 5532 3349 5598 exempla,
3384 5528 3641 5598 qumﬁdcm

2102 5603 2353 5659 facerent.
2378 5605 2551 5673 Atque
2580 5619 2679 5673 ego
2706 5620 2823 5672 qua:
2852 5606 2920 5673 ita
2946 5617 3106 5670 super
3128 5604 3229 5655 hoc
3245 5598 3387 5666 loco,
3411 5599 3496 5673 sed
3516 5598 3639 5673 _idcm

2100 5675 2181 5727 vir
2201 5676 2389 5731 doctus
2412 5670 2675 5731 et'acutits
2696 5670 2799 5739 DD,
2832 5672 2982 5742 cuius
3008 5672 3116 5743 iam
3142 5686 3301 5741 supra
3326 5670 3559 5736 memini;
3585 5676 3636 5721 ita
