  <div class='ocr_page' id='page_1' title='image "/cluster/home/n/w/nwhite01/storage/ocr_20150623/11/uva.x000826576/505.png"; bbox 0 0 3828 6218; ppageno 0'>
   <div class='ocr_carea' id='block_1_1' title="bbox 456 244 555 301">
    <p class='ocr_par' dir='ltr' id='par_1_1' title="bbox 456 244 555 301">
     <span class='ocr_line' id='line_1_1' title="bbox 456 244 555 301; baseline -0.01 0"><span class='ocrx_word' id='word_1_1' title='bbox 456 244 555 301; x_wconf 74' lang='grc'><strong>901</strong></span> 
     </span>
    </p>
   </div>
   <div class='ocr_carea' id='block_1_2' title="bbox 1649 232 2523 297">
    <p class='ocr_par' dir='ltr' id='par_1_2' title="bbox 1649 232 2523 297">
     <span class='ocr_line' id='line_1_2' title="bbox 1649 232 2523 297; baseline 0.003 -7"><span class='ocrx_word' id='word_1_2' title='bbox 1649 232 1895 291; x_wconf 69' lang='grc' dir='ltr'><strong>ΒᾹΝΟΤΙ</strong></span> <span class='ocrx_word' id='word_1_3' title='bbox 1931 233 2179 293; x_wconf 77' lang='grc' dir='ltr'><strong>ΟΡΤᾹΤΙ</strong></span> <span class='ocrx_word' id='word_1_4' title='bbox 2221 237 2523 297; x_wconf 79' lang='lat' dir='ltr'><strong>EPISCOPI</strong></span> 
     </span>
    </p>
   </div>
   <div class='ocr_carea' id='block_1_3' title="bbox 3638 239 3743 296">
    <p class='ocr_par' dir='ltr' id='par_1_3' title="bbox 3638 239 3743 296">
     <span class='ocr_line' id='line_1_3' title="bbox 3638 239 3743 296; baseline 0.029 -3"><span class='ocrx_word' id='word_1_5' title='bbox 3638 239 3743 296; x_wconf 72' lang='lat'><strong>992</strong></span> 
     </span>
    </p>
   </div>
   <div class='ocr_carea' id='block_1_4' title="bbox 459 355 3738 433">
    <p class='ocr_par' dir='ltr' id='par_1_4' title="bbox 459 355 3738 433">
     <span class='ocr_line' id='line_1_4' title="bbox 459 355 3738 433; baseline -0.003 -13"><span class='ocrx_word' id='word_1_6' title='bbox 459 363 695 433; x_wconf 88' lang='lat' dir='ltr'><strong>hcnsus,</strong></span> <span class='ocrx_word' id='word_1_7' title='bbox 720 361 869 431; x_wconf 73' lang='lat' dir='ltr'><strong>cuius</strong></span> <span class='ocrx_word' id='word_1_8' title='bbox 908 358 975 415; x_wconf 83' lang='lat' dir='ltr'><strong>fel</strong></span> <span class='ocrx_word' id='word_1_9' title='bbox 1012 364 1064 415; x_wconf 88' lang='lat' dir='ltr'><strong>et</strong></span> <span class='ocrx_word' id='word_1_10' title='bbox 1103 356 1257 427; x_wconf 87' lang='lat' dir='ltr'><strong>jecur</strong></span> <span class='ocrx_word' id='word_1_11' title='bbox 1285 356 1404 411; x_wconf 91' lang='lat' dir='ltr'><strong>tulit</strong></span> <span class='ocrx_word' id='word_1_12' title='bbox 1432 355 1650 421; x_wconf 80' lang='lat' dir='ltr'><strong>Tobias,</strong></span> <span class='ocrx_word' id='word_1_13' title='bbox 1690 356 1755 410; x_wconf 87' lang='lat' dir='ltr'><strong>ad</strong></span> <span class='ocrx_word' id='word_1_14' title='bbox 1810 357 2029 412; x_wconf 62' lang='lat' dir='ltr'><strong>tutelam</strong></span> <span class='ocrx_word' id='word_1_15' title='bbox 2061 363 2105 423; x_wconf 73' lang='grc' dir='ltr'><strong>Α</strong></span> <span class='ocrx_word' id='word_1_16' title='bbox 2134 375 2253 430; x_wconf 85' lang='lat' dir='ltr'><strong>quae</strong></span> <span class='ocrx_word' id='word_1_17' title='bbox 2295 360 2346 413; x_wconf 93' lang='lat' dir='ltr'><strong>in</strong></span> <span class='ocrx_word' id='word_1_18' title='bbox 2400 360 2543 413; x_wconf 91' lang='lat' dir='ltr'><strong>omni</strong></span> <span class='ocrx_word' id='word_1_19' title='bbox 2575 357 2848 414; x_wconf 80' lang='lat' dir='ltr'><strong>Catholica</strong></span> <span class='ocrx_word' id='word_1_20' title='bbox 2883 372 2977 429; x_wconf 85' lang='lat' dir='ltr'><strong>per</strong></span> <span class='ocrx_word' id='word_1_21' title='bbox 3002 364 3176 412; x_wconf 90' lang='lat' dir='ltr'><strong>totum</strong></span> <span class='ocrx_word' id='word_1_22' title='bbox 3208 356 3399 412; x_wconf 87' lang='lat' dir='ltr'><strong>orbem</strong></span> <span class='ocrx_word' id='word_1_23' title='bbox 3438 364 3738 419; x_wconf 86' lang='lat' dir='ltr'><strong>terrarum,</strong></span> 
     </span>
    </p>
   </div>
   <div class='ocr_carea' id='block_1_5' title="bbox 456 449 2037 517">
    <p class='ocr_par' dir='ltr' id='par_1_5' title="bbox 456 449 2037 517">
     <span class='ocr_line' id='line_1_5' title="bbox 456 449 2037 517; baseline -0.007 -2"><span class='ocrx_word' id='word_1_24' title='bbox 456 460 691 517; x_wconf 66' lang='lat' dir='ltr'><strong>fmminae</strong></span> <span class='ocrx_word' id='word_1_25' title='bbox 741 459 916 517; x_wconf 71' lang='lat' dir='ltr'><strong>Serm,</strong></span> <span class='ocrx_word' id='word_1_26' title='bbox 948 461 1003 507; x_wconf 89' lang='lat' dir='ltr'><strong>et</strong></span> <span class='ocrx_word' id='word_1_27' title='bbox 1029 452 1093 505; x_wconf 87' lang='lat' dir='ltr'><strong>ad</strong></span> <span class='ocrx_word' id='word_1_28' title='bbox 1124 450 1567 505; x_wconf 88' lang='lat' dir='ltr'><strong>illuminationem</strong></span> <span class='ocrx_word' id='word_1_29' title='bbox 1610 449 1793 505; x_wconf 66' lang='lat' dir='ltr'><strong>Tobiae</strong></span> <span class='ocrx_word' id='word_1_30' title='bbox 1825 465 1929 504; x_wconf 88' lang='lat' dir='ltr'><strong>non</strong></span> <span class='ocrx_word' id='word_1_31' title='bbox 1959 451 2037 504; x_wconf 89' lang='lat' dir='ltr'><strong>vi-</strong></span> 
     </span>
    </p>
   </div>
   <div class='ocr_carea' id='block_1_6' title="bbox 469 541 2033 616">
    <p class='ocr_par' dir='ltr' id='par_1_6' title="bbox 469 541 2033 616">
     <span class='ocr_line' id='line_1_6' title="bbox 469 541 2033 616; baseline -0.005 -11"><span class='ocrx_word' id='word_1_32' title='bbox 469 550 645 606; x_wconf 98' lang='lat' dir='ltr'><strong>dentis</strong></span> <span class='ocrx_word' id='word_1_33' title='bbox 672 566 686 603; x_wconf 87' lang='lat'><strong><em>:</em></strong></span> <span class='ocrx_word' id='word_1_34' title='bbox 715 545 949 616; x_wconf 79' lang='lat' dir='ltr'><strong>ejusdem</strong></span> <span class='ocrx_word' id='word_1_35' title='bbox 979 543 1140 613; x_wconf 85' lang='lat' dir='ltr'><strong>piscis</strong></span> <span class='ocrx_word' id='word_1_36' title='bbox 1163 552 1186 580; x_wconf 73' lang='grc' dir='ltr'>α</span> <span class='ocrx_word' id='word_1_37' title='bbox 1212 542 1506 597; x_wconf 77' lang='lat' dir='ltr'><strong>visceribus</strong></span> <span class='ocrx_word' id='word_1_38' title='bbox 1535 542 1848 597; x_wconf 84' lang='lat' dir='ltr'><strong>Asmodaeus</strong></span> <span class='ocrx_word' id='word_1_39' title='bbox 1868 541 1896 581; x_wconf 73' lang='grc' dir='ltr'>δ</span> <span class='ocrx_word' id='word_1_40' title='bbox 1920 544 2033 615; x_wconf 90' lang='grc'><strong>(18)</strong></span> 
     </span>
    </p>
   </div>
   <div class='ocr_carea' id='block_1_7' title="bbox 459 634 2035 709">
    <p class='ocr_par' dir='ltr' id='par_1_7' title="bbox 459 634 2035 709">
     <span class='ocr_line' id='line_1_7' title="bbox 459 634 2035 709; baseline -0.006 -9"><span class='ocrx_word' id='word_1_41' title='bbox 459 644 670 700; x_wconf 72' lang='lat' dir='ltr'><strong>dzrmon</strong></span> <span class='ocrx_word' id='word_1_42' title='bbox 702 655 729 693; x_wconf 92' lang='lat' dir='ltr'><strong>a</strong></span> <span class='ocrx_word' id='word_1_43' title='bbox 760 640 888 695; x_wconf 89' lang='lat' dir='ltr'><strong>Sara</strong></span> <span class='ocrx_word' id='word_1_44' title='bbox 918 636 1091 707; x_wconf 89' lang='lat' dir='ltr'><strong>puella</strong></span> <span class='ocrx_word' id='word_1_45' title='bbox 1133 636 1341 705; x_wconf 81' lang='lat' dir='ltr'><strong>fugatus</strong></span> <span class='ocrx_word' id='word_1_46' title='bbox 1390 643 1474 691; x_wconf 88' lang='lat' dir='ltr'><strong>est</strong></span> <span class='ocrx_word' id='word_1_47' title='bbox 1503 634 1665 709; x_wconf 73' lang='lat' dir='ltr'><strong>(qua:</strong></span> <span class='ocrx_word' id='word_1_48' title='bbox 1720 636 2035 707; x_wconf 82' lang='lat' dir='ltr'><strong>intelligitur</strong></span> 
     </span>
    </p>
   </div>
   <div class='ocr_carea' id='block_1_8' title="bbox 462 721 2028 801">
    <p class='ocr_par' dir='ltr' id='par_1_8' title="bbox 462 721 2028 801">
     <span class='ocr_line' id='line_1_8' title="bbox 462 721 2028 801; baseline -0.005 -10"><span class='ocrx_word' id='word_1_49' title='bbox 462 732 730 801; x_wconf 87' lang='lat' dir='ltr'><strong>Ecclesia)</strong></span> <span class='ocrx_word' id='word_1_50' title='bbox 777 742 830 784; x_wconf 91' lang='lat' dir='ltr'><strong>et</strong></span> <span class='ocrx_word' id='word_1_51' title='bbox 876 728 1090 783; x_wconf 74' lang='lat' dir='ltr'><strong>caecitas</strong></span> <span class='ocrx_word' id='word_1_52' title='bbox 1118 742 1146 783; x_wconf 89' lang='lat' dir='ltr'><strong>a</strong></span> <span class='ocrx_word' id='word_1_53' title='bbox 1175 727 1343 782; x_wconf 89' lang='lat' dir='ltr'><strong>Tobia</strong></span> <span class='ocrx_word' id='word_1_54' title='bbox 1370 727 1585 783; x_wconf 85' lang='lat' dir='ltr'><strong>exclusa</strong></span> <span class='ocrx_word' id='word_1_55' title='bbox 1609 735 1693 782; x_wconf 91' lang='lat' dir='ltr'><strong>est</strong></span> <span class='ocrx_word' id='word_1_56' title='bbox 1722 721 1886 800; x_wconf 82' lang='lat' dir='ltr'><strong>(Tob.</strong></span> <span class='ocrx_word' id='word_1_57' title='bbox 1919 730 2028 798; x_wconf 87' lang='lat' dir='ltr'><strong>vt).</strong></span> 
     </span>
    </p>
   </div>
   <div class='ocr_carea' id='block_1_9' title="bbox 456 819 2035 899">
    <p class='ocr_par' dir='ltr' id='par_1_9' title="bbox 456 819 2035 899">
     <span class='ocr_line' id='line_1_9' title="bbox 456 819 2035 899; baseline -0.003 -19"><span class='ocrx_word' id='word_1_58' title='bbox 456 823 571 899; x_wconf 79' lang='grc'><strong>(19)</strong></span> <span class='ocrx_word' id='word_1_59' title='bbox 603 824 699 877; x_wconf 85' lang='lat' dir='ltr'><strong>llic</strong></span> <span class='ocrx_word' id='word_1_60' title='bbox 720 831 803 879; x_wconf 85' lang='lat' dir='ltr'><strong>est</strong></span> <span class='ocrx_word' id='word_1_61' title='bbox 836 820 1018 890; x_wconf 87' lang='lat' dir='ltr'><strong>piscis,</strong></span> <span class='ocrx_word' id='word_1_62' title='bbox 1045 820 1138 891; x_wconf 91' lang='lat' dir='ltr'><strong>qui</strong></span> <span class='ocrx_word' id='word_1_63' title='bbox 1174 820 1225 874; x_wconf 91' lang='lat' dir='ltr'><strong>in</strong></span> <span class='ocrx_word' id='word_1_64' title='bbox 1278 819 1595 890; x_wconf 88' lang='lat' dir='ltr'><strong>baptismate</strong></span> <span class='ocrx_word' id='word_1_65' title='bbox 1621 834 1717 890; x_wconf 89' lang='lat' dir='ltr'><strong>per</strong></span> <span class='ocrx_word' id='word_1_66' title='bbox 1739 820 2035 875; x_wconf 87' lang='lat' dir='ltr'><strong>invocatio-</strong></span> 
     </span>
    </p>
   </div>
   <div class='ocr_carea' id='block_1_10' title="bbox 457 911 2030 982">
    <p class='ocr_par' dir='ltr' id='par_1_10' title="bbox 457 911 2030 982">
     <span class='ocr_line' id='line_1_10' title="bbox 457 911 2030 982; baseline -0.005 -9"><span class='ocrx_word' id='word_1_67' title='bbox 457 931 577 973; x_wconf 89' lang='lat' dir='ltr'><strong>nem</strong></span> <span class='ocrx_word' id='word_1_68' title='bbox 610 913 901 969; x_wconf 74' lang='lat' dir='ltr'><strong>l’ontalibus</strong></span> <span class='ocrx_word' id='word_1_69' title='bbox 936 912 1095 967; x_wconf 87' lang='lat' dir='ltr'><strong>undis</strong></span> <span class='ocrx_word' id='word_1_70' title='bbox 1125 912 1401 977; x_wconf 89' lang='lat' dir='ltr'><strong>inseritur,</strong></span> <span class='ocrx_word' id='word_1_71' title='bbox 1436 920 1494 966; x_wconf 92' lang='lat' dir='ltr'><strong>ut</strong></span> <span class='ocrx_word' id='word_1_72' title='bbox 1519 927 1637 981; x_wconf 75' lang='lat' dir='ltr'><strong>qua:</strong></span> <span class='ocrx_word' id='word_1_73' title='bbox 1665 927 1802 982; x_wconf 87' lang='lat' dir='ltr'><strong>aqua</strong></span> <span class='ocrx_word' id='word_1_74' title='bbox 1830 911 2030 979; x_wconf 84' lang='lat' dir='ltr'><strong>fuerat,</strong></span> 
     </span>
    </p>
   </div>
   <div class='ocr_carea' id='block_1_11' title="bbox 453 1002 2031 1077">
    <p class='ocr_par' dir='ltr' id='par_1_11' title="bbox 453 1002 2031 1077">
     <span class='ocr_line' id='line_1_11' title="bbox 453 1002 2031 1077; baseline -0.005 -13"><span class='ocrx_word' id='word_1_75' title='bbox 453 1023 483 1064; x_wconf 86' lang='lat' dir='ltr'><strong>a</strong></span> <span class='ocrx_word' id='word_1_76' title='bbox 514 1007 657 1077; x_wconf 90' lang='lat' dir='ltr'><strong>pisce</strong></span> <span class='ocrx_word' id='word_1_77' title='bbox 683 1005 844 1060; x_wconf 90' lang='lat' dir='ltr'><strong>etiam</strong></span> <span class='ocrx_word' id='word_1_78' title='bbox 890 1005 1090 1073; x_wconf 87' lang='lat' dir='ltr'><strong>piscina</strong></span> <span class='ocrx_word' id='word_1_79' title='bbox 1124 1004 1407 1059; x_wconf 83' lang='lat' dir='ltr'><strong>vocitetnr.</strong></span> <span class='ocrx_word' id='word_1_80' title='bbox 1438 1003 1606 1072; x_wconf 86' lang='lat' dir='ltr'><strong>Cujus</strong></span> <span class='ocrx_word' id='word_1_81' title='bbox 1636 1002 1802 1073; x_wconf 90' lang='lat' dir='ltr'><strong>piscis</strong></span> <span class='ocrx_word' id='word_1_82' title='bbox 1837 1017 2031 1058; x_wconf 88' lang='lat' dir='ltr'><strong>nomen</strong></span> 
     </span>
    </p>
   </div>
   <div class='ocr_carea' id='block_1_12' title="bbox 453 1092 2074 1180">
    <p class='ocr_par' dir='ltr' id='par_1_12' title="bbox 453 1092 2074 1180">
     <span class='ocr_line' id='line_1_12' title="bbox 453 1092 2074 1180; baseline -0.004 -26"><span class='ocrx_word' id='word_1_83' title='bbox 453 1096 747 1180; x_wconf 77' lang='lat' dir='ltr'><strong>secundum</strong></span> <span class='ocrx_word' id='word_1_84' title='bbox 797 1092 1213 1165; x_wconf 79' lang='lat' dir='ltr'><strong>appellationem</strong></span> <span class='ocrx_word' id='word_1_85' title='bbox 1258 1094 1524 1160; x_wconf 73' lang='lat' dir='ltr'><strong>Grmcam,</strong></span> <span class='ocrx_word' id='word_1_86' title='bbox 1570 1094 1622 1148; x_wconf 90' lang='lat' dir='ltr'><strong>in</strong></span> <span class='ocrx_word' id='word_1_87' title='bbox 1681 1109 1786 1147; x_wconf 91' lang='lat' dir='ltr'><strong>uno</strong></span> <span class='ocrx_word' id='word_1_88' title='bbox 1818 1092 2074 1154; x_wconf 68' lang='lat' dir='ltr'><strong>nomine</strong></span> 
     </span>
    </p>
   </div>
   <div class='ocr_carea' id='block_1_13' title="bbox 451 1185 2033 1261">
    <p class='ocr_par' dir='ltr' id='par_1_13' title="bbox 451 1185 2033 1261">
     <span class='ocr_line' id='line_1_13' title="bbox 451 1185 2033 1261; baseline -0.004 -16"><span class='ocrx_word' id='word_1_89' title='bbox 451 1203 549 1261; x_wconf 84' lang='lat' dir='ltr'><strong>per</strong></span> <span class='ocrx_word' id='word_1_90' title='bbox 587 1187 829 1259; x_wconf 86' lang='lat' dir='ltr'><strong>singulas</strong></span> <span class='ocrx_word' id='word_1_91' title='bbox 873 1186 1084 1241; x_wconf 83' lang='lat' dir='ltr'><strong>litteras</strong></span> <span class='ocrx_word' id='word_1_92' title='bbox 1131 1186 1340 1241; x_wconf 84' lang='lat' dir='ltr'><strong>turbam</strong></span> <span class='ocrx_word' id='word_1_93' title='bbox 1394 1193 1705 1239; x_wconf 88' lang='lat' dir='ltr'><strong>sanctorum</strong></span> <span class='ocrx_word' id='word_1_94' title='bbox 1755 1185 2033 1239; x_wconf 89' lang='lat' dir='ltr'><strong>nominum</strong></span> 
     </span>
    </p>
   </div>
   <div class='ocr_carea' id='block_1_14' title="bbox 448 1277 2037 1351">
    <p class='ocr_par' dir='ltr' id='par_1_14' title="bbox 448 1277 2037 1351">
     <span class='ocr_line' id='line_1_14' title="bbox 448 1277 2037 1351; baseline -0.004 -13"><span class='ocrx_word' id='word_1_95' title='bbox 448 1281 686 1338; x_wconf 81' lang='lat' dir='ltr'><strong>continet</strong></span> <span class='ocrx_word' id='word_1_96' title='bbox 708 1278 847 1351; x_wconf 62' lang='grc' dir='ltr'><strong>(ΩΟ),</strong></span> <span class='ocrx_word' id='word_1_97' title='bbox 874 1278 1068 1337; x_wconf 77' lang='grc' dir='ltr'><strong>ἸΧΘΥΣ</strong></span> <span class='ocrx_word' id='word_1_98' title='bbox 1097 1279 1239 1349; x_wconf 84' lang='lat' dir='ltr'><strong>quod</strong></span> <span class='ocrx_word' id='word_1_99' title='bbox 1262 1288 1345 1333; x_wconf 89' lang='lat' dir='ltr'><strong>est</strong></span> <span class='ocrx_word' id='word_1_100' title='bbox 1365 1277 1639 1345; x_wconf 86' lang='lat' dir='ltr'><strong>Latinum,</strong></span> <span class='ocrx_word' id='word_1_101' title='bbox 1668 1277 1829 1333; x_wconf 78' lang='lat' dir='ltr'><strong>Jesus</strong></span> <span class='ocrx_word' id='word_1_102' title='bbox 1845 1278 2037 1333; x_wconf 78' lang='lat' dir='ltr'><strong>Catus-</strong></span> 
     </span>
    </p>
   </div>
   <div class='ocr_carea' id='block_1_15' title="bbox 446 1369 2031 1442">
    <p class='ocr_par' dir='ltr' id='par_1_15' title="bbox 446 1369 2031 1442">
     <span class='ocr_line' id='line_1_15' title="bbox 446 1369 2031 1442; baseline -0.004 -11"><span class='ocrx_word' id='word_1_103' title='bbox 446 1389 575 1442; x_wconf 74' lang='grc' dir='ltr'><strong>τηε,</strong></span> <span class='ocrx_word' id='word_1_104' title='bbox 610 1373 708 1429; x_wconf 77' lang='grc' dir='ltr'><strong>υει</strong></span> <span class='ocrx_word' id='word_1_105' title='bbox 752 1372 959 1438; x_wconf 74' lang='lat' dir='ltr'><strong>Ftttus,</strong></span> <span class='ocrx_word' id='word_1_106' title='bbox 1004 1371 1310 1429; x_wconf 68' lang='lat' dir='ltr'><strong>SALVATOR.</strong></span> <span class='ocrx_word' id='word_1_107' title='bbox 1369 1370 1519 1427; x_wconf 83' lang='lat' dir='ltr'><strong>Hanc</strong></span> <span class='ocrx_word' id='word_1_108' title='bbox 1572 1385 1669 1425; x_wconf 90' lang='lat' dir='ltr'><strong>vos</strong></span> <span class='ocrx_word' id='word_1_109' title='bbox 1728 1369 1987 1440; x_wconf 88' lang='lat' dir='ltr'><strong>piscinam</strong></span> <span class='ocrx_word' id='word_1_110' title='bbox 2014 1411 2031 1437; x_wconf 90' lang='lat'><strong>,</strong></span> 
     </span>
    </p>
   </div>
   <div class='ocr_carea' id='block_1_16' title="bbox 2144 449 3742 521">
    <p class='ocr_par' dir='ltr' id='par_1_16' title="bbox 2144 449 3742 521">
     <span class='ocr_line' id='line_1_16' title="bbox 2144 449 3742 521; baseline -0.001 -16"><span class='ocrx_word' id='word_1_111' title='bbox 2144 451 2208 505; x_wconf 88' lang='lat' dir='ltr'><strong>ad</strong></span> <span class='ocrx_word' id='word_1_112' title='bbox 2234 452 2397 505; x_wconf 88' lang='lat' dir='ltr'><strong>vitam</strong></span> <span class='ocrx_word' id='word_1_113' title='bbox 2426 452 2637 521; x_wconf 80' lang='lat' dir='ltr'><strong>generis</strong></span> <span class='ocrx_word' id='word_1_114' title='bbox 2669 450 2921 517; x_wconf 92' lang='lat' dir='ltr'><strong>humani,</strong></span> <span class='ocrx_word' id='word_1_115' title='bbox 2960 449 3288 505; x_wconf 78' lang='lat' dir='ltr'><strong>salutaribus</strong></span> <span class='ocrx_word' id='word_1_116' title='bbox 3334 449 3499 503; x_wconf 87' lang='lat' dir='ltr'><strong>undis</strong></span> <span class='ocrx_word' id='word_1_117' title='bbox 3527 450 3742 503; x_wconf 78' lang='lat' dir='ltr'><strong>exube-</strong></span> 
     </span>
    </p>
   </div>
   <div class='ocr_carea' id='block_1_17' title="bbox 2140 540 3741 609">
    <p class='ocr_par' dir='ltr' id='par_1_17' title="bbox 2140 540 3741 609">
     <span class='ocr_line' id='line_1_17' title="bbox 2140 540 3741 609; baseline -0.002 -14"><span class='ocrx_word' id='word_1_118' title='bbox 2140 551 2252 609; x_wconf 88' lang='lat' dir='ltr'><strong>rat;</strong></span> <span class='ocrx_word' id='word_1_119' title='bbox 2288 542 2663 596; x_wconf 84' lang='lat' dir='ltr'><strong>transduxistis</strong></span> <span class='ocrx_word' id='word_1_120' title='bbox 2688 541 2751 595; x_wconf 89' lang='lat' dir='ltr'><strong>ad</strong></span> <span class='ocrx_word' id='word_1_121' title='bbox 2781 541 3103 594; x_wconf 81' lang='lat' dir='ltr'><strong>voluntatem</strong></span> <span class='ocrx_word' id='word_1_122' title='bbox 3128 550 3387 605; x_wconf 83' lang='lat' dir='ltr'><strong>veStram,</strong></span> <span class='ocrx_word' id='word_1_123' title='bbox 3409 549 3465 593; x_wconf 90' lang='lat' dir='ltr'><strong>et</strong></span> <span class='ocrx_word' id='word_1_124' title='bbox 3492 540 3741 593; x_wconf 81' lang='lat' dir='ltr'><strong>sol’vistis</strong></span> 
     </span>
    </p>
   </div>
   <div class='ocr_carea' id='block_1_18' title="bbox 2138 630 3734 702">
    <p class='ocr_par' dir='ltr' id='par_1_18' title="bbox 2138 630 3734 702">
     <span class='ocr_line' id='line_1_18' title="bbox 2138 630 3734 702; baseline -0.001 -16"><span class='ocrx_word' id='word_1_125' title='bbox 2138 633 2406 702; x_wconf 79' lang='lat' dir='ltr'><strong>singulare</strong></span> <span class='ocrx_word' id='word_1_126' title='bbox 2436 632 2720 700; x_wconf 85' lang='lat' dir='ltr'><strong>baptisma,</strong></span> <span class='ocrx_word' id='word_1_127' title='bbox 2750 647 2813 685; x_wconf 76' lang='lat' dir='ltr'><strong>ex</strong></span> <span class='ocrx_word' id='word_1_128' title='bbox 2846 646 2948 700; x_wconf 86' lang='lat' dir='ltr'><strong>quo</strong></span> <span class='ocrx_word' id='word_1_129' title='bbox 2993 630 3317 701; x_wconf 82' lang='lat' dir='ltr'><strong>baptismate</strong></span> <span class='ocrx_word' id='word_1_130' title='bbox 3359 630 3679 685; x_wconf 85' lang='lat' dir='ltr'><strong>hominibus</strong></span> <span class='ocrx_word' id='word_1_131' title='bbox 3712 642 3734 669; x_wconf 70' lang='grc' dir='ltr'><em>ι</em></span> 
     </span>
    </p>
   </div>
   <div class='ocr_carea' id='block_1_19' title="bbox 2138 722 3734 795">
    <p class='ocr_par' dir='ltr' id='par_1_19' title="bbox 2138 722 3734 795">
     <span class='ocr_line' id='line_1_19' title="bbox 2138 722 3734 795; baseline -0.001 -17"><span class='ocrx_word' id='word_1_132' title='bbox 2138 726 2277 778; x_wconf 91' lang='lat' dir='ltr'><strong>muri</strong></span> <span class='ocrx_word' id='word_1_133' title='bbox 2317 724 2444 778; x_wconf 83' lang='lat' dir='ltr'><strong>facti</strong></span> <span class='ocrx_word' id='word_1_134' title='bbox 2503 730 2626 777; x_wconf 90' lang='lat' dir='ltr'><strong>sunt</strong></span> <span class='ocrx_word' id='word_1_135' title='bbox 2650 722 2717 777; x_wconf 87' lang='lat' dir='ltr'><strong>ad</strong></span> <span class='ocrx_word' id='word_1_136' title='bbox 2750 722 3014 777; x_wconf 65' lang='lat' dir='ltr'><strong>tutelam;</strong></span> <span class='ocrx_word' id='word_1_137' title='bbox 3044 734 3099 777; x_wconf 91' lang='lat' dir='ltr'><strong>et</strong></span> <span class='ocrx_word' id='word_1_138' title='bbox 3151 723 3359 779; x_wconf 71' lang='lat' dir='ltr'><strong>l&#39;ecisﬁs</strong></span> <span class='ocrx_word' id='word_1_139' title='bbox 3403 724 3565 794; x_wconf 80' lang='lat' dir='ltr'><strong>quasi</strong></span> <span class='ocrx_word' id='word_1_140' title='bbox 3617 723 3734 795; x_wconf 72' lang='lat'><strong>(21)</strong></span> 
     </span>
    </p>
   </div>
   <div class='ocr_carea' id='block_1_20' title="bbox 2140 813 3739 881">
    <p class='ocr_par' dir='ltr' id='par_1_20' title="bbox 2140 813 3739 881">
     <span class='ocr_line' id='line_1_20' title="bbox 2140 813 3739 881; baseline 0.001 -10"><span class='ocrx_word' id='word_1_141' title='bbox 2140 818 2338 872; x_wconf 89' lang='lat' dir='ltr'><strong>alteros</strong></span> <span class='ocrx_word' id='word_1_142' title='bbox 2370 832 2571 881; x_wconf 90' lang='lat' dir='ltr'><strong>muros,</strong></span> <span class='ocrx_word' id='word_1_143' title='bbox 2606 816 2807 871; x_wconf 91' lang='lat' dir='ltr'><strong>nullum</strong></span> <span class='ocrx_word' id='word_1_144' title='bbox 2837 817 3032 871; x_wconf 86' lang='lat' dir='ltr'><strong>bonum</strong></span> <span class='ocrx_word' id='word_1_145' title='bbox 3056 813 3393 872; x_wconf 76' lang='lat' dir='ltr'><strong>dmditicium</strong></span> <span class='ocrx_word' id='word_1_146' title='bbox 3424 817 3693 872; x_wconf 80' lang='lat' dir='ltr'><strong>iacientes</strong></span> <span class='ocrx_word' id='word_1_147' title='bbox 3723 835 3739 873; x_wconf 88' lang='lat'><strong>:</strong></span> 
     </span>
    </p>
   </div>
   <div class='ocr_carea' id='block_1_21' title="bbox 2141 910 3743 983">
    <p class='ocr_par' dir='ltr' id='par_1_21' title="bbox 2141 910 3743 983">
     <span class='ocr_line' id='line_1_21' title="bbox 2141 910 3743 983; baseline 0.001 -18"><span class='ocrx_word' id='word_1_148' title='bbox 2141 928 2245 965; x_wconf 91' lang='lat' dir='ltr'><strong>nou</strong></span> <span class='ocrx_word' id='word_1_149' title='bbox 2279 911 2533 983; x_wconf 82' lang='lat' dir='ltr'><strong>potuistis</strong></span> <span class='ocrx_word' id='word_1_150' title='bbox 2564 918 2901 976; x_wconf 79' lang='lat' dir='ltr'><strong>construere,</strong></span> <span class='ocrx_word' id='word_1_151' title='bbox 2932 911 3031 964; x_wconf 92' lang='lat' dir='ltr'><strong>nisi</strong></span> <span class='ocrx_word' id='word_1_152' title='bbox 3060 910 3372 971; x_wconf 82' lang='lat' dir='ltr'><strong>dirueretis.</strong></span> <span class='ocrx_word' id='word_1_153' title='bbox 3405 911 3475 965; x_wconf 79' lang='lat' dir='ltr'><strong>Et</strong></span> <span class='ocrx_word' id='word_1_154' title='bbox 3511 920 3539 946; x_wconf 75' lang='grc' dir='ltr'>θ</span> <span class='ocrx_word' id='word_1_155' title='bbox 3580 911 3743 981; x_wconf 81' lang='lat' dir='ltr'><strong>quale</strong></span> 
     </span>
    </p>
   </div>
   <div class='ocr_carea' id='block_1_22' title="bbox 2137 988 3741 1073">
    <p class='ocr_par' dir='ltr' id='par_1_22' title="bbox 2137 988 3741 1073">
     <span class='ocr_line' id='line_1_22' title="bbox 2137 988 3741 1073; baseline -0.001 -18"><span class='ocrx_word' id='word_1_156' title='bbox 2137 1010 2315 1073; x_wconf 87' lang='lat' dir='ltr'><strong>potest</strong></span> <span class='ocrx_word' id='word_1_157' title='bbox 2342 1016 2463 1055; x_wconf 92' lang='lat' dir='ltr'><strong>esse</strong></span> <span class='ocrx_word' id='word_1_158' title='bbox 2489 999 2771 1054; x_wconf 64' lang='lat' dir='ltr'><strong>{editicium</strong></span> <span class='ocrx_word' id='word_1_159' title='bbox 2795 1043 2810 1067; x_wconf 90' lang='lat'><strong>,</strong></span> <span class='ocrx_word' id='word_1_160' title='bbox 2844 1000 2985 1071; x_wconf 90' lang='lat' dir='ltr'><strong>quod</strong></span> <span class='ocrx_word' id='word_1_161' title='bbox 3031 1000 3143 1073; x_wconf 67' lang='lat'><strong>(22)</strong></span> <span class='ocrx_word' id='word_1_162' title='bbox 3178 1001 3245 1057; x_wconf 90' lang='lat' dir='ltr'><strong>de</strong></span> <span class='ocrx_word' id='word_1_163' title='bbox 3270 988 3428 1056; x_wconf 81' lang='lat' dir='ltr'><strong>ruina</strong></span> <span class='ocrx_word' id='word_1_164' title='bbox 3463 1002 3741 1056; x_wconf 47' lang='lat' dir='ltr'><strong>construi-</strong></span> 
     </span>
    </p>
   </div>
   <div class='ocr_carea' id='block_1_23' title="bbox 2139 1093 3743 1163">
    <p class='ocr_par' dir='ltr' id='par_1_23' title="bbox 2139 1093 3743 1163">
     <span class='ocr_line' id='line_1_23' title="bbox 2139 1093 3743 1163; baseline -0.001 -16"><span class='ocrx_word' id='word_1_165' title='bbox 2139 1093 2266 1147; x_wconf 89' lang='lat' dir='ltr'><strong>tur?</strong></span> <span class='ocrx_word' id='word_1_166' title='bbox 2293 1093 2441 1148; x_wconf 85' lang='lat' dir='ltr'><strong>Hanc</strong></span> <span class='ocrx_word' id='word_1_167' title='bbox 2468 1107 2580 1148; x_wconf 91' lang='lat' dir='ltr'><strong>rem</strong></span> <span class='ocrx_word' id='word_1_168' title='bbox 2610 1108 2708 1163; x_wconf 91' lang='lat' dir='ltr'><strong>per</strong></span> <span class='ocrx_word' id='word_1_169' title='bbox 2739 1093 2953 1147; x_wconf 86' lang='lat' dir='ltr'><strong>Esaiam</strong></span> <span class='ocrx_word' id='word_1_170' title='bbox 2982 1095 3299 1163; x_wconf 89' lang='lat' dir='ltr'><strong>pr0phetam</strong></span> <span class='ocrx_word' id='word_1_171' title='bbox 3326 1093 3473 1147; x_wconf 89' lang='lat' dir='ltr'><strong>Deus</strong></span> <span class='ocrx_word' id='word_1_172' title='bbox 3502 1093 3656 1147; x_wconf 90' lang='lat' dir='ltr'><strong>dolet</strong></span> <span class='ocrx_word' id='word_1_173' title='bbox 3686 1100 3743 1146; x_wconf 87' lang='lat' dir='ltr'><strong>et</strong></span> 
     </span>
    </p>
   </div>
   <div class='ocr_carea' id='block_1_24' title="bbox 2138 1183 3740 1255">
    <p class='ocr_par' dir='ltr' id='par_1_24' title="bbox 2138 1183 3740 1255">
     <span class='ocr_line' id='line_1_24' title="bbox 2138 1183 3740 1255; baseline -0.004 -14"><span class='ocrx_word' id='word_1_174' title='bbox 2138 1185 2262 1249; x_wconf 85' lang='lat' dir='ltr'><strong>ﬂet,</strong></span> <span class='ocrx_word' id='word_1_175' title='bbox 2302 1199 2425 1239; x_wconf 91' lang='lat' dir='ltr'><strong>cum</strong></span> <span class='ocrx_word' id='word_1_176' title='bbox 2474 1183 2641 1251; x_wconf 81' lang='lat' dir='ltr'><strong>dicit,</strong></span> <span class='ocrx_word' id='word_1_177' title='bbox 2700 1184 2865 1254; x_wconf 82' lang='lat' dir='ltr'><strong>ﬁliam</strong></span> <span class='ocrx_word' id='word_1_178' title='bbox 2908 1186 2988 1239; x_wconf 88' lang='lat' dir='ltr'><strong>sui</strong></span> <span class='ocrx_word' id='word_1_179' title='bbox 3028 1184 3229 1255; x_wconf 75' lang='lat' dir='ltr'><strong>generis</strong></span> <span class='ocrx_word' id='word_1_180' title='bbox 3288 1200 3398 1238; x_wconf 85' lang='lat' dir='ltr'><strong>esse</strong></span> <span class='ocrx_word' id='word_1_181' title='bbox 3462 1183 3740 1237; x_wconf 60' lang='lat' dir='ltr'><strong>contritam</strong></span> 
     </span>
    </p>
   </div>
   <div class='ocr_carea' id='block_1_25' title="bbox 2141 1274 3739 1352">
    <p class='ocr_par' dir='ltr' id='par_1_25' title="bbox 2141 1274 3739 1352">
     <span class='ocr_line' id='line_1_25' title="bbox 2141 1274 3739 1352; baseline -0.001 -20"><span class='ocrx_word' id='word_1_182' title='bbox 2141 1278 2257 1352; x_wconf 88' lang='lat' dir='ltr'><strong>(ls.</strong></span> <span class='ocrx_word' id='word_1_183' title='bbox 2289 1278 2385 1348; x_wconf 70' lang='lat'><strong>22)</strong></span> <span class='ocrx_word' id='word_1_184' title='bbox 2420 1297 2433 1331; x_wconf 89' lang='lat'>:</span> <span class='ocrx_word' id='word_1_185' title='bbox 2461 1278 2577 1350; x_wconf 73' lang='lat'><strong>(2&#39;5)</strong></span> <span class='ocrx_word' id='word_1_186' title='bbox 2605 1293 2780 1349; x_wconf 85' lang='lat' dir='ltr'><strong>genus</strong></span> <span class='ocrx_word' id='word_1_187' title='bbox 2813 1278 2905 1335; x_wconf 90' lang='lat' dir='ltr'><strong>Dei</strong></span> <span class='ocrx_word' id='word_1_188' title='bbox 2938 1289 3021 1334; x_wconf 91' lang='lat' dir='ltr'><strong>est</strong></span> <span class='ocrx_word' id='word_1_189' title='bbox 3044 1292 3150 1334; x_wconf 91' lang='lat' dir='ltr'><strong>non</strong></span> <span class='ocrx_word' id='word_1_190' title='bbox 3195 1278 3393 1333; x_wconf 89' lang='lat' dir='ltr'><strong>habere</strong></span> <span class='ocrx_word' id='word_1_191' title='bbox 3422 1290 3620 1348; x_wconf 82' lang='lat' dir='ltr'><strong>genus,</strong></span> <span class='ocrx_word' id='word_1_192' title='bbox 3648 1274 3739 1344; x_wconf 82' lang='lat' dir='ltr'><strong>qui</strong></span> 
     </span>
    </p>
   </div>
   <div class='ocr_carea' id='block_1_26' title="bbox 2140 1367 3738 1440">
    <p class='ocr_par' dir='ltr' id='par_1_26' title="bbox 2140 1367 3738 1440">
     <span class='ocr_line' id='line_1_26' title="bbox 2140 1367 3738 1440; baseline -0.004 -13"><span class='ocrx_word' id='word_1_193' title='bbox 2140 1387 2204 1427; x_wconf 79' lang='lat' dir='ltr'><strong>ex</strong></span> <span class='ocrx_word' id='word_1_194' title='bbox 2254 1385 2315 1426; x_wconf 85' lang='lat' dir='ltr'><strong>se</strong></span> <span class='ocrx_word' id='word_1_195' title='bbox 2366 1378 2482 1439; x_wconf 89' lang='lat' dir='ltr'><strong>est,</strong></span> <span class='ocrx_word' id='word_1_196' title='bbox 2536 1379 2590 1425; x_wconf 88' lang='lat' dir='ltr'><strong>et</strong></span> <span class='ocrx_word' id='word_1_197' title='bbox 2650 1378 2834 1427; x_wconf 89' lang='lat' dir='ltr'><strong>manet</strong></span> <span class='ocrx_word' id='word_1_198' title='bbox 2886 1370 2938 1425; x_wconf 92' lang='lat' dir='ltr'><strong>in</strong></span> <span class='ocrx_word' id='word_1_199' title='bbox 2994 1378 3256 1426; x_wconf 73' lang='lat' dir='ltr'><strong>teternum</strong></span> <span class='ocrx_word' id='word_1_200' title='bbox 3302 1368 3347 1425; x_wconf 68' lang='grc' dir='ltr'>τ.</span> <span class='ocrx_word' id='word_1_201' title='bbox 3383 1369 3503 1440; x_wconf 62' lang='lat' dir='ltr'><strong>(Et)</strong></span> <span class='ocrx_word' id='word_1_202' title='bbox 3533 1367 3738 1426; x_wconf 85' lang='lat' dir='ltr'><strong>Similis</strong></span> 
     </span>
    </p>
   </div>
   <div class='ocr_carea' id='block_1_27' title="bbox 1646 1486 2485 1546">
    <p class='ocr_par' dir='ltr' id='par_1_27' title="bbox 1646 1486 2485 1546">
     <span class='ocr_line' id='line_1_27' title="bbox 1646 1486 2485 1546; baseline 0.001 -3"><span class='ocrx_word' id='word_1_203' title='bbox 1646 1486 1937 1545; x_wconf 82' lang='lat' dir='ltr'><strong>LECTION</strong></span> <span class='ocrx_word' id='word_1_204' title='bbox 1946 1489 2027 1546; x_wconf 85' lang='lat' dir='ltr'><strong>ES</strong></span> <span class='ocrx_word' id='word_1_205' title='bbox 2068 1489 2485 1546; x_wconf 81' lang='lat' dir='ltr'><strong>VARIANTES.</strong></span> 
     </span>
    </p>
   </div>
   <div class='ocr_carea' id='block_1_28' title="bbox 481 1550 1337 1682">
    <p class='ocr_par' dir='ltr' id='par_1_28' title="bbox 481 1554 1337 1682">
     <span class='ocr_line' id='line_1_28' title="bbox 481 1554 1337 1635; baseline -0.005 -1"><span class='ocrx_word' id='word_1_206' title='bbox 481 1581 539 1614; x_wconf 75' lang='grc'><strong>’⁸</strong></span> <span class='ocrx_word' id='word_1_207' title='bbox 569 1583 727 1635; x_wconf 82' lang='lat' dir='ltr'><strong>Deest</strong></span> <span class='ocrx_word' id='word_1_208' title='bbox 746 1584 794 1632; x_wconf 92' lang='lat' dir='ltr'><strong>in</strong></span> <span class='ocrx_word' id='word_1_209' title='bbox 819 1597 937 1634; x_wconf 85' lang='lat' dir='ltr'><strong>mss.</strong></span> <span class='ocrx_word' id='word_1_210' title='bbox 973 1563 1104 1633; x_wconf 19' lang='lat' dir='ltr'><strong>SJT.</strong></span> <span class='ocrx_word' id='word_1_211' title='bbox 1132 1590 1185 1634; x_wconf 90' lang='lat' dir='ltr'><strong>et</strong></span> <span class='ocrx_word' id='word_1_212' title='bbox 1206 1582 1262 1633; x_wconf 84' lang='grc' dir='ltr'>Ρ.</span> 
     </span>
     <span class='ocr_line' id='line_1_29' title="bbox 510 1641 1224 1682; baseline 0 0"><span class='ocrx_word' id='word_1_213' title='bbox 510 1641 540 1682; x_wconf 68' lang='grc' dir='ltr'>δ</span> <span class='ocrx_word' id='word_1_214' title='bbox 576 1646 627 1682; x_wconf 84' lang='lat' dir='ltr'><strong>In</strong></span> <span class='ocrx_word' id='word_1_215' title='bbox 653 1660 724 1682; x_wconf 71' lang='lat' dir='ltr'><strong>mc</strong></span> <span class='ocrx_word' id='word_1_216' title='bbox 761 1647 794 1682; x_wconf 71' lang='grc' dir='ltr'><strong>ς</strong></span> <span class='ocrx_word' id='word_1_217' title='bbox 835 1646 871 1682; x_wconf 78' lang='lat' dir='ltr'><strong>l‘.</strong></span> <span class='ocrx_word' id='word_1_218' title='bbox 926 1645 1224 1682; x_wconf 65' lang='lat' dir='ltr'><strong>Nnusmdsm:</strong></span> 
     </span>
    </p>
   </div>
   <div class='ocr_carea' id='block_1_29' title="bbox 514 1645 1262 1759">
    <p class='ocr_par' dir='ltr' id='par_1_29' title="bbox 514 1645 1262 1759">
     <span class='ocr_line' id='line_1_30' title="bbox 514 1645 1241 1697; baseline -0.001 -2"><span class='ocrx_word' id='word_1_219' title='bbox 514 1645 540 1682; x_wconf 73' lang='grc' dir='ltr'>δ</span> <span class='ocrx_word' id='word_1_220' title='bbox 576 1646 629 1695; x_wconf 87' lang='lat' dir='ltr'><strong>la</strong></span> <span class='ocrx_word' id='word_1_221' title='bbox 653 1660 740 1696; x_wconf 88' lang='lat' dir='ltr'><strong>ms.</strong></span> <span class='ocrx_word' id='word_1_222' title='bbox 761 1647 812 1696; x_wconf 93' lang='lat' dir='ltr'><strong>S.</strong></span> <span class='ocrx_word' id='word_1_223' title='bbox 835 1646 891 1697; x_wconf 91' lang='lat' dir='ltr'><strong>G.</strong></span> <span class='ocrx_word' id='word_1_224' title='bbox 920 1645 1241 1697; x_wconf 85' lang='lat' dir='ltr'><strong>Nasmodeus.</strong></span> 
     </span>
     <span class='ocr_line' id='line_1_31' title="bbox 514 1706 1262 1759; baseline -0.001 -1"><span class='ocrx_word' id='word_1_225' title='bbox 514 1711 538 1739; x_wconf 73' lang='grc' dir='ltr'><strong>ο</strong></span> <span class='ocrx_word' id='word_1_226' title='bbox 574 1708 629 1758; x_wconf 87' lang='lat' dir='ltr'><strong>lu</strong></span> <span class='ocrx_word' id='word_1_227' title='bbox 647 1722 737 1759; x_wconf 76' lang='lat' dir='ltr'><strong>ms.</strong></span> <span class='ocrx_word' id='word_1_228' title='bbox 771 1710 823 1758; x_wconf 93' lang='lat' dir='ltr'><strong>S.</strong></span> <span class='ocrx_word' id='word_1_229' title='bbox 852 1708 912 1759; x_wconf 88' lang='lat' dir='ltr'><strong>G.</strong></span> <span class='ocrx_word' id='word_1_230' title='bbox 938 1706 1262 1758; x_wconf 77' lang='lat' dir='ltr'><strong>credentibus.</strong></span> 
     </span>
    </p>
   </div>
   <div class='ocr_carea' id='block_1_30' title="bbox 511 1765 2032 1831">
    <p class='ocr_par' dir='ltr' id='par_1_30' title="bbox 511 1765 2032 1831">
     <span class='ocr_line' id='line_1_32' title="bbox 511 1765 2032 1831; baseline -0.001 -10"><span class='ocrx_word' id='word_1_231' title='bbox 511 1768 538 1809; x_wconf 75' lang='grc' dir='ltr'>ἀ</span> <span class='ocrx_word' id='word_1_232' title='bbox 571 1770 626 1821; x_wconf 87' lang='lat' dir='ltr'><strong>In</strong></span> <span class='ocrx_word' id='word_1_233' title='bbox 650 1784 765 1820; x_wconf 73' lang='lat' dir='ltr'><strong>mss.</strong></span> <span class='ocrx_word' id='word_1_234' title='bbox 808 1772 860 1821; x_wconf 98' lang='grc'><strong>8.</strong></span> <span class='ocrx_word' id='word_1_235' title='bbox 897 1770 955 1822; x_wconf 90' lang='grc' dir='ltr'>Τ.</span> <span class='ocrx_word' id='word_1_236' title='bbox 986 1777 1035 1821; x_wconf 87' lang='lat' dir='ltr'><strong>et</strong></span> <span class='ocrx_word' id='word_1_237' title='bbox 1058 1771 1113 1820; x_wconf 86' lang='lat' dir='ltr'><strong>P.</strong></span> <span class='ocrx_word' id='word_1_238' title='bbox 1155 1771 1207 1821; x_wconf 94' lang='lat' dir='ltr'><strong>S.</strong></span> <span class='ocrx_word' id='word_1_239' title='bbox 1234 1765 1419 1820; x_wconf 86' lang='lat' dir='ltr'><strong>nullum</strong></span> <span class='ocrx_word' id='word_1_240' title='bbox 1452 1780 1651 1831; x_wconf 72' lang='lat' dir='ltr'><strong>novum.</strong></span> <span class='ocrx_word' id='word_1_241' title='bbox 1676 1768 1731 1818; x_wconf 86' lang='lat' dir='ltr'><strong>In</strong></span> <span class='ocrx_word' id='word_1_242' title='bbox 1755 1782 1845 1820; x_wconf 91' lang='lat' dir='ltr'><strong>ms.</strong></span> <span class='ocrx_word' id='word_1_243' title='bbox 1887 1770 1939 1819; x_wconf 91' lang='lat' dir='ltr'><strong>S.</strong></span> <span class='ocrx_word' id='word_1_244' title='bbox 1974 1768 2032 1821; x_wconf 88' lang='lat' dir='ltr'><strong>G.</strong></span> 
     </span>
    </p>
   </div>
   <div class='ocr_carea' id='block_1_31' title="bbox 2136 1578 3648 1695">
    <p class='ocr_par' dir='ltr' id='par_1_31' title="bbox 2136 1578 3648 1695">
     <span class='ocr_line' id='line_1_33' title="bbox 2136 1578 3648 1646; baseline -0.001 -15"><span class='ocrx_word' id='word_1_245' title='bbox 2136 1580 2336 1632; x_wconf 89' lang='lat' dir='ltr'><strong>multum</strong></span> <span class='ocrx_word' id='word_1_246' title='bbox 2358 1581 2545 1633; x_wconf 88' lang='lat' dir='ltr'><strong>bonum.</strong></span> <span class='ocrx_word' id='word_1_247' title='bbox 2572 1580 2648 1631; x_wconf 82' lang='lat' dir='ltr'><strong>Ex</strong></span> <span class='ocrx_word' id='word_1_248' title='bbox 2671 1588 2880 1646; x_wconf 88' lang='lat' dir='ltr'><strong>utroque</strong></span> <span class='ocrx_word' id='word_1_249' title='bbox 2903 1581 3222 1644; x_wconf 73' lang='lat' dir='ltr'><strong>restituimus,</strong></span> <span class='ocrx_word' id='word_1_250' title='bbox 3248 1578 3436 1631; x_wconf 79' lang='lat' dir='ltr'><strong>nullum</strong></span> <span class='ocrx_word' id='word_1_251' title='bbox 3457 1579 3648 1632; x_wconf 79' lang='lat' dir='ltr'><strong>bonum.</strong></span> 
     </span>
     <span class='ocr_line' id='line_1_34' title="bbox 2205 1644 2729 1695; baseline 0 -2"><span class='ocrx_word' id='word_1_252' title='bbox 2205 1648 2229 1675; x_wconf 78' lang='grc'><strong>⁸</strong></span> <span class='ocrx_word' id='word_1_253' title='bbox 2264 1644 2318 1694; x_wconf 88' lang='lat' dir='ltr'><strong>In</strong></span> <span class='ocrx_word' id='word_1_254' title='bbox 2337 1658 2426 1693; x_wconf 78' lang='lat' dir='ltr'><strong>ms.</strong></span> <span class='ocrx_word' id='word_1_255' title='bbox 2449 1645 2500 1695; x_wconf 91' lang='grc'>8.</span> <span class='ocrx_word' id='word_1_256' title='bbox 2528 1644 2584 1694; x_wconf 84' lang='lat' dir='ltr'><strong>G.</strong></span> <span class='ocrx_word' id='word_1_257' title='bbox 2608 1644 2729 1695; x_wconf 87' lang='lat' dir='ltr'><strong>Sed.</strong></span> 
     </span>
    </p>
   </div>
   <div class='ocr_carea' id='block_1_32' title="bbox 2202 1702 3734 1768">
    <p class='ocr_par' dir='ltr' id='par_1_32' title="bbox 2202 1702 3734 1768">
     <span class='ocr_line' id='line_1_35' title="bbox 2202 1702 3734 1768; baseline -0.002 -11"><span class='ocrx_word' id='word_1_258' title='bbox 2202 1705 2223 1745; x_wconf 69' lang='grc' dir='ltr'><strong><em>ἲ</em></strong></span> <span class='ocrx_word' id='word_1_259' title='bbox 2262 1707 2317 1757; x_wconf 86' lang='lat' dir='ltr'><strong>In</strong></span> <span class='ocrx_word' id='word_1_260' title='bbox 2342 1720 2455 1755; x_wconf 85' lang='lat' dir='ltr'><strong>mss.</strong></span> <span class='ocrx_word' id='word_1_261' title='bbox 2499 1708 2552 1755; x_wconf 92' lang='lat' dir='ltr'><strong>S.</strong></span> <span class='ocrx_word' id='word_1_262' title='bbox 2579 1707 2637 1758; x_wconf 88' lang='grc' dir='ltr'>Τ.</span> <span class='ocrx_word' id='word_1_263' title='bbox 2662 1714 2714 1755; x_wconf 91' lang='lat' dir='ltr'><strong>et</strong></span> <span class='ocrx_word' id='word_1_264' title='bbox 2738 1704 2792 1754; x_wconf 86' lang='lat' dir='ltr'><strong>P.</strong></span> <span class='ocrx_word' id='word_1_265' title='bbox 2832 1707 2883 1757; x_wconf 92' lang='grc'><strong>8.</strong></span> <span class='ocrx_word' id='word_1_266' title='bbox 2918 1702 2970 1755; x_wconf 91' lang='lat' dir='ltr'><strong>in</strong></span> <span class='ocrx_word' id='word_1_267' title='bbox 2991 1702 3323 1757; x_wconf 65' lang='lat' dir='ltr'><strong>(sterilitatem.</strong></span> <span class='ocrx_word' id='word_1_268' title='bbox 3353 1704 3416 1766; x_wconf 85' lang='lat' dir='ltr'><strong>_In</strong></span> <span class='ocrx_word' id='word_1_269' title='bbox 3446 1703 3734 1768; x_wconf 80' lang='lat' dir='ltr'><strong>quibusdam</strong></span> 
     </span>
    </p>
   </div>
   <div class='ocr_carea' id='block_1_33' title="bbox 2138 1768 2809 1821">
    <p class='ocr_par' dir='ltr' id='par_1_33' title="bbox 2138 1768 2809 1821">
     <span class='ocr_line' id='line_1_36' title="bbox 2138 1768 2809 1821; baseline -0.003 -1"><span class='ocrx_word' id='word_1_270' title='bbox 2138 1769 2281 1821; x_wconf 85' lang='lat' dir='ltr'><strong>editis</strong></span> <span class='ocrx_word' id='word_1_271' title='bbox 2302 1769 2429 1819; x_wconf 86' lang='lat' dir='ltr'><strong>male</strong></span> <span class='ocrx_word' id='word_1_272' title='bbox 2455 1768 2505 1819; x_wconf 87' lang='lat' dir='ltr'><strong>itt</strong></span> <span class='ocrx_word' id='word_1_273' title='bbox 2527 1768 2809 1821; x_wconf 76' lang='lat' dir='ltr'><strong>wternilatc.</strong></span> 
     </span>
    </p>
   </div>
   <div class='ocr_carea' id='block_1_34' title="bbox 1780 1875 2408 1933">
    <p class='ocr_par' dir='ltr' id='par_1_34' title="bbox 1780 1875 2408 1933">
     <span class='ocr_line' id='line_1_37' title="bbox 1780 1875 2408 1933; baseline -0.006 0"><span class='ocrx_word' id='word_1_274' title='bbox 1780 1877 2139 1933; x_wconf 77' lang='lat' dir='ltr'><strong>VARIORUM</strong></span> <span class='ocrx_word' id='word_1_275' title='bbox 2178 1875 2408 1932; x_wconf 65' lang='grc' dir='ltr'><strong>ΝΟΤιιΕ.</strong></span> 
     </span>
    </p>
   </div>
   <div class='ocr_carea' id='block_1_35' title="bbox 452 1966 3723 2042">
    <p class='ocr_par' dir='ltr' id='par_1_35' title="bbox 452 1966 3723 2042">
     <span class='ocr_line' id='line_1_38' title="bbox 452 1966 3723 2042; baseline -0 -15"><span class='ocrx_word' id='word_1_276' title='bbox 452 1972 727 2028; x_wconf 79' lang='lat' dir='ltr'><strong>videretur</strong></span> <span class='ocrx_word' id='word_1_277' title='bbox 771 1971 895 2027; x_wconf 91' lang='lat' dir='ltr'><strong>illud</strong></span> <span class='ocrx_word' id='word_1_278' title='bbox 916 2013 929 2037; x_wconf 87' lang='lat'><strong>,</strong></span> <span class='ocrx_word' id='word_1_279' title='bbox 978 1972 1118 2042; x_wconf 87' lang='lat' dir='ltr'><strong>quod</strong></span> <span class='ocrx_word' id='word_1_280' title='bbox 1154 1970 1572 2042; x_wconf 86' lang='lat' dir='ltr'><strong>patriarcharum</strong></span> <span class='ocrx_word' id='word_1_281' title='bbox 1610 1971 1679 2026; x_wconf 91' lang='lat' dir='ltr'><strong>sit</strong></span> <span class='ocrx_word' id='word_1_282' title='bbox 1709 1971 1759 2024; x_wconf 93' lang='lat' dir='ltr'><strong>in</strong></span> <span class='ocrx_word' id='word_1_283' title='bbox 1785 1985 1846 2042; x_wconf 86' lang='lat' dir='ltr'><strong>ea</strong></span> <span class='ocrx_word' id='word_1_284' title='bbox 1876 1985 2027 2024; x_wconf 86' lang='lat' dir='ltr'><strong>men-</strong></span> <span class='ocrx_word' id='word_1_285' title='bbox 2056 1978 2104 2037; x_wconf 85' lang='lat' dir='ltr'><strong>B</strong></span> <span class='ocrx_word' id='word_1_286' title='bbox 2134 1972 2243 2042; x_wconf 85' lang='lat' dir='ltr'><strong>ipsa</strong></span> <span class='ocrx_word' id='word_1_287' title='bbox 2270 1979 2374 2023; x_wconf 87' lang='lat' dir='ltr'><strong>tam</strong></span> <span class='ocrx_word' id='word_1_288' title='bbox 2407 1970 2479 2042; x_wconf 76' lang='lat' dir='ltr'><strong>sit</strong></span> <span class='ocrx_word' id='word_1_289' title='bbox 2502 1968 2833 2024; x_wconf 82' lang='lat' dir='ltr'><strong>conveniens</strong></span> <span class='ocrx_word' id='word_1_290' title='bbox 2862 1977 2976 2025; x_wconf 88' lang='lat' dir='ltr'><strong>toto</strong></span> <span class='ocrx_word' id='word_1_291' title='bbox 2999 1966 3197 2039; x_wconf 84' lang='lat' dir='ltr'><strong>Optato</strong></span> <span class='ocrx_word' id='word_1_292' title='bbox 3239 1968 3447 2024; x_wconf 88' lang='lat' dir='ltr'><strong>nullum</strong></span> <span class='ocrx_word' id='word_1_293' title='bbox 3496 1971 3723 2039; x_wconf 88' lang='lat' dir='ltr'><strong>reperiri</strong></span> 
     </span>
    </p>
   </div>
   <div class='ocr_carea' id='block_1_36' title="bbox 452 2040 2016 2111">
    <p class='ocr_par' dir='ltr' id='par_1_36' title="bbox 452 2040 2016 2111">
     <span class='ocr_line' id='line_1_39' title="bbox 452 2040 2016 2111; baseline -0.001 -14"><span class='ocrx_word' id='word_1_294' title='bbox 452 2044 545 2106; x_wconf 91' lang='lat' dir='ltr'><strong>tio,</strong></span> <span class='ocrx_word' id='word_1_295' title='bbox 577 2044 737 2097; x_wconf 92' lang='lat' dir='ltr'><strong>etiam</strong></span> <span class='ocrx_word' id='word_1_296' title='bbox 785 2040 1101 2111; x_wconf 78' lang='lat' dir='ltr'><strong>patriarchae</strong></span> <span class='ocrx_word' id='word_1_297' title='bbox 1133 2040 1345 2107; x_wconf 80' lang='lat' dir='ltr'><strong>nomen,</strong></span> <span class='ocrx_word' id='word_1_298' title='bbox 1401 2043 1514 2096; x_wconf 84' lang='lat' dir='ltr'><strong>sive</strong></span> <span class='ocrx_word' id='word_1_299' title='bbox 1567 2040 2016 2111; x_wconf 85' lang='lat' dir='ltr'><strong>patriarcharum,</strong></span> 
     </span>
    </p>
   </div>
   <div class='ocr_carea' id='block_1_37' title="bbox 451 2110 2026 2183">
    <p class='ocr_par' dir='ltr' id='par_1_37' title="bbox 451 2110 2026 2183">
     <span class='ocr_line' id='line_1_40' title="bbox 451 2110 2026 2183; baseline -0.004 -14"><span class='ocrx_word' id='word_1_300' title='bbox 451 2113 673 2183; x_wconf 56' lang='lat' dir='ltr'><strong>integrae</strong></span> <span class='ocrx_word' id='word_1_301' title='bbox 728 2110 977 2177; x_wconf 78' lang='lat' dir='ltr'><strong>sectioni,</strong></span> <span class='ocrx_word' id='word_1_302' title='bbox 1032 2114 1149 2169; x_wconf 85' lang='lat' dir='ltr'><strong>sive</strong></span> <span class='ocrx_word' id='word_1_303' title='bbox 1200 2113 1359 2183; x_wconf 86' lang='lat' dir='ltr'><strong>capiti</strong></span> <span class='ocrx_word' id='word_1_304' title='bbox 1409 2113 1653 2183; x_wconf 79' lang='lat' dir='ltr'><strong>adlucsit.</strong></span> <span class='ocrx_word' id='word_1_305' title='bbox 1704 2111 1818 2165; x_wconf 87' lang='lat' dir='ltr'><strong>Non</strong></span> <span class='ocrx_word' id='word_1_306' title='bbox 1864 2110 2026 2183; x_wconf 78' lang='lat' dir='ltr'><strong>igitur</strong></span> 
     </span>
    </p>
   </div>
   <div class='ocr_carea' id='block_1_38' title="bbox 451 2182 2024 2254">
    <p class='ocr_par' dir='ltr' id='par_1_38' title="bbox 451 2182 2024 2254">
     <span class='ocr_line' id='line_1_41' title="bbox 451 2182 2024 2254; baseline -0.003 -15"><span class='ocrx_word' id='word_1_307' title='bbox 451 2182 592 2239; x_wconf 83' lang='lat' dir='ltr'><strong>aliud</strong></span> <span class='ocrx_word' id='word_1_308' title='bbox 628 2185 729 2238; x_wconf 91' lang='lat' dir='ltr'><strong>hoc</strong></span> <span class='ocrx_word' id='word_1_309' title='bbox 756 2185 872 2240; x_wconf 90' lang='lat' dir='ltr'><strong>loco</strong></span> <span class='ocrx_word' id='word_1_310' title='bbox 899 2187 1012 2240; x_wconf 79' lang='lat' dir='ltr'><strong>sive</strong></span> <span class='ocrx_word' id='word_1_311' title='bbox 1044 2184 1291 2254; x_wconf 78' lang='lat' dir='ltr'><strong>Optatus,</strong></span> <span class='ocrx_word' id='word_1_312' title='bbox 1321 2185 1433 2239; x_wconf 87' lang='lat' dir='ltr'><strong>sive</strong></span> <span class='ocrx_word' id='word_1_313' title='bbox 1458 2182 1634 2253; x_wconf 87' lang='lat' dir='ltr'><strong>Optati</strong></span> <span class='ocrx_word' id='word_1_314' title='bbox 1667 2183 1835 2254; x_wconf 84' lang='lat' dir='ltr'><strong>lector</strong></span> <span class='ocrx_word' id='word_1_315' title='bbox 1888 2188 1904 2249; x_wconf 94' lang='lat'><strong>(</strong></span> <span class='ocrx_word' id='word_1_316' title='bbox 1931 2182 2024 2252; x_wconf 89' lang='lat' dir='ltr'><strong>qui</strong></span> 
     </span>
    </p>
   </div>
   <div class='ocr_carea' id='block_1_39' title="bbox 458 2252 2024 2323">
    <p class='ocr_par' dir='ltr' id='par_1_39' title="bbox 458 2252 2024 2323">
     <span class='ocr_line' id='line_1_42' title="bbox 458 2252 2024 2323; baseline -0.001 -14"><span class='ocrx_word' id='word_1_317' title='bbox 458 2257 511 2309; x_wconf 90' lang='lat' dir='ltr'><strong>in</strong></span> <span class='ocrx_word' id='word_1_318' title='bbox 542 2270 635 2309; x_wconf 84' lang='lat' dir='ltr'><strong>ora</strong></span> <span class='ocrx_word' id='word_1_319' title='bbox 668 2256 895 2311; x_wconf 76' lang='lat' dir='ltr'><strong>fortasse</strong></span> <span class='ocrx_word' id='word_1_320' title='bbox 925 2256 1042 2310; x_wconf 85' lang='lat' dir='ltr'><strong>libri</strong></span> <span class='ocrx_word' id='word_1_321' title='bbox 1091 2252 1171 2310; x_wconf 70' lang='lat' dir='ltr'><strong>aui</strong></span> <span class='ocrx_word' id='word_1_322' title='bbox 1222 2252 1526 2319; x_wconf 79' lang='lat' dir='ltr'><strong>notaverat,</strong></span> <span class='ocrx_word' id='word_1_323' title='bbox 1575 2252 1716 2323; x_wconf 89' lang='lat' dir='ltr'><strong>quod</strong></span> <span class='ocrx_word' id='word_1_324' title='bbox 1750 2263 1929 2321; x_wconf 87' lang='lat' dir='ltr'><strong>postea</strong></span> <span class='ocrx_word' id='word_1_325' title='bbox 1973 2254 2024 2307; x_wconf 90' lang='lat' dir='ltr'><strong>in</strong></span> 
     </span>
    </p>
   </div>
   <div class='ocr_carea' id='block_1_40' title="bbox 456 2324 2023 2397">
    <p class='ocr_par' dir='ltr' id='par_1_40' title="bbox 456 2324 2023 2397">
     <span class='ocr_line' id='line_1_43' title="bbox 456 2324 2023 2397; baseline -0.001 -18"><span class='ocrx_word' id='word_1_326' title='bbox 456 2327 626 2396; x_wconf 85' lang='lat' dir='ltr'><strong>ipsum</strong></span> <span class='ocrx_word' id='word_1_327' title='bbox 660 2336 965 2397; x_wconf 78' lang='lat' dir='ltr'><strong>comextum</strong></span> <span class='ocrx_word' id='word_1_328' title='bbox 1000 2336 1272 2397; x_wconf 90' lang='lat' dir='ltr'><strong>receptum</strong></span> <span class='ocrx_word' id='word_1_329' title='bbox 1312 2334 1393 2379; x_wconf 89' lang='lat' dir='ltr'><strong>est</strong></span> <span class='ocrx_word' id='word_1_330' title='bbox 1416 2324 1435 2395; x_wconf 97' lang='lat'>)</span> <span class='ocrx_word' id='word_1_331' title='bbox 1460 2325 1589 2389; x_wconf 88' lang='lat' dir='ltr'><strong>vult,</strong></span> <span class='ocrx_word' id='word_1_332' title='bbox 1616 2325 1829 2397; x_wconf 80' lang='lat' dir='ltr'><strong>opinor,</strong></span> <span class='ocrx_word' id='word_1_333' title='bbox 1865 2338 2023 2393; x_wconf 90' lang='lat' dir='ltr'><strong>quam</strong></span> 
     </span>
    </p>
   </div>
   <div class='ocr_carea' id='block_1_41' title="bbox 456 2394 2025 2463">
    <p class='ocr_par' dir='ltr' id='par_1_41' title="bbox 456 2394 2025 2463">
     <span class='ocr_line' id='line_1_44' title="bbox 456 2394 2025 2463; baseline -0.003 -12"><span class='ocrx_word' id='word_1_334' title='bbox 456 2394 603 2451; x_wconf 85' lang='lat' dir='ltr'><strong>illum</strong></span> <span class='ocrx_word' id='word_1_335' title='bbox 633 2396 813 2450; x_wconf 71' lang='lat' dir='ltr'><strong>Tobiae</strong></span> <span class='ocrx_word' id='word_1_336' title='bbox 847 2399 1057 2452; x_wconf 89' lang='lat' dir='ltr'><strong>titulum</strong></span> <span class='ocrx_word' id='word_1_337' title='bbox 1081 2439 1095 2463; x_wconf 93' lang='lat'><strong>,</strong></span> <span class='ocrx_word' id='word_1_338' title='bbox 1128 2394 1239 2451; x_wconf 62' lang='lat' dir='ltr'><strong>&#39;seu</strong></span> <span class='ocrx_word' id='word_1_339' title='bbox 1281 2394 1571 2451; x_wconf 89' lang='lat' dir='ltr'><strong>sectionem</strong></span> <span class='ocrx_word' id='word_1_340' title='bbox 1618 2394 1853 2453; x_wconf 84' lang='lat' dir='ltr'><strong>indicare</strong></span> <span class='ocrx_word' id='word_1_341' title='bbox 1877 2434 1890 2457; x_wconf 93' lang='lat'><strong>,</strong></span> <span class='ocrx_word' id='word_1_342' title='bbox 1921 2408 2025 2463; x_wconf 89' lang='lat' dir='ltr'><strong>qua</strong></span> 
     </span>
    </p>
   </div>
   <div class='ocr_carea' id='block_1_42' title="bbox 454 2464 2027 2538">
    <p class='ocr_par' dir='ltr' id='par_1_42' title="bbox 454 2464 2027 2538">
     <span class='ocr_line' id='line_1_45' title="bbox 454 2464 2027 2538; baseline -0.003 -17"><span class='ocrx_word' id='word_1_343' title='bbox 454 2468 689 2521; x_wconf 85' lang='lat' dir='ltr'><strong>nat-ratio</strong></span> <span class='ocrx_word' id='word_1_344' title='bbox 719 2467 803 2521; x_wconf 87' lang='lat' dir='ltr'><strong>Illa</strong></span> <span class='ocrx_word' id='word_1_345' title='bbox 836 2470 996 2538; x_wconf 89' lang='lat' dir='ltr'><strong>piscis</strong></span> <span class='ocrx_word' id='word_1_346' title='bbox 1027 2468 1077 2522; x_wconf 90' lang='lat' dir='ltr'><strong>in</strong></span> <span class='ocrx_word' id='word_1_347' title='bbox 1110 2467 1325 2538; x_wconf 81' lang='lat' dir='ltr'><strong>Tigride</strong></span> <span class='ocrx_word' id='word_1_348' title='bbox 1360 2464 1863 2538; x_wconf 83' lang='lat' dir='ltr'><strong>ﬂumine_preheusi</strong></span> <span class='ocrx_word' id='word_1_349' title='bbox 1896 2480 2027 2519; x_wconf 84' lang='lat' dir='ltr'><strong>cun-</strong></span> 
     </span>
    </p>
   </div>
   <div class='ocr_carea' id='block_1_43' title="bbox 450 2535 2028 2607">
    <p class='ocr_par' dir='ltr' id='par_1_43' title="bbox 450 2535 2028 2607">
     <span class='ocr_line' id='line_1_46' title="bbox 450 2535 2028 2607; baseline -0.001 -15"><span class='ocrx_word' id='word_1_350' title='bbox 450 2538 666 2603; x_wconf 83' lang='lat' dir='ltr'><strong>tinetur,</strong></span> <span class='ocrx_word' id='word_1_351' title='bbox 691 2535 850 2607; x_wconf 75' lang='lat' dir='ltr'><strong>quod</strong></span> <span class='ocrx_word' id='word_1_352' title='bbox 878 2554 977 2593; x_wconf 89' lang='lat' dir='ltr'><strong>nos</strong></span> <span class='ocrx_word' id='word_1_353' title='bbox 1011 2535 1198 2599; x_wconf 56' lang='lat' dir='ltr'><strong>hodie&#39;</strong></span> <span class='ocrx_word' id='word_1_354' title='bbox 1217 2539 1548 2601; x_wconf 86' lang='lat' dir='ltr'><strong>diceremus,</strong></span> <span class='ocrx_word' id='word_1_355' title='bbox 1578 2535 1752 2591; x_wconf 65' lang='lat' dir='ltr'><strong>Tobiae</strong></span> <span class='ocrx_word' id='word_1_356' title='bbox 1777 2547 1915 2590; x_wconf 70' lang='lat' dir='ltr'><strong>sexto</strong></span> <span class='ocrx_word' id='word_1_357' title='bbox 1942 2553 2028 2590; x_wconf 84' lang='lat' dir='ltr'><strong>ca-</strong></span> 
     </span>
    </p>
   </div>
   <div class='ocr_carea' id='block_1_44' title="bbox 450 2607 2022 2690">
    <p class='ocr_par' dir='ltr' id='par_1_44' title="bbox 450 2607 2022 2690">
     <span class='ocr_line' id='line_1_47' title="bbox 450 2607 2022 2690; baseline -0.001 -29"><span class='ocrx_word' id='word_1_358' title='bbox 450 2610 577 2690; x_wconf 50' lang='lat' dir='ltr'><strong>pite:</strong></span> <span class='ocrx_word' id='word_1_359' title='bbox 604 2608 757 2690; x_wconf 80' lang='lat' dir='ltr'><strong>Quod</strong></span> <span class='ocrx_word' id='word_1_360' title='bbox 794 2612 1035 2681; x_wconf 84' lang='lat' dir='ltr'><strong>sequitur</strong></span> <span class='ocrx_word' id='word_1_361' title='bbox 1065 2608 1361 2685; x_wconf 12' lang='lat' dir='ltr'><strong>:‘Ejusdem</strong></span> <span class='ocrx_word' id='word_1_362' title='bbox 1389 2607 1845 2690; x_wconf 42' lang='lat' dir='ltr'><strong>pisciseisceribus</strong></span> <span class='ocrx_word' id='word_1_363' title='bbox 1871 2648 1886 2673; x_wconf 90' lang='lat'><strong>,</strong></span> <span class='ocrx_word' id='word_1_364' title='bbox 1912 2618 2022 2690; x_wconf 19' lang='lat' dir='ltr'><strong>Acte.</strong></span> 
     </span>
    </p>
   </div>
   <div class='ocr_carea' id='block_1_45' title="bbox 451 2678 2028 2752">
    <p class='ocr_par' dir='ltr' id='par_1_45' title="bbox 451 2678 2028 2752">
     <span class='ocr_line' id='line_1_48' title="bbox 451 2678 2028 2752; baseline -0.001 -19"><span class='ocrx_word' id='word_1_365' title='bbox 451 2678 579 2734; x_wconf 90' lang='lat' dir='ltr'><strong>illud</strong></span> <span class='ocrx_word' id='word_1_366' title='bbox 608 2682 837 2752; x_wconf 75' lang='lat' dir='ltr'><strong>ejusdem</strong></span> <span class='ocrx_word' id='word_1_367' title='bbox 864 2678 1011 2748; x_wconf 30' lang='lat' dir='ltr'><strong>,Vnou</strong></span> <span class='ocrx_word' id='word_1_368' title='bbox 1046 2682 1126 2736; x_wconf 86' lang='lat' dir='ltr'><strong>est</strong></span> <span class='ocrx_word' id='word_1_369' title='bbox 1151 2678 1273 2735; x_wconf 77' lang='lat' dir='ltr'><strong>eum</strong></span> <span class='ocrx_word' id='word_1_370' title='bbox 1303 2679 1668 2752; x_wconf 80' lang='lat' dir='ltr'><strong>superioribus</strong></span> <span class='ocrx_word' id='word_1_371' title='bbox 1696 2688 2028 2752; x_wconf 79' lang='lat' dir='ltr'><strong>connecten-</strong></span> 
     </span>
    </p>
   </div>
   <div class='ocr_carea' id='block_1_46' title="bbox 450 2749 2028 2823">
    <p class='ocr_par' dir='ltr' id='par_1_46' title="bbox 450 2749 2028 2823">
     <span class='ocr_line' id='line_1_49' title="bbox 450 2749 2028 2823; baseline 0 -19"><span class='ocrx_word' id='word_1_372' title='bbox 450 2751 576 2823; x_wconf 84' lang='lat' dir='ltr'><strong>dum</strong></span> <span class='ocrx_word' id='word_1_373' title='bbox 604 2749 793 2820; x_wconf 50' lang='lat' dir='ltr'><strong>{quasi</strong></span> <span class='ocrx_word' id='word_1_374' title='bbox 847 2768 1039 2808; x_wconf 89' lang='lat' dir='ltr'><strong>novum</strong></span> <span class='ocrx_word' id='word_1_375' title='bbox 1088 2752 1215 2823; x_wconf 90' lang='lat' dir='ltr'><strong>quid</strong></span> <span class='ocrx_word' id='word_1_376' title='bbox 1248 2752 1315 2807; x_wconf 86' lang='lat' dir='ltr'><strong>de</strong></span> <span class='ocrx_word' id='word_1_377' title='bbox 1346 2750 1521 2823; x_wconf 81' lang='lat' dir='ltr'><strong>eodem</strong></span> <span class='ocrx_word' id='word_1_378' title='bbox 1552 2751 1695 2823; x_wconf 83' lang='lat' dir='ltr'><strong>pisce</strong></span> <span class='ocrx_word' id='word_1_379' title='bbox 1725 2749 1825 2803; x_wconf 89' lang='lat' dir='ltr'><strong>huc</strong></span> <span class='ocrx_word' id='word_1_380' title='bbox 1848 2760 2028 2818; x_wconf 86' lang='lat' dir='ltr'><strong>poste-</strong></span> 
     </span>
    </p>
   </div>
   <div class='ocr_carea' id='block_1_47' title="bbox 451 2821 2026 2889">
    <p class='ocr_par' dir='ltr' id='par_1_47' title="bbox 451 2821 2026 2889">
     <span class='ocr_line' id='line_1_50' title="bbox 451 2821 2026 2889; baseline -0.001 -14"><span class='ocrx_word' id='word_1_381' title='bbox 451 2821 591 2875; x_wconf 88' lang='lat' dir='ltr'><strong>riore</strong></span> <span class='ocrx_word' id='word_1_382' title='bbox 618 2823 859 2877; x_wconf 79' lang='lat' dir='ltr'><strong>membro</strong></span> <span class='ocrx_word' id='word_1_383' title='bbox 883 2821 1223 2887; x_wconf 72' lang='lat' dir='ltr'><strong>narraretur;</strong></span> <span class='ocrx_word' id='word_1_384' title='bbox 1257 2839 1375 2875; x_wconf 81' lang='lat' dir='ltr'><strong>cum</strong></span> <span class='ocrx_word' id='word_1_385' title='bbox 1414 2822 1554 2875; x_wconf 89' lang='lat' dir='ltr'><strong>enim</strong></span> <span class='ocrx_word' id='word_1_386' title='bbox 1586 2821 1773 2875; x_wconf 88' lang='lat' dir='ltr'><strong>eadem</strong></span> <span class='ocrx_word' id='word_1_387' title='bbox 1806 2834 2026 2889; x_wconf 85' lang='lat' dir='ltr'><strong>prorsus</strong></span> 
     </span>
    </p>
   </div>
   <div class='ocr_carea' id='block_1_48' title="bbox 450 2891 2027 2964">
    <p class='ocr_par' dir='ltr' id='par_1_48' title="bbox 450 2891 2027 2964">
     <span class='ocr_line' id='line_1_51' title="bbox 450 2891 2027 2964; baseline -0.001 -18"><span class='ocrx_word' id='word_1_388' title='bbox 450 2908 571 2961; x_wconf 64' lang='lat' dir='ltr'><strong>qua;</strong></span> <span class='ocrx_word' id='word_1_389' title='bbox 602 2903 758 2947; x_wconf 83' lang='lat' dir='ltr'><strong>antea</strong></span> <span class='ocrx_word' id='word_1_390' title='bbox 804 2904 1028 2964; x_wconf 88' lang='lat' dir='ltr'><strong>repetat,</strong></span> <span class='ocrx_word' id='word_1_391' title='bbox 1077 2893 1408 2949; x_wconf 79' lang='lat' dir='ltr'><strong>manifestam</strong></span> <span class='ocrx_word' id='word_1_392' title='bbox 1445 2892 1790 2961; x_wconf 82' lang='lat' dir='ltr'><strong>tautologiam</strong></span> <span class='ocrx_word' id='word_1_393' title='bbox 1812 2891 2027 2945; x_wconf 88' lang='lat' dir='ltr'><strong>commi-</strong></span> 
     </span>
    </p>
   </div>
   <div class='ocr_carea' id='block_1_49' title="bbox 452 2964 2029 3035">
    <p class='ocr_par' dir='ltr' id='par_1_49' title="bbox 452 2964 2029 3035">
     <span class='ocr_line' id='line_1_52' title="bbox 452 2964 2029 3035; baseline -0.001 -19"><span class='ocrx_word' id='word_1_394' title='bbox 452 2964 651 3026; x_wconf 85' lang='lat' dir='ltr'><strong>sisset;</strong></span> <span class='ocrx_word' id='word_1_395' title='bbox 686 2964 777 3018; x_wconf 89' lang='lat' dir='ltr'><strong>sed</strong></span> <span class='ocrx_word' id='word_1_396' title='bbox 804 2966 1031 3035; x_wconf 85' lang='lat' dir='ltr'><strong>ejusdem</strong></span> <span class='ocrx_word' id='word_1_397' title='bbox 1074 2968 1214 3020; x_wconf 79' lang='lat' dir='ltr'><strong>valet</strong></span> <span class='ocrx_word' id='word_1_398' title='bbox 1246 2967 1397 3017; x_wconf 86' lang='lat' dir='ltr'><strong>unius</strong></span> <span class='ocrx_word' id='word_1_399' title='bbox 1436 2980 1493 3015; x_wconf 92' lang='lat' dir='ltr'><strong>ac</strong></span> <span class='ocrx_word' id='word_1_400' title='bbox 1530 2966 1755 3029; x_wconf 79' lang='lat' dir='ltr'><strong>ejusdem</strong></span> <span class='ocrx_word' id='word_1_401' title='bbox 1786 2980 1798 3015; x_wconf 89' lang='lat'>:</span> <span class='ocrx_word' id='word_1_402' title='bbox 1835 2965 2029 3035; x_wconf 83' lang='lat' dir='ltr'><strong>repetit</strong></span> 
     </span>
    </p>
   </div>
   <div class='ocr_carea' id='block_1_50' title="bbox 450 3034 2031 3105">
    <p class='ocr_par' dir='ltr' id='par_1_50' title="bbox 450 3034 2031 3105">
     <span class='ocr_line' id='line_1_53' title="bbox 450 3034 2031 3105; baseline -0.001 -19"><span class='ocrx_word' id='word_1_403' title='bbox 450 3044 630 3088; x_wconf 89' lang='lat' dir='ltr'><strong>autem</strong></span> <span class='ocrx_word' id='word_1_404' title='bbox 684 3034 897 3105; x_wconf 85' lang='lat' dir='ltr'><strong>paulum</strong></span> <span class='ocrx_word' id='word_1_405' title='bbox 948 3038 1243 3091; x_wconf 85' lang='lat' dir='ltr'><strong>immutatis</strong></span> <span class='ocrx_word' id='word_1_406' title='bbox 1294 3037 1497 3098; x_wconf 78' lang='lat' dir='ltr'><strong>verbis,</strong></span> <span class='ocrx_word' id='word_1_407' title='bbox 1548 3046 1603 3087; x_wconf 91' lang='lat' dir='ltr'><strong>ut</strong></span> <span class='ocrx_word' id='word_1_408' title='bbox 1654 3036 1704 3087; x_wconf 90' lang='lat' dir='ltr'><strong>in</strong></span> <span class='ocrx_word' id='word_1_409' title='bbox 1739 3036 1811 3088; x_wconf 88' lang='lat' dir='ltr'><strong>rei</strong></span> <span class='ocrx_word' id='word_1_410' title='bbox 1860 3034 2031 3087; x_wconf 89' lang='lat' dir='ltr'><strong>admi-</strong></span> 
     </span>
    </p>
   </div>
   <div class='ocr_carea' id='block_1_51' title="bbox 448 3104 2029 3174">
    <p class='ocr_par' dir='ltr' id='par_1_51' title="bbox 448 3104 2029 3174">
     <span class='ocr_line' id='line_1_54' title="bbox 448 3104 2029 3174; baseline -0.001 -15"><span class='ocrx_word' id='word_1_411' title='bbox 448 3104 632 3159; x_wconf 77' lang='lat' dir='ltr'><strong>randa:</strong></span> <span class='ocrx_word' id='word_1_412' title='bbox 688 3104 1033 3162; x_wconf 80' lang='lat' dir='ltr'><strong>meditatione</strong></span> <span class='ocrx_word' id='word_1_413' title='bbox 1089 3108 1341 3163; x_wconf 87' lang='lat' dir='ltr'><strong>lectorem</strong></span> <span class='ocrx_word' id='word_1_414' title='bbox 1400 3112 1642 3160; x_wconf 88' lang='lat' dir='ltr'><strong>moretur</strong></span> <span class='ocrx_word' id='word_1_415' title='bbox 1703 3105 2029 3174; x_wconf 87' lang='lat' dir='ltr'><strong>aliquamdiu</strong></span> 
     </span>
    </p>
   </div>
   <div class='ocr_carea' id='block_1_52' title="bbox 450 3176 2029 3248">
    <p class='ocr_par' dir='ltr' id='par_1_52' title="bbox 450 3176 2029 3248">
     <span class='ocr_line' id='line_1_55' title="bbox 450 3176 2029 3248; baseline -0.001 -22"><span class='ocrx_word' id='word_1_416' title='bbox 450 3188 513 3248; x_wconf 86' lang='lat' dir='ltr'><strong>ae</strong></span> <span class='ocrx_word' id='word_1_417' title='bbox 542 3176 775 3248; x_wconf 75' lang='lat' dir='ltr'><strong>detineat</strong></span> <span class='ocrx_word' id='word_1_418' title='bbox 802 3196 813 3230; x_wconf 84' lang='lat'><strong>:</strong></span> <span class='ocrx_word' id='word_1_419' title='bbox 844 3194 1008 3248; x_wconf 86' lang='lat' dir='ltr'><strong>quare</strong></span> <span class='ocrx_word' id='word_1_420' title='bbox 1052 3180 1243 3247; x_wconf 88' lang='lat' dir='ltr'><strong>placet,</strong></span> <span class='ocrx_word' id='word_1_421' title='bbox 1272 3189 1327 3230; x_wconf 92' lang='lat' dir='ltr'><strong>ut</strong></span> <span class='ocrx_word' id='word_1_422' title='bbox 1369 3177 1492 3231; x_wconf 87' lang='lat' dir='ltr'><strong>hinc</strong></span> <span class='ocrx_word' id='word_1_423' title='bbox 1519 3191 1730 3245; x_wconf 85' lang='lat' dir='ltr'><strong>quoque</strong></span> <span class='ocrx_word' id='word_1_424' title='bbox 1768 3191 1903 3248; x_wconf 85' lang='lat' dir='ltr'><strong>nova</strong></span> <span class='ocrx_word' id='word_1_425' title='bbox 1937 3191 2029 3242; x_wconf 71' lang='lat' dir='ltr'><strong>pc-</strong></span> 
     </span>
    </p>
   </div>
   <div class='ocr_carea' id='block_1_53' title="bbox 450 3246 2024 3373">
    <p class='ocr_par' dir='ltr' id='par_1_53' title="bbox 450 3246 2024 3373">
     <span class='ocr_line' id='line_1_56' title="bbox 450 3246 2024 3373; baseline -0.001 -74"><span class='ocrx_word' id='word_1_426' title='bbox 450 3246 666 3373; x_wconf 52' lang='grc' dir='ltr'><strong>ἱῖυάὲιε,</strong></span> <span class='ocrx_word' id='word_1_427' title='bbox 700 3246 901 3319; x_wconf 82' lang='lat' dir='ltr'><strong>scriptu</strong></span> <span class='ocrx_word' id='word_1_428' title='bbox 948 3246 1069 3320; x_wconf 84' lang='lat' dir='ltr'><strong>post</strong></span> <span class='ocrx_word' id='word_1_429' title='bbox 1098 3251 1312 3327; x_wconf 69' lang='lat' dir='ltr'><strong>videntis</strong></span> <span class='ocrx_word' id='word_1_430' title='bbox 1337 3249 1497 3319; x_wconf 86' lang='lat' dir='ltr'><strong>pleno</strong></span> <span class='ocrx_word' id='word_1_431' title='bbox 1522 3256 1718 3317; x_wconf 86' lang='lat' dir='ltr'><strong>puncto</strong></span> <span class='ocrx_word' id='word_1_432' title='bbox 1741 3288 1757 3313; x_wconf 90' lang='lat'><strong>,</strong></span> <span class='ocrx_word' id='word_1_433' title='bbox 1786 3247 2024 3315; x_wconf 86' lang='lat' dir='ltr'><strong>incipiat.</strong></span> 
     </span>
     <span class='ocr_line' id='line_1_57' title="bbox 507 3334 780 3373; baseline 0.004 -4"><span class='ocrx_word' id='word_1_434' title='bbox 507 3356 518 3369; x_wconf 89' lang='lat'><strong>.</strong></span> <span class='ocrx_word' id='word_1_435' title='bbox 596 3334 780 3373; x_wconf 63' lang='lat' dir='ltr'><strong>assus.</strong></span> 
     </span>
    </p>
   </div>
   <div class='ocr_carea' id='block_1_54' title="bbox 507 3334 780 3375">
    <p class='ocr_par' dir='ltr' id='par_1_54' title="bbox 507 3334 780 3375">
     <span class='ocr_line' id='line_1_58' title="bbox 507 3334 780 3375; baseline 0.004 -6"><span class='ocrx_word' id='word_1_436' title='bbox 507 3356 518 3369; x_wconf 83' lang='lat'><strong>.</strong></span> <span class='ocrx_word' id='word_1_437' title='bbox 554 3334 780 3375; x_wconf 69' lang='lat' dir='ltr'><strong>LASAUB.</strong></span> 
     </span>
    </p>
   </div>
   <div class='ocr_carea' id='block_1_55' title="bbox 522 3387 2033 3459">
    <p class='ocr_par' dir='ltr' id='par_1_55' title="bbox 522 3387 2033 3459">
     <span class='ocr_line' id='line_1_59' title="bbox 522 3387 2033 3459; baseline 0 -17"><span class='ocrx_word' id='word_1_438' title='bbox 522 3389 634 3459; x_wconf 84' lang='lat' dir='ltr'><strong>(l8)</strong></span> <span class='ocrx_word' id='word_1_439' title='bbox 678 3391 994 3447; x_wconf 72' lang='lat' dir='ltr'><strong>Asinodwus.</strong></span> <span class='ocrx_word' id='word_1_440' title='bbox 1040 3392 1150 3447; x_wconf 88' lang='lat' dir='ltr'><strong>lloc</strong></span> <span class='ocrx_word' id='word_1_441' title='bbox 1207 3406 1401 3444; x_wconf 87' lang='lat' dir='ltr'><strong>nomen</strong></span> <span class='ocrx_word' id='word_1_442' title='bbox 1458 3399 1541 3443; x_wconf 89' lang='lat' dir='ltr'><strong>est</strong></span> <span class='ocrx_word' id='word_1_443' title='bbox 1588 3387 1850 3459; x_wconf 69' lang='lat' dir='ltr'><strong>daemonis</strong></span> <span class='ocrx_word' id='word_1_444' title='bbox 1891 3388 2033 3459; x_wconf 87' lang='lat' dir='ltr'><strong>illius</strong></span> 
     </span>
    </p>
   </div>
   <div class='ocr_carea' id='block_1_56' title="bbox 492 3458 2031 3532">
    <p class='ocr_par' dir='ltr' id='par_1_56' title="bbox 492 3458 2031 3532">
     <span class='ocr_line' id='line_1_60' title="bbox 492 3458 2031 3532; baseline 0 -19"><span class='ocrx_word' id='word_1_445' title='bbox 592 3462 964 3532; x_wconf 82' lang='lat' dir='ltr'><strong>interl&#39;ercerat</strong></span> <span class='ocrx_word' id='word_1_446' title='bbox 1017 3473 1223 3532; x_wconf 84' lang='lat' dir='ltr'><strong>septem</strong></span> <span class='ocrx_word' id='word_1_447' title='bbox 1279 3463 1488 3531; x_wconf 85' lang='lat' dir='ltr'><strong>priores</strong></span> <span class='ocrx_word' id='word_1_448' title='bbox 1520 3462 1739 3515; x_wconf 87' lang='lat' dir='ltr'><strong>maritos</strong></span> <span class='ocrx_word' id='word_1_449' title='bbox 1777 3458 1946 3532; x_wconf 72' lang='lat' dir='ltr'><strong>Sat-te.</strong></span> <span class='ocrx_word' id='word_1_450' title='bbox 1975 3458 2031 3514; x_wconf 87' lang='lat' dir='ltr'><strong>In</strong></span> 
     </span>
    </p>
   </div>
   <div class='ocr_carea' id='block_1_57' title="bbox 498 3529 2030 3597">
    <p class='ocr_par' dir='ltr' id='par_1_57' title="bbox 498 3529 2030 3597">
     <span class='ocr_line' id='line_1_61' title="bbox 498 3529 2030 3597; baseline -0.001 -14"><span class='ocrx_word' id='word_1_451' title='bbox 498 3530 675 3584; x_wconf 70' lang='lat' dir='ltr'><strong>ebrmo</strong></span> <span class='ocrx_word' id='word_1_452' title='bbox 696 3531 906 3586; x_wconf 84' lang='lat' dir='ltr'><strong>Sebast.</strong></span> <span class='ocrx_word' id='word_1_453' title='bbox 940 3529 1197 3590; x_wconf 80' lang='lat' dir='ltr'><strong>Miinsteri</strong></span> <span class='ocrx_word' id='word_1_454' title='bbox 1237 3529 1291 3587; x_wconf 25' lang='lat' dir='ltr'><strong>c.‘</strong></span> <span class='ocrx_word' id='word_1_455' title='bbox 1318 3548 1401 3597; x_wconf 90' lang='lat' dir='ltr'><strong>vt,</strong></span> <span class='ocrx_word' id='word_1_456' title='bbox 1435 3547 1484 3583; x_wconf 94' lang='lat' dir='ltr'><strong>v.</strong></span> <span class='ocrx_word' id='word_1_457' title='bbox 1523 3532 1588 3586; x_wconf 74' lang='lat' dir='ltr'><strong>M</strong></span> <span class='ocrx_word' id='word_1_458' title='bbox 1620 3548 1633 3584; x_wconf 90' lang='lat'><strong>:</strong></span> <span class='ocrx_word' id='word_1_459' title='bbox 1668 3529 1855 3584; x_wconf 78' lang='lat' dir='ltr'><strong>Audivi</strong></span> <span class='ocrx_word' id='word_1_460' title='bbox 1880 3532 2030 3583; x_wconf 88' lang='lat' dir='ltr'><strong>etiam</strong></span> 
     </span>
    </p>
   </div>
   <div class='ocr_carea' id='block_1_58' title="bbox 445 3600 2033 3675">
    <p class='ocr_par' dir='ltr' id='par_1_58' title="bbox 445 3600 2033 3675">
     <span class='ocr_line' id='line_1_62' title="bbox 445 3600 2033 3675; baseline 0.001 -22"><span class='ocrx_word' id='word_1_461' title='bbox 445 3600 581 3669; x_wconf 70' lang='lat' dir='ltr'><strong>Quod</strong></span> <span class='ocrx_word' id='word_1_462' title='bbox 625 3600 923 3657; x_wconf 78' lang='lat' dir='ltr'><strong>Asmodwus</strong></span> <span class='ocrx_word' id='word_1_463' title='bbox 960 3606 1196 3675; x_wconf 74' lang='lat' dir='ltr'><strong>princeps</strong></span> <span class='ocrx_word' id='word_1_464' title='bbox 1239 3605 1528 3657; x_wconf 75' lang='lat' dir='ltr'><strong>dwmonum</strong></span> <span class='ocrx_word' id='word_1_465' title='bbox 1563 3602 1875 3675; x_wconf 73' lang='lat' dir='ltr'><strong>interfecerit</strong></span> <span class='ocrx_word' id='word_1_466' title='bbox 1912 3616 2033 3675; x_wconf 74' lang='lat' dir='ltr'><strong>eos;</strong></span> 
     </span>
    </p>
   </div>
   <div class='ocr_carea' id='block_1_59' title="bbox 444 3672 2030 3745">
    <p class='ocr_par' dir='ltr' id='par_1_59' title="bbox 444 3672 2030 3745">
     <span class='ocr_line' id='line_1_63' title="bbox 444 3672 2030 3745; baseline 0.001 -22"><span class='ocrx_word' id='word_1_467' title='bbox 444 3684 764 3745; x_wconf 74' lang='lat' dir='ltr'><strong>quwpropter</strong></span> <span class='ocrx_word' id='word_1_468' title='bbox 788 3690 881 3745; x_wconf 86' lang='lat' dir='ltr'><strong>ego</strong></span> <span class='ocrx_word' id='word_1_469' title='bbox 906 3672 1055 3730; x_wconf 84' lang='lat' dir='ltr'><strong>timeo</strong></span> <span class='ocrx_word' id='word_1_470' title='bbox 1096 3672 1241 3731; x_wconf 81' lang='lat' dir='ltr'><strong>ualde</strong></span> <span class='ocrx_word' id='word_1_471' title='bbox 1283 3692 1344 3729; x_wconf 86' lang='lat' dir='ltr'><strong>ne</strong></span> <span class='ocrx_word' id='word_1_472' title='bbox 1371 3678 1503 3744; x_wconf 78' lang='lat' dir='ltr'><strong>forte</strong></span> <span class='ocrx_word' id='word_1_473' title='bbox 1531 3684 1575 3726; x_wconf 86' lang='lat' dir='ltr'><strong>et</strong></span> <span class='ocrx_word' id='word_1_474' title='bbox 1601 3688 1681 3725; x_wconf 88' lang='lat' dir='ltr'><strong>me</strong></span> <span class='ocrx_word' id='word_1_475' title='bbox 1708 3672 1905 3725; x_wconf 82' lang='lat' dir='ltr'><strong>occidat</strong></span> <span class='ocrx_word' id='word_1_476' title='bbox 1934 3672 2030 3725; x_wconf 79' lang='lat' dir='ltr'><strong>As-</strong></span> 
     </span>
    </p>
   </div>
   <div class='ocr_carea' id='block_1_60' title="bbox 449 3744 942 3801">
    <p class='ocr_par' dir='ltr' id='par_1_60' title="bbox 449 3744 942 3801">
     <span class='ocr_line' id='line_1_64' title="bbox 449 3744 942 3801; baseline 0.012 -8"><span class='ocrx_word' id='word_1_477' title='bbox 449 3744 698 3797; x_wconf 79' lang='lat' dir='ltr'><strong>ntodteus.</strong></span> <span class='ocrx_word' id='word_1_478' title='bbox 722 3746 795 3800; x_wconf 81' lang='lat' dir='ltr'><strong>Du</strong></span> <span class='ocrx_word' id='word_1_479' title='bbox 822 3744 942 3801; x_wconf 71' lang='lat' dir='ltr'><strong>PIN.</strong></span> 
     </span>
    </p>
   </div>
   <div class='ocr_carea' id='block_1_61' title="bbox 516 3811 2029 3887">
    <p class='ocr_par' dir='ltr' id='par_1_61' title="bbox 516 3811 2029 3887">
     <span class='ocr_line' id='line_1_65' title="bbox 516 3811 2029 3887; baseline 0 -19"><span class='ocrx_word' id='word_1_480' title='bbox 516 3811 632 3885; x_wconf 88' lang='grc'><strong>(19)</strong></span> <span class='ocrx_word' id='word_1_481' title='bbox 677 3814 777 3869; x_wconf 84' lang='lat' dir='ltr'><strong>Hic</strong></span> <span class='ocrx_word' id='word_1_482' title='bbox 821 3820 995 3887; x_wconf 85' lang='lat' dir='ltr'><strong>piscis,</strong></span> <span class='ocrx_word' id='word_1_483' title='bbox 1046 3817 1133 3887; x_wconf 85' lang='lat' dir='ltr'><strong>qui</strong></span> <span class='ocrx_word' id='word_1_484' title='bbox 1175 3817 1225 3870; x_wconf 88' lang='lat' dir='ltr'><strong>in</strong></span> <span class='ocrx_word' id='word_1_485' title='bbox 1276 3816 1573 3884; x_wconf 84' lang='lat' dir='ltr'><strong>baptismate</strong></span> <span class='ocrx_word' id='word_1_486' title='bbox 1616 3830 1707 3887; x_wconf 84' lang='lat' dir='ltr'><strong>per</strong></span> <span class='ocrx_word' id='word_1_487' title='bbox 1748 3813 2029 3868; x_wconf 77' lang='lat' dir='ltr'><strong>inuocatio-</strong></span> 
     </span>
    </p>
   </div>
   <div class='ocr_carea' id='block_1_62' title="bbox 446 3886 2029 3954">
    <p class='ocr_par' dir='ltr' id='par_1_62' title="bbox 446 3886 2029 3954">
     <span class='ocr_line' id='line_1_66' title="bbox 446 3886 2029 3954; baseline 0.003 -19"><span class='ocrx_word' id='word_1_488' title='bbox 446 3900 576 3954; x_wconf 77' lang='lat' dir='ltr'><strong>nem,</strong></span> <span class='ocrx_word' id='word_1_489' title='bbox 602 3896 705 3941; x_wconf 90' lang='lat' dir='ltr'><strong>etc.</strong></span> <span class='ocrx_word' id='word_1_490' title='bbox 733 3886 827 3941; x_wconf 83' lang='lat' dir='ltr'><strong>Fr.</strong></span> <span class='ocrx_word' id='word_1_491' title='bbox 844 3886 1085 3942; x_wconf 85' lang='lat' dir='ltr'><strong>Balduini</strong></span> <span class='ocrx_word' id='word_1_492' title='bbox 1111 3888 1272 3941; x_wconf 81' lang='lat' dir='ltr'><strong>editio</strong></span> <span class='ocrx_word' id='word_1_493' title='bbox 1295 3889 1352 3952; x_wconf 62' lang='grc' dir='ltr'><strong>ἓ,</strong></span> <span class='ocrx_word' id='word_1_494' title='bbox 1378 3900 1464 3954; x_wconf 83' lang='lat' dir='ltr'><strong>per</strong></span> <span class='ocrx_word' id='word_1_495' title='bbox 1492 3886 1857 3939; x_wconf 78' lang='lat' dir='ltr'><strong>invocationem</strong></span> <span class='ocrx_word' id='word_1_496' title='bbox 1886 3901 1904 3938; x_wconf 90' lang='lat'><strong><em>:</em></strong></span> <span class='ocrx_word' id='word_1_497' title='bbox 1934 3887 2029 3941; x_wconf 84' lang='lat' dir='ltr'><strong>sed</strong></span> 
     </span>
    </p>
   </div>
   <div class='ocr_carea' id='block_1_63' title="bbox 449 3953 2029 4026">
    <p class='ocr_par' dir='ltr' id='par_1_63' title="bbox 449 3953 2029 4026">
     <span class='ocr_line' id='line_1_67' title="bbox 449 3953 2029 4026; baseline 0.003 -20"><span class='ocrx_word' id='word_1_498' title='bbox 449 3953 722 4010; x_wconf 89' lang='lat' dir='ltr'><strong>Barthinm</strong></span> <span class='ocrx_word' id='word_1_499' title='bbox 774 3975 869 4013; x_wconf 90' lang='lat' dir='ltr'><strong>cur</strong></span> <span class='ocrx_word' id='word_1_500' title='bbox 926 3976 1031 4013; x_wconf 88' lang='lat' dir='ltr'><strong>non</strong></span> <span class='ocrx_word' id='word_1_501' title='bbox 1087 3953 1398 4013; x_wconf 83' lang='lat' dir='ltr'><strong>audiamus?</strong></span> <span class='ocrx_word' id='word_1_502' title='bbox 1421 3956 1796 4013; x_wconf 86' lang='lat' dir='ltr'><strong>emendantem</strong></span> <span class='ocrx_word' id='word_1_503' title='bbox 1836 3972 1924 4026; x_wconf 84' lang='lat' dir='ltr'><strong>per</strong></span> <span class='ocrx_word' id='word_1_504' title='bbox 1950 3959 2029 4010; x_wconf 90' lang='lat' dir='ltr'><strong>in-</strong></span> 
     </span>
    </p>
   </div>
   <div class='ocr_carea' id='block_1_64' title="bbox 448 4026 1295 4085">
    <p class='ocr_par' dir='ltr' id='par_1_64' title="bbox 448 4026 1295 4085">
     <span class='ocr_line' id='line_1_68' title="bbox 448 4026 1295 4085; baseline 0.007 -8"><span class='ocrx_word' id='word_1_505' title='bbox 448 4026 739 4081; x_wconf 81' lang='lat' dir='ltr'><strong>tinctionem</strong></span> <span class='ocrx_word' id='word_1_506' title='bbox 772 4045 834 4083; x_wconf 87' lang='lat' dir='ltr'><strong>ex</strong></span> <span class='ocrx_word' id='word_1_507' title='bbox 868 4030 960 4084; x_wconf 91' lang='lat' dir='ltr'><strong>lih.</strong></span> <span class='ocrx_word' id='word_1_508' title='bbox 993 4047 1045 4083; x_wconf 88' lang='lat' dir='ltr'><strong>v.</strong></span> <span class='ocrx_word' id='word_1_509' title='bbox 1084 4030 1295 4085; x_wconf 70' lang='lat' dir='ltr'><strong>lucem.</strong></span> 
     </span>
    </p>
   </div>
   <div class='ocr_carea' id='block_1_65' title="bbox 521 4095 2027 4166">
    <p class='ocr_par' dir='ltr' id='par_1_65' title="bbox 521 4095 2027 4166">
     <span class='ocr_line' id='line_1_69' title="bbox 521 4095 2027 4166; baseline 0.004 -19"><span class='ocrx_word' id='word_1_510' title='bbox 521 4095 633 4165; x_wconf 66' lang='lat'><strong>(&#39;30)</strong></span> <span class='ocrx_word' id='word_1_511' title='bbox 686 4097 907 4153; x_wconf 83' lang='lat' dir='ltr'><strong>Turbam</strong></span> <span class='ocrx_word' id='word_1_512' title='bbox 963 4112 1253 4155; x_wconf 84' lang='lat' dir='ltr'><strong>sanctorum</strong></span> <span class='ocrx_word' id='word_1_513' title='bbox 1300 4100 1563 4153; x_wconf 79' lang='lat' dir='ltr'><strong>nominum</strong></span> <span class='ocrx_word' id='word_1_514' title='bbox 1605 4099 1848 4152; x_wconf 83' lang='lat' dir='ltr'><strong>continet.</strong></span> <span class='ocrx_word' id='word_1_515' title='bbox 1894 4098 2027 4166; x_wconf 84' lang='lat' dir='ltr'><strong>Quia</strong></span> 
     </span>
    </p>
   </div>
   <div class='ocr_carea' id='block_1_66' title="bbox 448 4166 2030 4239">
    <p class='ocr_par' dir='ltr' id='par_1_66' title="bbox 448 4166 2030 4239">
     <span class='ocr_line' id='line_1_70' title="bbox 448 4166 2030 4239; baseline 0.003 -20"><span class='ocrx_word' id='word_1_516' title='bbox 448 4166 656 4239; x_wconf 77' lang='lat' dir='ltr'><strong>scilicet</strong></span> <span class='ocrx_word' id='word_1_517' title='bbox 707 4172 903 4239; x_wconf 79' lang='lat' dir='ltr'><strong>sit&#39;guli</strong></span> <span class='ocrx_word' id='word_1_518' title='bbox 949 4184 1253 4226; x_wconf 74' lang='lat' dir='ltr'><strong>caraoteres</strong></span> <span class='ocrx_word' id='word_1_519' title='bbox 1305 4174 1450 4224; x_wconf 79' lang='lat' dir='ltr'><strong>Vttcls</strong></span> <span class='ocrx_word' id='word_1_520' title='bbox 1492 4171 1644 4237; x_wconf 81' lang='lat' dir='ltr'><strong>hujus</strong></span> <span class='ocrx_word' id='word_1_521' title='bbox 1679 4180 1873 4232; x_wconf 78' lang='grc' dir='ltr'><strong>ιΧΘΥΣ,</strong></span> <span class='ocrx_word' id='word_1_522' title='bbox 1906 4182 2030 4225; x_wconf 89' lang='lat' dir='ltr'><strong>sunt</strong></span> 
     </span>
    </p>
   </div>
   <div class='ocr_carea' id='block_1_67' title="bbox 450 4236 2027 4317">
    <p class='ocr_par' dir='ltr' id='par_1_67' title="bbox 450 4236 2027 4317">
     <span class='ocr_line' id='line_1_71' title="bbox 450 4236 2027 4317; baseline 0.004 -27"><span class='ocrx_word' id='word_1_523' title='bbox 450 4236 702 4317; x_wconf 23' lang='lat' dir='ltr'><strong>initiales‘</strong></span> <span class='ocrx_word' id='word_1_524' title='bbox 743 4236 932 4295; x_wconf 74' lang='lat' dir='ltr'><strong>littera:</strong></span> <span class='ocrx_word' id='word_1_525' title='bbox 984 4244 1258 4317; x_wconf 85' lang='lat' dir='ltr'><strong>nominum</strong></span> <span class='ocrx_word' id='word_1_526' title='bbox 1308 4236 1737 4317; x_wconf 51' lang='lat' dir='ltr'><strong>Qltristi‘lnaeeg</strong></span> <span class='ocrx_word' id='word_1_527' title='bbox 1784 4243 2027 4317; x_wconf 70' lang='lat' dir='ltr'><strong>Xptc&#39;t&#39;og,</strong></span> 
     </span>
    </p>
   </div>
   <div class='ocr_carea' id='block_1_68' title="bbox 389 4312 2029 4389">
    <p class='ocr_par' dir='ltr' id='par_1_68' title="bbox 389 4312 2029 4389">
     <span class='ocr_line' id='line_1_72' title="bbox 389 4312 2029 4389; baseline 0.001 -26"><span class='ocrx_word' id='word_1_528' title='bbox 389 4325 393 4330; x_wconf 82' lang='lat'><strong>‘</strong></span> <span class='ocrx_word' id='word_1_529' title='bbox 449 4316 579 4389; x_wconf 60' lang='lat' dir='ltr'><strong>9cm?</strong></span> <span class='ocrx_word' id='word_1_530' title='bbox 616 4312 772 4389; x_wconf 46' lang='lat' dir='ltr'><strong>fide,</strong></span> <span class='ocrx_word' id='word_1_531' title='bbox 809 4318 999 4389; x_wconf 49' lang='grc' dir='ltr'>Σωτήρ.</span> <span class='ocrx_word' id='word_1_532' title='bbox 1045 4314 1242 4389; x_wconf 11' lang='lat' dir='ltr'><strong>Ijlgodcm</strong></span> <span class='ocrx_word' id='word_1_533' title='bbox 1273 4313 1462 4389; x_wconf 75' lang='lat' dir='ltr'><strong>alludit</strong></span> <span class='ocrx_word' id='word_1_534' title='bbox 1488 4312 1849 4389; x_wconf 64' lang='lat' dir='ltr'><strong>Tertullianus</strong></span> <span class='ocrx_word' id='word_1_535' title='bbox 1876 4312 2029 4389; x_wconf 73' lang='lat' dir='ltr'><strong>initio</strong></span> 
     </span>
    </p>
   </div>
   <div class='ocr_carea' id='block_1_69' title="bbox 448 4378 2030 4454">
    <p class='ocr_par' dir='ltr' id='par_1_69' title="bbox 448 4378 2030 4454">
     <span class='ocr_line' id='line_1_73' title="bbox 448 4378 2030 4454; baseline 0.003 -23"><span class='ocrx_word' id='word_1_536' title='bbox 448 4378 571 4433; x_wconf 84' lang='lat' dir='ltr'><strong>libri</strong></span> <span class='ocrx_word' id='word_1_537' title='bbox 607 4380 674 4435; x_wconf 82' lang='lat' dir='ltr'><strong>de</strong></span> <span class='ocrx_word' id='word_1_538' title='bbox 705 4378 967 4454; x_wconf 69' lang='lat' dir='ltr'><strong>baptismo</strong></span> <span class='ocrx_word' id='word_1_539' title='bbox 1002 4402 1015 4438; x_wconf 88' lang='lat'><strong>:</strong></span> <span class='ocrx_word' id='word_1_540' title='bbox 1052 4385 1155 4436; x_wconf 75' lang='lat' dir='ltr'><strong>Sed</strong></span> <span class='ocrx_word' id='word_1_541' title='bbox 1184 4399 1273 4437; x_wconf 87' lang='lat' dir='ltr'><strong>nos</strong></span> <span class='ocrx_word' id='word_1_542' title='bbox 1308 4384 1539 4449; x_wconf 80' lang='lat' dir='ltr'><strong>pisciculi</strong></span> <span class='ocrx_word' id='word_1_543' title='bbox 1568 4383 1845 4436; x_wconf 87' lang='lat' dir='ltr'><strong>secundum</strong></span> <span class='ocrx_word' id='word_1_544' title='bbox 1877 4384 2030 4454; x_wconf 78' lang='grc' dir='ltr'><strong>ἰχθῦν</strong></span> 
     </span>
    </p>
   </div>
   <div class='ocr_carea' id='block_1_70' title="bbox 450 4449 2033 4522">
    <p class='ocr_par' dir='ltr' id='par_1_70' title="bbox 450 4449 2033 4522">
     <span class='ocr_line' id='line_1_74' title="bbox 450 4449 2033 4522; baseline 0.004 -21"><span class='ocrx_word' id='word_1_545' title='bbox 450 4460 679 4504; x_wconf 84' lang='lat' dir='ltr'><strong>nostrum</strong></span> <span class='ocrx_word' id='word_1_546' title='bbox 707 4449 886 4506; x_wconf 72' lang='lat' dir='ltr'><strong>Iesum</strong></span> <span class='ocrx_word' id='word_1_547' title='bbox 910 4452 1184 4509; x_wconf 79' lang='lat' dir='ltr'><strong>‘Cltristum</strong></span> <span class='ocrx_word' id='word_1_548' title='bbox 1210 4456 1260 4507; x_wconf 92' lang='lat' dir='ltr'><strong>in</strong></span> <span class='ocrx_word' id='word_1_549' title='bbox 1288 4472 1419 4522; x_wconf 79' lang='lat' dir='ltr'><strong>aqua</strong></span> <span class='ocrx_word' id='word_1_550' title='bbox 1461 4454 1738 4517; x_wconf 88' lang='lat' dir='ltr'><strong>nascimur,</strong></span> <span class='ocrx_word' id='word_1_551' title='bbox 1770 4469 1859 4507; x_wconf 88' lang='lat' dir='ltr'><strong>nec</strong></span> <span class='ocrx_word' id='word_1_552' title='bbox 1884 4449 2033 4507; x_wconf 74' lang='lat' dir='ltr'><strong>aliter</strong></span> 
     </span>
    </p>
   </div>
   <div class='ocr_carea' id='block_1_71' title="bbox 447 4523 2032 4594">
    <p class='ocr_par' dir='ltr' id='par_1_71' title="bbox 447 4523 2032 4594">
     <span class='ocr_line' id='line_1_75' title="bbox 447 4523 2032 4594; baseline 0.003 -23"><span class='ocrx_word' id='word_1_553' title='bbox 447 4536 599 4594; x_wconf 84' lang='lat' dir='ltr'><strong>quam</strong></span> <span class='ocrx_word' id='word_1_554' title='bbox 626 4524 676 4576; x_wconf 90' lang='lat' dir='ltr'><strong>in</strong></span> <span class='ocrx_word' id='word_1_555' title='bbox 699 4541 830 4588; x_wconf 86' lang='lat' dir='ltr'><strong>aqua</strong></span> <span class='ocrx_word' id='word_1_556' title='bbox 851 4527 1195 4593; x_wconf 74' lang='lat' dir='ltr'><strong>permanendé</strong></span> <span class='ocrx_word' id='word_1_557' title='bbox 1219 4527 1345 4578; x_wconf 82' lang='lat' dir='ltr'><strong>salvi</strong></span> <span class='ocrx_word' id='word_1_558' title='bbox 1373 4541 1567 4580; x_wconf 81' lang='lat' dir='ltr'><strong>sumus.</strong></span> <span class='ocrx_word' id='word_1_559' title='bbox 1592 4523 1681 4577; x_wconf 87' lang='lat' dir='ltr'><strong>Sic</strong></span> <span class='ocrx_word' id='word_1_560' title='bbox 1702 4526 1863 4577; x_wconf 88' lang='lat' dir='ltr'><strong>etiam</strong></span> <span class='ocrx_word' id='word_1_561' title='bbox 1889 4540 2032 4594; x_wconf 84' lang='lat' dir='ltr'><strong>mys-</strong></span> 
     </span>
    </p>
   </div>
   <div class='ocr_carea' id='block_1_72' title="bbox 452 4592 2033 4665">
    <p class='ocr_par' dir='ltr' id='par_1_72' title="bbox 452 4592 2033 4665">
     <span class='ocr_line' id='line_1_76' title="bbox 452 4592 2033 4665; baseline 0.002 -20"><span class='ocrx_word' id='word_1_562' title='bbox 452 4592 642 4665; x_wconf 63' lang='lat' dir='ltr'><strong>terium</strong></span> <span class='ocrx_word' id='word_1_563' title='bbox 662 4664 665 4665; x_wconf 15' lang='grc' dir='ltr'><em>ν</em></span> <span class='ocrx_word' id='word_1_564' title='bbox 684 4596 823 4649; x_wconf 87' lang='lat' dir='ltr'><strong>istud</strong></span> <span class='ocrx_word' id='word_1_565' title='bbox 850 4592 1084 4665; x_wconf 76' lang='lat' dir='ltr'><strong>explieat</strong></span> <span class='ocrx_word' id='word_1_566' title='bbox 1116 4597 1443 4665; x_wconf 78' lang='lat' dir='ltr'><strong>Augustinus</strong></span> <span class='ocrx_word' id='word_1_567' title='bbox 1469 4596 1503 4648; x_wconf 91' lang='lat' dir='ltr'><strong>I.</strong></span> <span class='ocrx_word' id='word_1_568' title='bbox 1530 4610 1693 4648; x_wconf 69' lang='grc' dir='ltr'>χιι-ιιι</span> <span class='ocrx_word' id='word_1_569' title='bbox 1714 4594 1782 4648; x_wconf 88' lang='lat' dir='ltr'><strong>de</strong></span> <span class='ocrx_word' id='word_1_570' title='bbox 1810 4592 2033 4649; x_wconf 79' lang='lat' dir='ltr'><strong>Civitate</strong></span> 
     </span>
    </p>
   </div>
   <div class='ocr_carea' id='block_1_73' title="bbox 452 4661 2029 4737">
    <p class='ocr_par' dir='ltr' id='par_1_73' title="bbox 452 4661 2029 4737">
     <span class='ocr_line' id='line_1_77' title="bbox 452 4661 2029 4737; baseline 0.002 -22"><span class='ocrx_word' id='word_1_571' title='bbox 452 4661 545 4737; x_wconf 79' lang='lat' dir='ltr'><strong>_Dt-i</strong></span> <span class='ocrx_word' id='word_1_572' title='bbox 562 4681 625 4721; x_wconf 89' lang='lat' dir='ltr'><strong>_c.</strong></span> <span class='ocrx_word' id='word_1_573' title='bbox 650 4664 720 4721; x_wconf 77' lang='grc'>25</span> <span class='ocrx_word' id='word_1_574' title='bbox 751 4687 762 4720; x_wconf 87' lang='lat'><strong>:</strong></span> <span class='ocrx_word' id='word_1_575' title='bbox 800 4661 996 4720; x_wconf 78' lang='lat' dir='ltr'><strong>[lorum</strong></span> <span class='ocrx_word' id='word_1_576' title='bbox 1021 4677 1185 4720; x_wconf 80' lang='lat' dir='ltr'><strong>autem</strong></span> <span class='ocrx_word' id='word_1_577' title='bbox 1202 4661 1496 4737; x_wconf 40' lang='lat' dir='ltr'><strong>‘grwcorum</strong></span> <span class='ocrx_word' id='word_1_578' title='bbox 1519 4667 1734 4735; x_wconf 85' lang='lat' dir='ltr'><strong>quinque</strong></span> <span class='ocrx_word' id='word_1_579' title='bbox 1769 4665 2029 4737; x_wconf 78' lang='lat' dir='ltr'><strong>verborum</strong></span> 
     </span>
    </p>
   </div>
   <div class='ocr_carea' id='block_1_74' title="bbox 2132 2040 2615 2095">
    <p class='ocr_par' dir='ltr' id='par_1_74' title="bbox 2132 2040 2615 2095">
     <span class='ocr_line' id='line_1_78' title="bbox 2132 2040 2615 2095; baseline -0.002 -2"><span class='ocrx_word' id='word_1_580' title='bbox 2132 2041 2382 2095; x_wconf 87' lang='lat' dir='ltr'><strong>arbitror.</strong></span> <span class='ocrx_word' id='word_1_581' title='bbox 2413 2040 2615 2095; x_wconf 67' lang='lat' dir='ltr'><strong>Bsa&#39;rn.</strong></span> 
     </span>
    </p>
   </div>
   <div class='ocr_carea' id='block_1_75' title="bbox 2199 2109 3722 2183">
    <p class='ocr_par' dir='ltr' id='par_1_75' title="bbox 2199 2109 3722 2183">
     <span class='ocr_line' id='line_1_79' title="bbox 2199 2109 3722 2183; baseline 0.001 -19"><span class='ocrx_word' id='word_1_582' title='bbox 2199 2111 2315 2181; x_wconf 72' lang='grc'><strong>(21)</strong></span> <span class='ocrx_word' id='word_1_583' title='bbox 2357 2111 2559 2183; x_wconf 85' lang='lat' dir='ltr'><strong>Similis</strong></span> <span class='ocrx_word' id='word_1_584' title='bbox 2590 2121 2662 2165; x_wconf 86' lang='lat' dir='ltr'><strong>est</strong></span> <span class='ocrx_word' id='word_1_585' title='bbox 2693 2120 2742 2165; x_wconf 90' lang='lat' dir='ltr'><strong>et</strong></span> <span class='ocrx_word' id='word_1_586' title='bbox 2768 2127 2901 2181; x_wconf 85' lang='lat' dir='ltr'><strong>aqua</strong></span> <span class='ocrx_word' id='word_1_587' title='bbox 2928 2126 3078 2181; x_wconf 88' lang='lat' dir='ltr'><strong>quam</strong></span> <span class='ocrx_word' id='word_1_588' title='bbox 3103 2110 3341 2183; x_wconf 84' lang='lat' dir='ltr'><strong>legimus.</strong></span> <span class='ocrx_word' id='word_1_589' title='bbox 3370 2109 3570 2181; x_wconf 87' lang='lat' dir='ltr'><strong>Optato</strong></span> <span class='ocrx_word' id='word_1_590' title='bbox 3600 2127 3722 2181; x_wconf 83' lang='lat' dir='ltr'><strong>pro-</strong></span> 
     </span>
    </p>
   </div>
   <div class='ocr_carea' id='block_1_76' title="bbox 2138 2182 3721 2251">
    <p class='ocr_par' dir='ltr' id='par_1_76' title="bbox 2138 2182 3721 2251">
     <span class='ocr_line' id='line_1_80' title="bbox 2138 2182 3721 2251; baseline 0.002 -15"><span class='ocrx_word' id='word_1_591' title='bbox 2138 2184 2371 2249; x_wconf 69' lang='lat' dir='ltr'><strong>positum</strong></span> <span class='ocrx_word' id='word_1_592' title='bbox 2406 2182 2489 2235; x_wconf 89' lang='lat' dir='ltr'><strong>hic</strong></span> <span class='ocrx_word' id='word_1_593' title='bbox 2516 2188 2626 2242; x_wconf 88' lang='lat' dir='ltr'><strong>est.</strong></span> <span class='ocrx_word' id='word_1_594' title='bbox 2689 2192 2747 2235; x_wconf 91' lang='lat' dir='ltr'><strong>ut</strong></span> <span class='ocrx_word' id='word_1_595' title='bbox 2794 2183 2963 2237; x_wconf 74' lang='lat' dir='ltr'><strong>Esaia:</strong></span> <span class='ocrx_word' id='word_1_596' title='bbox 2997 2182 3280 2251; x_wconf 69' lang='lat' dir='ltr'><strong>Propheta:</strong></span> <span class='ocrx_word' id='word_1_597' title='bbox 3305 2183 3469 2236; x_wconf 88' lang='lat' dir='ltr'><strong>verba</strong></span> <span class='ocrx_word' id='word_1_598' title='bbox 3512 2184 3582 2238; x_wconf 91' lang='lat' dir='ltr'><strong>de</strong></span> <span class='ocrx_word' id='word_1_599' title='bbox 3613 2185 3721 2239; x_wconf 84' lang='lat' dir='ltr'><strong>Deo</strong></span> 
     </span>
    </p>
   </div>
   <div class='ocr_carea' id='block_1_77' title="bbox 2128 2252 3717 2326">
    <p class='ocr_par' dir='ltr' id='par_1_77' title="bbox 2128 2252 3717 2326">
     <span class='ocr_line' id='line_1_81' title="bbox 2128 2252 3717 2326; baseline 0.003 -21"><span class='ocrx_word' id='word_1_600' title='bbox 2128 2258 2291 2326; x_wconf 83' lang='lat' dir='ltr'><strong>super</strong></span> <span class='ocrx_word' id='word_1_601' title='bbox 2322 2252 2629 2326; x_wconf 78' lang='lat' dir='ltr'><strong>contritione</strong></span> <span class='ocrx_word' id='word_1_602' title='bbox 2655 2253 2781 2323; x_wconf 70' lang='lat' dir='ltr'><strong>ﬁliae</strong></span> <span class='ocrx_word' id='word_1_603' title='bbox 2803 2254 2885 2307; x_wconf 88' lang='lat' dir='ltr'><strong>sui</strong></span> <span class='ocrx_word' id='word_1_604' title='bbox 2901 2255 3113 2326; x_wconf 76' lang='lat' dir='ltr'><strong>generis</strong></span> <span class='ocrx_word' id='word_1_605' title='bbox 3140 2263 3508 2324; x_wconf 85' lang='lat' dir='ltr'><strong>conquerente</strong></span> <span class='ocrx_word' id='word_1_606' title='bbox 3528 2255 3549 2326; x_wconf 92' lang='lat'><strong>(</strong></span> <span class='ocrx_word' id='word_1_607' title='bbox 3569 2266 3717 2323; x_wconf 85' lang='lat' dir='ltr'><strong>post-</strong></span> 
     </span>
    </p>
   </div>
   <div class='ocr_carea' id='block_1_78' title="bbox 2126 2324 3717 2396">
    <p class='ocr_par' dir='ltr' id='par_1_78' title="bbox 2126 2324 3717 2396">
     <span class='ocr_line' id='line_1_82' title="bbox 2126 2324 3717 2396; baseline 0.003 -19"><span class='ocrx_word' id='word_1_608' title='bbox 2126 2338 2189 2396; x_wconf 79' lang='lat' dir='ltr'><strong>ea</strong></span> <span class='ocrx_word' id='word_1_609' title='bbox 2224 2325 2489 2393; x_wconf 88' lang='lat' dir='ltr'><strong>integrum</strong></span> <span class='ocrx_word' id='word_1_610' title='bbox 2537 2324 2713 2396; x_wconf 87' lang='lat' dir='ltr'><strong>locum</strong></span> <span class='ocrx_word' id='word_1_611' title='bbox 2741 2324 2983 2396; x_wconf 76' lang='lat' dir='ltr'><strong>prolixe</strong></span> <span class='ocrx_word' id='word_1_612' title='bbox 3033 2324 3162 2379; x_wconf 91' lang='lat' dir='ltr'><strong>citat</strong></span> <span class='ocrx_word' id='word_1_613' title='bbox 3201 2327 3220 2396; x_wconf 89' lang='lat'><strong>)</strong></span> <span class='ocrx_word' id='word_1_614' title='bbox 3257 2326 3323 2379; x_wconf 89' lang='lat' dir='ltr'><strong>ad</strong></span> <span class='ocrx_word' id='word_1_615' title='bbox 3362 2324 3555 2396; x_wconf 74' lang='lat' dir='ltr'><strong>aquam</strong></span> <span class='ocrx_word' id='word_1_616' title='bbox 3596 2342 3717 2394; x_wconf 86' lang='lat' dir='ltr'><strong>per-</strong></span> 
     </span>
    </p>
   </div>
   <div class='ocr_carea' id='block_1_79' title="bbox 2130 2394 3717 2467">
    <p class='ocr_par' dir='ltr' id='par_1_79' title="bbox 2130 2394 3717 2467">
     <span class='ocr_line' id='line_1_83' title="bbox 2130 2394 3717 2467; baseline 0.002 -20"><span class='ocrx_word' id='word_1_617' title='bbox 2130 2394 2323 2467; x_wconf 83' lang='lat' dir='ltr'><strong>tinere,</strong></span> <span class='ocrx_word' id='word_1_618' title='bbox 2356 2394 2697 2467; x_wconf 84' lang='lat' dir='ltr'><strong>persuadeat.</strong></span> <span class='ocrx_word' id='word_1_619' title='bbox 2723 2394 2875 2467; x_wconf 83' lang='lat' dir='ltr'><strong>Quod</strong></span> <span class='ocrx_word' id='word_1_620' title='bbox 2892 2405 2948 2449; x_wconf 91' lang='lat' dir='ltr'><strong>ut</strong></span> <span class='ocrx_word' id='word_1_621' title='bbox 2968 2394 3305 2467; x_wconf 84' lang='lat' dir='ltr'><strong>assequatur,</strong></span> <span class='ocrx_word' id='word_1_622' title='bbox 3333 2412 3398 2450; x_wconf 82' lang='lat' dir='ltr'><strong>ex</strong></span> <span class='ocrx_word' id='word_1_623' title='bbox 3418 2395 3550 2467; x_wconf 86' lang='lat' dir='ltr'><strong>ipsis</strong></span> <span class='ocrx_word' id='word_1_624' title='bbox 3586 2396 3717 2452; x_wconf 85' lang='lat' dir='ltr'><strong>Pro-</strong></span> 
     </span>
    </p>
   </div>
   <div class='ocr_carea' id='block_1_80' title="bbox 2128 2464 3714 2538">
    <p class='ocr_par' dir='ltr' id='par_1_80' title="bbox 2128 2464 3714 2538">
     <span class='ocr_line' id='line_1_84' title="bbox 2128 2464 3714 2538; baseline 0.001 -19"><span class='ocrx_word' id='word_1_625' title='bbox 2128 2464 2307 2535; x_wconf 69' lang='lat' dir='ltr'><strong>pheta:</strong></span> <span class='ocrx_word' id='word_1_626' title='bbox 2347 2466 2538 2538; x_wconf 79' lang='lat' dir='ltr'><strong>_verbis</strong></span> <span class='ocrx_word' id='word_1_627' title='bbox 2598 2467 2753 2538; x_wconf 93' lang='lat' dir='ltr'><strong>(cum</strong></span> <span class='ocrx_word' id='word_1_628' title='bbox 2802 2466 2997 2533; x_wconf 85' lang='lat' dir='ltr'><strong>Optato</strong></span> <span class='ocrx_word' id='word_1_629' title='bbox 3048 2466 3262 2533; x_wconf 90' lang='lat' dir='ltr'><strong>loquor,</strong></span> <span class='ocrx_word' id='word_1_630' title='bbox 3322 2464 3453 2521; x_wconf 75' lang='lat' dir='ltr'><strong>uani</strong></span> <span class='ocrx_word' id='word_1_631' title='bbox 3491 2468 3714 2523; x_wconf 61' lang='lat' dir='ltr'><strong>Hebre:</strong></span> 
     </span>
    </p>
   </div>
   <div class='ocr_carea' id='block_1_81' title="bbox 2128 2535 3713 2606">
    <p class='ocr_par' dir='ltr' id='par_1_81' title="bbox 2128 2535 3713 2606">
     <span class='ocr_line' id='line_1_85' title="bbox 2128 2535 3713 2606; baseline 0.002 -16"><span class='ocrx_word' id='word_1_632' title='bbox 2128 2535 2399 2606; x_wconf 88' lang='lat' dir='ltr'><strong>quomodo</strong></span> <span class='ocrx_word' id='word_1_633' title='bbox 2429 2535 2682 2602; x_wconf 84' lang='lat' dir='ltr'><strong>habeant,</strong></span> <span class='ocrx_word' id='word_1_634' title='bbox 2714 2549 2808 2591; x_wconf 92' lang='lat' dir='ltr'><strong>aut</strong></span> <span class='ocrx_word' id='word_1_635' title='bbox 2844 2538 2931 2591; x_wconf 91' lang='lat' dir='ltr'><strong>hic</strong></span> <span class='ocrx_word' id='word_1_636' title='bbox 2959 2545 3049 2592; x_wconf 84' lang='lat' dir='ltr'><strong>aut</strong></span> <span class='ocrx_word' id='word_1_637' title='bbox 3078 2538 3240 2603; x_wconf 88' lang='lat' dir='ltr'><strong>alibi,</strong></span> <span class='ocrx_word' id='word_1_638' title='bbox 3274 2553 3381 2592; x_wconf 91' lang='lat' dir='ltr'><strong>non</strong></span> <span class='ocrx_word' id='word_1_639' title='bbox 3412 2539 3713 2593; x_wconf 84' lang='lat' dir='ltr'><strong>monendus</strong></span> 
     </span>
    </p>
   </div>
   <div class='ocr_carea' id='block_1_82' title="bbox 2127 2607 3710 2679">
    <p class='ocr_par' dir='ltr' id='par_1_82' title="bbox 2127 2607 3710 2679">
     <span class='ocr_line' id='line_1_86' title="bbox 2127 2607 3710 2679; baseline 0.001 -17"><span class='ocrx_word' id='word_1_640' title='bbox 2127 2618 2214 2679; x_wconf 81' lang='lat' dir='ltr'><strong>est</strong></span> <span class='ocrx_word' id='word_1_641' title='bbox 2240 2608 2393 2663; x_wconf 84' lang='lat' dir='ltr'><strong>nobis</strong></span> <span class='ocrx_word' id='word_1_642' title='bbox 2419 2607 2626 2679; x_wconf 87' lang='lat' dir='ltr'><strong>lector)</strong></span> <span class='ocrx_word' id='word_1_643' title='bbox 2658 2609 2759 2662; x_wconf 90' lang='lat' dir='ltr'><strong>hoc</strong></span> <span class='ocrx_word' id='word_1_644' title='bbox 2793 2609 2941 2662; x_wconf 89' lang='lat' dir='ltr'><strong>ducit</strong></span> <span class='ocrx_word' id='word_1_645' title='bbox 2982 2618 3361 2677; x_wconf 76' lang='lat' dir='ltr'><strong>argumentum</strong></span> <span class='ocrx_word' id='word_1_646' title='bbox 3397 2627 3412 2662; x_wconf 86' lang='lat'><strong>:</strong></span> <span class='ocrx_word' id='word_1_647' title='bbox 3447 2609 3710 2678; x_wconf 83' lang='lat' dir='ltr'><strong>Propheta</strong></span> 
     </span>
    </p>
   </div>
   <div class='ocr_carea' id='block_1_83' title="bbox 2129 2677 3702 2750">
    <p class='ocr_par' dir='ltr' id='par_1_83' title="bbox 2129 2677 3702 2750">
     <span class='ocr_line' id='line_1_87' title="bbox 2129 2677 3702 2750; baseline 0.003 -21"><span class='ocrx_word' id='word_1_648' title='bbox 2129 2677 2333 2750; x_wconf 79' lang='lat' dir='ltr'><strong>inducit</strong></span> <span class='ocrx_word' id='word_1_649' title='bbox 2376 2679 2541 2733; x_wconf 84' lang='lat' dir='ltr'><strong>Deum</strong></span> <span class='ocrx_word' id='word_1_650' title='bbox 2568 2677 2733 2749; x_wconf 87' lang='lat' dir='ltr'><strong>super</strong></span> <span class='ocrx_word' id='word_1_651' title='bbox 2759 2680 2871 2749; x_wconf 84' lang='lat' dir='ltr'><strong>ﬁlia</strong></span> <span class='ocrx_word' id='word_1_652' title='bbox 2908 2682 2988 2734; x_wconf 86' lang='lat' dir='ltr'><strong>sui</strong></span> <span class='ocrx_word' id='word_1_653' title='bbox 3016 2684 3213 2750; x_wconf 81' lang='lat' dir='ltr'><strong>generis</strong></span> <span class='ocrx_word' id='word_1_654' title='bbox 3255 2677 3702 2750; x_wconf 82' lang='lat' dir='ltr'><strong>conquerentem.</strong></span> 
     </span>
    </p>
   </div>
   <div class='ocr_carea' id='block_1_84' title="bbox 2134 2748 3712 2820">
    <p class='ocr_par' dir='ltr' id='par_1_84' title="bbox 2134 2748 3712 2820">
     <span class='ocr_line' id='line_1_88' title="bbox 2134 2748 3712 2820; baseline 0.002 -17"><span class='ocrx_word' id='word_1_655' title='bbox 2134 2748 2225 2803; x_wconf 89' lang='lat' dir='ltr'><strong>Dei</strong></span> <span class='ocrx_word' id='word_1_656' title='bbox 2253 2758 2431 2804; x_wconf 91' lang='lat' dir='ltr'><strong>autem</strong></span> <span class='ocrx_word' id='word_1_657' title='bbox 2459 2748 2767 2818; x_wconf 33' lang='lat' dir='ltr'><strong>genus&#39;est,</strong></span> <span class='ocrx_word' id='word_1_658' title='bbox 2788 2768 2893 2805; x_wconf 88' lang='lat' dir='ltr'><strong>non</strong></span> <span class='ocrx_word' id='word_1_659' title='bbox 2924 2748 3126 2806; x_wconf 85' lang='lat' dir='ltr'><strong>habere</strong></span> <span class='ocrx_word' id='word_1_660' title='bbox 3148 2766 3338 2813; x_wconf 73' lang='lat' dir='ltr'><strong>genus.</strong></span> <span class='ocrx_word' id='word_1_661' title='bbox 3362 2749 3712 2820; x_wconf 83' lang='lat' dir='ltr'><strong>Consequens</strong></span> 
     </span>
    </p>
   </div>
   <div class='ocr_carea' id='block_1_85' title="bbox 2130 2820 3710 2893">
    <p class='ocr_par' dir='ltr' id='par_1_85' title="bbox 2130 2820 3710 2893">
     <span class='ocr_line' id='line_1_89' title="bbox 2130 2820 3710 2893; baseline 0.001 -19"><span class='ocrx_word' id='word_1_662' title='bbox 2130 2833 2247 2874; x_wconf 87' lang='lat' dir='ltr'><strong>erat</strong></span> <span class='ocrx_word' id='word_1_663' title='bbox 2279 2830 2335 2893; x_wconf 85' lang='lat' dir='ltr'><strong>ut</strong></span> <span class='ocrx_word' id='word_1_664' title='bbox 2366 2820 2504 2893; x_wconf 66' lang='lat' dir='ltr'><strong>idem</strong></span> <span class='ocrx_word' id='word_1_665' title='bbox 2539 2822 2640 2876; x_wconf 90' lang='lat' dir='ltr'><strong>hoc</strong></span> <span class='ocrx_word' id='word_1_666' title='bbox 2672 2830 2725 2876; x_wconf 90' lang='lat' dir='ltr'><strong>et</strong></span> <span class='ocrx_word' id='word_1_667' title='bbox 2765 2839 2909 2893; x_wconf 76' lang='lat' dir='ltr'><strong>aqua:</strong></span> <span class='ocrx_word' id='word_1_668' title='bbox 2936 2823 3234 2877; x_wconf 88' lang='lat' dir='ltr'><strong>convenire</strong></span> <span class='ocrx_word' id='word_1_669' title='bbox 3258 2824 3530 2893; x_wconf 82' lang='lat' dir='ltr'><strong>probaret.</strong></span> <span class='ocrx_word' id='word_1_670' title='bbox 3556 2823 3710 2889; x_wconf 77' lang='lat' dir='ltr'><strong>Quod</strong></span> 
     </span>
    </p>
   </div>
   <div class='ocr_carea' id='block_1_86' title="bbox 2131 2890 3711 2961">
    <p class='ocr_par' dir='ltr' id='par_1_86' title="bbox 2131 2890 3711 2961">
     <span class='ocr_line' id='line_1_90' title="bbox 2131 2890 3711 2961; baseline 0.003 -18"><span class='ocrx_word' id='word_1_671' title='bbox 2131 2904 2259 2945; x_wconf 88' lang='lat' dir='ltr'><strong>sane</strong></span> <span class='ocrx_word' id='word_1_672' title='bbox 2278 2891 2344 2944; x_wconf 89' lang='lat' dir='ltr'><strong>ab</strong></span> <span class='ocrx_word' id='word_1_673' title='bbox 2360 2890 2553 2960; x_wconf 89' lang='lat' dir='ltr'><strong>Optato</strong></span> <span class='ocrx_word' id='word_1_674' title='bbox 2579 2908 2685 2946; x_wconf 90' lang='lat' dir='ltr'><strong>non</strong></span> <span class='ocrx_word' id='word_1_675' title='bbox 2710 2890 3127 2960; x_wconf 63' lang='lat' dir='ltr'><strong>praitermissum</strong></span> <span class='ocrx_word' id='word_1_676' title='bbox 3150 2901 3234 2948; x_wconf 88' lang='lat' dir='ltr'><strong>est</strong></span> <span class='ocrx_word' id='word_1_677' title='bbox 3255 2890 3277 2955; x_wconf 68' lang='grc' dir='ltr'><em>ζ</em></span> <span class='ocrx_word' id='word_1_678' title='bbox 3301 2890 3473 2961; x_wconf 79' lang='lat' dir='ltr'><strong>neque</strong></span> <span class='ocrx_word' id='word_1_679' title='bbox 3491 2894 3711 2948; x_wconf 88' lang='lat' dir='ltr'><strong>omnino</strong></span> 
     </span>
    </p>
   </div>
   <div class='ocr_carea' id='block_1_87' title="bbox 2134 2963 3715 3032">
    <p class='ocr_par' dir='ltr' id='par_1_87' title="bbox 2134 2963 3715 3032">
     <span class='ocr_line' id='line_1_91' title="bbox 2134 2963 3715 3032; baseline 0.003 -18"><span class='ocrx_word' id='word_1_680' title='bbox 2134 2964 2325 3031; x_wconf 88' lang='lat' dir='ltr'><strong>potuit.</strong></span> <span class='ocrx_word' id='word_1_681' title='bbox 2375 2964 2531 3032; x_wconf 83' lang='lat' dir='ltr'><strong>Quali</strong></span> <span class='ocrx_word' id='word_1_682' title='bbox 2585 2975 2759 3019; x_wconf 89' lang='lat' dir='ltr'><strong>tamen</strong></span> <span class='ocrx_word' id='word_1_683' title='bbox 2792 2974 3106 3032; x_wconf 79' lang='lat' dir='ltr'><strong>argumento</strong></span> <span class='ocrx_word' id='word_1_684' title='bbox 3139 2979 3269 3020; x_wconf 88' lang='lat' dir='ltr'><strong>usns</strong></span> <span class='ocrx_word' id='word_1_685' title='bbox 3308 2963 3489 3026; x_wconf 71' lang='lat' dir='ltr'><strong>fuerit,</strong></span> <span class='ocrx_word' id='word_1_686' title='bbox 3518 2968 3609 3017; x_wconf 77' lang='lat' dir='ltr'><strong>vix</strong></span> <span class='ocrx_word' id='word_1_687' title='bbox 3649 2978 3715 3018; x_wconf 89' lang='lat' dir='ltr'><strong>ac</strong></span> 
     </span>
    </p>
   </div>
   <div class='ocr_carea' id='block_1_88' title="bbox 2133 3034 3711 3107">
    <p class='ocr_par' dir='ltr' id='par_1_88' title="bbox 2133 3034 3711 3107">
     <span class='ocr_line' id='line_1_92' title="bbox 2133 3034 3711 3107; baseline 0.001 -19"><span class='ocrx_word' id='word_1_688' title='bbox 2133 3050 2201 3089; x_wconf 87' lang='lat' dir='ltr'><strong>ne</strong></span> <span class='ocrx_word' id='word_1_689' title='bbox 2225 3036 2306 3089; x_wconf 79' lang='lat' dir='ltr'><strong>vix</strong></span> <span class='ocrx_word' id='word_1_690' title='bbox 2342 3036 2553 3107; x_wconf 83' lang='lat' dir='ltr'><strong>quidem</strong></span> <span class='ocrx_word' id='word_1_691' title='bbox 2591 3051 2657 3089; x_wconf 84' lang='lat' dir='ltr'><strong>ex</strong></span> <span class='ocrx_word' id='word_1_692' title='bbox 2691 3036 2791 3091; x_wconf 92' lang='lat' dir='ltr'><strong>hac</strong></span> <span class='ocrx_word' id='word_1_693' title='bbox 2815 3034 3053 3107; x_wconf 87' lang='lat' dir='ltr'><strong>editione</strong></span> <span class='ocrx_word' id='word_1_694' title='bbox 3092 3034 3436 3107; x_wconf 79' lang='lat' dir='ltr'><strong>subolfacias.</strong></span> <span class='ocrx_word' id='word_1_695' title='bbox 3464 3034 3711 3107; x_wconf 84' lang='lat' dir='ltr'><strong>_Baldui-</strong></span> 
     </span>
    </p>
   </div>
   <div class='ocr_carea' id='block_1_89' title="bbox 2134 3105 3709 3178">
    <p class='ocr_par' dir='ltr' id='par_1_89' title="bbox 2134 3105 3709 3178">
     <span class='ocr_line' id='line_1_93' title="bbox 2134 3105 3709 3178; baseline 0 -19"><span class='ocrx_word' id='word_1_696' title='bbox 2134 3105 2418 3178; x_wconf 79' lang='lat' dir='ltr'><strong>ttus&#39;enim</strong></span> <span class='ocrx_word' id='word_1_697' title='bbox 2454 3105 2548 3178; x_wconf 75' lang='lat' dir='ltr'><strong>(si</strong></span> <span class='ocrx_word' id='word_1_698' title='bbox 2580 3115 2756 3163; x_wconf 89' lang='lat' dir='ltr'><strong>tamen</strong></span> <span class='ocrx_word' id='word_1_699' title='bbox 2808 3106 3149 3178; x_wconf 82' lang='lat' dir='ltr'><strong>Baldninus)</strong></span> <span class='ocrx_word' id='word_1_700' title='bbox 3204 3106 3378 3178; x_wconf 80' lang='lat' dir='ltr'><strong>malos</strong></span> <span class='ocrx_word' id='word_1_701' title='bbox 3431 3105 3709 3177; x_wconf 81' lang='lat' dir='ltr'><strong>chirurgos</strong></span> 
     </span>
    </p>
   </div>
   <div class='ocr_carea' id='block_1_90' title="bbox 2133 3175 3712 3248">
    <p class='ocr_par' dir='ltr' id='par_1_90' title="bbox 2133 3175 3712 3248">
     <span class='ocr_line' id='line_1_94' title="bbox 2133 3175 3712 3248; baseline -0.001 -17"><span class='ocrx_word' id='word_1_702' title='bbox 2133 3176 2221 3232; x_wconf 87' lang='lat' dir='ltr'><strong>hic</strong></span> <span class='ocrx_word' id='word_1_703' title='bbox 2266 3175 2687 3239; x_wconf 74' lang='lat' dir='ltr'><strong>imitatus,cum</strong></span> <span class='ocrx_word' id='word_1_704' title='bbox 2732 3175 3187 3248; x_wconf 82' lang='lat' dir='ltr'><strong>locumpessime</strong></span> <span class='ocrx_word' id='word_1_705' title='bbox 3232 3175 3480 3231; x_wconf 80' lang='lat' dir='ltr'><strong>aﬂ‘ectum</strong></span> <span class='ocrx_word' id='word_1_706' title='bbox 3522 3175 3712 3231; x_wconf 78' lang='lat' dir='ltr'><strong>sanare</strong></span> 
     </span>
    </p>
   </div>
   <div class='ocr_carea' id='block_1_91' title="bbox 2134 3248 3712 3317">
    <p class='ocr_par' dir='ltr' id='par_1_91' title="bbox 2134 3248 3712 3317">
     <span class='ocr_line' id='line_1_95' title="bbox 2134 3248 3712 3317; baseline -0.001 -14"><span class='ocrx_word' id='word_1_707' title='bbox 2134 3263 2242 3303; x_wconf 93' lang='lat' dir='ltr'><strong>non</strong></span> <span class='ocrx_word' id='word_1_708' title='bbox 2268 3258 2470 3317; x_wconf 82' lang='lat' dir='ltr'><strong>posset,</strong></span> <span class='ocrx_word' id='word_1_709' title='bbox 2500 3261 2678 3302; x_wconf 89' lang='lat' dir='ltr'><strong>cutem</strong></span> <span class='ocrx_word' id='word_1_710' title='bbox 2712 3256 2892 3303; x_wconf 86' lang='lat' dir='ltr'><strong>tamen</strong></span> <span class='ocrx_word' id='word_1_711' title='bbox 2922 3250 2991 3303; x_wconf 89' lang='lat' dir='ltr'><strong>ita</strong></span> <span class='ocrx_word' id='word_1_712' title='bbox 3029 3248 3237 3303; x_wconf 80' lang='lat' dir='ltr'><strong>induxit</strong></span> <span class='ocrx_word' id='word_1_713' title='bbox 3265 3288 3280 3311; x_wconf 90' lang='lat'><strong>,</strong></span> <span class='ocrx_word' id='word_1_714' title='bbox 3313 3259 3369 3301; x_wconf 90' lang='lat' dir='ltr'><strong>ut</strong></span> <span class='ocrx_word' id='word_1_715' title='bbox 3400 3248 3590 3303; x_wconf 89' lang='lat' dir='ltr'><strong>leviter</strong></span> <span class='ocrx_word' id='word_1_716' title='bbox 3635 3249 3712 3302; x_wconf 83' lang='lat' dir='ltr'><strong>in-</strong></span> 
     </span>
    </p>
   </div>
   <div class='ocr_carea' id='block_1_92' title="bbox 2134 3318 3711 3389">
    <p class='ocr_par' dir='ltr' id='par_1_92' title="bbox 2134 3318 3711 3389">
     <span class='ocr_line' id='line_1_96' title="bbox 2134 3318 3711 3389; baseline 0.001 -15"><span class='ocrx_word' id='word_1_717' title='bbox 2134 3321 2527 3389; x_wconf 87' lang='lat' dir='ltr'><strong>spectantibus,</strong></span> <span class='ocrx_word' id='word_1_718' title='bbox 2550 3320 2693 3373; x_wconf 89' lang='lat' dir='ltr'><strong>nulla</strong></span> <span class='ocrx_word' id='word_1_719' title='bbox 2722 3320 2788 3374; x_wconf 91' lang='lat' dir='ltr'><strong>de</strong></span> <span class='ocrx_word' id='word_1_720' title='bbox 2809 3318 3019 3374; x_wconf 89' lang='lat' dir='ltr'><strong>interno</strong></span> <span class='ocrx_word' id='word_1_721' title='bbox 3039 3320 3259 3375; x_wconf 89' lang='lat' dir='ltr'><strong>vulnere</strong></span> <span class='ocrx_word' id='word_1_722' title='bbox 3278 3318 3510 3386; x_wconf 86' lang='lat' dir='ltr'><strong>suspicio</strong></span> <span class='ocrx_word' id='word_1_723' title='bbox 3537 3319 3711 3389; x_wconf 85' lang='lat' dir='ltr'><strong>orire-</strong></span> 
     </span>
    </p>
   </div>
   <div class='ocr_carea' id='block_1_93' title="bbox 2139 3388 3709 3463">
    <p class='ocr_par' dir='ltr' id='par_1_93' title="bbox 2139 3388 3709 3463">
     <span class='ocr_line' id='line_1_97' title="bbox 2139 3388 3709 3463; baseline -0.002 -20"><span class='ocrx_word' id='word_1_724' title='bbox 2139 3400 2245 3463; x_wconf 87' lang='lat' dir='ltr'><strong>tur.</strong></span> <span class='ocrx_word' id='word_1_725' title='bbox 2264 3391 2477 3445; x_wconf 84' lang='lat' dir='ltr'><strong>l’riores</strong></span> <span class='ocrx_word' id='word_1_726' title='bbox 2503 3402 2679 3445; x_wconf 89' lang='lat' dir='ltr'><strong>autem</strong></span> <span class='ocrx_word' id='word_1_727' title='bbox 2705 3391 2968 3445; x_wconf 86' lang='lat' dir='ltr'><strong>editiones</strong></span> <span class='ocrx_word' id='word_1_728' title='bbox 2998 3392 3065 3443; x_wconf 84' lang='lat' dir='ltr'><strong>ita</strong></span> <span class='ocrx_word' id='word_1_729' title='bbox 3097 3400 3519 3463; x_wconf 59' lang='grc' dir='ltr'>ι·εξριιῳεριιιρηι;</span> <span class='ocrx_word' id='word_1_730' title='bbox 3549 3388 3709 3463; x_wconf 81' lang='lat' dir='ltr'><strong>Simi-</strong></span> 
     </span>
    </p>
   </div>
   <div class='ocr_carea' id='block_1_94' title="bbox 2134 3461 3713 3533">
    <p class='ocr_par' dir='ltr' id='par_1_94' title="bbox 2134 3461 3713 3533">
     <span class='ocr_line' id='line_1_98' title="bbox 2134 3461 3713 3533; baseline -0.001 -19"><span class='ocrx_word' id='word_1_731' title='bbox 2134 3461 2199 3516; x_wconf 81' lang='lat' dir='ltr'><strong>lis</strong></span> <span class='ocrx_word' id='word_1_732' title='bbox 2224 3472 2295 3517; x_wconf 84' lang='lat' dir='ltr'><strong>est</strong></span> <span class='ocrx_word' id='word_1_733' title='bbox 2316 3473 2362 3515; x_wconf 87' lang='lat' dir='ltr'><strong>et</strong></span> <span class='ocrx_word' id='word_1_734' title='bbox 2386 3478 2519 3532; x_wconf 84' lang='lat' dir='ltr'><strong>aqua</strong></span> <span class='ocrx_word' id='word_1_735' title='bbox 2566 3477 2862 3533; x_wconf 65' lang='lat' dir='ltr'><strong>quamnon</strong></span> <span class='ocrx_word' id='word_1_736' title='bbox 2898 3463 3111 3531; x_wconf 83' lang='lat' dir='ltr'><strong>legimus</strong></span> <span class='ocrx_word' id='word_1_737' title='bbox 3141 3461 3193 3514; x_wconf 89' lang='lat' dir='ltr'><strong>in</strong></span> <span class='ocrx_word' id='word_1_738' title='bbox 3219 3461 3369 3533; x_wconf 82' lang='lat' dir='ltr'><strong>cujus</strong></span> <span class='ocrx_word' id='word_1_739' title='bbox 3389 3477 3531 3533; x_wconf 74' lang='lat' dir='ltr'><strong>aquae</strong></span> <span class='ocrx_word' id='word_1_740' title='bbox 3575 3462 3713 3525; x_wconf 78' lang='lat' dir='ltr'><strong>iniu-</strong></span> 
     </span>
    </p>
   </div>
   <div class='ocr_carea' id='block_1_95' title="bbox 2133 3531 3711 3603">
    <p class='ocr_par' dir='ltr' id='par_1_95' title="bbox 2133 3531 3711 3603">
     <span class='ocr_line' id='line_1_99' title="bbox 2133 3531 3711 3603; baseline -0.001 -16"><span class='ocrx_word' id='word_1_741' title='bbox 2133 3535 2236 3597; x_wconf 86' lang='lat' dir='ltr'><strong>ria,</strong></span> <span class='ocrx_word' id='word_1_742' title='bbox 2268 3542 2371 3588; x_wconf 91' lang='lat' dir='ltr'><strong>etc.</strong></span> <span class='ocrx_word' id='word_1_743' title='bbox 2405 3531 2471 3588; x_wconf 82' lang='lat' dir='ltr'><strong>ex</strong></span> <span class='ocrx_word' id='word_1_744' title='bbox 2498 3534 2691 3603; x_wconf 87' lang='lat' dir='ltr'><strong>quibus</strong></span> <span class='ocrx_word' id='word_1_745' title='bbox 2719 3531 2877 3587; x_wconf 70' lang='lat' dir='ltr'><strong>lbeilc</strong></span> <span class='ocrx_word' id='word_1_746' title='bbox 2900 3540 3003 3603; x_wconf 85' lang='lat' dir='ltr'><strong>_est</strong></span> <span class='ocrx_word' id='word_1_747' title='bbox 3041 3531 3350 3596; x_wconf 82' lang='lat' dir='ltr'><strong>restituere,</strong></span> <span class='ocrx_word' id='word_1_748' title='bbox 3380 3532 3518 3603; x_wconf 83' lang='lat' dir='ltr'><strong>quod</strong></span> <span class='ocrx_word' id='word_1_749' title='bbox 3545 3542 3599 3585; x_wconf 89' lang='lat' dir='ltr'><strong>et</strong></span> <span class='ocrx_word' id='word_1_750' title='bbox 3632 3547 3711 3585; x_wconf 79' lang='lat' dir='ltr'><strong>re-</strong></span> 
     </span>
    </p>
   </div>
   <div class='ocr_carea' id='block_1_96' title="bbox 2134 3600 3709 3674">
    <p class='ocr_par' dir='ltr' id='par_1_96' title="bbox 2134 3600 3709 3674">
     <span class='ocr_line' id='line_1_100' title="bbox 2134 3600 3709 3674; baseline -0.001 -16"><span class='ocrx_word' id='word_1_751' title='bbox 2134 3605 2299 3674; x_wconf 87' lang='lat' dir='ltr'><strong>quirit</strong></span> <span class='ocrx_word' id='word_1_752' title='bbox 2350 3600 2639 3669; x_wconf 82' lang='lat' dir='ltr'><strong>sententia,</strong></span> <span class='ocrx_word' id='word_1_753' title='bbox 2686 3613 2740 3657; x_wconf 94' lang='lat' dir='ltr'><strong>et</strong></span> <span class='ocrx_word' id='word_1_754' title='bbox 2782 3604 2849 3657; x_wconf 91' lang='lat' dir='ltr'><strong>ab</strong></span> <span class='ocrx_word' id='word_1_755' title='bbox 2886 3601 3082 3673; x_wconf 80' lang='lat' dir='ltr'><strong>Optato</strong></span> <span class='ocrx_word' id='word_1_756' title='bbox 3122 3603 3385 3674; x_wconf 5' lang='lat' dir='ltr'><strong>scripturn,</strong></span> <span class='ocrx_word' id='word_1_757' title='bbox 3424 3600 3585 3656; x_wconf 83' lang='lat' dir='ltr'><strong>luisse</strong></span> <span class='ocrx_word' id='word_1_758' title='bbox 3629 3617 3709 3657; x_wconf 85' lang='lat' dir='ltr'><strong>res</strong></span> 
     </span>
    </p>
   </div>
   <div class='ocr_carea' id='block_1_97' title="bbox 2136 3672 3707 3746">
    <p class='ocr_par' dir='ltr' id='par_1_97' title="bbox 2136 3672 3707 3746">
     <span class='ocr_line' id='line_1_101' title="bbox 2136 3672 3707 3746; baseline -0.002 -18"><span class='ocrx_word' id='word_1_759' title='bbox 2136 3672 2251 3744; x_wconf 74' lang='lat' dir='ltr'><strong>ipsa</strong></span> <span class='ocrx_word' id='word_1_760' title='bbox 2296 3677 2492 3729; x_wconf 88' lang='lat' dir='ltr'><strong>clamat</strong></span> <span class='ocrx_word' id='word_1_761' title='bbox 2520 3692 2532 3725; x_wconf 86' lang='lat'><strong>:</strong></span> <span class='ocrx_word' id='word_1_762' title='bbox 2561 3675 2743 3729; x_wconf 83' lang='lat' dir='ltr'><strong>similis</strong></span> <span class='ocrx_word' id='word_1_763' title='bbox 2771 3690 2905 3745; x_wconf 77' lang='lat' dir='ltr'><strong>aqua</strong></span> <span class='ocrx_word' id='word_1_764' title='bbox 2923 3717 2939 3740; x_wconf 91' lang='lat'><strong>,</strong></span> <span class='ocrx_word' id='word_1_765' title='bbox 2976 3676 3125 3746; x_wconf 78' lang='lat' dir='ltr'><strong>cujus</strong></span> <span class='ocrx_word' id='word_1_766' title='bbox 3154 3689 3259 3727; x_wconf 88' lang='lat' dir='ltr'><strong>non</strong></span> <span class='ocrx_word' id='word_1_767' title='bbox 3288 3672 3502 3741; x_wconf 82' lang='lat' dir='ltr'><strong>legimus</strong></span> <span class='ocrx_word' id='word_1_768' title='bbox 3514 3689 3707 3741; x_wconf 83' lang='lat' dir='ltr'><strong>genus;</strong></span> 
     </span>
    </p>
   </div>
   <div class='ocr_carea' id='block_1_98' title="bbox 2134 3744 3708 3817">
    <p class='ocr_par' dir='ltr' id='par_1_98' title="bbox 2134 3744 3708 3817">
     <span class='ocr_line' id='line_1_102' title="bbox 2134 3744 3708 3817; baseline -0.001 -19"><span class='ocrx_word' id='word_1_769' title='bbox 2134 3748 2185 3800; x_wconf 88' lang='lat' dir='ltr'><strong>in</strong></span> <span class='ocrx_word' id='word_1_770' title='bbox 2229 3751 2378 3814; x_wconf 81' lang='lat' dir='ltr'><strong>cujus</strong></span> <span class='ocrx_word' id='word_1_771' title='bbox 2407 3762 2553 3817; x_wconf 75' lang='lat' dir='ltr'><strong>aqua:</strong></span> <span class='ocrx_word' id='word_1_772' title='bbox 2588 3746 2811 3811; x_wconf 83' lang='lat' dir='ltr'><strong>incuria,</strong></span> <span class='ocrx_word' id='word_1_773' title='bbox 2840 3757 2945 3817; x_wconf 83' lang='lat' dir='ltr'><strong>etc.</strong></span> <span class='ocrx_word' id='word_1_774' title='bbox 2976 3744 3222 3817; x_wconf 55' lang='lat' dir='ltr'><strong>Al&#39;linitas</strong></span> <span class='ocrx_word' id='word_1_775' title='bbox 3260 3751 3350 3800; x_wconf 80' lang='grc' dir='ltr'><strong>τοῦ</strong></span> <span class='ocrx_word' id='word_1_776' title='bbox 3381 3759 3547 3815; x_wconf 76' lang='lat' dir='ltr'><strong>genus</strong></span> <span class='ocrx_word' id='word_1_777' title='bbox 3590 3758 3708 3798; x_wconf 87' lang='lat' dir='ltr'><strong>eum</strong></span> 
     </span>
    </p>
   </div>
   <div class='ocr_carea' id='block_1_99' title="bbox 2132 3816 3700 3890">
    <p class='ocr_par' dir='ltr' id='par_1_99' title="bbox 2132 3816 3700 3890">
     <span class='ocr_line' id='line_1_103' title="bbox 2132 3816 3700 3890; baseline -0.005 -19"><span class='ocrx_word' id='word_1_778' title='bbox 2132 3817 2335 3890; x_wconf 86' lang='lat' dir='ltr'><strong>ultimis</strong></span> <span class='ocrx_word' id='word_1_779' title='bbox 2365 3816 2719 3890; x_wconf 62' lang='lat' dir='ltr'><strong>prii-cedentis</strong></span> <span class='ocrx_word' id='word_1_780' title='bbox 2747 3816 2894 3872; x_wconf 86' lang='lat' dir='ltr'><strong>vocis</strong></span> <span class='ocrx_word' id='word_1_781' title='bbox 2920 3816 3139 3890; x_wconf 82' lang='lat' dir='ltr'><strong>syllabis</strong></span> <span class='ocrx_word' id='word_1_782' title='bbox 3166 3858 3180 3880; x_wconf 94' lang='lat'><strong>,</strong></span> <span class='ocrx_word' id='word_1_783' title='bbox 3224 3829 3392 3890; x_wconf 80' lang='lat' dir='ltr'><strong>causa</strong></span> <span class='ocrx_word' id='word_1_784' title='bbox 3413 3859 3427 3881; x_wconf 96' lang='lat'><strong>,</strong></span> <span class='ocrx_word' id='word_1_785' title='bbox 3457 3824 3517 3869; x_wconf 86' lang='lat' dir='ltr'><strong>ut</strong></span> <span class='ocrx_word' id='word_1_786' title='bbox 3549 3817 3700 3890; x_wconf 78' lang='lat' dir='ltr'><strong>solet,</strong></span> 
     </span>
    </p>
   </div>
   <div class='ocr_carea' id='block_1_100' title="bbox 2132 3888 3702 3958">
    <p class='ocr_par' dir='ltr' id='par_1_100' title="bbox 2132 3888 3702 3958">
     <span class='ocr_line' id='line_1_104' title="bbox 2132 3888 3702 3958; baseline -0.004 -15"><span class='ocrx_word' id='word_1_787' title='bbox 2132 3888 2247 3958; x_wconf 86' lang='lat' dir='ltr'><strong>ejus</strong></span> <span class='ocrx_word' id='word_1_788' title='bbox 2288 3888 2566 3943; x_wconf 90' lang='lat' dir='ltr'><strong>omittendi</strong></span> <span class='ocrx_word' id='word_1_789' title='bbox 2614 3890 2741 3953; x_wconf 79' lang='lat' dir='ltr'><strong>fuit;</strong></span> <span class='ocrx_word' id='word_1_790' title='bbox 2793 3904 2899 3957; x_wconf 91' lang='lat' dir='ltr'><strong>quo</strong></span> <span class='ocrx_word' id='word_1_791' title='bbox 2954 3888 3117 3942; x_wconf 82' lang='lat' dir='ltr'><strong>semel</strong></span> <span class='ocrx_word' id='word_1_792' title='bbox 3164 3889 3409 3949; x_wconf 63' lang='lat' dir='ltr'><strong>omisso,</strong></span> <span class='ocrx_word' id='word_1_793' title='bbox 3441 3897 3496 3958; x_wconf 87' lang='lat' dir='ltr'><strong>ut</strong></span> <span class='ocrx_word' id='word_1_794' title='bbox 3537 3888 3702 3954; x_wconf 82' lang='lat' dir='ltr'><strong>aliqua</strong></span> 
     </span>
    </p>
   </div>
   <div class='ocr_carea' id='block_1_101' title="bbox 2134 3957 3702 4023">
    <p class='ocr_par' dir='ltr' id='par_1_101' title="bbox 2134 3957 3702 4023">
     <span class='ocr_line' id='line_1_105' title="bbox 2134 3957 3702 4023; baseline -0.003 -9"><span class='ocrx_word' id='word_1_795' title='bbox 2134 3957 2310 4014; x_wconf 88' lang='lat' dir='ltr'><strong>tamen</strong></span> <span class='ocrx_word' id='word_1_796' title='bbox 2334 3961 2624 4021; x_wconf 86' lang='lat' dir='ltr'><strong>sententia,</strong></span> <span class='ocrx_word' id='word_1_797' title='bbox 2650 3963 2761 4023; x_wconf 84' lang='lat' dir='ltr'><strong>aut,</strong></span> <span class='ocrx_word' id='word_1_798' title='bbox 2779 3962 2822 4013; x_wconf 88' lang='lat' dir='ltr'><strong>si</strong></span> <span class='ocrx_word' id='word_1_799' title='bbox 2848 3975 2951 4013; x_wconf 89' lang='lat' dir='ltr'><strong>non</strong></span> <span class='ocrx_word' id='word_1_800' title='bbox 2968 3960 3259 4021; x_wconf 88' lang='lat' dir='ltr'><strong>sententia,</strong></span> <span class='ocrx_word' id='word_1_801' title='bbox 3276 3957 3702 4012; x_wconf 78' lang='lat' dir='ltr'><strong>saltemlatinitas</strong></span> 
     </span>
    </p>
   </div>
   <div class='ocr_carea' id='block_1_102' title="bbox 2094 4032 3700 4101">
    <p class='ocr_par' dir='ltr' id='par_1_102' title="bbox 2094 4032 3700 4101">
     <span class='ocr_line' id='line_1_106' title="bbox 2094 4032 3700 4101; baseline -0.003 -16"><span class='ocrx_word' id='word_1_802' title='bbox 2094 4060 2097 4061; x_wconf 53' lang='grc' dir='ltr'><em>ν</em></span> <span class='ocrx_word' id='word_1_803' title='bbox 2130 4032 2544 4100; x_wconf 78' lang='lat' dir='ltr'><strong>exprimeretur,</strong></span> <span class='ocrx_word' id='word_1_804' title='bbox 2578 4048 2673 4100; x_wconf 85' lang='lat' dir='ltr'><strong>pro</strong></span> <span class='ocrx_word' id='word_1_805' title='bbox 2713 4034 2881 4101; x_wconf 84' lang='lat' dir='ltr'><strong>cujus,</strong></span> <span class='ocrx_word' id='word_1_806' title='bbox 2930 4036 3123 4084; x_wconf 89' lang='lat' dir='ltr'><strong>tactum</strong></span> <span class='ocrx_word' id='word_1_807' title='bbox 3162 4046 3347 4100; x_wconf 81' lang='lat' dir='ltr'><strong>quam;</strong></span> <span class='ocrx_word' id='word_1_808' title='bbox 3382 4041 3559 4101; x_wconf 85' lang='lat' dir='ltr'><strong>postea</strong></span> <span class='ocrx_word' id='word_1_809' title='bbox 3589 4042 3700 4083; x_wconf 79' lang='lat' dir='ltr'><strong>eum</strong></span> 
     </span>
    </p>
   </div>
   <div class='ocr_carea' id='block_1_103' title="bbox 2130 4101 3697 4171">
    <p class='ocr_par' dir='ltr' id='par_1_103' title="bbox 2130 4101 3697 4171">
     <span class='ocr_line' id='line_1_107' title="bbox 2130 4101 3697 4171; baseline -0.003 -16"><span class='ocrx_word' id='word_1_810' title='bbox 2130 4101 2271 4171; x_wconf 88' lang='lat' dir='ltr'><strong>illud</strong></span> <span class='ocrx_word' id='word_1_811' title='bbox 2296 4119 2395 4155; x_wconf 89' lang='lat' dir='ltr'><strong>non</strong></span> <span class='ocrx_word' id='word_1_812' title='bbox 2429 4106 2708 4157; x_wconf 66' lang='lat' dir='ltr'><strong>sententia:</strong></span> <span class='ocrx_word' id='word_1_813' title='bbox 2738 4101 2930 4158; x_wconf 78' lang='lat' dir='ltr'><strong>obesse</strong></span> <span class='ocrx_word' id='word_1_814' title='bbox 2975 4102 3265 4163; x_wconf 89' lang='lat' dir='ltr'><strong>videretur,</strong></span> <span class='ocrx_word' id='word_1_815' title='bbox 3299 4111 3356 4155; x_wconf 87' lang='lat' dir='ltr'><strong>et</strong></span> <span class='ocrx_word' id='word_1_816' title='bbox 3384 4101 3697 4171; x_wconf 45' lang='lat' dir='ltr'><strong>qualiScumf</strong></span> 
     </span>
    </p>
   </div>
   <div class='ocr_carea' id='block_1_104' title="bbox 2172 4169 3701 4242">
    <p class='ocr_par' dir='ltr' id='par_1_104' title="bbox 2172 4169 3701 4242">
     <span class='ocr_line' id='line_1_108' title="bbox 2172 4169 3701 4242; baseline -0.004 -15"><span class='ocrx_word' id='word_1_817' title='bbox 2172 4189 2235 4227; x_wconf 86' lang='lat' dir='ltr'><strong>uc</strong></span> <span class='ocrx_word' id='word_1_818' title='bbox 2267 4170 2527 4227; x_wconf 83' lang='lat' dir='ltr'><strong>Sententia</strong></span> <span class='ocrx_word' id='word_1_819' title='bbox 2551 4216 2566 4239; x_wconf 89' lang='lat'><strong>,</strong></span> <span class='ocrx_word' id='word_1_820' title='bbox 2597 4190 2755 4242; x_wconf 86' lang='lat' dir='ltr'><strong>quam</strong></span> <span class='ocrx_word' id='word_1_821' title='bbox 2800 4173 2943 4226; x_wconf 89' lang='lat' dir='ltr'><strong>nulla</strong></span> <span class='ocrx_word' id='word_1_822' title='bbox 2976 4170 3255 4242; x_wconf 75' lang='lat' dir='ltr'><strong>placeret,</strong></span> <span class='ocrx_word' id='word_1_823' title='bbox 3286 4174 3445 4226; x_wconf 86' lang='lat' dir='ltr'><strong>etiam</strong></span> <span class='ocrx_word' id='word_1_824' title='bbox 3486 4169 3701 4242; x_wconf 73' lang='lat' dir='ltr'><strong>et_illuil</strong></span> 
     </span>
    </p>
   </div>
   <div class='ocr_carea' id='block_1_105' title="bbox 2171 4240 3698 4311">
    <p class='ocr_par' dir='ltr' id='par_1_105' title="bbox 2171 4240 3698 4311">
     <span class='ocr_line' id='line_1_109' title="bbox 2171 4240 3698 4311; baseline -0.003 -14"><span class='ocrx_word' id='word_1_825' title='bbox 2171 4260 2200 4297; x_wconf 93' lang='lat' dir='ltr'><strong>e</strong></span> <span class='ocrx_word' id='word_1_826' title='bbox 2240 4245 2367 4299; x_wconf 90' lang='lat' dir='ltr'><strong>sede</strong></span> <span class='ocrx_word' id='word_1_827' title='bbox 2414 4260 2509 4298; x_wconf 88' lang='lat' dir='ltr'><strong>sua</strong></span> <span class='ocrx_word' id='word_1_828' title='bbox 2556 4240 2897 4299; x_wconf 72' lang='lat' dir='ltr'><strong>deturbatum</strong></span> <span class='ocrx_word' id='word_1_829' title='bbox 2947 4240 3001 4297; x_wconf 79' lang='lat' dir='ltr'><strong>et</strong></span> <span class='ocrx_word' id='word_1_830' title='bbox 3044 4246 3329 4311; x_wconf 73' lang='lat' dir='ltr'><strong>expulsum</strong></span> <span class='ocrx_word' id='word_1_831' title='bbox 3367 4252 3470 4297; x_wconf 88' lang='lat' dir='ltr'><strong>est.</strong></span> <span class='ocrx_word' id='word_1_832' title='bbox 3496 4240 3571 4297; x_wconf 79' lang='lat' dir='ltr'><strong>Ad</strong></span> <span class='ocrx_word' id='word_1_833' title='bbox 3596 4256 3698 4294; x_wconf 84' lang='lat' dir='ltr'><strong>rent</strong></span> 
     </span>
    </p>
   </div>
   <div class='ocr_carea' id='block_1_106' title="bbox 2133 4311 3699 4385">
    <p class='ocr_par' dir='ltr' id='par_1_106' title="bbox 2133 4311 3699 4385">
     <span class='ocr_line' id='line_1_110' title="bbox 2133 4311 3699 4385; baseline -0.002 -18"><span class='ocrx_word' id='word_1_834' title='bbox 2133 4315 2302 4383; x_wconf 89' lang='lat' dir='ltr'><strong>ipsam</strong></span> <span class='ocrx_word' id='word_1_835' title='bbox 2328 4315 2471 4385; x_wconf 92' lang='lat' dir='ltr'><strong>quod</strong></span> <span class='ocrx_word' id='word_1_836' title='bbox 2489 4318 2698 4381; x_wconf 86' lang='lat' dir='ltr'><strong>attinet,</strong></span> <span class='ocrx_word' id='word_1_837' title='bbox 2715 4316 2893 4369; x_wconf 87' lang='lat' dir='ltr'><strong>nescio</strong></span> <span class='ocrx_word' id='word_1_838' title='bbox 2910 4330 2974 4368; x_wconf 86' lang='lat' dir='ltr'><strong>an</strong></span> <span class='ocrx_word' id='word_1_839' title='bbox 3007 4315 3079 4369; x_wconf 86' lang='lat' dir='ltr'><strong>sit</strong></span> <span class='ocrx_word' id='word_1_840' title='bbox 3105 4313 3334 4384; x_wconf 83' lang='lat' dir='ltr'><strong>alicujus</strong></span> <span class='ocrx_word' id='word_1_841' title='bbox 3360 4312 3607 4368; x_wconf 88' lang='lat' dir='ltr'><strong>momenti</strong></span> <span class='ocrx_word' id='word_1_842' title='bbox 3625 4311 3699 4365; x_wconf 84' lang='lat' dir='ltr'><strong>di-</strong></span> 
     </span>
    </p>
   </div>
   <div class='ocr_carea' id='block_1_107' title="bbox 2132 4385 3693 4463">
    <p class='ocr_par' dir='ltr' id='par_1_107' title="bbox 2132 4385 3693 4463">
     <span class='ocr_line' id='line_1_111' title="bbox 2132 4385 3693 4463; baseline -0.001 -25"><span class='ocrx_word' id='word_1_843' title='bbox 2132 4399 2279 4463; x_wconf 62' lang='lat' dir='ltr'><strong>gere,</strong></span> <span class='ocrx_word' id='word_1_844' title='bbox 2332 4389 2754 4463; x_wconf 45' lang='grc' dir='ltr'><strong>θιιυέςιι-ὰρχήγ</strong></span> <span class='ocrx_word' id='word_1_845' title='bbox 2786 4395 2905 4463; x_wconf 13' lang='grc' dir='ltr'><strong>νςτῶν</strong></span> <span class='ocrx_word' id='word_1_846' title='bbox 2952 4390 3155 4463; x_wconf 61' lang='grc' dir='ltr'><strong>πάντων</strong></span> <span class='ocrx_word' id='word_1_847' title='bbox 3224 4387 3367 4463; x_wconf 63' lang='lat' dir='ltr'><strong>apud</strong></span> <span class='ocrx_word' id='word_1_848' title='bbox 3425 4385 3693 4463; x_wconf 48' lang='lat' dir='ltr'><strong>Diogenem</strong></span> 
     </span>
    </p>
   </div>
   <div class='ocr_carea' id='block_1_108' title="bbox 2133 4454 3696 4528">
    <p class='ocr_par' dir='ltr' id='par_1_108' title="bbox 2133 4454 3696 4528">
     <span class='ocr_line' id='line_1_112' title="bbox 2133 4454 3696 4528; baseline -0.002 -19"><span class='ocrx_word' id='word_1_849' title='bbox 2133 4454 2315 4528; x_wconf 79' lang='lat' dir='ltr'><strong>Laert.</strong></span> <span class='ocrx_word' id='word_1_850' title='bbox 2337 4454 3025 4528; x_wconf 10' lang='lat' dir='ltr'><strong>ea_Thalet&#39;ef&#39;philosopho</strong></span> <span class='ocrx_word' id='word_1_851' title='bbox 3064 4457 3341 4528; x_wconf 76' lang='lat' dir='ltr'><strong>Constitui,</strong></span> <span class='ocrx_word' id='word_1_852' title='bbox 3374 4466 3466 4511; x_wconf 87' lang='lat' dir='ltr'><strong>aut</strong></span> <span class='ocrx_word' id='word_1_853' title='bbox 3502 4454 3696 4528; x_wconf 62' lang='lat' dir='ltr'><strong>Dlu’tar-</strong></span> 
     </span>
    </p>
   </div>
   <div class='ocr_carea' id='block_1_109' title="bbox 2135 4525 3694 4593">
    <p class='ocr_par' dir='ltr' id='par_1_109' title="bbox 2135 4525 3694 4593">
     <span class='ocr_line' id='line_1_113' title="bbox 2135 4525 3694 4593; baseline -0.001 -13"><span class='ocrx_word' id='word_1_854' title='bbox 2135 4526 2293 4580; x_wconf 91' lang='lat' dir='ltr'><strong>chum</strong></span> <span class='ocrx_word' id='word_1_855' title='bbox 2319 4526 2385 4580; x_wconf 90' lang='lat' dir='ltr'><strong>de</strong></span> <span class='ocrx_word' id='word_1_856' title='bbox 2414 4526 2549 4581; x_wconf 86' lang='lat' dir='ltr'><strong>Iside</strong></span> <span class='ocrx_word' id='word_1_857' title='bbox 2565 4537 2618 4581; x_wconf 89' lang='lat' dir='ltr'><strong>et</strong></span> <span class='ocrx_word' id='word_1_858' title='bbox 2636 4525 2844 4582; x_wconf 76' lang='lat' dir='ltr'><strong>Osiride</strong></span> <span class='ocrx_word' id='word_1_859' title='bbox 2865 4525 3311 4593; x_wconf 78' lang='lat' dir='ltr'><strong>canituemorare,</strong></span> <span class='ocrx_word' id='word_1_860' title='bbox 3335 4529 3495 4583; x_wconf 89' lang='lat' dir='ltr'><strong>etiam</strong></span> <span class='ocrx_word' id='word_1_861' title='bbox 3521 4525 3694 4580; x_wconf 85' lang='lat' dir='ltr'><strong>Home-</strong></span> 
     </span>
    </p>
   </div>
   <div class='ocr_carea' id='block_1_110' title="bbox 2132 4596 3693 4669">
    <p class='ocr_par' dir='ltr' id='par_1_110' title="bbox 2132 4596 3693 4669">
     <span class='ocr_line' id='line_1_114' title="bbox 2132 4596 3693 4669; baseline 0.002 -19"><span class='ocrx_word' id='word_1_862' title='bbox 2132 4612 2251 4669; x_wconf 83' lang='lat' dir='ltr'><strong>rum</strong></span> <span class='ocrx_word' id='word_1_863' title='bbox 2286 4597 2353 4650; x_wconf 90' lang='lat' dir='ltr'><strong>ita</strong></span> <span class='ocrx_word' id='word_1_864' title='bbox 2385 4597 2679 4669; x_wconf 83' lang='lat' dir='ltr'><strong>credidisse</strong></span> <span class='ocrx_word' id='word_1_865' title='bbox 2698 4608 2781 4664; x_wconf 89' lang='lat' dir='ltr'><strong>,et</strong></span> <span class='ocrx_word' id='word_1_866' title='bbox 2812 4610 3097 4669; x_wconf 90' lang='lat' dir='ltr'><strong>utrumque</strong></span> <span class='ocrx_word' id='word_1_867' title='bbox 3116 4598 3390 4655; x_wconf 72' lang='lat' dir='ltr'><strong>allii-mare</strong></span> <span class='ocrx_word' id='word_1_868' title='bbox 3419 4614 3485 4654; x_wconf 75' lang='lat' dir='ltr'><strong>ex</strong></span> <span class='ocrx_word' id='word_1_869' title='bbox 3511 4596 3693 4667; x_wconf 61' lang='lat' dir='ltr'><strong>Egyp-</strong></span> 
     </span>
    </p>
   </div>
   <div class='ocr_carea' id='block_1_111' title="bbox 2141 4666 3693 4735">
    <p class='ocr_par' dir='ltr' id='par_1_111' title="bbox 2141 4666 3693 4735">
     <span class='ocr_line' id='line_1_115' title="bbox 2141 4666 3693 4735; baseline -0.001 -15"><span class='ocrx_word' id='word_1_870' title='bbox 2141 4666 2335 4720; x_wconf 90' lang='lat' dir='ltr'><strong>tiorum</strong></span> <span class='ocrx_word' id='word_1_871' title='bbox 2386 4666 3029 4735; x_wconf 49' lang='lat' dir='ltr'><strong>pltilosotihia&#39;hausisse:</strong></span> <span class='ocrx_word' id='word_1_872' title='bbox 3097 4670 3169 4723; x_wconf 86' lang='lat' dir='ltr'><strong>De</strong></span> <span class='ocrx_word' id='word_1_873' title='bbox 3215 4669 3439 4725; x_wconf 83' lang='lat' dir='ltr'><strong>Thalete</strong></span> <span class='ocrx_word' id='word_1_874' title='bbox 3492 4666 3693 4723; x_wconf 70' lang='lat' dir='ltr'><strong>testatur</strong></span> 
     </span>
    </p>
   </div>
   <div class='ocr_carea' id='block_1_112' title="bbox 449 4730 2030 4814">
    <p class='ocr_par' dir='ltr' id='par_1_112' title="bbox 449 4730 2027 4814">
     <span class='ocr_line' id='line_1_116' title="bbox 449 4730 2027 4814; baseline -0.001 -21"><span class='ocrx_word' id='word_1_875' title='bbox 449 4730 641 4814; x_wconf 57' lang='grc' dir='ltr'><strong>ἰησοῇς</strong></span> <span class='ocrx_word' id='word_1_876' title='bbox 666 4741 905 4814; x_wconf 73' lang='grc' dir='ltr'><strong>Χριστὸς.</strong></span> <span class='ocrx_word' id='word_1_877' title='bbox 940 4746 1070 4814; x_wconf 44' lang='grc' dir='ltr'><strong>Θε-ρῦ</strong></span> <span class='ocrx_word' id='word_1_878' title='bbox 1085 4730 1446 4814; x_wconf 41' lang='lat' dir='ltr'><strong>redamas,</strong></span> <span class='ocrx_word' id='word_1_879' title='bbox 1476 4730 1610 4814; x_wconf 66' lang='lat' dir='ltr'><strong>quod</strong></span> <span class='ocrx_word' id='word_1_880' title='bbox 1638 4730 1708 4814; x_wconf 78' lang='lat' dir='ltr'><strong>est</strong></span> <span class='ocrx_word' id='word_1_881' title='bbox 1739 4737 1915 4814; x_wconf 75' lang='lat' dir='ltr'><strong>latine,</strong></span> <span class='ocrx_word' id='word_1_882' title='bbox 1942 4735 2027 4791; x_wconf 84' lang='lat' dir='ltr'><strong>Je-</strong></span> 
     </span>
    </p>
   </div>
   <div class='ocr_carea' id='block_1_113' title="bbox 2140 4730 3691 4814">
    <p class='ocr_par' dir='ltr' id='par_1_113' title="bbox 2140 4730 3691 4814">
     <span class='ocr_line' id='line_1_117' title="bbox 2140 4730 3691 4814; baseline -0.003 -23"><span class='ocrx_word' id='word_1_883' title='bbox 2140 4738 2299 4814; x_wconf 85' lang='lat' dir='ltr'><strong>etiam</strong></span> <span class='ocrx_word' id='word_1_884' title='bbox 2347 4730 2687 4814; x_wconf 61' lang='lat' dir='ltr'><strong>Ambrosius,</strong></span> <span class='ocrx_word' id='word_1_885' title='bbox 2733 4740 2797 4814; x_wconf 80' lang='lat' dir='ltr'><strong>ad</strong></span> <span class='ocrx_word' id='word_1_886' title='bbox 2848 4740 3127 4814; x_wconf 83' lang='lat' dir='ltr'><strong>ridiculum</strong></span> <span class='ocrx_word' id='word_1_887' title='bbox 3171 4740 3305 4814; x_wconf 78' lang='lat' dir='ltr'><strong>illud</strong></span> <span class='ocrx_word' id='word_1_888' title='bbox 3356 4751 3691 4814; x_wconf 66' lang='lat' dir='ltr'><strong>agitanteque</strong></span> 
     </span>
    </p>
   </div>
   <div class='ocr_carea' id='block_1_114' title="bbox 450 4807 2037 4877">
    <p class='ocr_par' dir='ltr' id='par_1_114' title="bbox 450 4807 2037 4877">
     <span class='ocr_line' id='line_1_118' title="bbox 450 4807 2037 4877; baseline 0.003 -20"><span class='ocrx_word' id='word_1_889' title='bbox 450 4818 541 4859; x_wconf 88' lang='lat' dir='ltr'><strong>sus</strong></span> <span class='ocrx_word' id='word_1_890' title='bbox 571 4807 965 4874; x_wconf 70' lang='lat' dir='ltr'><strong>(lutu&#39;srus,l)t:t</strong></span> <span class='ocrx_word' id='word_1_891' title='bbox 996 4811 1194 4872; x_wconf 82' lang='lat' dir='ltr'><strong>FtLtus.</strong></span> <span class='ocrx_word' id='word_1_892' title='bbox 1221 4807 1528 4871; x_wconf 66' lang='lat' dir='ltr'><strong>SALvA&#39;ma,</strong></span> <span class='ocrx_word' id='word_1_893' title='bbox 1555 4807 1597 4861; x_wconf 85' lang='lat' dir='ltr'><strong>si</strong></span> <span class='ocrx_word' id='word_1_894' title='bbox 1619 4810 1810 4877; x_wconf 82' lang='lat' dir='ltr'><strong>primas</strong></span> <span class='ocrx_word' id='word_1_895' title='bbox 1842 4808 2037 4861; x_wconf 83' lang='lat' dir='ltr'><strong>litteras</strong></span> 
     </span>
    </p>
   </div>
   <div class='ocr_carea' id='block_1_115' title="bbox 441 4877 2039 4951">
    <p class='ocr_par' dir='ltr' id='par_1_115' title="bbox 441 4877 2039 4951">
     <span class='ocr_line' id='line_1_119' title="bbox 441 4877 2039 4951; baseline 0.003 -24"><span class='ocrx_word' id='word_1_896' title='bbox 441 4877 655 4951; x_wconf 79' lang='lat' dir='ltr'><strong>jungas,</strong></span> <span class='ocrx_word' id='word_1_897' title='bbox 682 4883 975 4951; x_wconf 73' lang='grc' dir='ltr'><strong>ενὶιὶχθὺς,</strong></span> <span class='ocrx_word' id='word_1_898' title='bbox 1007 4882 1061 4935; x_wconf 90' lang='lat' dir='ltr'><strong>id</strong></span> <span class='ocrx_word' id='word_1_899' title='bbox 1090 4894 1162 4936; x_wconf 81' lang='lat' dir='ltr'><strong>est</strong></span> <span class='ocrx_word' id='word_1_900' title='bbox 1189 4883 1371 4949; x_wconf 79' lang='lat' dir='ltr'><strong>piscis,</strong></span> <span class='ocrx_word' id='word_1_901' title='bbox 1397 4881 1450 4932; x_wconf 88' lang='lat' dir='ltr'><strong>in</strong></span> <span class='ocrx_word' id='word_1_902' title='bbox 1471 4896 1571 4947; x_wconf 82' lang='lat' dir='ltr'><strong>quo</strong></span> <span class='ocrx_word' id='word_1_903' title='bbox 1599 4880 1801 4931; x_wconf 87' lang='lat' dir='ltr'><strong>nomine</strong></span> <span class='ocrx_word' id='word_1_904' title='bbox 1829 4880 2039 4948; x_wconf 83' lang='lat' dir='ltr'><strong>mystice</strong></span> 
     </span>
    </p>
   </div>
   <div class='ocr_carea' id='block_1_116' title="bbox 452 4948 2037 5023">
    <p class='ocr_par' dir='ltr' id='par_1_116' title="bbox 452 4948 2037 5023">
     <span class='ocr_line' id='line_1_120' title="bbox 452 4948 2037 5023; baseline 0.003 -23"><span class='ocrx_word' id='word_1_905' title='bbox 452 4948 751 5023; x_wconf 78' lang='lat' dir='ltr'><strong>intelligitur</strong></span> <span class='ocrx_word' id='word_1_906' title='bbox 797 4948 1065 5018; x_wconf 66' lang='lat' dir='ltr'><strong>Christus,</strong></span> <span class='ocrx_word' id='word_1_907' title='bbox 1115 4948 1195 5008; x_wconf 9' lang='lat' dir='ltr'><strong>eo,</strong></span> <span class='ocrx_word' id='word_1_908' title='bbox 1238 4954 1374 5023; x_wconf 84' lang='lat' dir='ltr'><strong>quod</strong></span> <span class='ocrx_word' id='word_1_909' title='bbox 1419 4952 1471 5023; x_wconf 82' lang='lat' dir='ltr'><strong>in</strong></span> <span class='ocrx_word' id='word_1_910' title='bbox 1507 4950 1666 5023; x_wconf 73' lang='lat' dir='ltr'><strong>hujus</strong></span> <span class='ocrx_word' id='word_1_911' title='bbox 1710 4952 2037 5005; x_wconf 85' lang='lat' dir='ltr'><strong>mortalitatis</strong></span> 
     </span>
    </p>
   </div>
   <div class='ocr_carea' id='block_1_117' title="bbox 451 5018 2032 5092">
    <p class='ocr_par' dir='ltr' id='par_1_117' title="bbox 451 5018 2032 5092">
     <span class='ocr_line' id='line_1_121' title="bbox 451 5018 2032 5092; baseline 0.002 -22"><span class='ocrx_word' id='word_1_912' title='bbox 451 5018 656 5092; x_wconf 70' lang='lat' dir='ltr'><strong>abysso,</strong></span> <span class='ocrx_word' id='word_1_913' title='bbox 696 5023 827 5075; x_wconf 80' lang='lat' dir='ltr'><strong>velut</strong></span> <span class='ocrx_word' id='word_1_914' title='bbox 876 5024 929 5077; x_wconf 88' lang='lat' dir='ltr'><strong>in</strong></span> <span class='ocrx_word' id='word_1_915' title='bbox 969 5040 1218 5090; x_wconf 77' lang='lat' dir='ltr'><strong>aquarum</strong></span> <span class='ocrx_word' id='word_1_916' title='bbox 1250 5018 1597 5092; x_wconf 73' lang='lat' dir='ltr'><strong>profonditate</strong></span> <span class='ocrx_word' id='word_1_917' title='bbox 1617 5020 1780 5087; x_wconf 82' lang='lat' dir='ltr'><strong>vivus,</strong></span> <span class='ocrx_word' id='word_1_918' title='bbox 1815 5023 1911 5074; x_wconf 82' lang='lat' dir='ltr'><strong>[ioc</strong></span> <span class='ocrx_word' id='word_1_919' title='bbox 1936 5033 2032 5086; x_wconf 88' lang='lat' dir='ltr'><strong>est,</strong></span> 
     </span>
    </p>
   </div>
   <div class='ocr_carea' id='block_1_118' title="bbox 454 5089 2033 5165">
    <p class='ocr_par' dir='ltr' id='par_1_118' title="bbox 454 5089 2033 5165">
     <span class='ocr_line' id='line_1_122' title="bbox 454 5089 2033 5165; baseline 0.003 -22"><span class='ocrx_word' id='word_1_920' title='bbox 454 5089 565 5165; x_wconf 83' lang='lat' dir='ltr'><strong>sine</strong></span> <span class='ocrx_word' id='word_1_921' title='bbox 613 5100 819 5165; x_wconf 83' lang='lat' dir='ltr'><strong>peccato</strong></span> <span class='ocrx_word' id='word_1_922' title='bbox 864 5110 971 5165; x_wconf 81' lang='lat' dir='ltr'><strong>esse</strong></span> <span class='ocrx_word' id='word_1_923' title='bbox 1000 5097 1219 5165; x_wconf 85' lang='lat' dir='ltr'><strong>potuerit</strong></span> <span class='ocrx_word' id='word_1_924' title='bbox 1253 5089 1269 5150; x_wconf 67' lang='grc' dir='ltr'><em>ἐ</em></span> <span class='ocrx_word' id='word_1_925' title='bbox 1306 5089 1373 5148; x_wconf 76' lang='lat' dir='ltr'><strong>ita</strong></span> <span class='ocrx_word' id='word_1_926' title='bbox 1423 5093 1624 5163; x_wconf 86' lang='lat' dir='ltr'><strong>placuit</strong></span> <span class='ocrx_word' id='word_1_927' title='bbox 1669 5092 1936 5149; x_wconf 79' lang='lat' dir='ltr'><strong>Africanis</strong></span> <span class='ocrx_word' id='word_1_928' title='bbox 1981 5094 2033 5147; x_wconf 90' lang='lat' dir='ltr'><strong>in</strong></span> 
     </span>
    </p>
   </div>
   <div class='ocr_carea' id='block_1_119' title="bbox 457 5162 1246 5221">
    <p class='ocr_par' dir='ltr' id='par_1_119' title="bbox 457 5162 1246 5221">
     <span class='ocr_line' id='line_1_123' title="bbox 457 5162 1246 5221; baseline 0.006 -8"><span class='ocrx_word' id='word_1_929' title='bbox 457 5163 624 5214; x_wconf 83' lang='lat' dir='ltr'><strong>verba</strong></span> <span class='ocrx_word' id='word_1_930' title='bbox 656 5162 759 5217; x_wconf 89' lang='lat' dir='ltr'><strong>isto</strong></span> <span class='ocrx_word' id='word_1_931' title='bbox 788 5162 1099 5219; x_wconf 47' lang='lat' dir='ltr'><strong>lndereJDu</strong></span> <span class='ocrx_word' id='word_1_932' title='bbox 1134 5167 1246 5221; x_wconf 75' lang='lat' dir='ltr'><strong>PIN.</strong></span> 
     </span>
    </p>
   </div>
   <div class='ocr_carea' id='block_1_120' title="bbox 529 5230 2030 5306">
    <p class='ocr_par' dir='ltr' id='par_1_120' title="bbox 529 5230 2030 5306">
     <span class='ocr_line' id='line_1_124' title="bbox 529 5230 2030 5306; baseline 0.003 -21"><span class='ocrx_word' id='word_1_933' title='bbox 529 5230 887 5306; x_wconf 57' lang='lat' dir='ltr'><strong>(etiamm</strong></span> <span class='ocrx_word' id='word_1_934' title='bbox 920 5252 1109 5289; x_wconf 88' lang='lat' dir='ltr'><strong>muros.</strong></span> <span class='ocrx_word' id='word_1_935' title='bbox 1149 5235 1441 5290; x_wconf 86' lang='lat' dir='ltr'><strong>Christiani</strong></span> <span class='ocrx_word' id='word_1_936' title='bbox 1486 5243 1614 5291; x_wconf 88' lang='lat' dir='ltr'><strong>sunt</strong></span> <span class='ocrx_word' id='word_1_937' title='bbox 1660 5235 1857 5306; x_wconf 89' lang='lat' dir='ltr'><strong>templa</strong></span> <span class='ocrx_word' id='word_1_938' title='bbox 1903 5235 2030 5301; x_wconf 89' lang='lat' dir='ltr'><strong>Dei;</strong></span> 
     </span>
    </p>
   </div>
   <div class='ocr_carea' id='block_1_121' title="bbox 454 5303 1389 5372">
    <p class='ocr_par' dir='ltr' id='par_1_121' title="bbox 454 5303 1389 5372">
     <span class='ocr_line' id='line_1_125' title="bbox 454 5303 1389 5372; baseline 0 -15"><span class='ocrx_word' id='word_1_939' title='bbox 454 5317 550 5358; x_wconf 86' lang='lat' dir='ltr'><strong>vos</strong></span> <span class='ocrx_word' id='word_1_940' title='bbox 580 5303 753 5358; x_wconf 77' lang='lat' dir='ltr'><strong>facitis</strong></span> <span class='ocrx_word' id='word_1_941' title='bbox 784 5306 884 5360; x_wconf 88' lang='lat' dir='ltr'><strong>alia</strong></span> <span class='ocrx_word' id='word_1_942' title='bbox 918 5308 1134 5372; x_wconf 82' lang='lat' dir='ltr'><strong>templa.</strong></span> <span class='ocrx_word' id='word_1_943' title='bbox 1166 5311 1389 5361; x_wconf 72' lang='grc' dir='ltr'>Λωιιςιι.</span> 
     </span>
    </p>
   </div>
   <div class='ocr_carea' id='block_1_122' title="bbox 530 5374 2037 5449">
    <p class='ocr_par' dir='ltr' id='par_1_122' title="bbox 530 5374 2037 5449">
     <span class='ocr_line' id='line_1_126' title="bbox 530 5374 2037 5449; baseline 0.001 -20"><span class='ocrx_word' id='word_1_944' title='bbox 530 5376 647 5449; x_wconf 70' lang='lat'><strong>(22)</strong></span> <span class='ocrx_word' id='word_1_945' title='bbox 688 5374 767 5430; x_wconf 86' lang='lat' dir='ltr'><strong>De</strong></span> <span class='ocrx_word' id='word_1_946' title='bbox 786 5380 935 5430; x_wconf 87' lang='lat' dir='ltr'><strong>ruina</strong></span> <span class='ocrx_word' id='word_1_947' title='bbox 955 5379 1291 5449; x_wconf 78' lang='lat' dir='ltr'><strong>construitur.</strong></span> <span class='ocrx_word' id='word_1_948' title='bbox 1316 5377 1541 5431; x_wconf 88' lang='lat' dir='ltr'><strong>Tertull.</strong></span> <span class='ocrx_word' id='word_1_949' title='bbox 1561 5377 1857 5449; x_wconf 81' lang='lat' dir='ltr'><strong>:Quoniam</strong></span> <span class='ocrx_word' id='word_1_950' title='bbox 1884 5386 1930 5431; x_wconf 90' lang='lat' dir='ltr'><strong>et</strong></span> <span class='ocrx_word' id='word_1_951' title='bbox 1956 5378 2037 5445; x_wconf 85' lang='lat' dir='ltr'><strong>ip-</strong></span> 
     </span>
    </p>
   </div>
   <div class='ocr_carea' id='block_1_123' title="bbox 457 5447 2043 5518">
    <p class='ocr_par' dir='ltr' id='par_1_123' title="bbox 457 5447 2043 5518">
     <span class='ocr_line' id='line_1_127' title="bbox 457 5447 2043 5518; baseline 0.001 -17"><span class='ocrx_word' id='word_1_952' title='bbox 457 5447 569 5501; x_wconf 79' lang='lat' dir='ltr'><strong>sum</strong></span> <span class='ocrx_word' id='word_1_953' title='bbox 592 5447 721 5518; x_wconf 79' lang='lat' dir='ltr'><strong>opus</strong></span> <span class='ocrx_word' id='word_1_954' title='bbox 744 5465 919 5502; x_wconf 88' lang='lat' dir='ltr'><strong>eorum</strong></span> <span class='ocrx_word' id='word_1_955' title='bbox 952 5464 1053 5502; x_wconf 89' lang='lat' dir='ltr'><strong>non</strong></span> <span class='ocrx_word' id='word_1_956' title='bbox 1076 5447 1137 5501; x_wconf 82' lang='lat' dir='ltr'><strong>de</strong></span> <span class='ocrx_word' id='word_1_957' title='bbox 1158 5465 1249 5502; x_wconf 88' lang='lat' dir='ltr'><strong>suo</strong></span> <span class='ocrx_word' id='word_1_958' title='bbox 1279 5449 1484 5518; x_wconf 73' lang='lat' dir='ltr'><strong>praprie</strong></span> <span class='ocrx_word' id='word_1_959' title='bbox 1510 5448 1728 5517; x_wconf 71' lang='lat' dir='ltr'><strong>redi/icio</strong></span> <span class='ocrx_word' id='word_1_960' title='bbox 1751 5450 1881 5501; x_wconf 79' lang='lat' dir='ltr'><strong>venit</strong></span> <span class='ocrx_word' id='word_1_961' title='bbox 1906 5491 1919 5511; x_wconf 87' lang='lat'><strong>,</strong></span> <span class='ocrx_word' id='word_1_962' title='bbox 1952 5450 2043 5503; x_wconf 84' lang='lat' dir='ltr'><strong>sed</strong></span> 
     </span>
    </p>
   </div>
   <div class='ocr_carea' id='block_1_124' title="bbox 461 5516 2044 5584">
    <p class='ocr_par' dir='ltr' id='par_1_124' title="bbox 461 5516 2044 5584">
     <span class='ocr_line' id='line_1_128' title="bbox 461 5516 2044 5584; baseline 0.001 -11"><span class='ocrx_word' id='word_1_963' title='bbox 461 5520 523 5573; x_wconf 88' lang='lat' dir='ltr'><strong>de</strong></span> <span class='ocrx_word' id='word_1_964' title='bbox 543 5516 768 5574; x_wconf 77' lang='lat' dir='ltr'><strong>ueritatis</strong></span> <span class='ocrx_word' id='word_1_965' title='bbox 798 5519 1128 5575; x_wconf 82' lang='lat' dir='ltr'><strong>distinctione</strong></span> <span class='ocrx_word' id='word_1_966' title='bbox 1168 5529 1344 5574; x_wconf 88' lang='lat' dir='ltr'><strong>nostra</strong></span> <span class='ocrx_word' id='word_1_967' title='bbox 1374 5516 1655 5584; x_wconf 74' lang='lat' dir='ltr'><strong>sulfodiunt</strong></span> <span class='ocrx_word' id='word_1_968' title='bbox 1684 5530 1739 5573; x_wconf 87' lang='lat' dir='ltr'><strong>ut</strong></span> <span class='ocrx_word' id='word_1_969' title='bbox 1773 5536 1890 5574; x_wconf 87' lang='lat' dir='ltr'><strong>suos</strong></span> <span class='ocrx_word' id='word_1_970' title='bbox 1915 5520 2044 5575; x_wconf 76' lang='lat' dir='ltr'><strong>tedi-</strong></span> 
     </span>
    </p>
   </div>
   <div class='ocr_carea' id='block_1_125' title="bbox 466 5591 899 5659">
    <p class='ocr_par' dir='ltr' id='par_1_125' title="bbox 466 5591 899 5659">
     <span class='ocr_line' id='line_1_129' title="bbox 466 5591 899 5659; baseline 0.005 -17"><span class='ocrx_word' id='word_1_971' title='bbox 466 5591 639 5659; x_wconf 77' lang='lat' dir='ltr'><strong>ﬁcent.</strong></span> <span class='ocrx_word' id='word_1_972' title='bbox 670 5591 899 5646; x_wconf 73' lang='lat' dir='ltr'><strong>ALBASP.</strong></span> 
     </span>
    </p>
   </div>
   <div class='ocr_carea' id='block_1_126' title="bbox 542 5658 2045 5730">
    <p class='ocr_par' dir='ltr' id='par_1_126' title="bbox 542 5658 2045 5730">
     <span class='ocr_line' id='line_1_130' title="bbox 542 5658 2045 5730; baseline 0.002 -16"><span class='ocrx_word' id='word_1_973' title='bbox 542 5659 656 5729; x_wconf 66' lang='grc' dir='ltr'><strong>(εδ)</strong></span> <span class='ocrx_word' id='word_1_974' title='bbox 697 5660 869 5716; x_wconf 84' lang='lat' dir='ltr'><strong>Genus</strong></span> <span class='ocrx_word' id='word_1_975' title='bbox 894 5660 995 5716; x_wconf 87' lang='lat' dir='ltr'><strong>Dei</strong></span> <span class='ocrx_word' id='word_1_976' title='bbox 1020 5672 1213 5715; x_wconf 86' lang='lat' dir='ltr'><strong>estnon</strong></span> <span class='ocrx_word' id='word_1_977' title='bbox 1237 5661 1421 5715; x_wconf 83' lang='lat' dir='ltr'><strong>habere</strong></span> <span class='ocrx_word' id='word_1_978' title='bbox 1440 5676 1621 5730; x_wconf 85' lang='lat' dir='ltr'><strong>genus.</strong></span> <span class='ocrx_word' id='word_1_979' title='bbox 1650 5658 2045 5729; x_wconf 81' lang='lat' dir='ltr'><strong>Elegantissimi</strong></span> 
     </span>
    </p>
   </div>
   <div class='ocr_carea' id='block_1_127' title="bbox 477 5730 2046 5805">
    <p class='ocr_par' dir='ltr' id='par_1_127' title="bbox 477 5730 2046 5805">
     <span class='ocr_line' id='line_1_131' title="bbox 477 5730 2046 5805; baseline 0.004 -22"><span class='ocrx_word' id='word_1_980' title='bbox 477 5732 735 5785; x_wconf 83' lang='lat' dir='ltr'><strong>acuminis</strong></span> <span class='ocrx_word' id='word_1_981' title='bbox 756 5742 859 5800; x_wconf 84' lang='lat' dir='ltr'><strong>est,</strong></span> <span class='ocrx_word' id='word_1_982' title='bbox 890 5731 1033 5805; x_wconf 82' lang='lat' dir='ltr'><strong>quod</strong></span> <span class='ocrx_word' id='word_1_983' title='bbox 1064 5734 1271 5791; x_wconf 85' lang='lat' dir='ltr'><strong>acutius</strong></span> <span class='ocrx_word' id='word_1_984' title='bbox 1294 5731 1499 5789; x_wconf 87' lang='lat' dir='ltr'><strong>dictum</strong></span> <span class='ocrx_word' id='word_1_985' title='bbox 1521 5730 1803 5801; x_wconf 86' lang='lat' dir='ltr'><strong>,quodque</strong></span> <span class='ocrx_word' id='word_1_986' title='bbox 1836 5746 1955 5793; x_wconf 87' lang='lat' dir='ltr'><strong>cum</strong></span> <span class='ocrx_word' id='word_1_987' title='bbox 1986 5748 2046 5789; x_wconf 83' lang='lat' dir='ltr'><strong>re</strong></span> 
     </span>
    </p>
   </div>
   <div class='ocr_carea' id='block_1_128' title="bbox 2140 4809 3687 4877">
    <p class='ocr_par' dir='ltr' id='par_1_128' title="bbox 2140 4809 3687 4877">
     <span class='ocr_line' id='line_1_132' title="bbox 2140 4809 3687 4877; baseline -0.003 -14"><span class='ocrx_word' id='word_1_988' title='bbox 2140 4809 2331 4870; x_wconf 84' lang='lat' dir='ltr'><strong>omnia,</strong></span> <span class='ocrx_word' id='word_1_989' title='bbox 2364 4819 2417 4861; x_wconf 92' lang='lat' dir='ltr'><strong>ut</strong></span> <span class='ocrx_word' id='word_1_990' title='bbox 2447 4810 2679 4874; x_wconf 89' lang='lat' dir='ltr'><strong>videtur,</strong></span> <span class='ocrx_word' id='word_1_991' title='bbox 2729 4810 2971 4864; x_wconf 86' lang='lat' dir='ltr'><strong>alludens</strong></span> <span class='ocrx_word' id='word_1_992' title='bbox 2993 4812 3143 4873; x_wconf 84' lang='lat' dir='ltr'><strong>initio</strong></span> <span class='ocrx_word' id='word_1_993' title='bbox 3171 4809 3419 4866; x_wconf 79' lang='lat' dir='ltr'><strong>hexaem.</strong></span> <span class='ocrx_word' id='word_1_994' title='bbox 3472 4810 3565 4877; x_wconf 73' lang='lat' dir='ltr'><strong>Qui</strong></span> <span class='ocrx_word' id='word_1_995' title='bbox 3588 4822 3687 4862; x_wconf 67' lang='lat' dir='ltr'><strong>cum</strong></span> 
     </span>
    </p>
   </div>
   <div class='ocr_carea' id='block_1_129' title="bbox 2138 4878 3689 4951">
    <p class='ocr_par' dir='ltr' id='par_1_129' title="bbox 2138 4878 3689 4951">
     <span class='ocr_line' id='line_1_133' title="bbox 2138 4878 3689 4951; baseline 0.001 -18"><span class='ocrx_word' id='word_1_996' title='bbox 2138 4896 2202 4933; x_wconf 78' lang='lat' dir='ltr'><strong>ea:</strong></span> <span class='ocrx_word' id='word_1_997' title='bbox 2239 4896 2372 4949; x_wconf 88' lang='lat' dir='ltr'><strong>aqua</strong></span> <span class='ocrx_word' id='word_1_998' title='bbox 2418 4896 2602 4934; x_wconf 87' lang='lat' dir='ltr'><strong>nomen</strong></span> <span class='ocrx_word' id='word_1_999' title='bbox 2646 4882 2912 4951; x_wconf 79' lang='lat' dir='ltr'><strong>acceperit,</strong></span> <span class='ocrx_word' id='word_1_1000' title='bbox 2957 4897 3058 4933; x_wconf 87' lang='lat' dir='ltr'><strong>non</strong></span> <span class='ocrx_word' id='word_1_1001' title='bbox 3109 4880 3301 4948; x_wconf 75' lang='lat' dir='ltr'><strong>putavit</strong></span> <span class='ocrx_word' id='word_1_1002' title='bbox 3341 4890 3505 4934; x_wconf 83' lang='lat' dir='ltr'><strong>tamen</strong></span> 
     </span>
    </p>
   </div>
   <div class='ocr_carea' id='block_1_130' title="bbox 2138 4947 3688 5021">
    <p class='ocr_par' dir='ltr' id='par_1_130' title="bbox 2138 4947 3688 5021">
     <span class='ocr_line' id='line_1_134' title="bbox 2138 4947 3688 5021; baseline -0.003 -17"><span class='ocrx_word' id='word_1_1003' title='bbox 2138 4947 2311 5011; x_wconf 80' lang='lat' dir='ltr'><strong>dum,</strong></span> <span class='ocrx_word' id='word_1_1004' title='bbox 2344 4951 2512 5021; x_wconf 11' lang='lat' dir='ltr'><strong>equod</strong></span> <span class='ocrx_word' id='word_1_1005' title='bbox 2555 4966 2618 5004; x_wconf 83' lang='lat' dir='ltr'><strong>ea:</strong></span> <span class='ocrx_word' id='word_1_1006' title='bbox 2659 4947 2793 5021; x_wconf 79' lang='lat' dir='ltr'><strong>aqua</strong></span> <span class='ocrx_word' id='word_1_1007' title='bbox 2836 4947 3126 5005; x_wconf 81' lang='lat' dir='ltr'><strong>constarent</strong></span> <span class='ocrx_word' id='word_1_1008' title='bbox 3163 4952 3336 5004; x_wconf 88' lang='lat' dir='ltr'><strong>omnia</strong></span> <span class='ocrx_word' id='word_1_1009' title='bbox 3360 4992 3377 5016; x_wconf 90' lang='lat'><strong>,</strong></span> <span class='ocrx_word' id='word_1_1010' title='bbox 3427 4960 3483 5004; x_wconf 79' lang='lat' dir='ltr'><strong>ut</strong></span> <span class='ocrx_word' id='word_1_1011' title='bbox 3529 4947 3688 5021; x_wconf 57' lang='lat' dir='ltr'><strong>Thyles</strong></span> 
     </span>
    </p>
   </div>
   <div class='ocr_carea' id='block_1_131' title="bbox 2139 5017 3686 5091">
    <p class='ocr_par' dir='ltr' id='par_1_131' title="bbox 2139 5017 3686 5091">
     <span class='ocr_line' id='line_1_135' title="bbox 2139 5017 3686 5091; baseline -0.002 -16"><span class='ocrx_word' id='word_1_1012' title='bbox 2139 5023 2290 5075; x_wconf 72' lang='lat' dir='ltr'><strong>dixit.</strong></span> <span class='ocrx_word' id='word_1_1013' title='bbox 2342 5017 2475 5075; x_wconf 82' lang='lat' dir='ltr'><strong>Illud</strong></span> <span class='ocrx_word' id='word_1_1014' title='bbox 2524 5017 2713 5075; x_wconf 80' lang='lat' dir='ltr'><strong>nostra</strong></span> <span class='ocrx_word' id='word_1_1015' title='bbox 2744 5023 2912 5090; x_wconf 91' lang='lat' dir='ltr'><strong>magis</strong></span> <span class='ocrx_word' id='word_1_1016' title='bbox 2953 5021 3507 5091; x_wconf 30' lang='lat' dir='ltr'><strong>relerttctOptati,</strong></span> <span class='ocrx_word' id='word_1_1017' title='bbox 3549 5017 3686 5091; x_wconf 66' lang='lat' dir='ltr'><strong>fuisse</strong></span> 
     </span>
    </p>
   </div>
   <div class='ocr_carea' id='block_1_132' title="bbox 2137 5087 3686 5162">
    <p class='ocr_par' dir='ltr' id='par_1_132' title="bbox 2137 5087 3686 5162">
     <span class='ocr_line' id='line_1_136' title="bbox 2137 5087 3686 5162; baseline -0.003 -16"><span class='ocrx_word' id='word_1_1018' title='bbox 2137 5093 2265 5147; x_wconf 91' lang='lat' dir='ltr'><strong>olim</strong></span> <span class='ocrx_word' id='word_1_1019' title='bbox 2291 5132 2308 5159; x_wconf 85' lang='lat'><strong>,</strong></span> <span class='ocrx_word' id='word_1_1020' title='bbox 2340 5092 2431 5161; x_wconf 89' lang='lat' dir='ltr'><strong>qui</strong></span> <span class='ocrx_word' id='word_1_1021' title='bbox 2464 5092 2569 5146; x_wconf 88' lang='lat' dir='ltr'><strong>tale</strong></span> <span class='ocrx_word' id='word_1_1022' title='bbox 2596 5092 2721 5162; x_wconf 90' lang='lat' dir='ltr'><strong>quid</strong></span> <span class='ocrx_word' id='word_1_1023' title='bbox 2771 5087 2927 5161; x_wconf 75' lang='lat' dir='ltr'><strong>quale</strong></span> <span class='ocrx_word' id='word_1_1024' title='bbox 2971 5087 3184 5162; x_wconf 73' lang='lat' dir='ltr'><strong>videtur</strong></span> <span class='ocrx_word' id='word_1_1025' title='bbox 3234 5090 3323 5146; x_wconf 86' lang='lat' dir='ltr'><strong>hic</strong></span> <span class='ocrx_word' id='word_1_1026' title='bbox 3365 5092 3578 5162; x_wconf 79' lang='lat' dir='ltr'><strong>Optatos</strong></span> <span class='ocrx_word' id='word_1_1027' title='bbox 3619 5087 3686 5142; x_wconf 80' lang='lat' dir='ltr'><strong>in-</strong></span> 
     </span>
    </p>
   </div>
   <div class='ocr_carea' id='block_1_133' title="bbox 2138 5161 3684 5231">
    <p class='ocr_par' dir='ltr' id='par_1_133' title="bbox 2138 5161 3684 5231">
     <span class='ocr_line' id='line_1_137' title="bbox 2138 5161 3684 5231; baseline -0.005 -13"><span class='ocrx_word' id='word_1_1028' title='bbox 2138 5178 2343 5228; x_wconf 89' lang='lat' dir='ltr'><strong>nuere,</strong></span> <span class='ocrx_word' id='word_1_1029' title='bbox 2396 5177 2461 5217; x_wconf 85' lang='lat' dir='ltr'><strong>ex</strong></span> <span class='ocrx_word' id='word_1_1030' title='bbox 2518 5164 2806 5217; x_wconf 84' lang='lat' dir='ltr'><strong>creationis</strong></span> <span class='ocrx_word' id='word_1_1031' title='bbox 2869 5161 3092 5216; x_wconf 86' lang='lat' dir='ltr'><strong>historia</strong></span> <span class='ocrx_word' id='word_1_1032' title='bbox 3154 5161 3503 5231; x_wconf 79' lang='lat' dir='ltr'><strong>colligerent;</strong></span> <span class='ocrx_word' id='word_1_1033' title='bbox 3546 5170 3684 5231; x_wconf 73' lang='lat' dir='ltr'><strong>aquas</strong></span> 
     </span>
    </p>
   </div>
   <div class='ocr_carea' id='block_1_134' title="bbox 2141 5229 3683 5315">
    <p class='ocr_par' dir='ltr' id='par_1_134' title="bbox 2141 5229 3683 5315">
     <span class='ocr_line' id='line_1_138' title="bbox 2141 5229 3683 5315; baseline -0.003 -27"><span class='ocrx_word' id='word_1_1034' title='bbox 2141 5248 2378 5315; x_wconf 78' lang='lat' dir='ltr'><strong>nempe,</strong></span> <span class='ocrx_word' id='word_1_1035' title='bbox 2406 5233 2842 5315; x_wconf 52' lang='lat' dir='ltr'><strong>&quot;quodmearum</strong></span> <span class='ocrx_word' id='word_1_1036' title='bbox 2876 5232 3163 5315; x_wconf 71' lang='lat' dir='ltr'><strong>creationis</strong></span> <span class='ocrx_word' id='word_1_1037' title='bbox 3209 5229 3499 5314; x_wconf 63' lang='lat' dir='ltr'><strong>Scriptura:</strong></span> 
     </span>
    </p>
   </div>
   <div class='ocr_carea' id='block_1_135' title="bbox 2145 5301 3679 5372">
    <p class='ocr_par' dir='ltr' id='par_1_135' title="bbox 2145 5301 3679 5372">
     <span class='ocr_line' id='line_1_139' title="bbox 2145 5301 3679 5372; baseline -0.003 -13"><span class='ocrx_word' id='word_1_1038' title='bbox 2145 5306 2211 5360; x_wconf 92' lang='lat' dir='ltr'><strong>tis</strong></span> <span class='ocrx_word' id='word_1_1039' title='bbox 2237 5301 2356 5370; x_wconf 20' lang='lat' dir='ltr'><strong>,Vut</strong></span> <span class='ocrx_word' id='word_1_1040' title='bbox 2404 5301 2482 5359; x_wconf 85' lang='lat' dir='ltr'><strong>illi</strong></span> <span class='ocrx_word' id='word_1_1041' title='bbox 2526 5304 2887 5372; x_wconf 80' lang='lat' dir='ltr'><strong>colligebant,</strong></span> <span class='ocrx_word' id='word_1_1042' title='bbox 2935 5306 3111 5357; x_wconf 87' lang='lat' dir='ltr'><strong>verbis</strong></span> <span class='ocrx_word' id='word_1_1043' title='bbox 3139 5346 3153 5367; x_wconf 84' lang='lat'><strong>,</strong></span> <span class='ocrx_word' id='word_1_1044' title='bbox 3192 5319 3300 5359; x_wconf 88' lang='lat' dir='ltr'><strong>non</strong></span> <span class='ocrx_word' id='word_1_1045' title='bbox 3328 5301 3679 5372; x_wconf 55' lang='lat' dir='ltr'><strong>meminisset.</strong></span> 
     </span>
    </p>
   </div>
   <div class='ocr_carea' id='block_1_136' title="bbox 2142 5368 3683 5446">
    <p class='ocr_par' dir='ltr' id='par_1_136' title="bbox 2142 5368 3683 5446">
     <span class='ocr_line' id='line_1_140' title="bbox 2142 5368 3683 5446; baseline -0.004 -15"><span class='ocrx_word' id='word_1_1046' title='bbox 2142 5368 2259 5431; x_wconf 83' lang='lat' dir='ltr'><strong>ante</strong></span> <span class='ocrx_word' id='word_1_1047' title='bbox 2285 5379 2490 5441; x_wconf 84' lang='lat' dir='ltr'><strong>omnia;</strong></span> <span class='ocrx_word' id='word_1_1048' title='bbox 2532 5368 2938 5437; x_wconf 49' lang='lat' dir='ltr'><strong>imo&#39;mternas,</strong></span> <span class='ocrx_word' id='word_1_1049' title='bbox 2985 5374 3093 5429; x_wconf 85' lang='lat' dir='ltr'><strong>Deo</strong></span> <span class='ocrx_word' id='word_1_1050' title='bbox 3118 5386 3395 5444; x_wconf 65' lang='lat' dir='ltr'><strong>cowternas</strong></span> <span class='ocrx_word' id='word_1_1051' title='bbox 3422 5374 3583 5446; x_wconf 69' lang='lat' dir='ltr'><strong>fuisse.</strong></span> <span class='ocrx_word' id='word_1_1052' title='bbox 3620 5368 3683 5425; x_wconf 84' lang='lat' dir='ltr'><strong>De</strong></span> 
     </span>
    </p>
   </div>
   <div class='ocr_carea' id='block_1_137' title="bbox 2144 5446 3680 5531">
    <p class='ocr_par' dir='ltr' id='par_1_137' title="bbox 2144 5446 3680 5531">
     <span class='ocr_line' id='line_1_141' title="bbox 2144 5446 3680 5531; baseline -0.003 -28"><span class='ocrx_word' id='word_1_1053' title='bbox 2144 5450 2316 5531; x_wconf 68' lang='lat' dir='ltr'><strong>primo</strong></span> <span class='ocrx_word' id='word_1_1054' title='bbox 2342 5458 2495 5531; x_wconf 74' lang='lat' dir='ltr'><strong>vetus</strong></span> <span class='ocrx_word' id='word_1_1055' title='bbox 2510 5455 2727 5531; x_wconf 59' lang='lat' dir='ltr'><strong>auctor,</strong></span> <span class='ocrx_word' id='word_1_1056' title='bbox 2755 5448 2844 5530; x_wconf 73' lang='lat' dir='ltr'><strong>qui</strong></span> <span class='ocrx_word' id='word_1_1057' title='bbox 2870 5446 3054 5531; x_wconf 68' lang='lat' dir='ltr'><strong>Jttnilii</strong></span> <span class='ocrx_word' id='word_1_1058' title='bbox 3073 5448 3299 5531; x_wconf 55' lang='lat' dir='ltr'><strong>potuine</strong></span> <span class='ocrx_word' id='word_1_1059' title='bbox 3317 5447 3680 5531; x_wconf 39' lang='grc' dir='ltr'><strong>ὀἰφιυωσεξξιξτ</strong></span> 
     </span>
    </p>
   </div>
   <div class='ocr_carea' id='block_1_138' title="bbox 2147 5511 3685 5583">
    <p class='ocr_par' dir='ltr' id='par_1_138' title="bbox 2147 5511 3685 5583">
     <span class='ocr_line' id='line_1_142' title="bbox 2147 5511 3685 5583; baseline -0.005 -9"><span class='ocrx_word' id='word_1_1060' title='bbox 2147 5511 2200 5575; x_wconf 87' lang='lat' dir='ltr'><strong>in</strong></span> <span class='ocrx_word' id='word_1_1061' title='bbox 2226 5518 2478 5576; x_wconf 84' lang='lat' dir='ltr'><strong>Geuesim</strong></span> <span class='ocrx_word' id='word_1_1062' title='bbox 2510 5511 2829 5573; x_wconf 82' lang='lat' dir='ltr'><strong>Parisicnsis</strong></span> <span class='ocrx_word' id='word_1_1063' title='bbox 2871 5518 3001 5574; x_wconf 89' lang='lat' dir='ltr'><strong>edit.</strong></span> <span class='ocrx_word' id='word_1_1064' title='bbox 3033 5517 3207 5583; x_wconf 77' lang='grc'><strong>1556,</strong></span> <span class='ocrx_word' id='word_1_1065' title='bbox 3258 5516 3353 5573; x_wconf 84' lang='lat' dir='ltr'><strong>fol.</strong></span> <span class='ocrx_word' id='word_1_1066' title='bbox 3382 5518 3445 5571; x_wconf 72' lang='lat' dir='ltr'><strong><em>M</em></strong></span> <span class='ocrx_word' id='word_1_1067' title='bbox 3474 5532 3487 5568; x_wconf 89' lang='lat'><strong>:</strong></span> <span class='ocrx_word' id='word_1_1068' title='bbox 3534 5511 3685 5583; x_wconf 63' lang='lat' dir='ltr'><strong>Neque</strong></span> 
     </span>
    </p>
   </div>
   <div class='ocr_carea' id='block_1_139' title="bbox 2149 5583 3687 5661">
    <p class='ocr_par' dir='ltr' id='par_1_139' title="bbox 2149 5583 3687 5661">
     <span class='ocr_line' id='line_1_143' title="bbox 2149 5583 3687 5661; baseline -0.002 -18"><span class='ocrx_word' id='word_1_1069' title='bbox 2149 5593 2285 5644; x_wconf 89' lang='lat' dir='ltr'><strong>enim</strong></span> <span class='ocrx_word' id='word_1_1070' title='bbox 2315 5606 2474 5659; x_wconf 86' lang='lat' dir='ltr'><strong>aquas</strong></span> <span class='ocrx_word' id='word_1_1071' title='bbox 2496 5589 2564 5642; x_wconf 88' lang='lat' dir='ltr'><strong>ad</strong></span> <span class='ocrx_word' id='word_1_1072' title='bbox 2589 5592 2759 5661; x_wconf 88' lang='lat' dir='ltr'><strong>omnia</strong></span> <span class='ocrx_word' id='word_1_1073' title='bbox 2781 5590 2921 5659; x_wconf 87' lang='lat' dir='ltr'><strong>(lege</strong></span> <span class='ocrx_word' id='word_1_1074' title='bbox 2951 5598 3069 5643; x_wconf 89' lang='lat' dir='ltr'><strong>ante</strong></span> <span class='ocrx_word' id='word_1_1075' title='bbox 3096 5589 3299 5661; x_wconf 87' lang='lat' dir='ltr'><strong>omnia)</strong></span> <span class='ocrx_word' id='word_1_1076' title='bbox 3331 5583 3687 5661; x_wconf 51' lang='lat' dir='ltr'><strong>factum</strong></span> 
     </span>
    </p>
   </div>
   <div class='ocr_carea' id='block_1_140' title="bbox 2150 5658 3688 5732">
    <p class='ocr_par' dir='ltr' id='par_1_140' title="bbox 2150 5658 3688 5732">
     <span class='ocr_line' id='line_1_144' title="bbox 2150 5658 3688 5732; baseline -0.003 -17"><span class='ocrx_word' id='word_1_1077' title='bbox 2150 5665 2229 5732; x_wconf 77' lang='lat' dir='ltr'><strong>fas</strong></span> <span class='ocrx_word' id='word_1_1078' title='bbox 2256 5658 2369 5732; x_wconf 21' lang='lat' dir='ltr'><strong>est.’</strong></span> <span class='ocrx_word' id='word_1_1079' title='bbox 2386 5662 2534 5725; x_wconf 79' lang='lat' dir='ltr'><strong>Quod</strong></span> <span class='ocrx_word' id='word_1_1080' title='bbox 2556 5663 2646 5714; x_wconf 88' lang='lat' dir='ltr'><strong>etsi</strong></span> <span class='ocrx_word' id='word_1_1081' title='bbox 2668 5660 2753 5714; x_wconf 84' lang='lat' dir='ltr'><strong>hic</strong></span> <span class='ocrx_word' id='word_1_1082' title='bbox 2782 5658 3053 5731; x_wconf 78' lang='lat' dir='ltr'><strong>Scriptura</strong></span> <span class='ocrx_word' id='word_1_1083' title='bbox 3079 5662 3255 5731; x_wconf 84' lang='lat' dir='ltr'><strong>palam</strong></span> <span class='ocrx_word' id='word_1_1084' title='bbox 3277 5658 3378 5715; x_wconf 81' lang='lat' dir='ltr'><strong>non</strong></span> <span class='ocrx_word' id='word_1_1085' title='bbox 3405 5658 3540 5721; x_wconf 85' lang='lat' dir='ltr'><strong>dicit,</strong></span> <span class='ocrx_word' id='word_1_1086' title='bbox 3560 5666 3688 5732; x_wconf 73' lang='lat' dir='ltr'><strong>erea-</strong></span> 
     </span>
    </p>
   </div>
   <div class='ocr_carea' id='block_1_141' title="bbox 2160 5730 3688 5801">
    <p class='ocr_par' dir='ltr' id='par_1_141' title="bbox 2160 5730 3688 5801">
     <span class='ocr_line' id='line_1_145' title="bbox 2160 5730 3688 5801; baseline -0.003 -16"><span class='ocrx_word' id='word_1_1087' title='bbox 2160 5745 2241 5787; x_wconf 84' lang='lat' dir='ltr'><strong>tas</strong></span> <span class='ocrx_word' id='word_1_1088' title='bbox 2272 5730 2483 5787; x_wconf 85' lang='lat' dir='ltr'><strong>scilicet</strong></span> <span class='ocrx_word' id='word_1_1089' title='bbox 2525 5744 2687 5801; x_wconf 84' lang='lat' dir='ltr'><strong>aquas</strong></span> <span class='ocrx_word' id='word_1_1090' title='bbox 2715 5745 2875 5799; x_wconf 78' lang='lat' dir='ltr'><strong>esse,</strong></span> <span class='ocrx_word' id='word_1_1091' title='bbox 2902 5730 3025 5787; x_wconf 84' lang='lat' dir='ltr'><strong>eum</strong></span> <span class='ocrx_word' id='word_1_1092' title='bbox 3052 5730 3107 5787; x_wconf 86' lang='lat' dir='ltr'><strong>et</strong></span> <span class='ocrx_word' id='word_1_1093' title='bbox 3133 5734 3328 5788; x_wconf 67' lang='lat' dir='ltr'><strong>caetera</strong></span> <span class='ocrx_word' id='word_1_1094' title='bbox 3358 5736 3525 5786; x_wconf 66' lang='lat' dir='ltr'><strong>erecta</strong></span> <span class='ocrx_word' id='word_1_1095' title='bbox 3548 5730 3688 5782; x_wconf 63' lang='lat' dir='ltr'><strong>sentt</strong></span> 
     </span>
    </p>
   </div>
  </div>
