3828 6218
120 212 231 271 993

906 218 994 275 DE
1034 218 1417 307 SCIIISMATE
1458 214 1995 281 DONATISTARUM‘
2025 222 2227 281 LIBER
2266 222 2582 281 TERTIUS.

3293 223 3397 282 99‘

122 334 232 405 53
264 342 347 388 est
370 342 424 391 ct
454 348 612 408 aqua,
642 350 801 407 quam
832 350 939 391 non
990 336 1215 406 legimus
1240 336 1623 421 factamﬁ(251.
1652 334 1711 393 In
1738 346 1793 408 Α
1816 357 1903 395 mo-
1926 342 2108 410 poterit
2138 339 2395 395 consolari
2422 356 2499 392 me
2518 338 2574 409 in
2598 338 2900 393 contritione
2924 338 3050 409 ﬁlia:
3079 338 3276 409 generis
3306 340 3400 393 mei

118 428 281 495 cujus
333 443 489 499 aqua:
551 429 742 498 injuria
770 471 784 495 ,
840 427 1043 483 indicat
1086 430 1226 484 Deus
1274 429 1540 500 lacrymas
1587 444 1711 485 suas

118 534 261 589 quas
289 536 383 578 vos
414 521 651 588 fecistis;
681 536 814 592 quas
840 530 1068 577 testatur
1094 521 1239 577 nulla
1280 535 1441 593 posse
1472 522 1715 577 consola-

120 613 274 670 tione
299 613 528 681 siccari,
557 630 677 671 cum
705 614 772 670 ad
800 629 897 669 vos
927 629 1020 684 per
1051 612 1262 668 Esaiam
1294 614 1716 690 prapbetamlo-

120 705 330 776 quitur,
360 706 546 762 dicens
570 723 583 760 t
617 704 832 762 Missum
854 721 933 763 me
953 706 1127 776 facile,
1155 705 1329 778 amare
1344 706 1556 779 plorabo
1582 724 1595 760 :
1628 724 1717 763 ne—

1822 433 1920 505 (ls.
1954 449 2085 509 xxii,
2115 428 2194 507 4).
2233 434 2343 489 lloc
2375 433 2493 487 loco
2523 430 2824 486 defenditur
2850 430 3154 486 innocentia
3189 442 3402 498 nostra,

1818 524 1942 579 dum
1960 524 2102 581 Deus
2122 540 2243 581 cum
2262 524 2450 580 dolore
2477 523 2806 579 iracundiam
2826 524 2975 580 vobis
2992 523 3196 579 indicat
3217 536 3403 587 suam;

1821 615 1946 672 dum
1976 628 2029 673 et
2067 632 2285 673 causam
2316 615 2512 687 prodit,
2542 626 2597 671 et
2624 615 2885 671 rationem
2917 614 3154 671 ostendit
3179 613 3228 668 δ.
3256 640 3259 647 ν
3283 611 3405 685 (26)

1824 707 2067 780 Denique
2097 724 2203 765 non
2238 709 2433 764 intota
2459 706 2588 764 Sion
2619 718 2665 776 ο,
2710 707 2803 762 sed
2851 707 2901 761 in
2950 723 3053 763 una
3098 707 3218 778 ejus
3266 705 3408 761 valle

1268 820 1648 878 LECTIONES
1692 820 2097 879 VARIANTES.‘

192 911 222 943 ⁸
257 912 397 979 Eant}
421 912 951 979 vocemsupplevimus
978 927 1041 965 ex
1064 925 1164 978 ins.
1196 913 1251 965 S.
1276 913 1335 966 G.
1361 927 1472 979 qua:
1504 915 1649 967 deest
1670 916 1719 966 in

122 975 727 1028 mss.S.T.etP.S."
1064 975 1129 989 "

1881 899 1925 983 θ’
1945 915 2000 983 in
2022 930 2112 967 ms.
2139 918 2189 983 ξ.
2212 916 2270 983 '_lf.
2294 930 2465 983 causas
2488 916 2653 983 prodit
2674 922 2719 969 et
2741 914 3020 983 traditiones
3042 914 3262 983 ostendit.

1887 980 1909 1009 ο
1944 977 2000 1029 In
2023 992 2112 1030 ms.
2135 980 2189 1030 S.
2213 979 2273 1031 T.
2299 988 2352 1032 et
2374 982 2426 1032 in
2453 976 2615 1043 editis,
2637 992 2732 1031 non
2753 977 2821 1031 ait
2841 980 2893 1032 in
2914 976 3231 1030 Sionzminus
3254 980 3403 1032 bene.

1475 1081 1836 1141 VARIORUM
1860 1080 2087 1139 NOTAE.

127 1176 279 1233 unde
307 1186 491 1233 contra
521 1176 875 1250 sentientibus
910 1192 971 1233 os
1005 1178 1239 1250 obturari
1288 1178 1456 1245 possit
1483 1195 1495 1231 :
1522 1176 1710 1250 Palam
1810 1177 1898 1232 da.
1930 1176 2041 1232 Etsi
2072 1177 2213 1250 cnim
2236 1177 2517 1235 cumtDeus
2544 1195 2703 1249 genus
2731 1197 2831 1250 non
2866 1160 3052 1234 habere
3076 1165 3296 1243 dicitur,
3326 1194 3404 1233 tc-

128 1261 307 1302 tamen
344 1250 599 1321 signiﬁcat
622 1291 636 1311 ,
670 1266 785 1303 cum
809 1248 902 1303 has
942 1266 973 1303 a
999 1247 1106 1303 Deo
1146 1250 1428 1303 illustratus
1454 1258 1623 1321 atque,
1644 1248 1712 1321 ad

60 1365 65 1369 _
120 1320 335 1390 jussum
356 1319 465 1392 ejus
495 1320 756 1392 ordinatas
784 1320 1042 1392 insinuat,
1088 1322 1218 1375 sicut
1245 1330 1293 1373 et
1337 1320 1562 1392 psalmus
1590 1319 1715 1392 dicit

111 1389 312 1461 aperte
335 1432 351 1456 ,
375 1389 488 1446 'etc.
533 1391 926 1461 ldemividotur
953 1390 1174 1461 Optatos
1204 1389 1383 1459 dicere
1433 1391 1525 1447 lib.
1554 1407 1601 1444 νι
1629 1409 1642 1445 :
1670 1389 1717 1446 0

130 1460 269 1531 aqua
296 1478 409 1531 quw
434 1461 597 1515 dulcis
624 1480 655 1514 a
677 1460 788 1516 Deo
818 1466 985 1515 creata
1004 1460 1057 1515 es
1088 1503 1103 1528 ,
1131 1479 1285 1531 super
1311 1479 1464 1529 quam
1490 1472 1607 1516 ante
1638 1463 1719 1527 ip-

131 1534 244 1585 sius
272 1532 492 1587 natalem
520 1534 695 1586 mundi
723 1532 1164 1601 sanctusSpirittts
1185 1534 1459 1603 ferebatur,
1486 1544 1590 1588 etc.
1615 1532 1720 1603 Sed

132 1602 373 1674 @rtasse
402 1617 504 1658 non
537 1602 679 1658 aliud
704 1619 770 1658 eo
798 1604 917 1657 loco
946 1602 1559 1674 voluitOptatns,quam
1580 1602 1719 1673 quod

130 1672 505 1729 Tertullianus
534 1674 603 1730 de
633 1675 896 1744 baptismo
923 1674 1015 1730 lib.
1048 1689 1103 1729 nt
1129 1716 1142 1737 .
1176 1672 1263 1730 ubi
1309 1672 1679 1730 intercaatera
1704 1713 1721 1739 ,

133 1760 269 1815 quae
289 1746 342 1799 in
389 1743 575 1800 laudes
604 1743 860 1815 aquarum
906 1746 1363 1811 Comminiscitur,
1410 1746 1571 1800 etiam
1599 1745 1725 1801 inde

1815 1256 2002 1303 ternus
2030 1249 2377 1318 intelligitur;
2420 1252 2549 1305 satis
2596 1262 2771 1305 tamen
2817 1252 2883 1305 ad
2928 1250 3225 1306 institutam
3253 1265 3405 1306 com—

1819 1319 2152 1393 parationem
2182 1359 2197 1383 ,
2242 1320 2286 1393 si
2326 1336 2491 1391 aquas
2529 1324 2865 1393 quocumque
2908 1321 3066 1378 modo
3101 1339 3259 1392 genus
3303 1337 3405 1377 non

1822 1390 2004 1445 habere
2025 1393 2216 1463 probet
2238 1390 2481 1463 Optatos,
2501 1390 2640 1463 quod
2660 1390 2835 1463 velita
2864 1400 3039 1461 potest
3065 1390 3312 1463 intelligi,
3347 1400 3406 1446 ut

1824 1462 2272 1533 quemadmodum
2314 1462 2705 1533 Melchisedech
2732 1462 2930 1518 Christi
2980 1474 3136 1533 typus
3180 1462 3342 1517 fuisse
3369 1478 3399 1517 a
3488 1516 3493 1520 .

1824 1533 2010 1610 multis
2036 1532 2297 1595 creditur,
2329 1532 2609 1610 nonquod
2638 1548 2823 1610 revera
2866 1532 3083 1610 suam
3111 1544 3160 1589 et
3192 1536 3404 1610 ἀμήτωρ

1828 1601 2026 1672 fuerit,
2058 1610 2115 1655 ut
2141 1613 2294 1656 antea
2319 1601 2663 1675 dicebamus,
2692 1604 2952 1675 sedquod
2981 1601 3094 1673 ejus
3123 1601 3406 1673 progenies

1828 1689 1934 1730 non
1962 1682 2211 1728 enarrata
2242 1674 2346 1745 sit;
2394 1674 2462 1727 ita
2493 1680 2549 1728 et
2574 1689 2724 1743 aqua:
2752 1674 2872 1730 ideo
2914 1691 3070 1745 genus
3095 1690 3194 1728 non
3227 1678 3407 1729 habere

1829 1745 2113 1807 dicantur,
2166 1744 2306 1814 quod
2352 1759 2535 1799 earum
2582 1747 2867 1800 creationis
2914 1744 3103 1801 exerte
3136 1753 3197 1803 ,et
3239 1747 3411 1800 nomi-

135 1814 585 1887 celebrat,quod
606 1814 698 1887 eos
728 1815 882 1870 chaos
910 1814 1055 1871 illius
1092 1816 1232 1871 unde
1275 1817 1459 1873 mundi
1501 1817 1763 1887 digestust
1831 1814 1995 1871 natim
2025 1815 2301 1887 Scriptura
2326 1828 2431 1869 non
2472 1815 2818 1887 meminerit:
2860 1817 2941 1870 vel
2981 1814 3145 1887 itaut
3182 1816 3300 1870 ideo
3323 1833 3407 1887 ge-
3470 1830 3471 1833 ‘

136 1885 499 1957 pOSIea,'pars
528 1887 634 1943 illa:
664 1885 881 1956 fuerint,
916 1903 1015 1942 nec
1041 1903 1161 1957 pars
1194 1898 1433 1957 tantum,
1464 1886 1558 1943 sed
1591 1902 1727 1956 prte-
1756 1895 1803 1956 Β
1830 1903 1923 1942 nus
1946 1902 2046 1940 non
2067 1885 2250 1940 habere
2277 1886 2521 1940 dicantur
2548 1926 2563 1952 ,
2596 1886 2735 1955 quod
2782 1888 2967 1957 prima;
2998 1886 3141 1941 illius
3172 1885 3408 1944 materia:

135 1958 488 2028 stautissima
523 1972 646 2026 pars
688 1967 744 2012 et
770 1960 899 2024 sola
939 1969 1308 2026 consummata
1352 1962 1405 2014 et
1446 1961 1722 2029 perfecta:

141 2028 510 2103 terramenim
535 2029 831 2103 et_ctnlum,
861 2039 919 2103 et
940 2030 1146 2100 reliqua
1168 2028 1543 2103 adliuconniia
1565 2028 1728 2083 infor-

138 2098 253 2154 niia
270 2110 325 2154 et
352 2098 550 2153 inculta
576 2098 777 2165 fuisse;
800 2098 951 2170 aquis
975 2098 1157 2170 autem
1181 2100 1314 2154 nihil
1334 2100 1588 2165 defuiSse,
1622 2114 1729 2169 quo

139 2170 319 2242 magis
362 2178 817 2242 ornarenturtaut
851 2169 1282 2240 perficerentur;
1323 2171 1418 2227 sed
1468 2173 1518 2225 in
1559 2170 1730 2242 primo

140 2240 443 2312 creationis
470 2250 613 2295 statu
636 2242 1020 2311 permansisse.
1068 2242 1143 2297 Ita
1177 2242 1414 2312 intelligo
1442 2240 1691 2309 Optatum
1711 2282 1727 2307 ,

142 2325 272 2365 cum
296 2308 554 2392 ait'aquas
577 2308 695 2392 ante
720 2312 879 2392 ipsius
912 2312 1331 2392 nata_lem_mundi
1351 2308 1659 2392 exstitisse,
1676 2321 1733 2366 ut

143 2382 375 2435 mundus
403 2380 492 2437 hic
520 2380 749 2455 proprie
763 2384 949 2455 κόσμος
988 2385 1078 2447 sit,
1103 2384 1216 2439 sive
1243 2384 1471 2455 mundus
1492 2384 1744 2453 digestus.

145 2462 459 2527 eternatus
480 2494 493 2515 ,
528 2454 676 2527 quod
706 2453 1064 2527 Tertullianus
1102 2454 1281 2508 mundi
1318 2466 1605 2527 suggestum
1628 2468 1731 2527 ap-

147 2522 342 2592 pellat.
366 2520 506 2595 Ante
528 2520 668 2577 hunc
697 2525 877 2578 mundi
906 2536 1243 2594 suggestum,
1275 2520 1449 2595 neque
1478 2520 1730 2590 mundus,

143 2597 333 2665 neque
360 2593 552 2665 κόσμος
580 2595 793 2663 proprie
823 2612 837 2648 :
883 2593 1213 2649 sed'merum
1240 2593 1424 2661 cahos,
1453 2596 1621 2661 rudis,
1654 2597 1733 2649 in-

145 2662 472 2736 digestaque
513 2662 731 2731 moles,
758 2674 816 2719 ut
843 2666 1007 2720 Poeta
1046 2666 1299 2735 loquitur.
1359 2666 1527 2736 Aquae
1571 2667 1734 2735 igitur

106 2754 109 2755 ν
145 2744 283 2807 ante
308 2733 562 2807 mundum
588 2750 605 2807 ;
634 2749 735 2790 nec
759 2744 948 2807 tamen
985 2733 1253 2791 increatte.
1295 2733 1736 2807 Aliquanto—plus

146 2804 488 2877 difficultatis
516 2805 571 2877 in
596 2806 697 2877 hoc
721 2805 891 2861 altero
917 2805 1094 2875 Optati
1126 2807 1265 2873 loco,
1295 2804 1572 2877 quodcum
1591 2822 1737 2861 com-

150 2876 495 2960 parationem
522 2876 616 2958 Dei
648 2886 904 2960 ethaquae,
924 2877 990 2960 ad
1019 2892 1188 2960 genus
1198 2876 1422 2960 quidem
1450 2877 1587 2947 quod
1615 2878 1735 2960 atti-

148 2957 270 3008 net,
298 2946 564 3000 subtiliter
590 2946 841 3013 instituit,
867 2946 1164 3002 aeternitatis
1186 2947 1285 3003 Dei
1314 2948 1439 3003 dum
1471 2946 1734 3012 meminit,

148 3026 420 3087 mtcrnam
449 3030 662 3085 quoque
691 3017 808 3073 sive
837 3030 1139 3072 careternam
1181 3034 1371 3087 aquam
1411 3018 1479 3072 ab
1523 3033 1587 3073 eo
1612 3032 1737 3072 cou-

150 3085 649 3159 stituinrOpositte
673 3088 1087 3159 comparationis
1104 3085 1242 3159 ratio
1263 3087 1537 3159 requirere
1559 3088 1740 3144 videa-

153 3167 268 3229 tur.
320 3156 453 3229 Nam
496 3157 727 3229 etﬂillud
769 3156 835 3213 es
867 3158 977 3229 ipsa
1006 3158 1168 3213 Mosis
1206 3156 1425 3223 historia
1469 3159 1737 3229 quondam

149 3228 330 3283 fuisse
354 3228 445 3297 qui
474 3227 956 3298 colligerent,saiis
996 3230 1167 3284 innuit
1194 3227 1521 3298 Augustinus
1546 3246 1559 3294 ;
1585 3229 1739 3297 cujus

150 3302 325 3353 verba
341 3298 482 3367 quod
500 3312 733 3361 nosuam
748 3300 1135 3355 correctionem
1156 3302 1387 3356 maxime
1399 3300 1737 3360 confirment.

152 3369 470 3438 subjiciam,
502 3368 745 3423 Confess.
779 3370 870 3423 lib.
898 3386 972 3424 xn
996 3410 1010 3436 ,
1045 3385 1093 3424 c.
1121 3370 1228 3424 Ὧς
1290 3369 1440 3426 Unde
1466 3373 1509 3424 si
1545 3370 1742 3433 aliquid

154 3437 374 3495 Genesis
404 3441 561 3492 tacuit
592 3439 757 3493 Deum
780 3442 977 3508 fecisse,
1008 3441 1143 3509 quod
1172 3452 1334 3495 tamen
1359 3440 1523 3495 Deum
1541 3444 1740 3511 fecisse,

153 3526 255 3563 nec
286 3526 413 3565 sana
439 3510 565 3581 ﬁdes
595 3526 688 3564 nec
729 3522 895 3565 certus
921 3512 1128 3581 ambigit
1160 3512 1481 3581 intellectnsi;
1512 3510 1602 3565 nec
1628 3510 1743 3565 ideo

153 3580 277 3635 ulla
305 3582 474 3633 sobria
496 3579 728 3635 doctrina
755 3582 921 3636 dicere
957 3579 1179 3648 audebit,
1202 3582 1326 3636 istas
1350 3579 1508 3649 aquas
1538 3594 1743 3636 coreter-

154 3667 255 3703 nas
285 3650 391 3704 Deo
414 3692 431 3715 ,
475 3651 595 3719 quia
619 3652 673 3705 in
702 3653 789 3720 lib.
822 3651 1068 3719 Geneseos
1097 3665 1514 3707 commemoratas
1540 3652 1743 3722 quidem

152 3722 480 3786 audiuimus,
510 3722 595 3775 ubi
623 3731 792 3776 autem
831 3725 981 3791 facta
1003 3734 1119 3777 sunt
1148 3723 1247 3775 non
1282 3722 1568 3776 inuenimus
1592 3738 1609 3775 :
1653 3736 1742 3775 cur

154 3808 265 3863 non
287 3792 568 3863 informem
590 3808 784 3863 quoque
809 3794 953 3845 illam
988 3794 1249 3863 materiam
1270 3800 1415 3863 ,retc.
1460 3791 1572 3846 Hoc
1603 3792 1740 3847 idem

154 3861 466 3933 Eucherius
496 3861 867 3931 Lugdunensis
891 3863 1172 3933 episcopus
1199 3861 1391 3933 (fidem
1418 3876 1613 3933 sequor
1642 3878 1739 3916 an-

154 3931 524 4003 tiquissimte,
568 3946 630 3993 ac
670 3934 910 4003 omnium
956 3932 1138 4003 prima:
1177 3931 1468 4003 editionis)
1501 3931 1743 3987 ’difllcill.

154 4001 358 4074 quiest.
411 4001 736 4074 iniGencsim
769 4017 821 4070 (ι.
854 4004 888 4058 5
913 4042 929 4067 ,
976 4002 1069 4074 sed
1116 4002 1292 4074 verbis
1334 4001 1454 4057 tam
1472 4004 1741 4074 expressis

152 4071 220 4128 et
245 4071 505 4145 appositis
524 4111 540 4137 ,
558 4082 628 4145 Aut
652 4073 937 4145 clariorem
963 4071 1178 4127 aliunde
1214 4072 1393 4145 lucem
1419 4073 1539 4145 huic
1567 4073 1744 4142 Optati

152 4141 291 4211 loco
322 4142 571 4213 [uenerari
595 4143 811 4197 minime
835 4156 1052 4213 necesse
1072 4146 1177 4213 rsit.
1225 4141 1303 4197 lta
1331 4144 1487 4213 igitur
1513 4141 1622 4208 ille,
1651 4158 1747 4196 an-

156 4213 485 4285 tiquissima:
515 4212 657 4285 illius
686 4211 943 4285 editionis
960 4211 994 4265 f.
1013 4211 1301 4285 25:11am“
1328 4211 1411 4267 ubi
1432 4214 1667 4285 legimus,
1688 4216 1746 4285 τὸ

154 4284 408 4355 legimus,
437 4294 491 4355 ut
520 4283 901 4355 et'prosimtrm
926 4283 1154 4338 lectionis
1170 4283 1450 4355 diligenter
1471 4283 1745 4355 observari

155 4352 356 4419 velim,
389 4370 419 4406 a
439 4352 550 4407 Deo
580 4358 742 4436 factas
765 4354 790 4405 ?
805 4352 926 4436 βιξὶ
944 4357 1214 4436 [aetnaeos
1239 4352 1293 4413 in
1322 4354 1531 4407 exordio
1551 4363 1743 4434 creatu-

156 4441 348 4495 rarum
374 4440 475 4478 non
515 4422 768 4495 euidenter
794 4422 979 4478 divina:
1004 4425 1232 4495 lectionis
1251 4433 1423 4495 textus
1459 4425 1742 4495 expressit,

157 4514 193 4550 α
226 4494 343 4549 Deo
361 4503 535 4575 tamen
555 4494 703 4575 factm
732 4503 866 4575 sunt.
908 4504 1011 4549 etc.
1058 4494 1195 4575 Quid
1218 4492 1265 4547 si
1307 4495 1468 4575 igitur
1493 4492 1555 4549 et
1574 4494 1743 4564 Opta-

161 4578 252 4621 tus
280 4562 564 4635 scripserit
582 4565 746 4635 (quod
770 4576 945 4635 tamen
962 4579 1026 4635 eo
1052 4566 1207 4635 plane
1234 4562 1449 4635 redibit)
1476 4562 1747 4632 quamnon

157 4632 441 4707 legimus}:
466 4632 833 4707 Decf—actam?
861 4634 1006 4688 llaud
1029 4632 1247 4688 dubium
1276 4632 1453 4707 autem
1483 4644 1749 4707 postrema
1775 4632 1827 4693 D

159 4705 351 4776 Optati
384 4706 546 4761 verba
577 4705 983 4776 {quaecumque
1011 4707 1244 4776 fuerint,
1292 4705 1434 4773 quod
1481 4706 1748 4759 horridior

161 4775 363 4833 earum
405 4775 667 4830 sententia
696 4776 967 4845 videretur
993 4814 1019 4845 ε
1033 4775 1114 4845 ab
1152 4775 1333 4845 aliquo
1376 4790 1527 4829 erasa
1574 4785 1627 4831 et
1656 4790 1749 4829 ex.

204 4856 369 4901 uncta
399 4861 538 4900 csse.
568 4844 720 4911 Quod
747 4846 971 4918 saepein
999 4843 1257 4900 Veterum
1282 4845 1496 4918 scriptis
1529 4846 1746 4918 accidit.

204 4863 369 4901 uneta
399 4863 538 4900 csse.
568 4863 720 4911 uuoa
747 4863 890 4914 srepe
922 4863 971 4898 in
1009 4863 1253 4900 veterum
1282 4863 1496 4918 scriptis
1529 4863 1746 4901 acctutt.

160 4863 279 4974 ἕω
308 4931 431 4971 cum
462 4917 599 4969 hanc
627 4930 740 4969 rem
768 4930 873 4969 non
902 4914 989 4969 hic
1014 4930 1079 4969 ex
1123 4916 1395 4985 proposito
1433 4925 1621 4970 tractet
1646 4915 1752 4985 0p-

162 4997 316 5043 tatus
342 5027 357 5052 ,
389 4985 798 5041 condonandum
829 4986 943 5055 ipse
972 4995 1091 5053 est,
1132 4986 1179 5040 si
1200 4985 1444 5041 δουλεύων
1474 4988 1712 5044 ὑποθέσει
1734 5028 1750 5054 ,

160 5057 353 5114 minus
400 5066 557 5111 caute
598 5056 803 5110 locutus
845 5058 956 5121 sit;
1001 5056 1450 5126 quemadmodum
1496 5070 1549 5111 et
1590 5060 1752 5111 multa

161 5128 301 5193 alia,
332 5126 418 5187 vel
439 5130 491 5181 in
512 5126 726 5195 optimis
753 5125 1135 5196 Scriptoribus,
1165 5126 1303 5181 haud
1330 5127 1545 5183 ferenda
1579 5128 1769 5182 tamen

163 5198 413 5267 alioquin
444 5239 459 5264 ,
509 5197 774 5251 interdum
829 5201 1121 5252 toleramus
1153 5206 1205 5252 et
1232 5212 1569 5253 excusanius.
1622 5197 1753 5252 Nam

70 5298 75 5301 -
163 5277 324 5326 recte
352 5269 527 5338 ipsum
554 5269 788 5331 sensisse
813 5309 828 5334 ,
869 5283 994 5323 cum
1024 5282 1183 5323 nemo
1209 5282 1273 5321 eo
1296 5271 1511 5322 nomine
1542 5268 1756 5322 hetero-

164 5340 365 5395 doxias
397 5338 475 5393 illi
501 5338 674 5392 dicam
703 5338 1232 5409 impegerit,notatis
1261 5348 1435 5409 tamen
1466 5338 1594 5409 illis,
1627 5340 1752 5409 etin

165 5425 402 5477 sensum
456 5405 956 5478 hmreticorum'ab
994 5405 1290 5478 Augustino
1340 5408 1407 5461 de
1463 5407 1754 5461 litercsibus

165 5496 220 5537 c.
255 5482 327 5537 75
349 5522 364 5544 ,
398 5488 472 5545 _et
499 5478 617 5531 aliis
656 5478 835 5532 relatis
874 5477 963 5546 qui
995 5477 1096 5546 hoc
1123 5477 1263 5531 idem
1294 5491 1458 5545 aquas
1506 5492 1697 5545 nempe
1725 5494 1753 5529 a

165 5550 284 5607 Deo
302 5544 415 5603 non
436 5562 544 5601 esse
566 5556 775 5610 creatas,
795 5544 902 5602 sed
920 5548 1017 5612 ipsi
1038 5544 1147 5599 Deo
1170 5544 1442 5599 cowternas
1460 5562 1586 5613 esse,
1608 5544 1751 5601 assc-

166 5624 393 5681 rebant,
426 5615 546 5685 quis
574 5618 786 5669 omnino
812 5623 985 5683 potest
1010 5616 1290 5669 dubitare?
1313 5616 1416 5669 Sed
1443 5630 1614 5685 neque
1637 5634 1750 5669 om-

167 5690 262 5749 nia
283 5688 339 5762 in
361 5687 455 5743 his
470 5685 951 5768 comparationibus
976 5685 1134 5767 nimis
1155 5700 1368 5743 morose
1390 5696 1513 5745 sunt
1540 5685 1753 5757 exigen-

1829 1974 1897 2013 ex
1924 1957 2091 2012 nihilo
2118 1965 2332 2022 create,
2361 1972 2424 2011 es
2456 1972 2558 2025 qua
2585 1956 3150 2026 cmtera'quzecuntque
3180 1956 3405 2014 formata

1828 2038 1973 2093 sunt,
2010 2042 2130 2095 pars
2158 2027 2382 2093 fuerint;
2428 2037 2487 2082 ut
2516 2027 2675 2081 modo
2700 2043 2762 2082 es
2796 2028 3127 2083 Tertulliano
3154 2038 3208 2085 et
3234 2030 3404 2084 altero

1828 2098 2005 2169 Optati
2028 2100 2144 2153 loco
2169 2098 2599 2162 disserebamus;
2646 2114 2993 2169 quaecumque
3022 2108 3199 2154 autem
3235 2116 3299 2155 ex
3329 2098 3408 2154 tti-

1831 2171 1941 2225 liilo
1970 2179 2149 2224 creata
2182 2179 2325 2235 sunt,
2368 2186 2526 2240 genus
2556 2185 2656 2235 non
2685 2169 2867 2223 habere
2894 2168 2923 2233 ,ί
2951 2180 3095 2224 recte
3139 2168 3241 2225 dici
3288 2185 3410 2240 pos;

1830 2253 1975 2296 sunt.
2032 2240 2207 2295 Etiam
2253 2239 2384 2312 illud
2431 2240 2660 2312 monebo
2717 2241 2973 2296 lectorem
3021 2239 3408 2312 elegantiarum

1830 2312 2005 2367 Latini
2035 2311 2302 2383 sermonis
2328 2326 2434 2365 non
2466 2311 2791 2366 incuriosum
2814 2352 2831 2380 ,
2868 2312 3009 2383 quod
3034 2311 3411 2383 Optatuspro—

1832 2384 1990 2438 xitnis
2021 2382 2200 2436 verbis
2226 2397 2374 2449 aqua:
2403 2390 2647 2449 repetat,
2691 2398 2812 2436 cum
2841 2397 3134 2452 pronomen
3166 2382 3411 2452 sufficere

1832 2453 2067 2523 potuerit
2097 2452 2237 2523 (quae
2267 2452 2595 2523 Hieronymo
2620 2450 2851 2521 alicubi,
2880 2455 2973 2509 sed
3004 2450 3271 2509 immerito
3303 2454 3413 2507 fiu-

1834 2522 1999 2596 linum
2046 2522 2348 2596 incessendi
2393 2522 2614 2596 materia
2646 2524 2823 2596 fuit):
2877 2524 2927 2590 id
2959 2524 3206 2594 Optatum
3260 2538 3412 2580 more

1786 2638 1789 2639 ν
1834 2609 1932 2650 suo
1954 2595 2147 2658 facere,
2177 2592 2438 2647 ethabere
2463 2593 2544 2648 sui
2573 2596 2740 2648 moris
2761 2592 3066 2659 auctorem,
3090 2605 3145 2649 et
3172 2607 3411 2651 asserto-

1836 2680 1948 2720 rem
1991 2664 2496 2732 loeupletissimum.
2539 2663 2892 2733 eloquentiae,
2932 2676 2985 2719 et
3014 2666 3189 2719 omnis
3219 2664 3409 2733 huma-

1838 2737 2005 2790 nioris
2034 2733 2343 2805 litteraturae
2367 2774 2380 2796 ,
2414 2734 2557 2805 inter
2584 2733 2802 2789 Latinos
2834 2735 2988 2791 facile
3015 2736 3308 2805 principem
3339 2735 3409 2790 Μ.

1836 2807 1900 2879 Τ.
1931 2804 2375 2879 Ciceronem._lta_
2392 2804 2553 2879 paulo
2577 2817 2729 2860 ante:
2761 2805 2995 2879 Solvistis
3012 2804 3272 2879 singulare
3288 2807 3416 2879 bap-

1841 2878 2103 2949 tisnta,rex
2129 2890 2229 2943 quo
2266 2875 2565 2949 baptismate
2589 2915 2602 2936 ,
2629 2885 2731 2930 etc.
2763 2876 2854 2931 lib.
2887 2893 2922 2931 ιι
2949 2891 2962 2931 :
2996 2875 3159 2945 Quem
3184 2878 3416 2949 precibus

1839 2948 2056 3019 rogast
2085 2947 2337 3019 utreverti
2368 2946 2764 3019 possetistquas
2776 2950 2995 3019 ’preces,_
3011 2956 3116 3002 etc.
3143 2946 3197 3002 et
3222 2949 3415 3003 eodem

1840 3015 2283 3072 lib.:Pestitentiu
2316 3017 2450 3069 enim
2470 3016 2655 3070 morbis
2676 3019 2946 3071 exstinctos
2974 3017 3202 3072 homines
3231 3020 3300 3071 ad
3329 3019 3412 3072 in-

1840 3088 1976 3158 feros
2002 3087 2176 3140 mittit.
2229 3086 2327 3155 Qui
2354 3086 2507 3155 inferi
2533 3098 2704 3158 portas
2736 3104 2854 3143 suas
2880 3090 3062 3143 habere
3100 3097 3377 3147 noscuntur
3398 3128 3415 3155 ,

1842 3156 2021 3213 contra
2047 3165 2395 3229 gitasuportas,
2422 3168 2529 3211 etc.
2559 3156 2839 3229 Quomodo
2867 3160 2936 3213 ita
2974 3173 3117 3228 saepe
3143 3160 3379 3229 loquitur
3398 3199 3415 3226 ,

1842 3241 1901 3299 ut
1927 3229 2101 3299 potius
2131 3226 2425 3299 affectasse,
2446 3227 2605 3296 quani
2634 3226 2870 3289 imitatus
2890 3243 3009 3284 esse
3030 3226 3198 3285 videri
3218 3226 3416 3299 possit.

1843 3298 2018 3370 Atque
2050 3297 2151 3370 hoc
2195 3307 2253 3353 ut
2281 3298 2364 3370 hic
2410 3313 2800 3366 tnonerem,veo
2845 3300 3094 3370 libentius
3129 3316 3159 3355 a
3188 3297 3273 3355 me
3314 3300 3422 3354 fac-

1844 3368 1977 3434 tum,
2009 3369 2150 3441 quod
2176 3384 2295 3441 cum
2324 3368 2423 3423 hoc
2456 3374 2571 3439 ipso
2596 3370 2712 3424 loco
2738 3369 2935 3440 aliquid
2964 3372 3213 3441 supplere
3238 3385 3423 3426 neces-

1842 3437 2043 3496 sarium
2076 3437 2269 3501 fuerit,
2303 3437 2577 3510 minimum
2613 3448 2787 3494 tamen
2816 3437 2935 3495 esse
2966 3437 3103 3510 quod
3135 3442 3421 3508 deerat,ex

1844 3512 1955 3581 ipsa
1988 3511 2270 3565 verborum
2294 3509 2438 3581 sei-ie
2472 3518 2524 3564 et
2552 3510 2874 3581 proprietate
2905 3509 3188 3566 locutionis
3211 3551 3226 3575 .
3259 3526 3420 3581 quam

1842 3579 1987 3635 amat
2013 3582 2253 3651 Optatos,
2288 3580 2455 3651 lector
2483 3579 2844 3649 intelligeret;
2884 3590 3044 3651 atque
3070 3596 3133 3635 ex
3165 3583 3257 3635 illo
3277 3579 3421 3651 quo-

1843 3650 2315 3720 que-conjectura:
2354 3659 2552 3720 nOslt'te
2600 3651 2811 3720 aliquod
2858 3650 3069 3720 pondus
3113 3650 3416 3706 accederet.

1844 3718 1948 3776 Sed
1977 3735 2074 3775 nec
2096 3718 2232 3774 illud
2259 3718 2629 3783 dissimulabo,
2654 3719 2705 3772 in
2736 3718 2901 3789 prima
2922 3721 3159 3776 omnium
3185 3720 3422 3776 editione

1842 3791 2179 3854 Cochlaeana,
2211 3789 2353 3862 hunc
2381 3789 2554 3843 locum
2587 3791 2655 3842 ita
2684 3790 2866 3862 scribi,
2895 3792 3080 3862 similis
3100 3802 3177 3845 est
3196 3802 3245 3847 et
3266 3809 3418 3862 aqua,

1842 3877 1993 3932 quant
2022 3862 2172 3933 modo
2201 3859 2412 3929 legimus
2435 3900 2449 3920 ,
2483 3869 2588 3913 etc.
2608 3900 2623 3925 ,
2669 3860 2821 3933 quod
2857 3872 3015 3916 erunt
3059 3861 3289 3933 fortasse
3311 3859 3421 3933 qui

1844 3930 2032 3985 malint
2058 3931 2309 3997 retinere,
2342 3937 2619 4002 ut_nempc
2640 3932 2697 3985 τὸ
2728 3930 2957 4002 legimus,
2982 3947 3087 3985 non
3106 3932 3169 3987 ad
3195 3930 3426 3989 creatio-

1845 4002 1931 4055 nis
1972 4002 2247 4070 historiam
2270 4040 2284 4065 ,
2326 3998 2420 4054 sed
2449 3999 2514 4054 ad
2540 3998 2819 4070 Propheta:
2862 4002 3025 4057 verba
3064 4002 3224 4058 modo
3262 4007 3425 4058 citata

1846 4071 2125 4140 pertineat.
2156 4069 2455 4139 Utcumque
2505 4069 2669 4138 leges,
2700 4071 2839 4127 idem
2871 4081 3047 4127 tamen
3077 4074 3181 4128 erit
3210 4089 3425 4130 sensus.

1847 4142 1954 4197 Sed
1983 4141 2108 4195 mihi
2137 4140 2322 4195 durius
2350 4140 2449 4194 hoc
2494 4141 2705 4195 videtur
2733 4183 2746 4203 .
2797 4153 2856 4197 ut
2885 4142 3113 4212 Optatos
3160 4144 3333 4206 ἁπλῶς
3373 4152 3431 4201 ct

1846 4212 2112 4285 absolute,
2143 4213 2476 4285 Deo_a:t_ern_o
2502 4221 2553 4265 et
2584 4212 2849 4285 ingenito.
2880 4211 3046 4283 aquas
3068 4211 3427 4285 comparare-

1846 4283 1933 4337 rit.
1961 4280 2038 4333 Μ.
2070 4280 2287 4336 Casaub.
2312 4280 2591 4335 Restitutus
2613 4280 2684 4336 est
2704 4281 2787 4336 hic
2807 4280 2948 4338 locus
2970 4300 3032 4338 ex
3059 4282 3177 4340 MS.

1922 4350 2034 4427 (‘25)
2060 4352 2261 4427 Similis
2290 4361 2363 4427 est
2391 4361 2439 4404 et
2459 4368 2625 4427 aqua,
2657 4354 3183 4427 quantunonglegimus
3216 4360 3423 4425 factam.

1846 4420 1961 4479 Non
1987 4420 2177 4489 legitur
2203 4423 2254 4476 in
2281 4420 2497 4487 Genesi,
2523 4437 2657 4492 aqua
2670 4420 2897 4479 condita
2919 4420 3059 4480 sictit
3085 4420 3298 4492 caetera,
3331 4426 3428 4482 sed

1848 4495 1916 4547 ab
1949 4494 2101 4547 initio
2125 4492 2414 4549 creationis
2437 4491 2670 4547 dicitur:
2704 4506 2751 4548 et
2787 4494 3014 4567 Spiritus
3044 4494 3139 4549 Dei
3175 4496 3428 4567 ferebatur

1850 4579 2008 4635 super,
2025 4579 2204 4635 aquas.
2234 4578 2299 4618 nu
2330 4578 2437 4617 PIN.

1925 4633 2040 4705 (‘26)
2062 4633 2311 4705 Denique,
2337 4649 2439 4687 non
2459 4634 2530 4687 ait
2556 4634 2607 4688 in
2632 4633 2779 4689 Sion.
2799 4634 3068 4691 Prolisum
3098 4634 3267 4705 Esaias
3296 4634 3429 4691 Pro-

1856 4703 2028 4775 phetas
2059 4703 2231 4762 locum
2263 4714 2453 4759 contra
2495 4706 2798 4759 Donatistas
2829 4706 3130 4774 prolaturus
3158 4704 3383 4775 Optatus
3406 4747 3423 4773 ,

1845 4793 1921 4833 ne
1953 4774 2081 4839 nihil
2112 4776 2291 4830 dicere
2316 4774 2607 4840 videretur,
2638 4776 2860 4843 probato
2889 4777 3115 4846 primum
3146 4774 3238 4846 per
3256 4776 3423 4844 ﬁliam

1855 4848 1934 4900 sui
1957 4848 2154 4916 generis
2177 4888 2192 4911 ,
2235 4860 2426 4916 aquam
2457 4860 2489 4899 a
2511 4846 2618 4900 Deo
2648 4846 2906 4914 intelligi,
2957 4845 3125 4913 pergit
3170 4860 3330 4913 porro
3373 4857 3427 4903 et

1856 4915 2090 4972 ostendit
2117 4917 2267 4971 illum
2296 4915 2442 4981 Sion,
2469 4916 2557 4985 qui
2582 4916 2947 4985 utsubjectutn
2969 4917 3287 4983 proponitur
3305 4916 3429 4973 huic

1859 4989 2172 5057 prophetiae,
2192 5001 2294 5057 non
2323 4986 2389 5039 de
2412 4983 2675 5057 corporali
2702 4983 2783 5054 (ut
2807 4984 3038 5057 loquitur
3066 4988 3198 5054 ipse)
3224 4994 3427 5057 monte,

1858 5051 2109 5127 peculiari
2138 5058 2226 5109 illa
2260 5056 2409 5117 Sion,
2443 5051 2558 5127 quas
2581 5051 2756 5127 fuerat
2780 5068 2793 5117 ;
2826 5051 2919 5108 sed
2946 5053 3018 5127 de
3037 5051 3281 5127 spiritali,
3308 5051 3428 5126 quae

1859 5122 1983 5182 iuno
2010 5135 2126 5181 erat
2154 5127 2303 5189 Sion,
2332 5131 2437 5177 tota
2464 5122 2713 5247 nirpirum
2738 5133 2895 5193 atque
2935 5122 3216 5180 universali
3243 5122 3430 5183 Eccle-

1859 5198 1934 5247 sia
1960 5196 2323 5247 accipiendum
2352 5207 2490 5247 esse.
2587 5194 2727 5247 ersio
2767 5208 2870 5247 ana
2901 5208 3029 5247 usus
3047 5205 3136 5247 est
3163 5195 3384 5247 Ontatus
3408 5239 3425 5247 -

1857 5198 1934 5252 sia
1960 5196 2323 5265 accipiendum
2352 5207 2490 5247 esse.
2540 5194 2739 5265 Versiog
2767 5208 2870 5262 qua
2901 5208 3029 5249 usus
3047 5205 3136 5254 est
3163 5195 3384 5265 Optatos
3408 5239 3426 5263 ,

1855 5282 1920 5323 ex
1943 5262 2144 5323 Graecis
2166 5277 2418 5333 expressa
2445 5270 2579 5328 erat,
2608 5263 2696 5333 qui
2720 5262 2863 5333 Quod
2896 5264 2947 5317 in
2975 5265 3147 5320 Hebr.‘
3166 5262 3291 5333 ortus
3320 5262 3429 5322 val;

1857 5338 1924 5410 t_i_s_
1950 5336 2169 5410 uisionis,
2202 5330 2547 5410 reddiderunt
2571 5330 2941 5410 cadmiam;
2987 5332 3243 5410 φάραγγᾴς
3268 5341 3386 5392 Σιὼν
3411 5379 3427 5410 ,

1865 5407 2002 5461 Visio
2030 5405 2174 5459 vallis
2194 5403 2386 5458 Sionis.
2419 5400 2688 5457 Cteteruni
2712 5400 2961 5458 celebrata
2980 5400 3206 5460 subaudi
3230 5410 3328 5460 ista
3352 5408 3427 5463 uel

1851 5476 2046 5547 judicia
2076 5484 2129 5527 ut
2168 5488 2304 5547 trioa,
2333 5472 2419 5547 tibi
2449 5475 2589 5527 nulla
2625 5474 2688 5527 lis
2723 5476 2897 5529 audita
2932 5485 3147 5547 est,nrc
3173 5476 3235 5530 ab
3256 5478 3431 5547 aliqua

1857 5544 2156 5599 celebratum
2178 5544 2451 5611 judicium,
2482 5554 2581 5598 etc.
2608 5554 2765 5613 atque
2797 5548 2986 5599 iterum
3035 5546 3123 5599 lib.
3152 5562 3267 5601 vn:
3308 5544 3428 5602 nut-

1858 5618 1961 5686 lunt
1981 5615 2237 5686 judicium
2259 5614 2560 5686 celebratum
2586 5625 2676 5679 cst,
2700 5614 2787 5668 sed
2802 5617 3063 5670 sententia:
3098 5627 3338 5686 operatus
3359 5628 3433 5673 est

1858 5683 2085 5754 effectus.
2116 5683 2229 5743 Nisi
2255 5684 2483 5743 fortasse
2502 5700 2599 5756 pro
2624 5692 2741 5742 sunt
2764 5686 3052 5758 scripserat
3070 5683 3297 5761 optatus
3318 5704 3436 5749 sen-
3468 5734 3471 5737 ν
