3828 6218
441 310 548 380 999
576 306 579 307 7

1612 311 1856 369 SANCTI
1892 311 2142 369 OPTATI
2178 312 2489 371 EPISCOPI

3578 313 3701 370 ίοῦτ]

432 445 566 502 quas
582 430 818 486 Donatus
837 424 1172 500 Carthaginis
1202 424 1423 479 levitate
1448 438 1540 479 sua
1564 423 2006 490 constituit,dum
2037 427 2091 487 Α
2115 440 2255 489 rum,
2285 441 2404 481 cum
2433 425 2561 481 dicit
2587 442 2600 479 :
2637 424 2786 492 Veni,
2817 440 3003 497 sponsa
3030 437 3160 488 mea,
3192 422 3403 477 inuenta
3433 424 3500 477 de
3522 423 3699 481 Libano

436 536 687 591 magnum
737 534 797 575 se
830 517 997 573 videri
1023 515 1318 572 contendit.
1346 515 1515 592 Quem
1546 516 1687 569 enim
1722 515 1851 569 latet
1880 530 2016 582 prte-

402 602 405 605 )
439 624 521 671 ter
551 612 768 683 te,.(56)
794 610 919 680 quia
944 607 1263 679 peregrinus
1286 613 1456 672 es,-et
1484 615 1771 675 pctuerunt
1804 605 1898 661 tibi
1918 605 2016 660 fal-

432 719 492 759 sa
541 700 779 763 narrari?
808 706 901 753 aut
944 699 1063 768 quis
1102 710 1302 767 negare
1332 703 1529 766 potest,
1579 712 1694 749 rem
1720 738 1734 763 ,
1783 696 1869 751 cui
1904 705 2014 751 tota

433 792 699 862 Carthago
730 789 1099 860 principaliter
1131 788 1285 845 testis
1334 796 1438 853 est,
1489 786 1602 859 (57)
1632 786 2013 856 imperatorem

430 884 802 949 Constantem,
836 881 1059 937 Paulum
1086 891 1140 937 ct
1164 880 1449 953 Macarium
1481 881 1732 948 primitus
1784 897 1887 936 non
1944 881 2011 936 ad

430 976 732 1032 faciendam
764 974 1026 1029 unitatem
1061 971 1295 1035 misisse,
1322 964 1416 1025 sed
1445 985 1567 1026 cum
1601 972 1967 1043 eleemosyuis
1998 988 2013 1025 :

429 1052 624 1139 quibus
650 1065 924 1122 sublevate
958 1074 993 1111 ιν
1016 1078 1111 1134 per
1131 1061 1675 1133 Ecclesiaslsiugulas
1705 1072 1886 1133 posset
1928 1078 2014 1118 re-

428 1160 657 1229 Spirare,
690 1157 876 1215 vestiri
896 1147 1084 1227 {pasci
1102 1197 1118 1223 ,
1146 1155 1387 1227 gaudere
1411 1155 1734 1232 paupertas?
1764 1156 1867 1224 Qui
1892 1171 2012 1211 cum

427 1252 495 1307 ad
520 1252 801 1317 Donatum,
821 1247 938 1321 (58)
971 1256 1177 1318 patrem
1220 1243 1391 1313 tuum,
1426 1250 1717 1317 venirent,
1750 1259 1802 1303 et
1850 1264 2017 1320 quare

428 1348 690 1399 venerant
716 1340 1036 1407 indicarent,
1071 1340 1161 1394 ille
1189 1340 1348 1394 solito
1376 1340 1554 1396 furore
1579 1354 1872 1395 succensus
1897 1381 1912 1405 ,
1959 1340 2014 1394 in

430 1438 545 1491 [nec
592 1434 752 1493 verba
804 1433 1093 1503 prorupit:
1126 1430 1242 1504 (59)
1274 1430 1413 1499 Quid
1459 1430 1531 1486 est
1574 1432 2014 1502 impei'atoriecum

395 1527 688 1594 _Ecclesia?
716 1535 767 1580 et
812 1525 877 1580 de
918 1523 1067 1581 fonte
1093 1522 1329 1580 levitatis
1360 1538 1494 1589 suae,
1526 1524 1694 1591 multa
1724 1522 2017 1578 maledicta

428 1619 619 1677 effudit
645 1632 660 1678 :
694 1634 800 1674 non
844 1618 1025 1672 minus
1051 1632 1210 1688 quam
1244 1616 1297 1670 in
1329 1615 1651 1685 Gregorium
1682 1613 1975 1684 aliquando
2002 1654 2016 1680 ,

425 1713 493 1769 ad
520 1727 678 1785 quem
690 1712 770 1767 sic
794 1710 1033 1766 scribere
1061 1709 1283 1765 minime
1306 1708 1574 1764 dubitavit
1600 1725 1614 1762 :
1648 1707 1884 1779 Gregori,
1910 1723 2017 1761 ma-

2122 514 2292 586 (Cant.
2325 532 2394 582 iv,
2414 515 2493 587 8),
2524 516 2574 569 id
2598 524 2704 583 est,
2733 514 3043 583 deimperio
3065 512 3313 567 Romano
3343 530 3357 564 :
3384 513 3475 567 ubi
3501 525 3554 567 et
3586 515 3690 587 (42)

2117 606 2416 661 sacerdotia
2448 614 2631 666 sancta
2659 605 2776 678 (45)
2804 613 2948 670 sunt,
2979 614 3033 659 et
3070 603 3349 674 pudicitia,
3383 612 3441 659 et
3474 605 3687 675 virgini-

2119 704 2232 763 tas,
2282 711 2401 765 quze
2456 697 2507 749 in
2565 695 2807 750 barbaris
2833 694 3082 765 gentibus
3109 709 3215 749 non
3242 686 3389 760 sunt;
3424 694 3543 766 (44)
3573 705 3623 751 et
3651 696 3693 751 si

2116 794 2320 851 essent,
2345 795 2454 839 tuta
2489 799 2609 841 esse
2638 800 2743 841 non
2772 794 3015 853 possent.
3068 784 3261 840 Merito
3280 784 3491 840 Paulus
3518 786 3691 853 docet,

2116 876 2377 932 orandam
2417 891 2536 931 esse
2584 891 2680 946 pro
2705 876 2919 947 regibus
2949 885 3002 930 et
3034 877 3436 947 potestatibus:
3467 878 3627 933 etiam
3652 880 3694 934 si

2117 968 2239 1023 talis
2270 964 2575 1039 imperator
2599 978 2764 1036 esset,
2792 968 2883 1040 qui
2920 969 3197 1041 gentiliter
3224 972 3471 1027 viveret:
3501 982 3694 1042 quanto

2116 1061 2257 1131 quod
2284 1060 2312 1123 ιθ
2356 1060 2696 1117 Christianus
2728 1103 2743 1127 ,
2792 1048 3166 1135 quanto‘quod
3199 1064 3377 1120 Deum
3403 1059 3433 1104 ε’
3457 1065 3647 1122 timens
3676 1109 3692 1135 ,

2117 1162 2317 1225 quanto
2345 1154 2484 1225 quod
2511 1154 2822 1224 religiosus,
2846 1166 3049 1226 quanto
3076 1158 3215 1227 quod
3246 1158 3562 1215 misericors
3593 1201 3606 1223 ,
3635 1156 3694 1214 'ut

2116 1246 2230 1317 ipsa
2263 1262 2349 1304 res
2381 1247 2588 1317 probat.
2641 1247 2861 1303 Miserat
2903 1248 3049 1305 enim
3102 1261 3419 1307 ornamenta
3451 1252 3692 1315 domibus

2118 1341 2234 1407 Dei,
2264 1341 2483 1397 miserat
2507 1341 2832 1413 pauperibus
2852 1342 3278 1417 eleemosynam,
3311 1342 3442 1402 nihil
3467 1348 3690 1403 Donato.

2116 1431 2225 1487 Cur
2250 1447 2374 1503 ergo
2405 1433 2680 1487 insanivit?
2710 1422 2809 1489 cur
2838 1436 3004 1492 iratus
3031 1437 3138 1491 est?
3163 1453 3263 1492 cur
3290 1419 3444 1509 quod
3478 1440 3693 1494 missum

2119 1525 2307 1591 fuerat,
2339 1524 2660 1595 repudiavit?
2692 1526 2899 1582 Etcum
2930 1527 3004 1583 illi
3038 1529 3128 1599 qui
3152 1516 3303 1585 missi
3336 1530 3580 1595 fuerant,
3611 1529 3693 1584 di-

2118 1625 2325 1683 cereut,
2356 1632 2415 1672 se
2444 1617 2525 1672 ire
2549 1632 2645 1688 per
2675 1622 2978 1689 provincias
3002 1621 3264 1691 singulas,
3298 1631 3354 1677 et
3389 1621 3693 1678 volentibus

2124 1708 2373 1778 accipere
2398 1724 2458 1764 se
2503 1708 2763 1768 daturos:
2801 1712 2891 1767 ille
2921 1712 3088 1781 dixit,
3133 1713 3331 1785 ubique
3386 1729 3445 1770 se
3494 1712 3696 1769 litteras

427 1805 543 1861 cula
567 1798 790 1869 senatus,
826 1816 872 1858 et
902 1802 1119 1856 dedecus
1141 1803 1519 1874 prazfectorum,
1552 1809 1607 1856 et
1626 1810 1822 1855 caetera
1855 1799 2007 1864 talia;
2043 1807 2087 1868 Β
2116 1796 2438 1870 praemisisse
2463 1843 2478 1869 ,
2512 1817 2580 1857 ne
2611 1803 2663 1857 id
2694 1804 2837 1873 quod
2866 1804 3084 1859 allatum
3119 1806 3329 1872 fuerat,
3377 1806 3697 1876 pauperibus

426 1899 512 1955 cui
542 1898 755 1954 Donato
768 1895 1020 1967 praefatus
1044 1895 1151 1967 56
1179 1895 1435 1963 patientia
1467 1892 1757 1963 episcopali
1783 1892 2017 1961 rescrip-

427 1993 517 2047 sit.
570 1991 771 2061 Harum
814 1990 1163 2059 epistolarum
1193 1986 1520 2055 exemplaria
1575 1986 1863 2041 multorum
1916 2000 2011 2039 ore

426 2084 622 2155 ubique
644 2092 949 2139 cantautur.
978 2081 1095 2138 Jatn
1122 2091 1245 2136 tunc
1268 2079 1646 2146 meditabatur,
1673 2089 1859 2135 contra
1876 2094 2013 2150 pra:-

425 2187 579 2249 cepta
608 2176 843 2251 apostoli
860 2176 1035 2243 Pauli,
1062 2160 1420 2246 potestatibus
1442 2182 1498 2231 et
1523 2174 1738 2245 regibus
1760 2173 2008 2249 iniuriam

382 2258 385 2259 ⁷
425 2270 627 2337 facere,
661 2285 759 2340 pro
784 2268 999 2338 quibus,
1029 2267 1075 2323 si
1127 2268 1454 2347 Apostoluni
1495 2265 1737 2331 audiret,
1770 2264 2019 2335 quotidie

426 2379 620 2435 rogare
668 2362 949 2419 debuerat.
984 2362 1076 2419 Sic
1097 2362 1239 2418 enim
1268 2361 1429 2416 docet
1476 2360 1667 2415 beatus
1714 2360 2008 2430 Apostolus

349 2497 362 2510 .
426 2455 619 2511 Paulus
645 2472 659 2509 :
694 2454 890 2525 Rogate
917 2470 1012 2526 pro
1030 2453 1231 2534 regibus
1260 2462 1305 2508 et
1332 2452 1684 2523 potestatibus,
1712 2460 1765 2505 ut
1785 2452 2007 2522 quietam

422 2556 469 2601 et
499 2545 825 2615 tranquillam
852 2546 1005 2615 vitam
1028 2560 1143 2599 cum
1171 2544 1297 2613 ipsis
1342 2560 1552 2615 agamus
1593 2544 1649 2616 (Ι
1676 2542 1805 2597 Tim.
1839 2559 1899 2610 ιι,
1922 2541 2003 2614 2).

425 2636 539 2709 (60)
571 2636 686 2702 Non
713 2637 854 2692 enim
874 2636 1179 2705 respublica
1201 2644 1284 2690 est
1311 2634 1363 2689 in
1395 2634 1659 2701 Ecclesia,
1691 2635 1785 2689 sed
1816 2634 2006 2690 Eccle-

424 2729 501 2785 sia
529 2729 581 2784 in
603 2728 880 2798 republica
908 2711 1023 2801 (λι)
1048 2735 1151 2791 est,
1184 2726 1234 2781 id
1261 2735 1363 2793 est,
1399 2727 1450 2779 in
1478 2726 1707 2796 imperio
1729 2726 2005 2781 Romano:

420 2820 567 2893 quod
593 2820 853 2877 Libanum
882 2820 1113 2891 appellat
1142 2816 1390 2873 Christus
1418 2818 1470 2872 in
1501 2818 1737 2873 Canticis
1758 2815 2011 2877 Cantico-

2119 1894 2313 1950 alicubi
2344 1893 2767 1964 dispensaretur.
2814 1896 2930 1969 (45)
2958 1896 3315 1953 Oconsulere
3371 1897 3619 1954 miseris!
3665 1912 3698 1952 ο

2118 1989 2409 2060 providere
2435 1988 2463 2027 ά
2493 1991 2817 2060 pauperibus
2842 1992 2855 2044 ι
2904 2006 2937 2045 ο
2980 1991 3356 2065 peccatoribus
3382 1992 3695 2046 subveniret

2118 2081 2316 2135 clamat
2332 2083 2475 2136 Deus
2495 2082 2717 2153 dicens:
2748 2079 2860 2153 Ego
2883 2099 2994 2137 sum
3014 2084 3101 2154 qui
3126 2084 3226 2156 {ecl
3252 2096 3528 2156 pauperem
3552 2093 3599 2139 et
3623 2086 3697 2136 di-

2116 2172 2266 2226 uitem
2290 2175 2312 2227 ':
2347 2186 2455 2227 non
2480 2173 2603 2243 quia
2638 2168 2757 2228 non,
2776 2174 2949 2244 potuit
2978 2183 3032 2230 et
3063 2175 3393 2245 pauperibus
3415 2175 3576 2242 dare,
3604 2175 3696 2231 Sed

2088 2265 2163 2344 κεί
2189 2265 2452 2321 ambobus
2473 2266 2646 2332 daret,
2681 2277 2930 2337 peceator
2957 2282 3059 2339 qua
3096 2262 3200 2335 sibi
3228 2277 3593 2335 succurreret,
3619 2271 3699 2325 in.

2110 2357 2294 2427 venire
2317 2372 2423 2413 non
2446 2357 2903 2430 posset.Denique
2924 2359 3276 2431 sicv’scriptum
3300 2368 3414 2416 est:
3448 2360 3701 2427 ρυευιαά.

2104 2451 2316 2525 ptodum
2341 2467 2472 2519 aqua
2492 2451 2775 2522 exstinguit
2801 2450 3079 2536 ignem,‘sic
3103 2452 3423 2525 eleemosyna
3435 2454 3702 2529 exstinguit

2112 2552 2371 2613 peccatum
2401 2542 2567 2614 (Eccl.
2600 2558 2677 2611 ιιι,
2712 2544 2827 2615 55).
2852 2544 3011 2603 Certe
3050 2544 3164 2620 jam
3194 2545 3336 2615 apud
3372 2546 3542 2600 Deum
3581 2556 3702 2601 sunt

2110 2636 2292 2699 ambo,
2319 2645 2371 2691 et
2404 2636 2495 2706 qui
2515 2634 2654 2695 dare
2682 2636 2873 2705 voluit,
2901 2644 2957 2693 et
2981 2636 3071 2708 qui
3095 2636 3326 2705 obstitit,
3360 2654 3429 2694 ne
3463 2640 3699 2695 daretur.

2112 2725 2249 2792 Quid
2279 2728 2325 2780 si
2351 2726 2462 2794 jam
2494 2726 2637 2781 dicat
2658 2725 2803 2781 Deus
2832 2726 3044 2782 Donato
3072 2744 3088 2781 :
3114 2728 3381 2799 Episcope
3405 2770 3419 2795 ,
3448 2729 3573 2800 quid
3624 2730 3704 2785 vis

2112 2817 2279 2872 fuisse
2304 2814 2699 2872 Constantem?
2728 2818 2777 2873 si
2822 2818 3207 2887 innocentem,
3242 2834 3419 2890 quare
3446 2819 3511 2877 ab
3550 2820 3707 2876 iunc-

1657 2931 2039 2990 LECTIONES
2082 2931 2489 2988 VARIANTES.

484 3030 869 3147 messe
1274 3028 1448 3155 ait

2178 3027 2200 3055 °
2236 3024 2293 3075 In
2316 3039 2410 3076 ms.
2435 3025 2488 3077 S.
2516 3025 2574 3076 G.
2600 3024 2875 3077 Dominum.

2173 3086 2201 3127 ίὶ
2234 3086 2289 3137 In
2314 3102 2429 3138 mss.
2455 3088 2508 3139 S.
2532 3087 2590 3138 Τ.
2618 3095 2671 3139 et
2696 3089 2749 3139 Ρ.
2775 3090 2826 3140 S.
2853 3101 2883 3140 ο
2904 3086 3160 3153 providere
3183 3086 3363 3167 fuerat.
3388 3158 3392 3161 _

1722 3197 2085 3257 VARIORUM
2122 3198 2357 3255 NOTAE.
2546 3274 2549 3275 ν

458 3392 470 3405 .
494 3319 607 3403 (56)
640 3318 1091 3405 Quia‘pereqrinus
1113 3316 1349 3393 es.lQuia
1378 3332 1483 3371 non
1505 3329 1563 3371 es
1591 3326 1746 3370 natus
1780 3312 2004 3369 Cartha-
2032 3315 2077 3379 C
2124 3312 2451 3405 Διιιχιιρῃ
2480 3317 2617 3405 enim
2652 3317 2960 3405 Respublica
2986 3328 3061 3405 est
3089 3321 3143 3376 in
3174 3316 3409 3405 Ecclesia
3431 3363 3446 3389 ,
3478 3325 3566 3405 sed
3598 3323 3699 3405 ξς.

421 3390 553 3461 gini,
586 3392 887 3461 cuiprzces.
917 3390 1146 3461 ALBA§P.

460 3534 469 3541 _
499 3454 611 3533 (57)
646 3454 1032 3541 imperatorem
1062 3456 1739 3541 Constantem.ﬂConcilium
1776 3454 2003 3541 Cartha.-

462 3526 645 3615 itieiise
687 3526 923 3615 primum
971 3530 1071 3585 hoc
1127 3536 1231 3584 noti
1286 3527 1735 3615 siibConstante,
1910 3526 2009 3608 sub

424 3548 645 3658 Eineuse
687 3548 915 3615 primum
972 3548 1071 3585 noc
1127 3548 1231 3584 non
1286 3548 1384 3583 suo
1410 3548 1735 3610 Consulite,
1785 3548 1877 3608 seu
1910 3548 2001 3608 s_uu

470 3612 781 3658 onstautmo
804 3601 1002 3657 factum
1039 3611 1221 3655 narrat
1253 3618 1267 3652 :
1302 3600 1403 3664 Qui
1426 3609 1691 3669 imperavit
1718 3598 2001 3668 γειιθιοιιεο

424 3676 550 3729 simo
570 3670 905 3729 Constantino
949 3672 1246 3741 imperatori
1272 3682 1438 3724 uotum
1465 3678 1656 3741 gereret
1678 3669 1895 3741 (unitatis
1920 3707 1938 3735 ,
1962 3677 2009 3722 et

425 3747 641 3800 mitteret
670 3746 927 3799 ministros
951 3738 1115 3797 sancti
1144 3742 1309 3813 aperis
1344 3738 1566 3811 fantulos
1590 3740 1685 3794 Dei
1711 3738 1938 3793 Paulum
1963 3746 2010 3792 et

426 3815 737 3870 Macerinus.
766 3814 990 3869 ALBASP.

496 3886 612 3957 (58)
646 3882 1141 3950 Patremtuum.Qni
1164 3890 1216 3937 te
1235 3882 1294 3957 in
1320 3882 1407 3957 illa
1430 3881 1683 3957 cathedra
1703 3880 2007 3957 generavit,
2046 3948 2049 3951 b

426 3953 514 4013 cui
537 3953 843 4012 successisti
884 3972 899 4007 :
929 3969 1123 4009 omnes
1161 3955 1396 4024 episcopi
1420 3953 1669 4008 dicuntur
1696 3953 1788 4006 lilii
1819 3966 2005 4005 eorum

424 4029 618 4095 quibus
660 4026 993 4093 succedunt,
1031 4035 1124 4080 aut
1170 4023 1208 4078 a'
1242 4026 1435 4093 quibus
1476 4025 1818 4079 ordinantur.
1892 4023 2003 4077 At.-

428 4115 615 4242 Μῗὲδ)
641 4169 775 4235 Quid
797 4178 872 4229 est
897 4168 1194 4239 imperatori
1212 4184 1333 4242 cum
1364 4166 1628 4242 Ecclesia?
1646 4166 1687 4220 A
1714 4164 2008 4241 Donatistis

430 4239 661 4311 primum
695 4249 1036 4310 provocatum
1055 4250 1134 4294 est
1158 4240 1222 4311 ad
1237 4239 1668 4311 Constantinum,
1699 4239 2027 4311 quamcum

429 4306 542 4367 suis
571 4306 729 4368 rebus
755 4313 930 4365 minus
960 4312 1136 4364 lavere
1165 4310 1684 4380 deprelieudisscut,
1708 4306 1800 4362 bis
1828 4316 1883 4362 et
1923 4307 2000 4360 si-

430 4382 651 4437 milibus
673 4383 977 4437 utebantur.
1005 4385 1229 4435 ALBASP.

499 4453 614 4524 (40)
649 4452 771 4507 Νοιι
799 4453 933 4524 enim
960 4448 1242 4524 respublica
1269 4451 1687 4524 estgiu'Eccl‘esia.
1715 4449 1864 4524 lianc
1886 4464 2009 4504 seu-

425 4521 648 4581 tetitiain
682 4523 905 4578 mirifice
922 4524 1187 4577 estollunt
1214 4522 1457 4576 homines
1489 4521 1567 4575 illi
1590 4522 1677 4589 qni
1708 4521 1868 4575 rebus
1896 4530 2010 4574 stu-

425 4595 557 4651 dent
582 4594 773 4650 novis:
804 4595 1098 4664 putantqu'e
1128 4592 1283 4661 hujus
1327 4593 1607 4664 sententia:
1633 4606 1851 4664 sensum
1884 4606 2005 4664 esse

425 4666 783 4737 imperatores
806 4661 916 4737 non
939 4661 1229 4737 Ecclesia.
1262 4662 1357 4737 sed
1391 4663 1682 4737 Ecclesiam
1712 4663 1791 4716 eis
1822 4661 2007 4737 suilli-

426 4732 534 4792 ιιιιῇ
564 4752 709 4804 esse,
737 4744 830 4791 aut
856 4735 973 4790 sine
1008 4733 1247 4789 Ecclesia
1287 4733 1689 4802 Rempublicam
1721 4747 1875 4804 esse;
1903 4732 2003 4787 Ec-

424 4809 645 4865 clesiam
674 4822 802 4863 vero
831 4807 948 4861 sine
1002 4805 1291 4874 Republica
1322 4820 1443 4859 esse
1485 4820 1586 4857 non
1622 4816 1797 4871 posse.
1832 4803 1894 4857 Et
1926 4814 2004 4857 ta-

423 4896 549 4936 men
579 4880 624 4935 si
660 4880 781 4949 quis
812 4877 1051 4949 auimum
1077 4876 1140 4949 ad
1169 4875 1311 4929 hunc
1341 4877 1514 4949 locum
1546 4875 1812 4949 advertat,
1842 4874 2003 4949 longe

425 4952 583 5006 aliter
606 4944 729 5005 eum
752 4947 1066 5017 explicabit.
1100 4945 1322 5016 Optatos
1352 4946 1494 5001 enim
1520 4944 1685 5017 voluit
1706 4944 1886 5017 dicere
1906 4945 2006 4997 im-

428 5021 769 5091 peratoribus
788 5014 1050 5075 Romanis
1083 5014 1187 5091 non
1225 5032 1346 5091 esse
1391 5014 1861 5091 maledicendum,
1908 5017 2002 5070 sed

423 5086 525 5164 pro
550 5094 630 5148 eis
646 5092 904 5164 orandum
932 5090 1230 5164 secundum
1260 5088 1600 5164 Apostolum,
1624 5087 1745 5155 quia
1768 5086 2001 5154 quietam

426 5160 595 5235 inagis
624 5163 795 5235 vitam
834 5161 1125 5235 Christiani
1156 5174 1276 5215 cum
1326 5160 1404 5215 eis
1444 5166 1667 5235 agerent
1694 5171 1853 5235 quam
1882 5172 2003 5211 cum

427 5227 547 5290 aliis
576 5227 919 5302 nationibus,
962 5231 1103 5302 apud
1125 5246 1259 5301 quas
1282 5271 1297 5295 ,
1345 5227 1700 5302 quod—esseut
1729 5227 1973 5302 barbarae
2004 5270 2017 5291 ,

423 5320 529 5360 non
584 5306 781 5361 licebat
826 5297 1163 5359 Christianos
1219 5312 1324 5356 tam
1365 5297 1551 5370 quiete
1592 5298 1813 5352 vivere:
1859 5297 2020 5370 igitur

422 5375 730 5447 Respublica
754 5392 857 5430 non
883 5385 963 5447 est
987 5377 1039 5429 in
1071 5373 1300 5447 Ecclesia
1320 5415 1334 5440 ,
1368 5367 1448 5427 est
1485 5370 1772 5447 Ecclesiam
1805 5382 1907 5447 non
1936 5367 2016 5447 fa-

424 5440 547 5520 cere
587 5448 723 5503 bella
747 5490 761 5513 ,
804 5462 914 5501 non
954 5446 1100 5517 leges
1141 5445 1335 5520 figere,
1380 5457 1485 5497 non
1528 5440 1756 5520 populos
1795 5440 2011 5520 sub_le-

460 5518 577 5574 ibus
604 5510 855 5575 coercere
873 5561 887 5583 ,
923 5510 1032 5573 ιιοιῖ
1062 5533 1148 5573 res
1174 5510 1361 5572 civiles
1386 5510 1675 5583 exercere,
1704 5518 1757 5583 et
1782 5510 2011 5583 similia:

476 5590 707 5661 celesiam
754 5580 933 5645 autem
966 5596 1073 5643 esse
1111 5590 1164 5641 in
1199 5584 1514 5661 Republica,
1547 5581 1891 5661 Christianos
1912 5580 2013 5634 sub

421 5660 626 5727 legibus
649 5662 1035 5730 imperatorum
1068 5663 1243 5714 vivere
1265 5654 1288 5730 ,ί
1307 5658 1512 5727 protegi
1536 5698 1551 5721 ,
1586 5654 2009 5730 quietam‘vitam

424 5722 522 5784 sub
560 5734 641 5785 eis
676 5722 821 5789 et'ex
848 5748 1032 5790 eorum
1066 5722 1404 5802 protectiouc
1431 5722 1662 5793 ducere,
1694 5735 1748 5780 ct
1788 5722 2049 5777 similia”

426 5802 654 5862 ALBASP.

2034 4702 2083 4761 D

2112 3386 2268 3459 etesia
2289 3387 2343 3440 in
2369 3387 2665 3458 Republica.
2690 3386 2975 3459 Imperium
2996 3390 3299 3448 Romanum
3323 3386 3441 3449 erat
3464 3402 3586 3449 ante
3610 3396 3703 3451 Ec-

2112 3456 2331 3533 Clesiam
2352 3456 2694 3513 constitutam
2712 3500 2728 3527 ,
2753 3456 2990 3533 Ecclesia
3017 3462 3065 3515 in
3092 3464 3211 3533 ipso
3231 3466 3519 3519 constituta
3547 3475 3631 3520 est
3650 3474 3701 3520 et

2113 3527 2401 3601 mdiiieata,
2436 3544 2539 3601 non
2570 3539 2747 3585 autem
2780 3530 3061 3601 imperium
3096 3527 3149 3587 in
3182 3534 3445 3590 Ecclesia.
3478 3536 3553 3590 Du
3586 3537 3697 3591 l’m.

2185 3598 2300 3671 (42)
2338 3598 2661 3654 Sacerdotia.
2696 3598 3014 3671 Ambiguum
3054 3620 3121 3657 an
3164 3605 3229 3659 de
3270 3605 3694 3662 Christianorum

2112 3678 2206 3746 aut
2245 3670 2535 3746 Gentilium
2575 3670 2893 3731 sacerdotiis
2922 3676 3198 3746 loquatur,
3241 3675 3309 3731 ad
3355 3676 3562 3731 illorum
3602 3693 3696 3746 ego

2114 3739 2453 3795 referendum
2485 3757 2710 3807 censeo;
2756 3758 2875 3796 nam
2919 3745 2969 3798 in
3003 3739 3290 3801 ‘nonnullis
3329 3746 3604 3803 codicibus
3630 3739 3694 3803 ita

2112 3812 2327 3888 legitur,
2381 3812 2669 3888 sacerdotia
2717 3824 2946 3888 sancta;
2982 3831 3175 3872 sensus
3228 3818 3393 3888 igitur
3444 3820 3551 3885 est,
3603 3819 3698 3874 sub

2113 3882 2527 3957 imperatoribus
2566 3882 3018 3957 Romanisiutius
3060 3903 3219 3957 quam
3248 3882 3407 3955 'apud
3452 3882 3697 3944 barbaras

2112 3964 2301 4029 gentes
2326 3953 3348 4029 saeerdo:ia‘Christianorum'exerceri
3366 4001 3380 4016 .
3408 3960 3539 4028 apud
3568 3974 3697 4029 quas

2114 4024 2392 4107 virginitas
2431 4035 2485 4080 et
2518 4024 2779 4107 pudicitia
2807 4026 3224 4107 cliristiana‘ruln
3256 4024 3515 4099 virginum
3543 4024 3709 4084 ιιὶιιιιέ

2112 4110 2271 4165 quam
2317 4105 2399 4150 est
2450 4097 2580 4151 satis
2632 4106 2779 4159 tuta,
2826 4097 2923 4153 sed
2967 4099 3105 4164 apud
3158 4097 3428 4155 Romanos
3468 4112 3543 4157 est
3584 4112 3689 4155 tuta

2112 4167 2490 4241 quamvispon
2533 4168 2642 4241 sint
2680 4167 3009 4241 Christiani,
3050 4170 3177 4240 quia
3216 4186 3404 4227 eorum
3449 4173 3583 4241 leges
3625 4170 3689 4225 ad

2113 4237 2475 4293 innocentiam
2504 4238 2887 4307 perducebant.
2919 4237 3149 4297 Auster.

2189 4308 2302 4381 (45)
2335 4309 2546 4364 Sancta.
2578 4308 2636 4381 ld
2664 4318 2780 4375 est,
2811 4326 2960 4365 sacra
2992 4323 3044 4366 et
3077 4311 3379 4368 veneranda
3411 4315 3493 4369 ubi
3522 4323 3573 4367 ct
3609 4327 3691 4367 sa-

2113 4381 2352 4453 cerdotia
2376 4420 2392 4444 ,
2426 4388 2481 4434 et
2510 4380 2762 4453 pudicitia
2787 4422 2802 4445 ,
2829 4388 2885 4435 et
2914 4382 3191 4453 virginitas
3221 4382 3274 4436 in
3308 4383 3506 4439 honore
3530 4393 3683 4437 sunt:

2113 4451 2253 4524 quod
2282 4453 2576 4524 generatim
2611 4451 3015 4524 intelligendum
3047 4454 3115 4508 de
3144 4455 3496 4518 sacerdotiis,
3534 4454 3681 4524 pndi-

2112 4522 2238 4577 citia
2279 4521 2332 4576 et
2362 4521 2708 4596 virginitate,
2753 4521 2860 4578 tam
2903 4522 3194 4579 Gentilium
3235 4540 3395 4596 quam
3435 4521 3681 4581 Christia-

2114 4608 2328 4648 norum.
2368 4594 2441 4648 Du
2474 4593 2591 4647 Pis.
3142 4646 3147 4651 .

2184 4662 2301 4736 (44)
2333 4662 2401 4718 Et
2449 4665 2492 4718 si
2539 4674 2733 4731 essent,
2783 4675 2887 4720 tota
2925 4682 3175 4736 essenon
3220 4679 3443 4736 possent.
3477 4667 3680 4723 Rectius

2108 4734 2374 4808 loriassis.
2400 4744 2508 4789 tuta
2534 4752 2639 4808 esse
2665 4754 2767 4791 non
2793 4746 3014 4808 possent.
3041 4734 3262 4792 lucsn'r.
3286 4738 3373 4792 Ita
3392 4740 3676 4793 restitutam.

2178 4805 2292 4879 (45)
2328 4805 2373 4879 0
2401 4807 2662 4879 consulere
2688 4805 2926 4879 miseris!
2952 4824 2981 4862 ο
3008 4809 3305 4877 providere,
3322 4820 3427 4867 etc.
3456 4809 3507 4865 Si
3534 4808 3678 4862 alteso

2110 4878 2197 4932 set
2232 4878 2360 4933 illud
2403 4878 2600 4947 fuerat,
2638 4878 2766 4933 nihil
2801 4887 3082 4934 mutarent.
3114 4879 3219 4934 Sed
3248 4889 3308 4935 ut
3334 4896 3471 4935 nunc
3496 4879 3680 4933 habent

2109 4947 2272 5002 verba
2294 4989 2308 5011 ,
2346 4949 2523 5015 potius
2562 4964 2721 5019 quam
2763 4949 3051 5056 quidquam
3086 4950 3414 5015 eliminatur,
3443 4951 3675 5006 restitue.

2111 5018 2210 5056 rim
2234 5035 2245 5048 ι
2283 5018 2375 5056 Ιιηρ
2404 5021 2667 5056 rnneulnro
2694 5022 2892 5056 micas-Se
2960 5019 3054 5056 Im:-
3086 5038 3179 5056 αις-ιι
3241 5031 3327 5056 an.
3403 5020 3474 5056 Nn
3531 5034 3623 5056 nm
3647 5034 3675 5056 η

2111 5018 2246 5071 rim:
2280 5018 2383 5091 hoc,
2403 5021 2667 5074 consulere
2694 5018 2931 5074 miseris!
2958 5019 3054 5074 hoc
3084 5038 3208 5088 pro.
3241 5031 3349 5077 etc.
3400 5020 3503 5081 Ha.
3531 5034 3623 5091 pro
3647 5034 3675 5073 ο

2110 5103 2255 5158 saepe
2285 5090 2540 5157 scriptum
2573 5092 2805 5153 scimus,
2851 5092 3011 5145 etiam
3053 5092 3251 5147 alicubi
3294 5093 3379 5147 hic
3406 5090 3671 5155 excusmn,

2122 5160 2222 5214 nisi
2266 5159 2441 5227 fallor,
2486 5159 2629 5214 unde
2671 5161 2825 5215 facile
2866 5162 3038 5228 potuit
3079 5160 3357 5227 accidere,
3399 5172 3453 5217 ut
3489 5163 3551 5216 lto
3587 5173 3675 5230 pro

2120 5232 2215 5284 hoc
2245 5232 2593 5302 scriberetur,
2626 5246 2687 5285 ac
2720 5231 2933 5302 tandem
2962 5233 3163 5302 omissa
3191 5232 3508 5302 aspiratione
3534 5231 3674 5302 fieret

2120 5319 2150 5372 ο
2181 5316 2276 5372 pro
2307 5305 2421 5356 hoc.
2454 5301 2570 5355 Mox
2600 5302 2741 5369 apud
2770 5299 2933 5355 Deum
2956 5343 2969 5367 ,
3001 5316 3107 5356 non
3135 5301 3204 5359 de
3244 5299 3673 5372 beatoruuigsedio

2120 5370 2219 5426 bus
2247 5372 2415 5439 dixit,
2448 5372 2598 5442 quasi
2640 5380 2696 5427 et
2733 5372 2835 5427 illae
2866 5372 3244 5444 schismaticos
3264 5415 3280 5437 ,
3312 5375 3488 5444 quales
3514 5370 3673 5426 Dona-

2121 5452 2204 5497 tus
2228 5444 2370 5509 ’ille,
2414 5446 2751 5512 reciperent,
2798 5442 2891 5499 sed
2929 5443 2998 5498 de
3036 5444 3209 5499 altero
3250 5442 3444 5498 mundo
3469 5458 3558 5498 seu
3582 5457 3676 5497 ste-

2119 5516 2275 5579 culo,
2322 5532 2377 5585 q.
2422 5516 2475 5570 d.
2523 5525 2749 5584 uterque
2787 5513 2897 5583 jam
2942 5514 3210 5581 decessit,
3256 5525 3311 5571 et
3352 5517 3451 5569 vita
3478 5512 3675 5569 friuolus

2119 5596 2236 5650 est;
2270 5584 2427 5655 paulo
2454 5595 2607 5655 post,
2634 5595 2760 5655 puto
2786 5584 3127 5657 scribendum
3147 5627 3164 5653 ,
3188 5585 3355 5657 qualis
3374 5590 3567 5654 futurus
3584 5595 3674 5649 est,

2117 5658 2204 5725 qui
2234 5657 2297 5709 de
2327 5658 2526 5711 levitate
2563 5666 2612 5730 et
2648 5656 3107 5730 furorelaboravit
3161 5656 3314 5730 lautis
3356 5656 3441 5730 (id
3469 5665 3548 5715 est
3570 5666 3675 5730 tot,

2098 5723 2173 5856 ν
2214 5732 2413 5856 (Crassim
2458 5746 2470 5781 :
2518 5729 2611 5784 sed
2649 5723 2780 5783 fort.
2812 5726 2988 5784 dantes
3030 5723 3385 5801 )pauperibus
3420 5728 3673 5803 inpedire.

2172 5839 2183 5854 .
2259 5814 2441 5856 assus.

2172 5839 2183 5854 .
2214 5814 2441 5859 UASAUB.
