3828 6218
62 408 199 473 i008

834 410 923 472 DE
966 410 1348 475 BCHISMATE
1386 408 1920 479 DOHATISTARUI
1959 410 2164 473 LIBER
2203 408 2518 473 TERTIUS.

3191 411 3327 468 {000

60 529 279 575 uatores
326 520 400 577 tul
426 561 441 588 ,
486 536 714 592 quorum
749 523 1003 589 nomina,
1046 524 1212 579 frater
1256 523 1726 603 ParmeniauepA
1751 525 1936 581 Daniel
1985 526 2205 582 sanctus
2249 525 2465 596 sapiens
2514 522 2530 564 ι
2577 523 2823 583 inventus
2864 530 2978 590 est,
3022 530 3080 576 ut
3112 536 3332 582 munera

59 610 196 666 bene
224 614 400 680 nosti,
424 604 488 669 et
515 614 606 672 ubi
635 614 836 669 fuerint
873 630 979 670 non
1013 616 1261 686 ignoras,
1300 625 1356 671 et
1392 616 1482 687 qui
1515 626 1539 654 α
1569 615 1652 671 vel

1756 618 1933 673 oblata
1960 618 2051 673 illa
2091 617 2181 672 die
2212 633 2318 673 non
2348 617 2637 686 acciperet.
2666 615 2802 670 illud
2830 616 2975 672 enim
3009 613 3152 685 quod
3174 614 3243 671 ab
3273 630 3338 673 eo
3404 660 3407 664 .

60 719 87 758 a
116 720 223 774 quo
252 707 556 785 petiveriut.
584 714 639 762 et
659 707 873 777 qualem
898 710 1209 779 rogaveriut
1238 706 1575 772 uiredirent,
1602 716 1657 763 et
1757 709 2057 789 petebatur,
2100 710 2275 767 adhuc
2313 711 2364 765 in
2404 711 2545 765 caelo
2586 718 2739 775 erat;
2782 718 2839 765 et
2873 710 3131 779 insipiens
3168 719 3339 776 esset,

64 808 236 854 tecum
283 802 461 856 redire
506 803 837 873 potuissent,
880 811 937 857 et
976 818 1074 859 uos
1118 804 1409 858 didicimus
1448 802 1476 842 δ
1529 817 1652 856 cum

63 892 282 946 easdem
330 908 519 963 preces
564 909 695 962 quas
726 894 989 949 dederant
1025 906 1046 935 ο
1088 894 1225 971 (62),
1270 895 1410 965 apud
1440 892 1467 931 ιι
1509 893 1655 950 Afri-

62 998 227 1040 canos
255 986 468 1053 judices
496 988 823 1056 allegarent,
860 988 911 1040 itt
953 987 1146 1057 quibus
1182 988 1440 1057 scriptum
1478 996 1560 1042 est
1596 996 1618 1024 ο
1643 994 1679 1039 :‘

72 1074 219 1130 Date
256 1077 320 1130 ub
347 1078 597 1150 episcopis
618 1079 782 1150 partis
806 1078 1017 1134 Donati.
1041 1081 1134 1136 llic
1151 1081 1261 1151 jam
1280 1080 1409 1152 quid
1434 1095 1658 1150 respon-

67 1170 173 1221 Suri
200 1180 333 1222 sunt
360 1170 411 1224 in
442 1170 533 1225 illo
562 1171 862 1226 imminenti
892 1171 1075 1227 divino
1094 1172 1320 1243 judicio,
1354 1172 1442 1239 qui
1476 1171 1529 1225 iu
1562 1170 1663 1225 hoc

69 1261 267 1315 sacculo
295 1262 400 1317 alio
427 1264 588 1319 modo
615 1264 848 1320 confessi
874 1274 1018 1332 sunt,
1043 1280 1147 1320 non
1170 1278 1293 1323 esse
1320 1266 1389 1321 de
1418 1262 1661 1319 Ecclesia

70 1350 304 1415 Christi;
343 1356 431 1423 qui
464 1355 696 1412 libenter
726 1356 949 1424 professi
982 1366 1110 1413 sunt
1136 1357 1205 1415 de
1232 1366 1382 1428 parte
1408 1356 1573 1412 fuisse
1606 1371 1665 1412 se

73 1442 295 1508 Donati,
330 1459 451 1500 cum
480 1449 533 1501 in
567 1447 861 1518 Evangelia
888 1450 1147 1519 scriptum
1179 1460 1263 1505 est
1284 1489 1300 1516 ,
1338 1449 1556 1504 Christo
1586 1447 1665 1503 di-

72 1542 229 1590 cente
259 1552 273 1587 :
306 1537 394 1605 qui
425 1553 503 1590 me
526 1543 791 1609 confessus
816 1540 975 1609 fuerit
1003 1526 1177 1593 coram
1206 1539 1515 1606 hominibus,
1546 1534 1670 1592 con-

75 1628 255 1697 ﬁtebor
281 1645 396 1682 eum
424 1646 593 1683 coram
623 1640 767 1700 patre
795 1648 906 1685 meo
937 1631 1115 1704 (Joan.
1149 1648 1243 1695 xu,
1273 1632 1305 1687 8
1331 1633 1347 1702 )
1384 1650 1397 1686 :
1432 1632 1521 1686 isti
1562 1631 1668 1685 Do-

36 1790 39 1793 Α
77 1731 259 1776 natum
284 1720 522 1776 confessi
551 1731 697 1787 sunt,
720 1737 838 1777 non
868 1721 1162 1779 Christum.
1202 1723 1270 1778 Et
1306 1739 1372 1780 ne
1402 1737 1567 1792 parva
1604 1721 1675 1776 sit

82 1815 181 1871 ista
232 1816 504 1887 probatio;
548 1826 706 1886 quam
738 1815 803 1871 ad
851 1816 1024 1905 ipsius
1072 1830 1357 1887 personam
1403 1816 1675 1885 pertinere

1760 804 1919 874 hujus
1952 804 2025 860 rei
2055 806 2205 875 quasi
2231 804 2530 859 mercedem
2554 804 2798 871 accipere
2830 804 2877 879 ξ,
2921 818 3079 873 quam
3104 803 3341 861 nondum

1762 894 1949 951 habuit
1969 896 2023 949 in
2052 905 2347 965 potestate:
2387 894 2587 950 idcirco
2621 910 2844 949 munera
2873 894 3049 951 oblata
3084 896 3174 951 illa
3204 896 3294 951 die
3314 893 3341 933 ι

1763 984 1828 1040 ad
1877 996 2089 1055 tempus
2138 985 2383 1054 accipere
2434 985 2625 1041 noluit.
2680 986 2917 1053 Denique
2953 1002 3071 1043 cum
3113 988 3161 1043 ei
3206 986 3347 1043 Deus

1765 1076 2093 1142 ostenderet,
2138 1075 2278 1145 quod
2316 1076 2429 1146 regi
2467 1076 2775 1148 supradicto
2816 1077 3097 1141 iudicaret,
3139 1078 3349 1135 Baltas-

1766 1165 1872 1223 sari
1900 1166 2079 1221 retulit
2104 1183 2118 1231 ;
2145 1174 2198 1220 et
2224 1166 2366 1235 quod
2393 1167 2704 1235 jamdudum
2730 1168 3047 1238 repudiasse
3077 1169 3221 1226 visus
3246 1180 3350 1234 est.

1768 1267 1952 1330 pestes
1984 1258 2216 1312 libenter
2244 1258 2471 1327 accepit.
2502 1258 2693 1315 Merito
2718 1263 2963 1329 increpat
2984 1261 3124 1317 Deus
3148 1261 3372 1329 princi--

1768 1368 1890 1424 pem
1914 1352 2065 1424 Tyri,
2092 1352 2377 1419 Donatum,
2400 1367 2521 1415 cum
2544 1352 2703 1410 dicit:
2727 1353 2979 1424 numquid
3001 1363 3055 1407 tu
3076 1354 3356 1421 sapientior

1769 1462 1920 1515 quam
1950 1445 2141 1499 Daniel
2172 1443 2387 1516 (Ezech.
2418 1444 2607 1506 xxvtu,
2637 1446 2670 1498 3
2693 1445 2756 1516 )‘l
2799 1445 2905 1501 Sed
2944 1461 2975 1502 0
3005 1461 3163 1517 quam
3199 1447 3357 1516 longe

1772 1537 2245 1613 estpraesumptio
2292 1536 2481 1591 Donati
2524 1554 2555 1591 a
2605 1552 2838 1607 persona
2886 1537 3157 1593 Danielis!
3205 1537 3362 1611 Quod

1774 1612 1917 1702 enim
1939 1628 2210 1684 Baltassar
2229 1612 2409 1695 dabat,
2432 1645 2538 1685 nou
2559 1631 3075 1700 pauperibus;un
3096 1629 3364 1689 Constans

1778 1720 2100 1777 christianus
2129 1721 2419 1792 imperator
2441 1730 2567 1779 tunc
2587 1724 2828 1789 miserat,
2848 1712 3169 1794 pauperibus
3184 1733 3369 1780 trans-

1780 1810 2033 1877 miserat,
2083 1828 2188 1866 non
2240 1812 2757 1882 Donato.r.Denique
2806 1811 2825 1850 1
2873 1814 2983 1872 ait;
3033 1816 3285 1884 sapientes
3320 1825 3369 1869 te

80 1908 481 1966 manifestatum
509 1918 593 1966 est
611 1949 625 1975 ,
660 1909 870 1965 accedit
892 1910 1111 1966 etillud
1144 1909 1507 1983 testimonium
1530 1949 1543 1972 ,
1573 1923 1681 1977 quo
1711 1912 1759 1974 Β
1786 1920 1889 1958 non
1914 1906 2191 1959 docuerunt
2212 1907 2516 1978 sapientiam
2540 1923 2706 1973 suam,
2729 1908 2851 1978 quia
2877 1907 3004 1961 illud
3028 1907 3371 1965 aSalomoue

83 2018 240 2074 supra
288 2011 587 2075 memorata
632 2005 929 2078 increpatio
982 2004 1163 2060 clausa
1210 2013 1293 2059 est
1342 2004 1479 2075 (65),
1537 2001 1679 2074 quod

86 2098 216 2153 dixit
258 2099 412 2154 illum
454 2098 595 2157 Deus
633 2113 738 2154 non
780 2098 833 2154 in
868 2108 1012 2155 terra
1057 2096 1101 2145 ί..
1124 2100 1487 2163 moriturum;
1528 2107 1583 2153 et
1609 2097 1679 2151 ita

88 2190 283 2245 factum
317 2174 439 2245 esse
470 2191 719 2245 omnibus
757 2200 938 2245 notum
976 2201 1079 2246 est.
1127 2190 1409 2246 llabitabat
1436 2188 1684 2244 indomo

90 2281 205 2344 Dei,
250 2292 306 2337 et
341 2284 537 2338 eratin
571 2282 733 2337 corde
776 2276 976 2337 maris:
1017 2284 1216 2351 ubique
1247 2297 1395 2337 mare
1425 2282 1684 2337 Simulum

92 2374 337 2444 legimus,
356 2389 474 2429 cum
491 2380 635 2429 esset
650 2376 760 2445 ipse
775 2390 880 2428 non
896 2383 1099 2429 tantum
1117 2375 1168 2428 in
1184 2389 1364 2428 amore
1382 2372 1686 2445 aliquorum

94 2464 197 2538 59
223 2465 651 2523 Christianorum
674 2507 686 2530 ,
713 2466 807 2521 sed
834 2475 1049 2535 pr0pter
1074 2466 1354 2522 scientiam
1386 2464 1653 2521 mundana
1671 2491 1687 2503 -

98 2576 213 2615 rum
248 2561 546 2615 litterarum
572 2600 587 2623 ,
612 2569 728 2614 erat
750 2565 911 2614 etiam
934 2559 988 2613 in
1012 2558 1175 2614 corde
1194 2559 1359 2614 maris
1380 2602 1395 2625 ,
1420 2557 1472 2614 id
1497 2568 1614 2624 est,
1639 2558 1693 2613 in

101 2662 279 2707 amore
298 2654 477 2707 saeculi
496 2662 519 2699 κ
538 2670 549 2705 :
567 2661 620 2707 et
640 2652 707 2707 de
726 2652 947 2707 scientia
968 2667 1059 2707 sua
1077 2651 1295 2722 sapiens
1308 2652 1411 2707 sibi
1429 2652 1572 2709 visus
1588 2658 1670 2705 est

104 2744 203 2800 Sed
231 2736 373 2799 hanc
396 2746 714 2813 sapientiam
738 2747 857 2813 ejus
879 2745 1159 2800 evacuavit
1186 2746 1345 2810 Deus,
1375 2744 1500 2799 dum
1525 2744 1653 2799 dicit
1678 2761 1690 2797 :

106 2839 354 2910 numquid
375 2840 653 2912 sapientior
676 2848 728 2892 tu
750 2854 903 2910 quam
923 2836 1109 2892 Daniel
1133 2837 1347 2910 (Ezech.
1372 2854 1562 2902 xxvm,
1602 2835 1697 2907 5)?

109 2931 273 2998 Quam
314 2937 371 2986 et
407 2930 546 2985 bene
584 2926 612 2966 ιι
649 2930 765 2999 ejus
807 2922 1068 2997 sapientia
1112 2930 1386 2982 ltumiliata
1426 2938 1545 2994 est,
1596 2943 1697 2997 qua

110 3025 312 3095 putavit
343 3036 404 3079 se
429 3021 646 3078 Daniele
677 3037 797 3077 esse
823 3010 1245 3091 sapientiorem,
1277 3021 1336 3074 in
1357 3019 1701 3089 repudiandis

112 3115 418 3171 muneribus
457 3116 621 3189 regis,
662 3114 789 3171 dum
813 3116 1060 3185 accipere
1085 3100 1258 3169 noluit
1281 3112 1421 3184 quod
1444 3114 1512 3168 ab
1536 3116 1704 3184 impe-

111 3222 284 3267 ratore
320 3210 617 3265 christiano
659 3212 880 3275 missum
921 3226 1043 3265 esse
1080 3210 1400 3270 videbatur!
1444 3209 1512 3264 Et
1556 3210 1704 3263 visus

1785 1995 1997 2052 discere
2028 1996 2242 2052 noluisti
2266 2040 2280 2063 ,
2312 1998 2453 2068 quod
2484 1998 2593 2053 ait:
2624 1998 2892 2059 Absconde
2918 2016 3099 2069 panem
3126 2001 3187 2058 in
3222 2000 3373 2055 corde

1786 2088 2045 2161 pauperis,
2070 2097 2116 2143 et
2134 2090 2249 2157 ipso
2268 2105 2366 2159 pro
2397 2099 2445 2143 te
2462 2091 2664 2161 rogabit
2683 2089 2873 2163 (Eccli.
2894 2107 3043 2157 xxix,
3076 2092 3142 2147 15
3163 2089 3205 2163 ),.
3234 2092 3370 2159 Quia

1787 2184 1950 2238 etiam
1979 2182 2110 2237 illud
2139 2183 2209 2238 ab
2230 2182 2349 2252 ipso
2375 2184 2592 2238 Daniele
2614 2177 2831 2240 'discere
2862 2183 3035 2240 noluit
3058 2183 3201 2254 quod
3225 2184 3375 2242 dedit

1749 2254 2293 2330 'Nabncbodonosor
2335 2276 2621 2330 consilium
2653 2319 2665 2339 ,
2716 2277 2990 2346 quomodo
3044 2278 3382 2334 satisfaceret

1791 2368 1881 2438 qtti
1904 2365 2203 2422 offenderat
2226 2369 2410 2434 Deum.
2431 2367 2495 2423 Et
2518 2378 2570 2422 tu
2585 2368 2957 2441 (inquit)audi,
2973 2386 3086 2435 rex,
3107 2356 3379 2426 consilium

1795 2482 1983 2534 meum,
2017 2474 2061 2520 et
2078 2467 2282 2537 placeat
2308 2466 2438 2520 tibi:
2464 2476 2672 2539 peccata
2692 2475 2784 2520 tua
2810 2467 3142 2542 eleemosynis
3164 2468 3378 2534 redime,

1796 2572 1843 2616 et
1907 2562 2187 2633 injustitias
2249 2573 2364 2615 tuas
2424 2562 2475 2615 in
2532 2562 2941 2619 miserationibus
2991 2571 3031 2600 ω
3101 2580 3387 2633 pauperum

1799 2651 1961 2721 (Dan.
2002 2668 2080 2719 tv,
2112 2651 2249 2721 24).
2287 2653 2496 2722 Daniel,
2542 2654 2656 2724 regi
2705 2654 2977 2722 peccaturi
3022 2662 3077 2710 et
3118 2656 3383 2725 sacrilego
3460 2688 3463 2689 ν

1798 2740 2072 2798 faciendas
2111 2743 2487 2815 eleemosynas
2513 2744 2703 2799 suadet
2732 2762 2743 2796 :
2778 2744 3052 2811 Donatus,
3084 2746 3175 2815 qui
3207 2747 3385 2802 incre-

1802 2839 1918 2907 pari
1952 2837 2182 2902 meruit,
2229 2837 2511 2893 Constanti
2566 2838 2881 2908 imperatori
2919 2838 3256 2907 christiano,
3318 2854 3393 2897 ne

1801 2930 2115 2985 misericors
2140 2938 2308 2995 esset,
2340 2930 2566 2985 obstitit.
2591 2928 2717 2985 ideo
2749 2925 3080 3000 inerepatur,
3105 2932 3249 3001 quod
3270 2944 3395 2987 eum

1803 3023 2077 3101 sapientes
2110 3038 2216 3077 non
2241 3023 2542 3079 docuerunt
2571 3023 2894 3095 sapientiam
2926 3039 3077 3080 suam
3103 3041 3116 3078 :
3142 3024 3397 3097 quidquid

1805 3130 1835 3169 a
1876 3130 2006 3187 rege
2036 3115 2261 3172 missum
2298 3115 2475 3170 fuerat
2498 3157 2511 3177 ,
2556 3131 2654 3185 per
2683 3131 2743 3171 se
2763 3115 2900 3187 dari
2939 3130 3131 3184 passus
3155 3132 3263 3172 non
3294 3129 3398 3175 est.

1806 3206 1965 3263 Unde
1985 3216 2225 3275 constat,
2259 3207 2523 3262 Donatum
2557 3208 2818 3263 malarum
2848 3206 3050 3263 fontem
3078 3206 3243 3275 fuisse
3262 3224 3400 3265 eau-

112 3312 192 3357 est
216 3296 318 3357 sibi
346 3312 437 3356 aut
461 3301 643 3356 Daniel
676 3317 849 3357 novus
871 3343 884 3366 ,
913 3311 1002 3355 aut
1033 3302 1295 3371 sapientia
1329 3301 1532 3356 Danieli
1563 3317 1699 3370 prre-
1723 3300 1771 3362 C
1804 3316 1989 3358 sarum
2027 3310 2083 3355 ἰ.

116 3393 287 3462 latus;
340 3396 461 3465 quia
510 3406 561 3450 et
607 3394 722 3464 ipse
775 3396 956 3450 Daniel
1008 3393 1294 3465 aliquando
1329 3398 1357 3447 a
1400 3393 1700 3449 Baltassare

118 3503 255 3558 rege,
285 3503 408 3543 cum
451 3498 735 3558 cogeretur
764 3487 1009 3556 accipere
1042 3503 1286 3554 munera,
1314 3486 1363 3541 id
1394 3494 1499 3552 cst,
1532 3474 1702 3539 annué

119 3579 251 3642 lum,
277 3589 525 3649 torquem
550 3588 604 3637 et
622 3588 847 3645 caetera,
876 3579 1080 3637 dixisse
1099 3580 1299 3649 legitur
1323 3597 1335 3633 :
1368 3580 1505 3634 dona
1525 3589 1611 3633 tua
1633 3588 1706 3634 te-

121 3689 227 3725 cum
255 3673 382 3739 sint,
413 3689 505 3728 rea:
533 3670 695 3742 (Dan.
736 3690 793 3736 v,
840 3672 988 3743 17'):
1022 3681 1077 3727 et
1106 3673 1377 3743 sapienter
1409 3675 1706 3741 respondit,

124 3770 173 3821 et
208 3762 443 3819 convitia
486 3765 597 3833 regi
632 3779 737 3818 non
772 3762 931 3831 fecit,
974 3773 1026 3818 et
1067 3764 1207 3833 quod
1240 3763 1569 3821 offerebatur
1600 3779 1706 3819 non

121 3854 426 3919 damnavit,
450 3856 553 3912 sed
574 3856 819 3911 distulit:
855 3870 958 3911 non
982 3872 1090 3927 quo
1120 3857 1278 3911 modo
1311 3858 1569 3925 Donatus,
1595 3856 1707 3926 qui,

126 3950 175 4001 ‘et
202 3947 441 4003 convitia
470 3946 775 4017 Constanti,
806 3942 1004 4021 quanta
1045 3951 1237 4019 potuit,
1289 3950 1444 4016 dixit,
1489 3942 1542 4006 et
1571 3950 1713 4021 quod

130 4038 190 4094 ab
234 4050 299 4096 eo
349 4041 671 4111 pauperibus
698 4028 944 4097 'missnm
989 4040 1189 4109 fuerat,
1234 4043 1558 4113 repudiavit.
1605 4040 1713 4099 Sed

1878 3393 2230 3478 lY:Narratio
2252 3411 2427 3451 eorum
2437 3411 2551 3466 qua:
2571 3411 2659 3467 per
2678 3395 2781 3450 uini
2795 3388 3065 3467 gestasuat
3077 3414 3110 3451 a
3127 3382 3407 3473 Donatistis

1810 3499 1859 3543 et
1885 3497 2063 3562 contra
2084 3482 2403 3557 Donatistas.
2430 3517 2507 3541 7-—
2527 3487 2794 3557 Quidquid
2816 3488 2997 3559 itaque
3022 3483 3306 3545 itu-unitate
3325 3488 3407 3544 fa-

1812 3578 2007 3634 cienda
2048 3593 2237 3649 aspere
2260 3579 2430 3648 potuit
2458 3579 2604 3649 geri,
2634 3578 2803 3647 vides,
2849 3577 3011 3633 frater
3032 3578 3405 3649 Parmeniane,

1817 3671 1903 3725 cui
1928 3669 2122 3726 debeat
2140 3669 2504 3738 imputari.An
2521 3669 2678 3724 nobis
2698 3666 2986 3725 Catholicis
3007 3677 3033 3703 ο
3054 3672 3281 3739 petitum
3309 3670 3405 3724 mi-

1820 3764 1967 3817 litem
1992 3777 2113 3817 esse
2137 3762 2311 3815 dicitis
2348 3778 2360 3814 :
2392 3763 2434 3816 si
2461 3762 2529 3815 ita
2559 3771 2640 3817 est
2664 3802 2678 3828 ,
2711 3760 2863 3833 (64)
2896 3761 2944 3815 itt
2978 3762 3253 3831 provincia
3280 3778 3410 3834 pso-
3477 3830 3482 3834 _

1804 3850 2087 3909 consulari
2118 3863 2245 3908 tunc
2291 3853 2467 3908 nullus
2499 3862 2762 3909 armatum
2804 3855 3025 3909 militent
3073 3855 3244 3912 vidit?
3288 3855 3410 3929 (65)

1822 3936 2121 4001 Venicban't
2169 3945 2364 4002 Paulus
2410 3956 2465 4001 et
2506 3946 2804 4014 Macarius,
2857 3946 2975 4019 (66)
3007 3948 3097 4019 qui
3144 3965 3412 4025 pauperes

1821 4037 2427 4109 ubique-dispuugereut
2453 4081 2465 4103 ,
2498 4049 2552 4095 et
2577 4039 2643 4095 ad
2673 4041 2929 4098 unitatem
2954 4041 3411 4113 singuloshtnta-

1362 4134 1751 4219 LucrtoNES
1790 4130 2206 4189 VARIANTES.

186 4225 213 4255 ⁸
246 4226 297 4276 In
322 4236 414 4277 ms.
441 4227 493 4277 S.
516 4225 577 4277 G.
604 4225 740 4278 «uid.

186 4285 214 4326 δ
248 4289 389 4339 Ιιαηίο
412 4301 503 4338 ms.
529 4290 580 4339 S.
608 4285 665 4340 (ἓ.
694 4290 749 4339 1η
774 4303 888 4340 mss.
915 4292 966 4341 S.
988 4290 1050 4342 G.
1076 4298 1127 4341 et
1146 4291 1199 4341 P.
1224 4292 1273 4341 S.
1303 4289 1521 4342 dicimus.

191 4351 211 4416 ξ
245 4350 302 4416 _In
326 4365 420 4402 ms.
447 4352 501 4416 S.
526 4351 585 4416 '1'.
612 4352 869 4416 dederunt.
988 4414 994 4416 Α
1262 4354 1267 4357 ⁷

189 4410 213 4449 ἀ
245 4412 299 4462 In
324 4426 447 4462 mss.
468 4415 520 4463 S.
549 4414 605 4463 '1‘.
636 4410 759 4464 et'P.
784 4415 835 4463 S.
857 4421 907 4466 ut
930 4414 1011 4463 (td.

193 4477 215 4505 '
248 4474 317 4523 Ita
345 4476 396 4524 in
420 4489 508 4525 ms.
535 4477 585 4526 Si
615 4476 672 4527 G.
699 4475 749 4526 In
772 4491 882 4526 mss.
909 4478 961 4529 S.
996 4477 1055 4525 Τ.
1084 4486 1135 4527 et
1156 4477 1213 4524 Ρ.
1252 4477 1311 4537 8.
1342 4490 1369 4525 e
1404 4478 1625 4537 margine
1663 4477 1710 4523 itt

135 4538 256 4601 serie
280 4539 515 4601 orationis
540 4540 645 4601 haec
671 4540 918 4599 irrepsere
939 4552 951 4588 :
973 4536 1254 4601 addendum
1300 4536 1349 4588 in
1379 4536 1711 4601 episcoporum

135 4597 262 4669 actis,
286 4600 348 4649 de
370 4598 537 4671 quibus
552 4598 681 4662 infra
707 4597 871 4662 :quod
894 4600 1151 4651 manifeste
1175 4608 1334 4650 notam
1358 4597 1481 4664 sapit
1504 4601 1563 4648 ad
1585 4612 1713 4649 utar-

136 4668 290 4723 ginem
306 4668 593 4723 appositam.

197 4704 225 4759 ἶ
246 4704 593 4772 Ῑίῗιῖτὲῗέῗξί
608 4720 659 4772 in
681 4728 814 4772 terra
835 4704 937 4772 sua.

196 4787 219 4825 Β
252 4784 305 4833 In
326 4798 416 4833 ms.
441 4785 493 4834 S.
514 4784 573 4835 G.
597 4782 921 4835 sazcularium.

195 4844 222 4883 ιι
256 4845 307 4894 In
332 4858 423 4896 ms.
443 4847 495 4897 S.
526 4845 583 4897 G.
602 4846 660 4898 ob
682 4860 825 4911 quam
846 4846 1032 4900 merito.
1059 4847 1114 4899 In
1139 4848 1301 4915 editis,
1324 4848 1495 4899 merito
1515 4855 1562 4898 et
1584 4847 1717 4905 bene.

1843 4254 1847 4262 .
1886 4220 1904 4289 ξ
1943 4221 1997 4289 l_u
2016 4236 2106 4272 ms.
2132 4223 2184 4289 Si.
2213 4222 2273 4289 (ξ.
2296 4224 2413 4275 satis
2433 4228 2479 4273 et
2496 4235 2609 4275 vere
2630 4223 2889 4289 sapienter.

1890 4284 1903 4334 i
1950 4284 2003 4333 Iu
2027 4298 2115 4333 ms.
2144 4286 2193 4334 S.
2220 4286 2278 4335 G.
2304 4298 2541 4393 (parere.

1890 4348 1910 4388 lt
1943 4346 2098 4393 Deest
2128 4348 2175 4393 in
2201 4361 2289 4393 ms.
2313 4382 2323 4393 .
2353 4386 2364 4393 .
2387 4348 2444 4393 G.

1882 4348 1910 4388 ιι
1943 4346 2098 4397 Deest
2128 4348 2175 4396 in
2201 4361 2289 4396 ms.
2313 4346 2364 4397 S.
2387 4348 2445 4400 G.

1891 4408 1911 4465 ι
1949 4408 2005 4457 In
2031 4423 2095 4458 m.
2124 4410 2174 4459 S.
2199 4410 2257 4459 G.
2284 4409 2479 4461 deinde.

1883 4471 1922 4500 ω
1952 4470 2014 4544 In
2036 4485 2126 4521 ms.
2144 4474 2203 4523 .S.
2316 4471 2367 4524 in
2386 4470 2736 4536 miserationes,
2762 4475 3073 4542 additurque,
3104 4486 3149 4531 et
3182 4481 3416 4536 er'IDeus

1819 4540 2059 4598 propitius
2083 4540 2286 4598 peccati.
2318 4597 2325 4598 ί
2349 4580 2353 4586 ,

1886 4596 1917 4670 ξι
1948 4597 2065 4669 Post
2084 4596 2198 4647 inec
2229 4597 2376 4670 verba
2395 4599 2457 4670 in
2478 4612 2580 4670 ms.
2609 4599 2661 4648 S.
2685 4599 2747 4670 _G_.
2787 4613 2813 4649 s
2836 4606 3047 4670 quentia
3079 4607 3413 4670 reperiuntur,

1814 4659 1903 4707 sed
1929 4662 2089 4727 minus
2111 4661 2363 4727 apposita:
2390 4660 2488 4710 Sed
2510 4661 2759 4727 dumette
2781 4659 3053 4727 considero,
3078 4659 3243 4717 uereor
3273 4682 3333 4721 ne
3349 4659 3417 4723 ad

1745 4725 1801 4783 1)
1824 4728 1869 4772 te
1891 4720 2104 4792 secintda
2125 4720 2265 4792 lectio
2288 4729 2585 4792 pqrmyneat.
2613 4723 2860 4790 Quidquid
2882 4720 3060 4792 itaque,
3088 4735 3183 4781 etc.

1897 4783 1922 4814 °
1959 4783 2115 4835 Deest
2138 4785 2187 4835 in
2213 4798 2305 4834 ms.
2331 4785 2382 4835 S.
2405 4784 2465 4835 G:

1481 4933 1845 4994 VARIOBUM
1892 4929 2122 4987 NOTAE.

140 5026 551 5100 putabant,“sed
581 5026 685 5081 hoc
712 5027 813 5096 ipsi
847 5030 1100 5086 viderint.
1133 5032 1256 5087 Mox
1292 5049 1387 5100 pro
1413 5034 1517 5087 alio
1540 5034 1713 5098 modo,

144 5098 331 5172 scribo,
378 5097 549 5172 aliqua
593 5100 779 5172 modo:
809 5100 894 5154 Ait
934 5116 1028 5157 eos
1066 5102 1194 5157 dum
1240 5097 1303 5159 se
1330 5104 1560 5160 libenter
1594 5097 1717 5172 proi-

146 5166 261 5242 τεξδί
302 5179 426 5222 sunt
456 5166 537 5242 Ide
573 5182 724 5242 parte
754 5170 971 5242 Donati,
1017 5176 1115 5229 etsi
1157 5190 1261 5229 non
1297 5186 1502 5239 exerte,
1541 5166 1720 5242 aliquo

148 5239 321 5311 saltem
344 5239 527 5303 modo,
552 5240 619 5295 de
642 5239 880 5297 Ecclesia
902 5242 1101 5299 Christi
1123 5262 1228 5300 non
1253 5262 1395 5311 esse,
1419 5239 1718 5302 confessos.

147 5306 251 5362 Non
287 5311 787 5386 displiceltitﬂetiam
809 5357 821 5374 ,
861 5315 905 5369 si
934 5318 1052 5385 quis
1080 5315 1151 5369 ita
1182 5306 1441 5385 accipiat,
1474 5319 1595 5386 quid
1652 5334 1722 5369 re-

155 5382 459 5460 spondebunt
486 5384 536 5435 in
564 5384 655 5460 illo
684 5382 967 5460 imminenti
981 5388 1184 5460 judicio
1206 5382 1396 5460 divino,
1428 5382 1515 5457 qui
1542 5390 1592 5440 in
1628 5389 1728 5441 hoc

149 5454 356 5515 smeulo,
390 5454 498 5507 alio
532 5456 691 5510 modo
713 5455 946 5511 confessi
974 5454 1118 5523 sunt,
1143 5468 1247 5513 eto.
1272 5460 1294 5511 ?
1321 5459 1388 5513 M.
1420 5454 1649 5513 Casauu.

220 5542 326 5613 (ϐξ)
360 5543 546 5597 Preces
568 5562 691 5614 quas
720 5546 981 5618 dederant.
1026 5547 1290 5603 Libellum
1326 5550 1645 5618 supplicem,
1678 5562 1733 5603 ιιι

158 5612 250 5667 sﬂti
279 5612 590 5684 episcopum
627 5617 939 5671 ordinarcnt
961 5612 1406 5674 Parmeniauum:
1432 5612 1514 5674 'Du
1545 5612 1660 5675 Pin.

224 5723 331 5799 (625)
357 5726 470 5788 Quo
494 5741 651 5799 supra
663 5737 955 5799 memorata
976 5730 1257 5799 increpatio
1282 5732 1457 5786 clausa
1478 5741 1570 5787 est.
1610 5734 1739 5788 Pro-

165 5793 330 5873 pltetia
359 5805 548 5873 esstat
568 5796 696 5849 ibid.
725 5798 866 5873 apud
898 5798 1095 5873 Ezech.
1203 5818 1393 5866 xxvttt,
1429 5820 1477 5858 v.
1506 5806 1545 5862 9
1572 5822 1582 5857 :
1622 5804 1740 5859 Μο-

170 5864 297 5920 rieris
316 5866 367 5919 in
397 5867 607 5919 interitu
628 5864 907 5923 occisorum
932 5872 983 5925 in
1010 5872 1160 5927 corde
1190 5874 1364 5928 maris.
1383 5864 1389 5866 ⁷
1410 5876 1488 5931 Du
1518 5876 1635 5931 Pm.

1899 5024 2016 5097 (6d)
2047 5023 2321 5079 Prouincia
2371 5026 2741 5096 proconsulari.
2776 5027 2829 5081 In
2878 5029 3148 5097 provincia
3196 5031 3424 5091 Cartha-

1829 5097 2061 5168 gineusi.
2086 5098 2325 5168 Amissa.

1843 5165 1847 5233 ξ
1877 5168 2018 5247 ’(65)
2081 5165 2355 5247 Yeniebant
2407 5165 2677 5247 Paulus-et
2704 5166 2966 5225 Macarius
2989 5214 3001 5236 ,
3059 5175 3146 5245 qui
3174 5193 3429 5247 pauperes

1831 5238 2018 5309 ubique
2058 5238 2438 5316 (ζῑεραηρρνεηι.
2468 5238 2534 5290 Τὸ
2562 5238 2934 5316 dispnngerent
2986 5238 3313 5316 tantumdem
3344 5262 3434 5307 cst

1834 5326 1894 5365 ac
1912 5307 2331 5371 consolarentur;
2364 5322 2479 5373 quat
2505 5308 2637 5361 mira
2662 5309 2888 5375 phrasis.
2918 5312 3131 5370 INCEBT.
3208 5336 3215 5342 ’

1910 5376 2023 5447 (66)
2047 5378 2143 5463 Qui
2163 5394 2407 5463 pauperes
2436 5379 2612 5463 ubique
2640 5380 3019 5463 dispunggreut.
3048 5385 3433 5463 Dispungenm

1839 5449 2171 5525 tantumdem
2189 5456 2285 5525 est
2310 5463 2373 5501 ac
2401 5450 2788 5525 consolarentur
2816 5449 2844 5517 ,⁷
2862 5454 3030 5525 inquit
3057 5449 3156 5512 ltie'
3176 5449 3276 5514 vir"
3294 5463 3428 5518 doc-

1845 5534 1929 5604 tus
1956 5561 1969 5583 ,
1998 5530 2050 5571 ct
2088 5519 2244 5604 addit
2271 5522 2591 5604 essemiram
2621 5522 2854 5589 pltrasim
2881 5567 2895 5587 ,
2929 5519 3021 5582 sed
3052 5530 3183 5585 mira
3215 5544 3296 5588 est
3315 5538 3433 5604 ejus

1845 5592 2233 5674 interpretatio.
2286 5590 2704 5674 Quianitnirum
2752 5612 3002 5674 pungere,
3042 5616 3145 5655 non
3189 5590 3436 5674 rat-apri)

1848 5677 1992 5736 urere
2012 5700 2025 5726 ,
2056 5670 2145 5736 aut
2174 5676 2370 5731 angere
2393 5704 2406 5727 ,
2437 5661 2557 5736 ideo
2578 5661 2882 5736 dispungere
2908 5669 2972 5722 sit
2991 5661 3293 5730 consolari.
3326 5661 3433 5733 Sed

1850 5734 2024 5787 virum
2054 5732 2269 5812 doctum
2300 5736 2450 5812 ratio
2479 5733 2610 5802 fugit
2634 5732 2805 5812 [dum
2837 5754 2941 5796 non
2989 5741 3250 5801 intellexit
3276 5791 3289 5812 ,
3346 5732 3442 5804 aut

1856 5820 1963 5858 non
1981 5804 2240 5882 cogitavit
2265 5804 2454 5882 saltem
2480 5848 2493 5870 ,
2526 5821 2556 5859 a
2582 5808 2878 5882 rationibus
2913 5826 3035 5867 esse
3068 5815 3168 5872 hoc
3198 5804 3439 5882 verbum,

1857 5890 1961 5946 quo
2003 5874 2307 5960 frequenter
2357 5876 2542 5933 eadem
2574 5888 2664 5933 aut
2702 5878 2897 5951 simili,
2930 5898 3035 5953 qua
3066 5884 3151 5942 hic
3173 5874 3398 5961 Optatus
