  <div class='ocr_page' id='page_1' title='image "/cluster/home/n/w/nwhite01/storage/ocr_20150623/11/uva.x000826576/513.png"; bbox 0 0 3828 6218; ppageno 0'>
   <div class='ocr_carea' id='block_1_1' title="bbox 456 315 595 374">
    <p class='ocr_par' dir='ltr' id='par_1_1' title="bbox 456 315 595 374">
     <span class='ocr_line' id='line_1_1' title="bbox 456 315 595 374; baseline -0.014 0"><span class='ocrx_word' id='word_1_1' title='bbox 456 315 595 374; x_wconf 71' lang='grc'><strong>1007</strong></span> 
     </span>
    </p>
   </div>
   <div class='ocr_carea' id='block_1_2' title="bbox 1613 306 2494 369">
    <p class='ocr_par' dir='ltr' id='par_1_2' title="bbox 1613 306 2494 369">
     <span class='ocr_line' id='line_1_2' title="bbox 1613 306 2494 369; baseline 0.002 -2"><span class='ocrx_word' id='word_1_2' title='bbox 1613 308 1857 367; x_wconf 78' lang='lat' dir='ltr'><strong>SANCTI</strong></span> <span class='ocrx_word' id='word_1_3' title='bbox 1893 306 2145 365; x_wconf 83' lang='lat' dir='ltr'><strong>0PTATI</strong></span> <span class='ocrx_word' id='word_1_4' title='bbox 2188 308 2494 369; x_wconf 81' lang='lat' dir='ltr'><strong>EPISCOPI</strong></span> 
     </span>
    </p>
   </div>
   <div class='ocr_carea' id='block_1_3' title="bbox 3602 309 3731 367">
    <p class='ocr_par' dir='ltr' id='par_1_3' title="bbox 3602 309 3731 367">
     <span class='ocr_line' id='line_1_3' title="bbox 3602 309 3731 367; baseline -0.008 0"><span class='ocrx_word' id='word_1_5' title='bbox 3602 309 3731 367; x_wconf 67' lang='lat'><strong>1008</strong></span> 
     </span>
    </p>
   </div>
   <div class='ocr_carea' id='block_1_4' title="bbox 450 421 3732 495">
    <p class='ocr_par' dir='ltr' id='par_1_4' title="bbox 450 421 3732 495">
     <span class='ocr_line' id='line_1_4' title="bbox 450 421 3732 495; baseline -0.002 -10"><span class='ocrx_word' id='word_1_6' title='bbox 450 437 674 485; x_wconf 85' lang='lat' dir='ltr'><strong>rentur:</strong></span> <span class='ocrx_word' id='word_1_7' title='bbox 702 433 757 484; x_wconf 89' lang='lat' dir='ltr'><strong>et</strong></span> <span class='ocrx_word' id='word_1_8' title='bbox 785 440 903 482; x_wconf 89' lang='lat' dir='ltr'><strong>cum</strong></span> <span class='ocrx_word' id='word_1_9' title='bbox 943 422 1010 479; x_wconf 91' lang='lat' dir='ltr'><strong>ad</strong></span> <span class='ocrx_word' id='word_1_10' title='bbox 1054 422 1403 494; x_wconf 82' lang='lat' dir='ltr'><strong>Bagaiensem</strong></span> <span class='ocrx_word' id='word_1_11' title='bbox 1428 432 1454 461; x_wconf 75' lang='grc' dir='ltr'>α</span> <span class='ocrx_word' id='word_1_12' title='bbox 1476 422 1741 479; x_wconf 87' lang='lat' dir='ltr'><strong>civitatem</strong></span> <span class='ocrx_word' id='word_1_13' title='bbox 1771 421 1885 495; x_wconf 83' lang='lat'><strong>(67)</strong></span> <span class='ocrx_word' id='word_1_14' title='bbox 1917 436 2044 493; x_wconf 73' lang='grc' dir='ltr'>ιιι-ο-</span> <span class='ocrx_word' id='word_1_15' title='bbox 2074 428 2123 489; x_wconf 75' lang='grc' dir='ltr'>Α</span> <span class='ocrx_word' id='word_1_16' title='bbox 2149 421 2327 479; x_wconf 90' lang='lat' dir='ltr'><strong>subito</strong></span> <span class='ocrx_word' id='word_1_17' title='bbox 2354 422 2638 479; x_wconf 88' lang='lat' dir='ltr'><strong>multitudo</strong></span> <span class='ocrx_word' id='word_1_18' title='bbox 2660 422 2845 479; x_wconf 85' lang='lat' dir='ltr'><strong>insana</strong></span> <span class='ocrx_word' id='word_1_19' title='bbox 2870 466 2885 490; x_wconf 89' lang='lat'><strong>,</strong></span> <span class='ocrx_word' id='word_1_20' title='bbox 2913 434 2964 480; x_wconf 82' lang='lat' dir='ltr'><strong>et</strong></span> <span class='ocrx_word' id='word_1_21' title='bbox 2996 421 3334 494; x_wconf 70' lang='lat' dir='ltr'><strong>praecedente</strong></span> <span class='ocrx_word' id='word_1_22' title='bbox 3365 428 3577 477; x_wconf 84' lang='lat' dir='ltr'><strong>terrore</strong></span> <span class='ocrx_word' id='word_1_23' title='bbox 3622 438 3732 478; x_wconf 83' lang='lat' dir='ltr'><strong>ere-</strong></span> 
     </span>
    </p>
   </div>
   <div class='ocr_carea' id='block_1_5' title="bbox 450 515 2041 600">
    <p class='ocr_par' dir='ltr' id='par_1_5' title="bbox 450 515 2041 600">
     <span class='ocr_line' id='line_1_5' title="bbox 450 515 2041 600; baseline -0.003 -25"><span class='ocrx_word' id='word_1_24' title='bbox 450 520 725 596; x_wconf 73' lang='lat' dir='ltr'><strong>ximarent</strong></span> <span class='ocrx_word' id='word_1_25' title='bbox 744 560 759 585; x_wconf 95' lang='lat'><strong>,</strong></span> <span class='ocrx_word' id='word_1_26' title='bbox 792 517 1073 600; x_wconf 84' lang='lat' dir='ltr'><strong>luncalter</strong></span> <span class='ocrx_word' id='word_1_27' title='bbox 1100 517 1336 572; x_wconf 85' lang='lat' dir='ltr'><strong>Donatus</strong></span> <span class='ocrx_word' id='word_1_28' title='bbox 1363 517 1380 585; x_wconf 98' lang='lat'>(</span> <span class='ocrx_word' id='word_1_29' title='bbox 1407 517 1542 572; x_wconf 91' lang='lat' dir='ltr'><strong>sicut</strong></span> <span class='ocrx_word' id='word_1_30' title='bbox 1567 517 1737 586; x_wconf 88' lang='lat' dir='ltr'><strong>prima</strong></span> <span class='ocrx_word' id='word_1_31' title='bbox 1766 515 1998 571; x_wconf 83' lang='lat' dir='ltr'><strong>diximus</strong></span> <span class='ocrx_word' id='word_1_32' title='bbox 2023 519 2041 586; x_wconf 84' lang='lat'><strong>)</strong></span> 
     </span>
    </p>
   </div>
   <div class='ocr_carea' id='block_1_6' title="bbox 451 609 2039 683">
    <p class='ocr_par' dir='ltr' id='par_1_6' title="bbox 451 609 2039 683">
     <span class='ocr_line' id='line_1_6' title="bbox 451 609 2039 683; baseline -0.002 -17"><span class='ocrx_word' id='word_1_33' title='bbox 451 611 692 683; x_wconf 89' lang='lat' dir='ltr'><strong>ejusdem</strong></span> <span class='ocrx_word' id='word_1_34' title='bbox 710 609 944 667; x_wconf 72' lang='lat' dir='ltr'><strong>Civitatis</strong></span> <span class='ocrx_word' id='word_1_35' title='bbox 972 610 1259 682; x_wconf 81' lang='lat' dir='ltr'><strong>episcopus</strong></span> <span class='ocrx_word' id='word_1_36' title='bbox 1284 652 1299 677; x_wconf 89' lang='lat'><strong>,</strong></span> <span class='ocrx_word' id='word_1_37' title='bbox 1352 609 1796 681; x_wconf 85' lang='lat' dir='ltr'><strong>impedimentum</strong></span> <span class='ocrx_word' id='word_1_38' title='bbox 1846 610 2039 665; x_wconf 90' lang='lat' dir='ltr'><strong>unitati</strong></span> 
     </span>
    </p>
   </div>
   <div class='ocr_carea' id='block_1_7' title="bbox 346 694 2042 775">
    <p class='ocr_par' dir='ltr' id='par_1_7' title="bbox 346 694 2042 775">
     <span class='ocr_line' id='line_1_7' title="bbox 346 694 2042 775; baseline -0.002 -15"><span class='ocrx_word' id='word_1_39' title='bbox 346 694 376 733; x_wconf 62' lang='grc' dir='ltr'>δ</span> <span class='ocrx_word' id='word_1_40' title='bbox 445 694 503 761; x_wconf 89' lang='lat' dir='ltr'><strong>et</strong></span> <span class='ocrx_word' id='word_1_41' title='bbox 552 703 760 759; x_wconf 86' lang='lat' dir='ltr'><strong>obicem</strong></span> <span class='ocrx_word' id='word_1_42' title='bbox 806 703 1142 759; x_wconf 89' lang='lat' dir='ltr'><strong>venientibus</strong></span> <span class='ocrx_word' id='word_1_43' title='bbox 1189 718 1349 775; x_wconf 87' lang='lat' dir='ltr'><strong>supra</strong></span> <span class='ocrx_word' id='word_1_44' title='bbox 1395 702 1713 771; x_wconf 76' lang='lat' dir='ltr'><strong>memoratis</strong></span> <span class='ocrx_word' id='word_1_45' title='bbox 1766 715 2042 773; x_wconf 89' lang='lat' dir='ltr'><strong>opponere</strong></span> 
     </span>
    </p>
   </div>
   <div class='ocr_carea' id='block_1_8' title="bbox 446 795 2041 869">
    <p class='ocr_par' dir='ltr' id='par_1_8' title="bbox 446 795 2041 869">
     <span class='ocr_line' id='line_1_8' title="bbox 446 795 2041 869; baseline -0.001 -17"><span class='ocrx_word' id='word_1_46' title='bbox 446 797 709 868; x_wconf 74' lang='lat' dir='ltr'><strong>cupiens,</strong></span> <span class='ocrx_word' id='word_1_47' title='bbox 737 810 1019 868; x_wconf 63' lang='lat' dir='ltr'><strong>praecones</strong></span> <span class='ocrx_word' id='word_1_48' title='bbox 1044 811 1139 866; x_wconf 89' lang='lat' dir='ltr'><strong>per</strong></span> <span class='ocrx_word' id='word_1_49' title='bbox 1158 796 1331 853; x_wconf 81' lang='lat' dir='ltr'><strong>vieina</strong></span> <span class='ocrx_word' id='word_1_50' title='bbox 1364 796 1480 853; x_wconf 89' lang='lat' dir='ltr'><strong>loca</strong></span> <span class='ocrx_word' id='word_1_51' title='bbox 1503 806 1557 853; x_wconf 91' lang='lat' dir='ltr'><strong>et</strong></span> <span class='ocrx_word' id='word_1_52' title='bbox 1580 795 1698 869; x_wconf 84' lang='lat'><strong>(68)</strong></span> <span class='ocrx_word' id='word_1_53' title='bbox 1728 812 1824 868; x_wconf 91' lang='lat' dir='ltr'><strong>per</strong></span> <span class='ocrx_word' id='word_1_54' title='bbox 1850 810 2041 851; x_wconf 88' lang='lat' dir='ltr'><strong>omnes</strong></span> 
     </span>
    </p>
   </div>
   <div class='ocr_carea' id='block_1_9' title="bbox 446 872 2041 965">
    <p class='ocr_par' dir='ltr' id='par_1_9' title="bbox 446 872 2041 965">
     <span class='ocr_line' id='line_1_9' title="bbox 446 872 2041 965; baseline -0.001 -18"><span class='ocrx_word' id='word_1_55' title='bbox 446 890 714 947; x_wconf 86' lang='lat' dir='ltr'><strong>nundinas</strong></span> <span class='ocrx_word' id='word_1_56' title='bbox 744 890 929 959; x_wconf 92' lang='lat' dir='ltr'><strong>misit,</strong></span> <span class='ocrx_word' id='word_1_57' title='bbox 985 890 1101 963; x_wconf 87' lang='lat'><strong>(69)</strong></span> <span class='ocrx_word' id='word_1_58' title='bbox 1133 872 1750 965; x_wconf 32' lang='lat' dir='ltr'><strong>Circumcelliones.(70)</strong></span> <span class='ocrx_word' id='word_1_59' title='bbox 1808 890 2041 963; x_wconf 80' lang='lat' dir='ltr'><strong>Agonis-</strong></span> 
     </span>
    </p>
   </div>
   <div class='ocr_carea' id='block_1_10' title="bbox 444 982 2041 1057">
    <p class='ocr_par' dir='ltr' id='par_1_10' title="bbox 444 982 2041 1057">
     <span class='ocr_line' id='line_1_10' title="bbox 444 982 2041 1057; baseline 0 -19"><span class='ocrx_word' id='word_1_60' title='bbox 444 982 582 1038; x_wconf 86' lang='lat' dir='ltr'><strong>ticos</strong></span> <span class='ocrx_word' id='word_1_61' title='bbox 610 984 727 1057; x_wconf 80' lang='grc'>(71)</span> <span class='ocrx_word' id='word_1_62' title='bbox 771 994 1123 1054; x_wconf 82' lang='lat' dir='ltr'><strong>nuncupans;</strong></span> <span class='ocrx_word' id='word_1_63' title='bbox 1153 983 1219 1040; x_wconf 85' lang='lat' dir='ltr'><strong>ad</strong></span> <span class='ocrx_word' id='word_1_64' title='bbox 1250 983 1565 1055; x_wconf 57' lang='lat' dir='ltr'><strong>praedictum</strong></span> <span class='ocrx_word' id='word_1_65' title='bbox 1596 984 1769 1039; x_wconf 87' lang='lat' dir='ltr'><strong>locum</strong></span> <span class='ocrx_word' id='word_1_66' title='bbox 1800 990 1859 1036; x_wconf 93' lang='lat' dir='ltr'><strong>nt</strong></span> <span class='ocrx_word' id='word_1_67' title='bbox 1902 998 2041 1038; x_wconf 86' lang='lat' dir='ltr'><strong>con-</strong></span> 
     </span>
    </p>
   </div>
   <div class='ocr_carea' id='block_1_11' title="bbox 445 1076 2041 1148">
    <p class='ocr_par' dir='ltr' id='par_1_11' title="bbox 445 1076 2041 1148">
     <span class='ocr_line' id='line_1_11' title="bbox 445 1076 2041 1148; baseline -0.002 -16"><span class='ocrx_word' id='word_1_68' title='bbox 445 1084 747 1142; x_wconf 75' lang='lat' dir='ltr'><strong>currerent,</strong></span> <span class='ocrx_word' id='word_1_69' title='bbox 768 1076 1016 1132; x_wconf 81' lang='lat' dir='ltr'><strong>invitavit</strong></span> <span class='ocrx_word' id='word_1_70' title='bbox 1031 1094 1043 1129; x_wconf 91' lang='lat'><strong>:</strong></span> <span class='ocrx_word' id='word_1_71' title='bbox 1058 1077 1431 1148; x_wconf 74' lang='lat' dir='ltr'><strong>60eteorum</strong></span> <span class='ocrx_word' id='word_1_72' title='bbox 1448 1078 1537 1132; x_wconf 93' lang='lat' dir='ltr'><strong>illo</strong></span> <span class='ocrx_word' id='word_1_73' title='bbox 1558 1089 1800 1148; x_wconf 87' lang='lat' dir='ltr'><strong>tempore</strong></span> <span class='ocrx_word' id='word_1_74' title='bbox 1815 1090 2041 1132; x_wconf 91' lang='lat' dir='ltr'><strong>concur-</strong></span> 
     </span>
    </p>
   </div>
   <div class='ocr_carea' id='block_1_12' title="bbox 445 1167 2040 1240">
    <p class='ocr_par' dir='ltr' id='par_1_12' title="bbox 445 1167 2040 1240">
     <span class='ocr_line' id='line_1_12' title="bbox 445 1167 2040 1240; baseline -0.001 -17"><span class='ocrx_word' id='word_1_75' title='bbox 445 1181 540 1223; x_wconf 88' lang='lat' dir='ltr'><strong>sus</strong></span> <span class='ocrx_word' id='word_1_76' title='bbox 560 1178 644 1224; x_wconf 90' lang='lat' dir='ltr'><strong>est</strong></span> <span class='ocrx_word' id='word_1_77' title='bbox 667 1168 932 1240; x_wconf 83' lang='lat' dir='ltr'><strong>ﬂagitatus</strong></span> <span class='ocrx_word' id='word_1_78' title='bbox 953 1209 967 1233; x_wconf 91' lang='lat'><strong>,</strong></span> <span class='ocrx_word' id='word_1_79' title='bbox 991 1167 1215 1238; x_wconf 82' lang='lat' dir='ltr'><strong>quorum</strong></span> <span class='ocrx_word' id='word_1_80' title='bbox 1242 1167 1356 1239; x_wconf 71' lang='grc'>(72)</span> <span class='ocrx_word' id='word_1_81' title='bbox 1401 1167 1670 1225; x_wconf 88' lang='lat' dir='ltr'><strong>dementia</strong></span> <span class='ocrx_word' id='word_1_82' title='bbox 1715 1167 1874 1237; x_wconf 90' lang='lat' dir='ltr'><strong>paulo</strong></span> <span class='ocrx_word' id='word_1_83' title='bbox 1912 1174 2040 1222; x_wconf 83' lang='lat' dir='ltr'><strong>ante</strong></span> 
     </span>
    </p>
   </div>
   <div class='ocr_carea' id='block_1_13' title="bbox 440 1258 2035 1330">
    <p class='ocr_par' dir='ltr' id='par_1_13' title="bbox 440 1258 2035 1330">
     <span class='ocr_line' id='line_1_13' title="bbox 440 1258 2035 1330; baseline -0.001 -16"><span class='ocrx_word' id='word_1_84' title='bbox 440 1259 510 1316; x_wconf 86' lang='lat' dir='ltr'><strong>ab</strong></span> <span class='ocrx_word' id='word_1_85' title='bbox 537 1260 666 1329; x_wconf 85' lang='lat' dir='ltr'><strong>ipsis</strong></span> <span class='ocrx_word' id='word_1_86' title='bbox 696 1260 962 1330; x_wconf 85' lang='lat' dir='ltr'><strong>episcopis</strong></span> <span class='ocrx_word' id='word_1_87' title='bbox 1010 1260 1171 1330; x_wconf 89' lang='lat' dir='ltr'><strong>impie</strong></span> <span class='ocrx_word' id='word_1_88' title='bbox 1195 1259 1476 1315; x_wconf 80' lang='lat' dir='ltr'><strong>videbatur</strong></span> <span class='ocrx_word' id='word_1_89' title='bbox 1525 1276 1646 1316; x_wconf 88' lang='lat' dir='ltr'><strong>esse</strong></span> <span class='ocrx_word' id='word_1_90' title='bbox 1693 1274 1952 1316; x_wconf 88' lang='lat' dir='ltr'><strong>succensa</strong></span> <span class='ocrx_word' id='word_1_91' title='bbox 1982 1258 2035 1313; x_wconf 76' lang='grc' dir='ltr'>δ.</span> 
     </span>
    </p>
   </div>
   <div class='ocr_carea' id='block_1_14' title="bbox 437 1350 2032 1422">
    <p class='ocr_par' dir='ltr' id='par_1_14' title="bbox 437 1350 2032 1422">
     <span class='ocr_line' id='line_1_14' title="bbox 437 1350 2032 1422; baseline 0.001 -16"><span class='ocrx_word' id='word_1_92' title='bbox 437 1350 573 1407; x_wconf 85' lang='lat' dir='ltr'><strong>Nam</strong></span> <span class='ocrx_word' id='word_1_93' title='bbox 597 1367 720 1406; x_wconf 89' lang='lat' dir='ltr'><strong>cum</strong></span> <span class='ocrx_word' id='word_1_94' title='bbox 743 1351 1049 1421; x_wconf 74' lang='lat' dir='ltr'><strong>huiusmodi</strong></span> <span class='ocrx_word' id='word_1_95' title='bbox 1077 1352 1353 1407; x_wconf 89' lang='lat' dir='ltr'><strong>hominum</strong></span> <span class='ocrx_word' id='word_1_96' title='bbox 1399 1368 1570 1422; x_wconf 83' lang='lat' dir='ltr'><strong>genus</strong></span> <span class='ocrx_word' id='word_1_97' title='bbox 1595 1362 1720 1408; x_wconf 88' lang='lat' dir='ltr'><strong>ante</strong></span> <span class='ocrx_word' id='word_1_98' title='bbox 1770 1352 2032 1407; x_wconf 88' lang='lat' dir='ltr'><strong>unitatem</strong></span> 
     </span>
    </p>
   </div>
   <div class='ocr_carea' id='block_1_15' title="bbox 442 1442 2034 1517">
    <p class='ocr_par' dir='ltr' id='par_1_15' title="bbox 442 1442 2034 1517">
     <span class='ocr_line' id='line_1_15' title="bbox 442 1442 2034 1517; baseline 0.001 -19"><span class='ocrx_word' id='word_1_99' title='bbox 442 1442 556 1517; x_wconf 77' lang='lat'><strong>(75)</strong></span> <span class='ocrx_word' id='word_1_100' title='bbox 588 1460 684 1516; x_wconf 92' lang='lat' dir='ltr'><strong>per</strong></span> <span class='ocrx_word' id='word_1_101' title='bbox 715 1445 833 1499; x_wconf 90' lang='lat' dir='ltr'><strong>loca</strong></span> <span class='ocrx_word' id='word_1_102' title='bbox 862 1443 1069 1516; x_wconf 78' lang='lat' dir='ltr'><strong>singula</strong></span> <span class='ocrx_word' id='word_1_103' title='bbox 1092 1453 1412 1515; x_wconf 79' lang='lat' dir='ltr'><strong>vagarentur</strong></span> <span class='ocrx_word' id='word_1_104' title='bbox 1441 1463 1453 1497; x_wconf 88' lang='lat'>:</span> <span class='ocrx_word' id='word_1_105' title='bbox 1480 1460 1604 1499; x_wconf 90' lang='lat' dir='ltr'><strong>cum</strong></span> <span class='ocrx_word' id='word_1_106' title='bbox 1636 1444 1812 1499; x_wconf 79' lang='lat' dir='ltr'><strong>Axido</strong></span> <span class='ocrx_word' id='word_1_107' title='bbox 1844 1452 1899 1500; x_wconf 91' lang='lat' dir='ltr'><strong>et</strong></span> <span class='ocrx_word' id='word_1_108' title='bbox 1929 1444 2034 1499; x_wconf 82' lang='lat' dir='ltr'><strong>Fa-</strong></span> 
     </span>
    </p>
   </div>
   <div class='ocr_carea' id='block_1_16' title="bbox 441 1536 2041 1611">
    <p class='ocr_par' dir='ltr' id='par_1_16' title="bbox 441 1536 2041 1611">
     <span class='ocr_line' id='line_1_16' title="bbox 441 1536 2041 1611; baseline 0.001 -18"><span class='ocrx_word' id='word_1_109' title='bbox 441 1537 517 1594; x_wconf 88' lang='lat' dir='ltr'><strong>sir</strong></span> <span class='ocrx_word' id='word_1_110' title='bbox 544 1536 660 1611; x_wconf 67' lang='grc'>(74)</span> <span class='ocrx_word' id='word_1_111' title='bbox 684 1579 701 1605; x_wconf 84' lang='grc'><em>,</em></span> <span class='ocrx_word' id='word_1_112' title='bbox 732 1539 800 1596; x_wconf 91' lang='lat' dir='ltr'><strong>ab</strong></span> <span class='ocrx_word' id='word_1_113' title='bbox 829 1538 959 1609; x_wconf 87' lang='lat' dir='ltr'><strong>ipsis</strong></span> <span class='ocrx_word' id='word_1_114' title='bbox 988 1539 1377 1594; x_wconf 87' lang='lat' dir='ltr'><strong>insanientibus</strong></span> <span class='ocrx_word' id='word_1_115' title='bbox 1405 1551 1717 1594; x_wconf 89' lang='lat' dir='ltr'><strong>sanctorum</strong></span> <span class='ocrx_word' id='word_1_116' title='bbox 1744 1538 1910 1595; x_wconf 89' lang='lat' dir='ltr'><strong>duces</strong></span> <span class='ocrx_word' id='word_1_117' title='bbox 1945 1555 2041 1611; x_wconf 86' lang='lat' dir='ltr'><strong>ap-</strong></span> 
     </span>
    </p>
   </div>
   <div class='ocr_carea' id='block_1_17' title="bbox 442 1632 2038 1704">
    <p class='ocr_par' dir='ltr' id='par_1_17' title="bbox 442 1632 2038 1704">
     <span class='ocr_line' id='line_1_17' title="bbox 442 1632 2038 1704; baseline 0.001 -17"><span class='ocrx_word' id='word_1_118' title='bbox 442 1633 773 1703; x_wconf 84' lang='lat' dir='ltr'><strong>pellarentur</strong></span> <span class='ocrx_word' id='word_1_119' title='bbox 800 1650 815 1688; x_wconf 89' lang='lat'><strong>:</strong></span> <span class='ocrx_word' id='word_1_120' title='bbox 841 1632 973 1687; x_wconf 86' lang='lat' dir='ltr'><strong>nulli</strong></span> <span class='ocrx_word' id='word_1_121' title='bbox 1009 1632 1159 1688; x_wconf 89' lang='lat' dir='ltr'><strong>licuit</strong></span> <span class='ocrx_word' id='word_1_122' title='bbox 1182 1647 1431 1688; x_wconf 91' lang='lat' dir='ltr'><strong>securum</strong></span> <span class='ocrx_word' id='word_1_123' title='bbox 1461 1648 1582 1689; x_wconf 89' lang='lat' dir='ltr'><strong>esse</strong></span> <span class='ocrx_word' id='word_1_124' title='bbox 1607 1634 1660 1688; x_wconf 94' lang='lat' dir='ltr'><strong>in</strong></span> <span class='ocrx_word' id='word_1_125' title='bbox 1681 1635 2038 1704; x_wconf 85' lang='lat' dir='ltr'><strong>possessioni-</strong></span> 
     </span>
    </p>
   </div>
   <div class='ocr_carea' id='block_1_18' title="bbox 440 1721 2035 1797">
    <p class='ocr_par' dir='ltr' id='par_1_18' title="bbox 440 1721 2035 1797">
     <span class='ocr_line' id='line_1_18' title="bbox 440 1721 2035 1797; baseline 0.001 -15"><span class='ocrx_word' id='word_1_126' title='bbox 440 1726 544 1782; x_wconf 85' lang='lat' dir='ltr'><strong>bus</strong></span> <span class='ocrx_word' id='word_1_127' title='bbox 587 1721 1067 1783; x_wconf 81' lang='lat' dir='ltr'><strong>sniszdebitorum</strong></span> <span class='ocrx_word' id='word_1_128' title='bbox 1100 1726 1458 1797; x_wconf 88' lang='lat' dir='ltr'><strong>chirographa</strong></span> <span class='ocrx_word' id='word_1_129' title='bbox 1514 1728 1810 1791; x_wconf 82' lang='lat' dir='ltr'><strong>amiserant</strong></span> <span class='ocrx_word' id='word_1_130' title='bbox 1853 1728 2035 1783; x_wconf 88' lang='lat' dir='ltr'><strong>vires:</strong></span> 
     </span>
    </p>
   </div>
   <div class='ocr_carea' id='block_1_19' title="bbox 2144 514 3731 589">
    <p class='ocr_par' dir='ltr' id='par_1_19' title="bbox 2144 514 3731 589">
     <span class='ocr_line' id='line_1_19' title="bbox 2144 514 3731 589; baseline -0.001 -18"><span class='ocrx_word' id='word_1_131' title='bbox 2144 516 2348 575; x_wconf 89' lang='lat' dir='ltr'><strong>ditores</strong></span> <span class='ocrx_word' id='word_1_132' title='bbox 2371 520 2620 589; x_wconf 77' lang='lat' dir='ltr'><strong>periculis</strong></span> <span class='ocrx_word' id='word_1_133' title='bbox 2648 519 2983 574; x_wconf 84' lang='lat' dir='ltr'><strong>vallabantur</strong></span> <span class='ocrx_word' id='word_1_134' title='bbox 3010 534 3023 571; x_wconf 93' lang='lat'><strong>:</strong></span> <span class='ocrx_word' id='word_1_135' title='bbox 3057 525 3114 572; x_wconf 90' lang='lat' dir='ltr'><strong>ut</strong></span> <span class='ocrx_word' id='word_1_136' title='bbox 3137 526 3160 553; x_wconf 77' lang='grc' dir='ltr'>ε</span> <span class='ocrx_word' id='word_1_137' title='bbox 3186 516 3277 587; x_wconf 90' lang='lat' dir='ltr'><strong>qui</strong></span> <span class='ocrx_word' id='word_1_138' title='bbox 3316 514 3437 587; x_wconf 86' lang='grc'>(75)</span> <span class='ocrx_word' id='word_1_139' title='bbox 3480 531 3579 587; x_wconf 90' lang='lat' dir='ltr'><strong>pro</strong></span> <span class='ocrx_word' id='word_1_140' title='bbox 3606 530 3731 585; x_wconf 80' lang='lat' dir='ltr'><strong>pra--</strong></span> 
     </span>
    </p>
   </div>
   <div class='ocr_carea' id='block_1_20' title="bbox 2147 606 3732 681">
    <p class='ocr_par' dir='ltr' id='par_1_20' title="bbox 2147 606 3732 681">
     <span class='ocr_line' id='line_1_20' title="bbox 2147 606 3732 681; baseline -0.003 -16"><span class='ocrx_word' id='word_1_141' title='bbox 2147 609 2289 666; x_wconf 80' lang='lat' dir='ltr'><strong>Stitis</strong></span> <span class='ocrx_word' id='word_1_142' title='bbox 2313 611 2426 666; x_wconf 88' lang='lat' dir='ltr'><strong>suis</strong></span> <span class='ocrx_word' id='word_1_143' title='bbox 2468 612 2646 681; x_wconf 85' lang='lat' dir='ltr'><strong>rogari</strong></span> <span class='ocrx_word' id='word_1_144' title='bbox 2679 609 2969 665; x_wconf 84' lang='lat' dir='ltr'><strong>debuerant</strong></span> <span class='ocrx_word' id='word_1_145' title='bbox 3004 606 3048 673; x_wconf 72' lang='grc' dir='ltr'>ί,</span> <span class='ocrx_word' id='word_1_146' title='bbox 3074 620 3218 663; x_wconf 90' lang='lat' dir='ltr'><strong>metu</strong></span> <span class='ocrx_word' id='word_1_147' title='bbox 3265 608 3461 662; x_wconf 89' lang='lat' dir='ltr'><strong>mortis</strong></span> <span class='ocrx_word' id='word_1_148' title='bbox 3513 607 3732 661; x_wconf 84' lang='lat' dir='ltr'><strong>humiles</strong></span> 
     </span>
    </p>
   </div>
   <div class='ocr_carea' id='block_1_21' title="bbox 2145 690 3733 774">
    <p class='ocr_par' dir='ltr' id='par_1_21' title="bbox 2145 690 3733 774">
     <span class='ocr_line' id='line_1_21' title="bbox 2145 690 3733 774; baseline -0.002 -17"><span class='ocrx_word' id='word_1_149' title='bbox 2145 699 2548 774; x_wconf 84' lang='lat' dir='ltr'><strong>impellerentur</strong></span> <span class='ocrx_word' id='word_1_150' title='bbox 2574 703 2627 758; x_wconf 91' lang='lat' dir='ltr'><strong>in</strong></span> <span class='ocrx_word' id='word_1_151' title='bbox 2654 717 2857 771; x_wconf 88' lang='lat' dir='ltr'><strong>preces.</strong></span> <span class='ocrx_word' id='word_1_152' title='bbox 2911 690 3225 757; x_wconf 74' lang='lat' dir='ltr'><strong>Festinabai</strong></span> <span class='ocrx_word' id='word_1_153' title='bbox 3247 699 3624 771; x_wconf 83' lang='lat' dir='ltr'><strong>unusquisque</strong></span> <span class='ocrx_word' id='word_1_154' title='bbox 3644 699 3733 754; x_wconf 89' lang='lat' dir='ltr'><strong>de-</strong></span> 
     </span>
    </p>
   </div>
   <div class='ocr_carea' id='block_1_22' title="bbox 2146 791 3734 863">
    <p class='ocr_par' dir='ltr' id='par_1_22' title="bbox 2146 791 3734 863">
     <span class='ocr_line' id='line_1_22' title="bbox 2146 791 3734 863; baseline -0.003 -14"><span class='ocrx_word' id='word_1_155' title='bbox 2146 794 2253 850; x_wconf 87' lang='lat' dir='ltr'><strong>bita</strong></span> <span class='ocrx_word' id='word_1_156' title='bbox 2273 796 2434 851; x_wconf 91' lang='lat' dir='ltr'><strong>etiam</strong></span> <span class='ocrx_word' id='word_1_157' title='bbox 2460 794 2691 850; x_wconf 77' lang='lat' dir='ltr'><strong>maxima</strong></span> <span class='ocrx_word' id='word_1_158' title='bbox 2724 794 2969 863; x_wconf 87' lang='lat' dir='ltr'><strong>perdere,</strong></span> <span class='ocrx_word' id='word_1_159' title='bbox 2996 804 3051 849; x_wconf 91' lang='lat' dir='ltr'><strong>et</strong></span> <span class='ocrx_word' id='word_1_160' title='bbox 3092 793 3296 849; x_wconf 90' lang='lat' dir='ltr'><strong>lucrum</strong></span> <span class='ocrx_word' id='word_1_161' title='bbox 3327 791 3734 862; x_wconf 81' lang='lat' dir='ltr'><strong>computabatur</strong></span> 
     </span>
    </p>
   </div>
   <div class='ocr_carea' id='block_1_23' title="bbox 2145 888 3733 958">
    <p class='ocr_par' dir='ltr' id='par_1_23' title="bbox 2145 888 3733 958">
     <span class='ocr_line' id='line_1_23' title="bbox 2145 888 3733 958; baseline -0.002 -14"><span class='ocrx_word' id='word_1_162' title='bbox 2145 890 2383 945; x_wconf 82' lang='lat' dir='ltr'><strong>evasisse</strong></span> <span class='ocrx_word' id='word_1_163' title='bbox 2429 888 2498 944; x_wconf 90' lang='lat' dir='ltr'><strong>ab</strong></span> <span class='ocrx_word' id='word_1_164' title='bbox 2535 904 2721 944; x_wconf 90' lang='lat' dir='ltr'><strong>eorum</strong></span> <span class='ocrx_word' id='word_1_165' title='bbox 2767 888 2999 958; x_wconf 85' lang='lat' dir='ltr'><strong>injuriis.</strong></span> <span class='ocrx_word' id='word_1_166' title='bbox 3033 888 3204 943; x_wconf 84' lang='lat' dir='ltr'><strong>Etiam</strong></span> <span class='ocrx_word' id='word_1_167' title='bbox 3228 889 3423 944; x_wconf 80' lang='lat' dir='ltr'><strong>itinera</strong></span> <span class='ocrx_word' id='word_1_168' title='bbox 3456 902 3563 942; x_wconf 92' lang='lat' dir='ltr'><strong>non</strong></span> <span class='ocrx_word' id='word_1_169' title='bbox 3594 897 3733 958; x_wconf 85' lang='lat' dir='ltr'><strong>pete-</strong></span> 
     </span>
    </p>
   </div>
   <div class='ocr_carea' id='block_1_24' title="bbox 2144 979 3731 1051">
    <p class='ocr_par' dir='ltr' id='par_1_24' title="bbox 2144 979 3731 1051">
     <span class='ocr_line' id='line_1_24' title="bbox 2144 979 3731 1051; baseline -0.002 -16"><span class='ocrx_word' id='word_1_170' title='bbox 2144 988 2267 1036; x_wconf 88' lang='lat' dir='ltr'><strong>rant</strong></span> <span class='ocrx_word' id='word_1_171' title='bbox 2293 995 2415 1035; x_wconf 90' lang='lat' dir='ltr'><strong>esse</strong></span> <span class='ocrx_word' id='word_1_172' title='bbox 2447 980 2714 1036; x_wconf 89' lang='lat' dir='ltr'><strong>tutissima</strong></span> <span class='ocrx_word' id='word_1_173' title='bbox 2733 1021 2749 1048; x_wconf 92' lang='lat'><strong>,</strong></span> <span class='ocrx_word' id='word_1_174' title='bbox 2778 979 2919 1051; x_wconf 89' lang='lat' dir='ltr'><strong>quod</strong></span> <span class='ocrx_word' id='word_1_175' title='bbox 2951 980 3154 1036; x_wconf 91' lang='lat' dir='ltr'><strong>domini</strong></span> <span class='ocrx_word' id='word_1_176' title='bbox 3182 980 3250 1037; x_wconf 89' lang='lat' dir='ltr'><strong>de</strong></span> <span class='ocrx_word' id='word_1_177' title='bbox 3274 979 3545 1036; x_wconf 81' lang='lat' dir='ltr'><strong>vehiculis</strong></span> <span class='ocrx_word' id='word_1_178' title='bbox 3572 980 3682 1034; x_wconf 87' lang='lat' dir='ltr'><strong>suis</strong></span> <span class='ocrx_word' id='word_1_179' title='bbox 3711 988 3731 1026; x_wconf 74' lang='grc' dir='ltr'>ε</span> 
     </span>
    </p>
   </div>
   <div class='ocr_carea' id='block_1_25' title="bbox 2142 1070 3734 1141">
    <p class='ocr_par' dir='ltr' id='par_1_25' title="bbox 2142 1070 3734 1141">
     <span class='ocr_line' id='line_1_25' title="bbox 2142 1070 3734 1141; baseline -0.002 -14"><span class='ocrx_word' id='word_1_180' title='bbox 2142 1071 2360 1128; x_wconf 81' lang='lat' dir='ltr'><strong>excussi</strong></span> <span class='ocrx_word' id='word_1_181' title='bbox 2385 1080 2510 1127; x_wconf 85' lang='lat' dir='ltr'><strong>ante</strong></span> <span class='ocrx_word' id='word_1_182' title='bbox 2541 1070 2829 1141; x_wconf 83' lang='lat' dir='ltr'><strong>municipia</strong></span> <span class='ocrx_word' id='word_1_183' title='bbox 2858 1087 2952 1128; x_wconf 87' lang='lat' dir='ltr'><strong>sua</strong></span> <span class='ocrx_word' id='word_1_184' title='bbox 2973 1114 2987 1139; x_wconf 90' lang='lat'><strong>,</strong></span> <span class='ocrx_word' id='word_1_185' title='bbox 3011 1071 3355 1129; x_wconf 88' lang='lat' dir='ltr'><strong>dominorum</strong></span> <span class='ocrx_word' id='word_1_186' title='bbox 3379 1071 3515 1128; x_wconf 91' lang='lat' dir='ltr'><strong>locis</strong></span> <span class='ocrx_word' id='word_1_187' title='bbox 3551 1070 3734 1127; x_wconf 58' lang='lat' dir='ltr'><strong>sedeo.</strong></span> 
     </span>
    </p>
   </div>
   <div class='ocr_carea' id='block_1_26' title="bbox 2145 1151 3734 1236">
    <p class='ocr_par' dir='ltr' id='par_1_26' title="bbox 2145 1151 3734 1236">
     <span class='ocr_line' id='line_1_26' title="bbox 2145 1151 3734 1236; baseline -0.001 -16"><span class='ocrx_word' id='word_1_188' title='bbox 2145 1166 2218 1221; x_wconf 88' lang='lat' dir='ltr'><strong>tia</strong></span> <span class='ocrx_word' id='word_1_189' title='bbox 2247 1162 2277 1202; x_wconf 75' lang='grc' dir='ltr'><strong>ιι</strong></span> <span class='ocrx_word' id='word_1_190' title='bbox 2296 1205 2313 1233; x_wconf 83' lang='grc'><strong><em>,</em></strong></span> <span class='ocrx_word' id='word_1_191' title='bbox 2364 1151 2634 1222; x_wconf 82' lang='lat' dir='ltr'><strong>serviliter</strong></span> <span class='ocrx_word' id='word_1_192' title='bbox 2662 1174 3033 1222; x_wconf 86' lang='lat' dir='ltr'><strong>cucurrerunt.</strong></span> <span class='ocrx_word' id='word_1_193' title='bbox 3078 1165 3298 1221; x_wconf 92' lang='lat' dir='ltr'><strong>Illorum</strong></span> <span class='ocrx_word' id='word_1_194' title='bbox 3322 1164 3533 1236; x_wconf 85' lang='lat' dir='ltr'><strong>judicio</strong></span> <span class='ocrx_word' id='word_1_195' title='bbox 3563 1174 3615 1219; x_wconf 89' lang='lat' dir='ltr'><strong>et</strong></span> <span class='ocrx_word' id='word_1_196' title='bbox 3645 1164 3734 1219; x_wconf 87' lang='lat' dir='ltr'><strong>im-</strong></span> 
     </span>
    </p>
   </div>
   <div class='ocr_carea' id='block_1_27' title="bbox 2142 1256 3730 1328">
    <p class='ocr_par' dir='ltr' id='par_1_27' title="bbox 2142 1256 3730 1328">
     <span class='ocr_line' id='line_1_27' title="bbox 2142 1256 3730 1328; baseline -0.003 -15"><span class='ocrx_word' id='word_1_197' title='bbox 2142 1257 2293 1328; x_wconf 92' lang='lat' dir='ltr'><strong>perio</strong></span> <span class='ocrx_word' id='word_1_198' title='bbox 2315 1257 2457 1315; x_wconf 91' lang='lat' dir='ltr'><strong>inter</strong></span> <span class='ocrx_word' id='word_1_199' title='bbox 2484 1258 2735 1314; x_wconf 89' lang='lat' dir='ltr'><strong>dominos</strong></span> <span class='ocrx_word' id='word_1_200' title='bbox 2786 1269 2842 1315; x_wconf 87' lang='lat' dir='ltr'><strong>et</strong></span> <span class='ocrx_word' id='word_1_201' title='bbox 2864 1273 3051 1315; x_wconf 87' lang='lat' dir='ltr'><strong>servos</strong></span> <span class='ocrx_word' id='word_1_202' title='bbox 3112 1256 3354 1314; x_wconf 82' lang='lat' dir='ltr'><strong>conditio</strong></span> <span class='ocrx_word' id='word_1_203' title='bbox 3406 1256 3730 1311; x_wconf 81' lang='lat' dir='ltr'><strong>mutabatur.</strong></span> 
     </span>
    </p>
   </div>
   <div class='ocr_carea' id='block_1_28' title="bbox 2109 1348 3731 1424">
    <p class='ocr_par' dir='ltr' id='par_1_28' title="bbox 2109 1348 3731 1424">
     <span class='ocr_line' id='line_1_28' title="bbox 2109 1348 3731 1424; baseline -0.004 -16"><span class='ocrx_word' id='word_1_204' title='bbox 2109 1368 2112 1371; x_wconf 92' lang='grc'>·</span> <span class='ocrx_word' id='word_1_205' title='bbox 2142 1351 2295 1409; x_wconf 89' lang='lat' dir='ltr'><strong>Unde</strong></span> <span class='ocrx_word' id='word_1_206' title='bbox 2315 1368 2435 1408; x_wconf 92' lang='lat' dir='ltr'><strong>cum</strong></span> <span class='ocrx_word' id='word_1_207' title='bbox 2467 1360 2663 1409; x_wconf 70' lang='lat' dir='ltr'><strong>vestrae</strong></span> <span class='ocrx_word' id='word_1_208' title='bbox 2679 1353 2857 1423; x_wconf 77' lang='lat' dir='ltr'><strong>partis</strong></span> <span class='ocrx_word' id='word_1_209' title='bbox 2881 1351 3150 1424; x_wconf 78' lang='lat' dir='ltr'><strong>episcopis</strong></span> <span class='ocrx_word' id='word_1_210' title='bbox 3172 1360 3301 1407; x_wconf 90' lang='lat' dir='ltr'><strong>tunc</strong></span> <span class='ocrx_word' id='word_1_211' title='bbox 3315 1348 3515 1405; x_wconf 87' lang='lat' dir='ltr'><strong>invidia</strong></span> <span class='ocrx_word' id='word_1_212' title='bbox 3541 1348 3695 1404; x_wconf 82' lang='lat' dir='ltr'><strong>ﬁeret</strong></span> <span class='ocrx_word' id='word_1_213' title='bbox 3721 1365 3731 1401; x_wconf 88' lang='lat'><strong>:</strong></span> 
     </span>
    </p>
   </div>
   <div class='ocr_carea' id='block_1_29' title="bbox 2142 1440 3734 1520">
    <p class='ocr_par' dir='ltr' id='par_1_29' title="bbox 2142 1440 3734 1520">
     <span class='ocr_line' id='line_1_29' title="bbox 2142 1440 3734 1520; baseline -0.005 -15"><span class='ocrx_word' id='word_1_214' title='bbox 2142 1450 2380 1506; x_wconf 81' lang='lat' dir='ltr'><strong>Taurino</strong></span> <span class='ocrx_word' id='word_1_215' title='bbox 2411 1460 2538 1507; x_wconf 89' lang='lat' dir='ltr'><strong>tunc</strong></span> <span class='ocrx_word' id='word_1_216' title='bbox 2565 1450 2749 1507; x_wconf 89' lang='lat' dir='ltr'><strong>comiti</strong></span> <span class='ocrx_word' id='word_1_217' title='bbox 2789 1448 3074 1520; x_wconf 86' lang='lat' dir='ltr'><strong>scripsisse</strong></span> <span class='ocrx_word' id='word_1_218' title='bbox 3102 1444 3358 1504; x_wconf 90' lang='lat' dir='ltr'><strong>dicuntur</strong></span> <span class='ocrx_word' id='word_1_219' title='bbox 3382 1486 3398 1514; x_wconf 90' lang='lat'><strong>,</strong></span> <span class='ocrx_word' id='word_1_220' title='bbox 3436 1440 3734 1515; x_wconf 75' lang='lat' dir='ltr'><strong>huiusmodi</strong></span> 
     </span>
    </p>
   </div>
   <div class='ocr_carea' id='block_1_30' title="bbox 2144 1536 3733 1616">
    <p class='ocr_par' dir='ltr' id='par_1_30' title="bbox 2144 1536 3733 1616">
     <span class='ocr_line' id='line_1_30' title="bbox 2144 1536 3733 1616; baseline -0.004 -18"><span class='ocrx_word' id='word_1_221' title='bbox 2144 1542 2391 1601; x_wconf 88' lang='lat' dir='ltr'><strong>homines</strong></span> <span class='ocrx_word' id='word_1_222' title='bbox 2417 1541 2615 1616; x_wconf 76' lang='lat' dir='ltr'><strong>corrigi</strong></span> <span class='ocrx_word' id='word_1_223' title='bbox 2648 1543 2699 1598; x_wconf 89' lang='lat' dir='ltr'><strong>in</strong></span> <span class='ocrx_word' id='word_1_224' title='bbox 2735 1541 2979 1598; x_wconf 79' lang='lat' dir='ltr'><strong>Ecclesia</strong></span> <span class='ocrx_word' id='word_1_225' title='bbox 3030 1555 3137 1596; x_wconf 91' lang='lat' dir='ltr'><strong>non</strong></span> <span class='ocrx_word' id='word_1_226' title='bbox 3196 1553 3358 1612; x_wconf 87' lang='lat' dir='ltr'><strong>posse</strong></span> <span class='ocrx_word' id='word_1_227' title='bbox 3398 1555 3411 1592; x_wconf 90' lang='lat'><strong>:</strong></span> <span class='ocrx_word' id='word_1_228' title='bbox 3445 1536 3733 1592; x_wconf 75' lang='lat' dir='ltr'><strong>mandave-</strong></span> 
     </span>
    </p>
   </div>
   <div class='ocr_carea' id='block_1_31' title="bbox 2142 1617 3728 1706">
    <p class='ocr_par' dir='ltr' id='par_1_31' title="bbox 2142 1617 3728 1706">
     <span class='ocr_line' id='line_1_31' title="bbox 2142 1617 3728 1706; baseline -0.006 -15"><span class='ocrx_word' id='word_1_229' title='bbox 2142 1646 2298 1701; x_wconf 89' lang='lat' dir='ltr'><strong>runt,</strong></span> <span class='ocrx_word' id='word_1_230' title='bbox 2334 1645 2438 1691; x_wconf 91' lang='lat' dir='ltr'><strong>uta</strong></span> <span class='ocrx_word' id='word_1_231' title='bbox 2469 1651 2632 1706; x_wconf 86' lang='lat' dir='ltr'><strong>supra</strong></span> <span class='ocrx_word' id='word_1_232' title='bbox 2656 1634 2802 1690; x_wconf 87' lang='lat' dir='ltr'><strong>dicto</strong></span> <span class='ocrx_word' id='word_1_233' title='bbox 2823 1635 3020 1690; x_wconf 91' lang='lat' dir='ltr'><strong>comite</strong></span> <span class='ocrx_word' id='word_1_234' title='bbox 3035 1633 3349 1703; x_wconf 87' lang='lat' dir='ltr'><strong>acciperent</strong></span> <span class='ocrx_word' id='word_1_235' title='bbox 3373 1617 3728 1700; x_wconf 83' lang='lat' dir='ltr'><strong>disciplinam.</strong></span> 
     </span>
    </p>
   </div>
   <div class='ocr_carea' id='block_1_32' title="bbox 2142 1721 3735 1794">
    <p class='ocr_par' dir='ltr' id='par_1_32' title="bbox 2142 1721 3735 1794">
     <span class='ocr_line' id='line_1_32' title="bbox 2142 1721 3735 1794; baseline -0.006 -9"><span class='ocrx_word' id='word_1_236' title='bbox 2142 1730 2295 1787; x_wconf 90' lang='lat' dir='ltr'><strong>Tunc</strong></span> <span class='ocrx_word' id='word_1_237' title='bbox 2318 1730 2585 1786; x_wconf 82' lang='lat' dir='ltr'><strong>Taurinus</strong></span> <span class='ocrx_word' id='word_1_238' title='bbox 2615 1729 2681 1789; x_wconf 90' lang='lat' dir='ltr'><strong>ad</strong></span> <span class='ocrx_word' id='word_1_239' title='bbox 2712 1744 2902 1785; x_wconf 88' lang='lat' dir='ltr'><strong>eorum</strong></span> <span class='ocrx_word' id='word_1_240' title='bbox 2931 1728 3170 1792; x_wconf 85' lang='lat' dir='ltr'><strong>litteras,</strong></span> <span class='ocrx_word' id='word_1_241' title='bbox 3199 1727 3280 1781; x_wconf 92' lang='lat' dir='ltr'><strong>ire</strong></span> <span class='ocrx_word' id='word_1_242' title='bbox 3317 1724 3543 1780; x_wconf 85' lang='lat' dir='ltr'><strong>militem</strong></span> <span class='ocrx_word' id='word_1_243' title='bbox 3582 1721 3735 1794; x_wconf 84' lang='lat' dir='ltr'><strong>jussit</strong></span> 
     </span>
    </p>
   </div>
   <div class='ocr_carea' id='block_1_33' title="bbox 439 1814 3733 1897">
    <p class='ocr_par' dir='ltr' id='par_1_33' title="bbox 439 1814 3733 1897">
     <span class='ocr_line' id='line_1_33' title="bbox 439 1814 3733 1897; baseline -0.003 -21"><span class='ocrx_word' id='word_1_244' title='bbox 439 1821 623 1877; x_wconf 90' lang='lat' dir='ltr'><strong>nullus</strong></span> <span class='ocrx_word' id='word_1_245' title='bbox 643 1814 881 1878; x_wconf 87' lang='lat' dir='ltr'><strong>creditor</strong></span> <span class='ocrx_word' id='word_1_246' title='bbox 908 1821 1008 1897; x_wconf 25' lang='lat' dir='ltr'><strong>illo.</strong></span> <span class='ocrx_word' id='word_1_247' title='bbox 1023 1830 1265 1890; x_wconf 89' lang='lat' dir='ltr'><strong>tempore</strong></span> <span class='ocrx_word' id='word_1_248' title='bbox 1288 1821 1538 1893; x_wconf 82' lang='lat' dir='ltr'><strong>exigendi</strong></span> <span class='ocrx_word' id='word_1_249' title='bbox 1563 1822 1752 1876; x_wconf 85' lang='lat' dir='ltr'><strong>habuit</strong></span> <span class='ocrx_word' id='word_1_250' title='bbox 1810 1822 2032 1878; x_wconf 84' lang='lat' dir='ltr'><strong>liberta-</strong></span> <span class='ocrx_word' id='word_1_251' title='bbox 2058 1824 2111 1884; x_wconf 12' lang='lat' dir='ltr'><strong>VB</strong></span> <span class='ocrx_word' id='word_1_252' title='bbox 2139 1834 2405 1880; x_wconf 87' lang='lat' dir='ltr'><strong>armatum</strong></span> <span class='ocrx_word' id='word_1_253' title='bbox 2431 1840 2529 1896; x_wconf 88' lang='lat' dir='ltr'><strong>per</strong></span> <span class='ocrx_word' id='word_1_254' title='bbox 2572 1823 2875 1886; x_wconf 86' lang='lat' dir='ltr'><strong>nundinas,</strong></span> <span class='ocrx_word' id='word_1_255' title='bbox 2910 1821 3001 1877; x_wconf 89' lang='lat' dir='ltr'><strong>ubi</strong></span> <span class='ocrx_word' id='word_1_256' title='bbox 3026 1816 3548 1877; x_wconf 87' lang='lat' dir='ltr'><strong>Circumcellionum</strong></span> <span class='ocrx_word' id='word_1_257' title='bbox 3596 1814 3733 1869; x_wconf 69' lang='lat' dir='ltr'><strong>furor</strong></span> 
     </span>
    </p>
   </div>
   <div class='ocr_carea' id='block_1_34' title="bbox 440 1912 2033 1984">
    <p class='ocr_par' dir='ltr' id='par_1_34' title="bbox 440 1912 2033 1984">
     <span class='ocr_line' id='line_1_34' title="bbox 440 1912 2033 1984; baseline 0.002 -16"><span class='ocrx_word' id='word_1_258' title='bbox 440 1921 550 1969; x_wconf 89' lang='lat' dir='ltr'><strong>tem</strong></span> <span class='ocrx_word' id='word_1_259' title='bbox 586 1925 631 1965; x_wconf 76' lang='grc' dir='ltr'>ο.</span> <span class='ocrx_word' id='word_1_260' title='bbox 684 1912 1047 1973; x_wconf 84' lang='lat' dir='ltr'><strong>Terrebantur</strong></span> <span class='ocrx_word' id='word_1_261' title='bbox 1088 1928 1277 1967; x_wconf 92' lang='lat' dir='ltr'><strong>omnes</strong></span> <span class='ocrx_word' id='word_1_262' title='bbox 1327 1913 1522 1968; x_wconf 90' lang='lat' dir='ltr'><strong>litteris</strong></span> <span class='ocrx_word' id='word_1_263' title='bbox 1568 1919 1792 1980; x_wconf 91' lang='lat' dir='ltr'><strong>corum&#39;,</strong></span> <span class='ocrx_word' id='word_1_264' title='bbox 1832 1914 1923 1984; x_wconf 85' lang='lat' dir='ltr'><strong>qui</strong></span> <span class='ocrx_word' id='word_1_265' title='bbox 1971 1930 2033 1971; x_wconf 88' lang='lat' dir='ltr'><strong>se</strong></span> 
     </span>
    </p>
   </div>
   <div class='ocr_carea' id='block_1_35' title="bbox 442 2002 2034 2085">
    <p class='ocr_par' dir='ltr' id='par_1_35' title="bbox 442 2002 2034 2085">
     <span class='ocr_line' id='line_1_35' title="bbox 442 2002 2034 2085; baseline 0 -23"><span class='ocrx_word' id='word_1_266' title='bbox 442 2014 751 2085; x_wconf 83' lang='lat' dir='ltr'><strong>sanctorum</strong></span> <span class='ocrx_word' id='word_1_267' title='bbox 779 2002 985 2061; x_wconf 76' lang='lat' dir='ltr'><strong>ducesd</strong></span> <span class='ocrx_word' id='word_1_268' title='bbox 1006 2003 1455 2072; x_wconf 78' lang='lat' dir='ltr'><strong>fuissejactaba&#39;nt</strong></span> <span class='ocrx_word' id='word_1_269' title='bbox 1482 2024 1495 2059; x_wconf 91' lang='lat'>:</span> <span class='ocrx_word' id='word_1_270' title='bbox 1525 2012 1579 2060; x_wconf 91' lang='lat' dir='ltr'><strong>et</strong></span> <span class='ocrx_word' id='word_1_271' title='bbox 1599 2004 1646 2061; x_wconf 91' lang='lat' dir='ltr'><strong>si</strong></span> <span class='ocrx_word' id='word_1_272' title='bbox 1676 2006 1727 2060; x_wconf 94' lang='lat' dir='ltr'><strong>in</strong></span> <span class='ocrx_word' id='word_1_273' title='bbox 1752 2005 2034 2076; x_wconf 85' lang='lat' dir='ltr'><strong>obtempe-</strong></span> 
     </span>
    </p>
   </div>
   <div class='ocr_carea' id='block_1_36' title="bbox 442 2097 2089 2185">
    <p class='ocr_par' dir='ltr' id='par_1_36' title="bbox 442 2097 2089 2185">
     <span class='ocr_line' id='line_1_36' title="bbox 442 2097 2089 2185; baseline -0.001 -30"><span class='ocrx_word' id='word_1_274' title='bbox 442 2098 613 2156; x_wconf 89' lang='lat' dir='ltr'><strong>rando</strong></span> <span class='ocrx_word' id='word_1_275' title='bbox 670 2113 855 2155; x_wconf 90' lang='lat' dir='ltr'><strong>eorum</strong></span> <span class='ocrx_word' id='word_1_276' title='bbox 921 2098 1257 2185; x_wconf 76' lang='lat' dir='ltr'><strong>iussionibus</strong></span> <span class='ocrx_word' id='word_1_277' title='bbox 1328 2097 1668 2166; x_wconf 89' lang='lat' dir='ltr'><strong>tardaretur,</strong></span> <span class='ocrx_word' id='word_1_278' title='bbox 1747 2099 2035 2156; x_wconf 87' lang='lat' dir='ltr'><strong>advolabat</strong></span> <span class='ocrx_word' id='word_1_279' title='bbox 2068 2151 2089 2165; x_wconf 87' lang='grc'><em>,</em></span> 
     </span>
    </p>
   </div>
   <div class='ocr_carea' id='block_1_37' title="bbox 2140 1904 3733 1989">
    <p class='ocr_par' dir='ltr' id='par_1_37' title="bbox 2140 1904 3733 1989">
     <span class='ocr_line' id='line_1_37' title="bbox 2140 1904 3733 1989; baseline -0.009 -16"><span class='ocrx_word' id='word_1_280' title='bbox 2140 1920 2321 1989; x_wconf 77' lang='lat' dir='ltr'><strong>vagari</strong></span> <span class='ocrx_word' id='word_1_281' title='bbox 2372 1926 2752 1973; x_wconf 79' lang='lat' dir='ltr'><strong>consueverat.</strong></span> <span class='ocrx_word' id='word_1_282' title='bbox 2785 1916 2841 1970; x_wconf 91' lang='lat' dir='ltr'><strong>ln</strong></span> <span class='ocrx_word' id='word_1_283' title='bbox 2871 1914 2991 1970; x_wconf 89' lang='lat' dir='ltr'><strong>loco</strong></span> <span class='ocrx_word' id='word_1_284' title='bbox 3034 1910 3320 1967; x_wconf 83' lang='lat' dir='ltr'><strong>Octavensi</strong></span> <span class='ocrx_word' id='word_1_285' title='bbox 3382 1908 3397 1945; x_wconf 81' lang='grc' dir='ltr'><strong>ί</strong></span> <span class='ocrx_word' id='word_1_286' title='bbox 3432 1906 3553 1981; x_wconf 92' lang='grc'>(76)</span> <span class='ocrx_word' id='word_1_287' title='bbox 3583 1904 3733 1962; x_wconf 82' lang='lat' dir='ltr'><strong>occisi</strong></span> 
     </span>
    </p>
   </div>
   <div class='ocr_carea' id='block_1_38' title="bbox 2140 1998 3732 2080">
    <p class='ocr_par' dir='ltr' id='par_1_38' title="bbox 2140 1998 3732 2080">
     <span class='ocr_line' id='line_1_38' title="bbox 2140 1998 3732 2080; baseline -0.009 -16"><span class='ocrx_word' id='word_1_288' title='bbox 2140 2019 2267 2064; x_wconf 89' lang='lat' dir='ltr'><strong>sunt</strong></span> <span class='ocrx_word' id='word_1_289' title='bbox 2288 2008 2543 2080; x_wconf 85' lang='lat' dir='ltr'><strong>plttrimii</strong></span> <span class='ocrx_word' id='word_1_290' title='bbox 2577 2049 2593 2073; x_wconf 90' lang='lat'><strong>,</strong></span> <span class='ocrx_word' id='word_1_291' title='bbox 2624 2005 2925 2063; x_wconf 85' lang='lat' dir='ltr'><strong>detruncati</strong></span> <span class='ocrx_word' id='word_1_292' title='bbox 2966 1998 3306 2068; x_wconf 74' lang='lat' dir='ltr'><strong>suntmotti,</strong></span> <span class='ocrx_word' id='word_1_293' title='bbox 3343 2014 3574 2069; x_wconf 84' lang='lat' dir='ltr'><strong>quorum</strong></span> <span class='ocrx_word' id='word_1_294' title='bbox 3620 2012 3732 2051; x_wconf 86' lang='lat' dir='ltr'><strong>cor-</strong></span> 
     </span>
    </p>
   </div>
   <div class='ocr_carea' id='block_1_39' title="bbox 2141 2090 3730 2172">
    <p class='ocr_par' dir='ltr' id='par_1_39' title="bbox 2141 2090 3730 2172">
     <span class='ocr_line' id='line_1_39' title="bbox 2141 2090 3730 2172; baseline -0.009 -15"><span class='ocrx_word' id='word_1_295' title='bbox 2141 2116 2271 2172; x_wconf 84' lang='lat' dir='ltr'><strong>pora</strong></span> <span class='ocrx_word' id='word_1_296' title='bbox 2299 2116 2470 2172; x_wconf 89' lang='lat' dir='ltr'><strong>usque</strong></span> <span class='ocrx_word' id='word_1_297' title='bbox 2499 2101 2551 2155; x_wconf 90' lang='lat' dir='ltr'><strong>in</strong></span> <span class='ocrx_word' id='word_1_298' title='bbox 2598 2097 2918 2154; x_wconf 88' lang='lat' dir='ltr'><strong>hodiernum</strong></span> <span class='ocrx_word' id='word_1_299' title='bbox 2944 2139 2959 2165; x_wconf 91' lang='lat'><strong>,</strong></span> <span class='ocrx_word' id='word_1_300' title='bbox 2985 2094 3099 2169; x_wconf 92' lang='grc'>(77)</span> <span class='ocrx_word' id='word_1_301' title='bbox 3144 2108 3239 2165; x_wconf 89' lang='lat' dir='ltr'><strong>per</strong></span> <span class='ocrx_word' id='word_1_302' title='bbox 3288 2090 3575 2148; x_wconf 82' lang='lat' dir='ltr'><strong>dealbatas</strong></span> <span class='ocrx_word' id='word_1_303' title='bbox 3622 2103 3730 2143; x_wconf 82' lang='lat' dir='ltr'><strong>aras</strong></span> 
     </span>
    </p>
   </div>
   <div class='ocr_carea' id='block_1_40' title="bbox 1673 2214 2505 2274">
    <p class='ocr_par' dir='ltr' id='par_1_40' title="bbox 1673 2214 2505 2274">
     <span class='ocr_line' id='line_1_40' title="bbox 1673 2214 2505 2274; baseline 0.002 -4"><span class='ocrx_word' id='word_1_304' title='bbox 1673 2214 2050 2274; x_wconf 81' lang='lat' dir='ltr'><strong>LECTIONES</strong></span> <span class='ocrx_word' id='word_1_305' title='bbox 2086 2215 2505 2274; x_wconf 76' lang='lat' dir='ltr'><strong>VARIANTES.</strong></span> 
     </span>
    </p>
   </div>
   <div class='ocr_carea' id='block_1_41' title="bbox 504 2306 1505 2373">
    <p class='ocr_par' dir='ltr' id='par_1_41' title="bbox 504 2306 1505 2373">
     <span class='ocr_line' id='line_1_41' title="bbox 504 2306 1505 2373; baseline -0.006 -13"><span class='ocrx_word' id='word_1_306' title='bbox 504 2309 531 2373; x_wconf 65' lang='grc' dir='ltr'><strong><em>ξ</em></strong></span> <span class='ocrx_word' id='word_1_307' title='bbox 566 2308 622 2373; x_wconf 66' lang='lat' dir='ltr'><strong>in</strong></span> <span class='ocrx_word' id='word_1_308' title='bbox 642 2322 757 2361; x_wconf 86' lang='lat' dir='ltr'><strong>mss.</strong></span> <span class='ocrx_word' id='word_1_309' title='bbox 779 2308 831 2359; x_wconf 91' lang='grc'><strong>8.</strong></span> <span class='ocrx_word' id='word_1_310' title='bbox 852 2306 910 2373; x_wconf 64' lang='grc' dir='ltr'><strong>Ἰξ.</strong></span> <span class='ocrx_word' id='word_1_311' title='bbox 936 2314 988 2358; x_wconf 92' lang='lat' dir='ltr'><strong>et</strong></span> <span class='ocrx_word' id='word_1_312' title='bbox 1009 2307 1061 2358; x_wconf 86' lang='grc'><strong>8.</strong></span> <span class='ocrx_word' id='word_1_313' title='bbox 1086 2306 1142 2358; x_wconf 84' lang='lat' dir='ltr'><strong>G.</strong></span> <span class='ocrx_word' id='word_1_314' title='bbox 1168 2306 1505 2373; x_wconf 80' lang='lat' dir='ltr'><strong>Vagaiensem.</strong></span> 
     </span>
    </p>
   </div>
   <div class='ocr_carea' id='block_1_42' title="bbox 501 2367 1676 2435">
    <p class='ocr_par' dir='ltr' id='par_1_42' title="bbox 501 2367 1676 2435">
     <span class='ocr_line' id='line_1_42' title="bbox 501 2367 1676 2435; baseline -0.001 -14"><span class='ocrx_word' id='word_1_315' title='bbox 501 2367 535 2409; x_wconf 70' lang='grc' dir='ltr'><strong>ιδ</strong></span> <span class='ocrx_word' id='word_1_316' title='bbox 568 2371 623 2435; x_wconf 66' lang='lat' dir='ltr'><strong>in</strong></span> <span class='ocrx_word' id='word_1_317' title='bbox 646 2384 762 2421; x_wconf 86' lang='lat' dir='ltr'><strong>mss.</strong></span> <span class='ocrx_word' id='word_1_318' title='bbox 789 2373 840 2421; x_wconf 84' lang='lat' dir='ltr'><strong>S.</strong></span> <span class='ocrx_word' id='word_1_319' title='bbox 863 2371 925 2435; x_wconf 54' lang='grc' dir='ltr'>(ᾖ,</span> <span class='ocrx_word' id='word_1_320' title='bbox 947 2382 1219 2435; x_wconf 85' lang='lat' dir='ltr'><strong>compressa</strong></span> <span class='ocrx_word' id='word_1_321' title='bbox 1236 2367 1266 2430; x_wconf 84' lang='grc'><strong>;”</strong></span> <span class='ocrx_word' id='word_1_322' title='bbox 1281 2371 1368 2421; x_wconf 87' lang='lat' dir='ltr'><strong>sed</strong></span> <span class='ocrx_word' id='word_1_323' title='bbox 1394 2382 1676 2435; x_wconf 85' lang='lat' dir='ltr'><strong>perperam.</strong></span> 
     </span>
    </p>
   </div>
   <div class='ocr_carea' id='block_1_43' title="bbox 505 2432 1241 2490">
    <p class='ocr_par' dir='ltr' id='par_1_43' title="bbox 505 2432 1241 2490">
     <span class='ocr_line' id='line_1_43' title="bbox 505 2432 1241 2490; baseline -0.001 -8"><span class='ocrx_word' id='word_1_324' title='bbox 505 2436 529 2465; x_wconf 73' lang='grc' dir='ltr'><strong>ο</strong></span> <span class='ocrx_word' id='word_1_325' title='bbox 567 2432 621 2483; x_wconf 89' lang='lat' dir='ltr'><strong>In</strong></span> <span class='ocrx_word' id='word_1_326' title='bbox 645 2446 763 2483; x_wconf 85' lang='lat' dir='ltr'><strong>mss.</strong></span> <span class='ocrx_word' id='word_1_327' title='bbox 786 2435 838 2483; x_wconf 98' lang='grc'><strong>8.</strong></span> <span class='ocrx_word' id='word_1_328' title='bbox 863 2432 922 2483; x_wconf 84' lang='lat' dir='ltr'><strong>G.</strong></span> <span class='ocrx_word' id='word_1_329' title='bbox 947 2432 1241 2490; x_wconf 80' lang='lat' dir='ltr'><strong>potestatem.</strong></span> 
     </span>
    </p>
   </div>
   <div class='ocr_carea' id='block_1_44' title="bbox 453 2492 1072 2610">
    <p class='ocr_par' dir='ltr' id='par_1_44' title="bbox 453 2492 1072 2610">
     <span class='ocr_line' id='line_1_44' title="bbox 453 2492 1072 2546; baseline -0.011 2"><span class='ocrx_word' id='word_1_330' title='bbox 453 2520 456 2523; x_wconf 59' lang='grc' dir='ltr'>λ</span> <span class='ocrx_word' id='word_1_331' title='bbox 502 2492 532 2536; x_wconf 77' lang='grc' dir='ltr'>ἆ</span> <span class='ocrx_word' id='word_1_332' title='bbox 562 2496 723 2546; x_wconf 82' lang='lat' dir='ltr'><strong>Deest</strong></span> <span class='ocrx_word' id='word_1_333' title='bbox 744 2496 793 2544; x_wconf 92' lang='lat' dir='ltr'><strong>in</strong></span> <span class='ocrx_word' id='word_1_334' title='bbox 816 2508 909 2544; x_wconf 86' lang='lat' dir='ltr'><strong>ms.</strong></span> <span class='ocrx_word' id='word_1_335' title='bbox 932 2495 984 2544; x_wconf 91' lang='grc'><strong>8.</strong></span> <span class='ocrx_word' id='word_1_336' title='bbox 1013 2494 1072 2544; x_wconf 86' lang='lat' dir='ltr'><strong>G.</strong></span> 
     </span>
     <span class='ocr_line' id='line_1_45' title="bbox 510 2555 997 2610; baseline -0.01 0"><span class='ocrx_word' id='word_1_337' title='bbox 510 2561 534 2590; x_wconf 76' lang='lat'><strong><em>°</em></strong></span> <span class='ocrx_word' id='word_1_338' title='bbox 568 2558 643 2610; x_wconf 83' lang='lat' dir='ltr'><strong>Ita</strong></span> <span class='ocrx_word' id='word_1_339' title='bbox 666 2558 717 2607; x_wconf 91' lang='lat' dir='ltr'><strong>in</strong></span> <span class='ocrx_word' id='word_1_340' title='bbox 740 2570 833 2608; x_wconf 85' lang='lat' dir='ltr'><strong>ms.</strong></span> <span class='ocrx_word' id='word_1_341' title='bbox 855 2558 908 2607; x_wconf 92' lang='lat' dir='ltr'><strong>S.</strong></span> <span class='ocrx_word' id='word_1_342' title='bbox 936 2555 997 2607; x_wconf 87' lang='lat' dir='ltr'><strong>G.</strong></span> 
     </span>
    </p>
   </div>
   <div class='ocr_carea' id='block_1_45' title="bbox 2208 2307 2927 2362">
    <p class='ocr_par' dir='ltr' id='par_1_45' title="bbox 2208 2307 2927 2362">
     <span class='ocr_line' id='line_1_46' title="bbox 2208 2307 2927 2362; baseline -0.004 -1"><span class='ocrx_word' id='word_1_343' title='bbox 2208 2307 2231 2347; x_wconf 68' lang='grc' dir='ltr'><em>τ</em></span> <span class='ocrx_word' id='word_1_344' title='bbox 2268 2309 2325 2361; x_wconf 89' lang='lat' dir='ltr'><strong>ln</strong></span> <span class='ocrx_word' id='word_1_345' title='bbox 2352 2325 2440 2361; x_wconf 90' lang='lat' dir='ltr'><strong>ms.</strong></span> <span class='ocrx_word' id='word_1_346' title='bbox 2470 2312 2520 2362; x_wconf 90' lang='lat' dir='ltr'><strong>S.</strong></span> <span class='ocrx_word' id='word_1_347' title='bbox 2546 2310 2605 2361; x_wconf 83' lang='grc' dir='ltr'>Τ.</span> <span class='ocrx_word' id='word_1_348' title='bbox 2632 2314 2927 2362; x_wconf 86' lang='lat' dir='ltr'><strong>meruerant.</strong></span> 
     </span>
    </p>
   </div>
   <div class='ocr_carea' id='block_1_46' title="bbox 2206 2372 2846 2424">
    <p class='ocr_par' dir='ltr' id='par_1_46' title="bbox 2206 2372 2846 2424">
     <span class='ocr_line' id='line_1_47' title="bbox 2206 2372 2846 2424; baseline -0.008 -2"><span class='ocrx_word' id='word_1_349' title='bbox 2206 2375 2233 2413; x_wconf 72' lang='grc' dir='ltr'><strong>Β</strong></span> <span class='ocrx_word' id='word_1_350' title='bbox 2266 2373 2427 2423; x_wconf 76' lang='lat' dir='ltr'><strong>Deest.</strong></span> <span class='ocrx_word' id='word_1_351' title='bbox 2447 2375 2495 2423; x_wconf 89' lang='lat' dir='ltr'><strong>in</strong></span> <span class='ocrx_word' id='word_1_352' title='bbox 2518 2387 2607 2423; x_wconf 85' lang='lat' dir='ltr'><strong>ms.</strong></span> <span class='ocrx_word' id='word_1_353' title='bbox 2635 2373 2686 2424; x_wconf 92' lang='lat' dir='ltr'><strong>S.</strong></span> <span class='ocrx_word' id='word_1_354' title='bbox 2714 2372 2772 2423; x_wconf 88' lang='lat' dir='ltr'><strong>G.</strong></span> <span class='ocrx_word' id='word_1_355' title='bbox 2844 2416 2846 2418; x_wconf 36' lang='grc' dir='ltr'><strong><em>τ</em></strong></span> 
     </span>
    </p>
   </div>
   <div class='ocr_carea' id='block_1_47' title="bbox 2206 2434 2777 2485">
    <p class='ocr_par' dir='ltr' id='par_1_47' title="bbox 2206 2434 2777 2485">
     <span class='ocr_line' id='line_1_48' title="bbox 2206 2434 2777 2485; baseline 0.002 -2"><span class='ocrx_word' id='word_1_356' title='bbox 2206 2434 2237 2473; x_wconf 82' lang='lat' dir='ltr'><strong>h</strong></span> <span class='ocrx_word' id='word_1_357' title='bbox 2272 2434 2427 2485; x_wconf 84' lang='lat' dir='ltr'><strong>Deest</strong></span> <span class='ocrx_word' id='word_1_358' title='bbox 2452 2437 2499 2483; x_wconf 90' lang='lat' dir='ltr'><strong>in</strong></span> <span class='ocrx_word' id='word_1_359' title='bbox 2524 2450 2615 2485; x_wconf 89' lang='lat' dir='ltr'><strong>ms.</strong></span> <span class='ocrx_word' id='word_1_360' title='bbox 2637 2436 2690 2484; x_wconf 91' lang='lat' dir='ltr'><strong>S.</strong></span> <span class='ocrx_word' id='word_1_361' title='bbox 2718 2434 2777 2485; x_wconf 86' lang='lat' dir='ltr'><strong>G.</strong></span> 
     </span>
    </p>
   </div>
   <div class='ocr_carea' id='block_1_48' title="bbox 2210 2494 2917 2549">
    <p class='ocr_par' dir='ltr' id='par_1_48' title="bbox 2210 2494 2917 2549">
     <span class='ocr_line' id='line_1_49' title="bbox 2210 2494 2917 2549; baseline -0.001 -3"><span class='ocrx_word' id='word_1_362' title='bbox 2210 2497 2229 2537; x_wconf 68' lang='grc' dir='ltr'>ἰ</span> <span class='ocrx_word' id='word_1_363' title='bbox 2268 2496 2324 2546; x_wconf 91' lang='lat' dir='ltr'><strong>In</strong></span> <span class='ocrx_word' id='word_1_364' title='bbox 2349 2511 2437 2546; x_wconf 82' lang='lat' dir='ltr'><strong>ms.</strong></span> <span class='ocrx_word' id='word_1_365' title='bbox 2464 2498 2518 2548; x_wconf 93' lang='lat' dir='ltr'><strong>S.</strong></span> <span class='ocrx_word' id='word_1_366' title='bbox 2544 2498 2604 2547; x_wconf 87' lang='lat' dir='ltr'><strong>G.</strong></span> <span class='ocrx_word' id='word_1_367' title='bbox 2632 2494 2917 2549; x_wconf 80' lang='lat' dir='ltr'><strong>Octaviensi.</strong></span> 
     </span>
    </p>
   </div>
   <div class='ocr_carea' id='block_1_49' title="bbox 2212 2554 3210 2623">
    <p class='ocr_par' dir='ltr' id='par_1_49' title="bbox 2212 2554 3210 2623">
     <span class='ocr_line' id='line_1_50' title="bbox 2212 2554 3210 2623; baseline -0.006 -13"><span class='ocrx_word' id='word_1_368' title='bbox 2212 2562 2225 2610; x_wconf 80' lang='lat' dir='ltr'><strong>t’</strong></span> <span class='ocrx_word' id='word_1_369' title='bbox 2268 2561 2519 2623; x_wconf 76' lang='lat' dir='ltr'><strong>Sequitur,</strong></span> <span class='ocrx_word' id='word_1_370' title='bbox 2545 2564 2608 2620; x_wconf 90' lang='lat' dir='ltr'><strong>et,</strong></span> <span class='ocrx_word' id='word_1_371' title='bbox 2634 2562 2683 2610; x_wconf 87' lang='lat' dir='ltr'><strong>in</strong></span> <span class='ocrx_word' id='word_1_372' title='bbox 2701 2573 2818 2609; x_wconf 89' lang='lat' dir='ltr'><strong>mss.</strong></span> <span class='ocrx_word' id='word_1_373' title='bbox 2843 2560 2895 2609; x_wconf 92' lang='lat' dir='ltr'><strong>S.</strong></span> <span class='ocrx_word' id='word_1_374' title='bbox 2920 2556 2979 2608; x_wconf 83' lang='grc' dir='ltr'>Τ.</span> <span class='ocrx_word' id='word_1_375' title='bbox 3007 2560 3059 2607; x_wconf 87' lang='lat' dir='ltr'><strong>et</strong></span> <span class='ocrx_word' id='word_1_376' title='bbox 3081 2554 3137 2607; x_wconf 86' lang='lat' dir='ltr'><strong>P.</strong></span> <span class='ocrx_word' id='word_1_377' title='bbox 3158 2555 3210 2607; x_wconf 90' lang='lat' dir='ltr'><strong>S.</strong></span> 
     </span>
    </p>
   </div>
   <div class='ocr_carea' id='block_1_50' title="bbox 1775 2664 2407 2723">
    <p class='ocr_par' dir='ltr' id='par_1_50' title="bbox 1775 2664 2407 2723">
     <span class='ocr_line' id='line_1_51' title="bbox 1775 2664 2407 2723; baseline 0.005 -5"><span class='ocrx_word' id='word_1_378' title='bbox 1775 2664 2136 2723; x_wconf 78' lang='lat' dir='ltr'><strong>VARIORUM</strong></span> <span class='ocrx_word' id='word_1_379' title='bbox 2176 2666 2407 2722; x_wconf 65' lang='lat' dir='ltr'><strong>NOTAE.</strong></span> 
     </span>
    </p>
   </div>
   <div class='ocr_carea' id='block_1_51' title="bbox 442 2753 2028 2829">
    <p class='ocr_par' dir='ltr' id='par_1_51' title="bbox 442 2753 2028 2829">
     <span class='ocr_line' id='line_1_52' title="bbox 442 2753 2028 2829; baseline -0.003 -14"><span class='ocrx_word' id='word_1_380' title='bbox 442 2756 837 2829; x_wconf 2' lang='lat' dir='ltr'><strong>signiﬁcatione,</strong></span> <span class='ocrx_word' id='word_1_381' title='bbox 866 2753 1226 2829; x_wconf 85' lang='lat' dir='ltr'><strong>Tertullianns</strong></span> <span class='ocrx_word' id='word_1_382' title='bbox 1248 2754 1553 2829; x_wconf 24' lang='lat' dir='ltr'><strong>utiturkut</strong></span> <span class='ocrx_word' id='word_1_383' title='bbox 1577 2769 1705 2829; x_wconf 84' lang='lat' dir='ltr'><strong>cum</strong></span> <span class='ocrx_word' id='word_1_384' title='bbox 1738 2754 1929 2811; x_wconf 85' lang='lat' dir='ltr'><strong>honore</strong></span> <span class='ocrx_word' id='word_1_385' title='bbox 1980 2767 2028 2811; x_wconf 83' lang='lat' dir='ltr'><strong>ct</strong></span> 
     </span>
    </p>
   </div>
   <div class='ocr_carea' id='block_1_52' title="bbox 442 2825 2026 2915">
    <p class='ocr_par' dir='ltr' id='par_1_52' title="bbox 442 2825 2026 2915">
     <span class='ocr_line' id='line_1_53' title="bbox 442 2825 2026 2915; baseline -0.003 -29"><span class='ocrx_word' id='word_1_386' title='bbox 442 2825 617 2915; x_wconf 57' lang='lat' dir='ltr'><strong>ofﬁcio</strong></span> <span class='ocrx_word' id='word_1_387' title='bbox 639 2871 654 2895; x_wconf 93' lang='lat'><strong>,</strong></span> <span class='ocrx_word' id='word_1_388' title='bbox 681 2829 766 2915; x_wconf 79' lang='lat' dir='ltr'><strong>vel</strong></span> <span class='ocrx_word' id='word_1_389' title='bbox 795 2828 897 2915; x_wconf 69' lang='lat' dir='ltr'><strong>vita</strong></span> <span class='ocrx_word' id='word_1_390' title='bbox 926 2826 1253 2915; x_wconf 47' lang='lat' dir='ltr'><strong>disp‘ttnctum</strong></span> <span class='ocrx_word' id='word_1_391' title='bbox 1278 2825 1427 2880; x_wconf 86' lang='lat' dir='ltr'><strong>dicit.</strong></span> <span class='ocrx_word' id='word_1_392' title='bbox 1453 2826 1589 2915; x_wconf 68' lang='lat' dir='ltr'><strong>Quid</strong></span> <span class='ocrx_word' id='word_1_393' title='bbox 1620 2829 1813 2915; x_wconf 80' lang='lat' dir='ltr'><strong>mirum</strong></span> <span class='ocrx_word' id='word_1_394' title='bbox 1846 2838 2026 2915; x_wconf 72' lang='lat' dir='ltr'><strong>autem</strong></span> 
     </span>
    </p>
   </div>
   <div class='ocr_carea' id='block_1_53' title="bbox 443 2897 2031 2969">
    <p class='ocr_par' dir='ltr' id='par_1_53' title="bbox 443 2897 2031 2969">
     <span class='ocr_line' id='line_1_54' title="bbox 443 2897 2031 2969; baseline -0.004 -9"><span class='ocrx_word' id='word_1_395' title='bbox 443 2897 764 2960; x_wconf 80' lang='lat' dir='ltr'><strong>Sidicantur</strong></span> <span class='ocrx_word' id='word_1_396' title='bbox 808 2898 1077 2969; x_wconf 71' lang='lat' dir='ltr'><strong>dispuncti</strong></span> <span class='ocrx_word' id='word_1_397' title='bbox 1123 2911 1415 2969; x_wconf 83' lang='lat' dir='ltr'><strong>pauperes,</strong></span> <span class='ocrx_word' id='word_1_398' title='bbox 1448 2897 1643 2966; x_wconf 89' lang='lat' dir='ltr'><strong>quibus</strong></span> <span class='ocrx_word' id='word_1_399' title='bbox 1685 2908 1841 2953; x_wconf 86' lang='lat' dir='ltr'><strong>antea</strong></span> <span class='ocrx_word' id='word_1_400' title='bbox 1896 2899 2031 2954; x_wconf 85' lang='lat' dir='ltr'><strong>dixit</strong></span> 
     </span>
    </p>
   </div>
   <div class='ocr_carea' id='block_1_54' title="bbox 443 2967 2026 3043">
    <p class='ocr_par' dir='ltr' id='par_1_54' title="bbox 443 2967 2026 3043">
     <span class='ocr_line' id='line_1_55' title="bbox 443 2967 2026 3043; baseline -0.003 -14"><span class='ocrx_word' id='word_1_401' title='bbox 443 2975 816 3043; x_wconf 79' lang='lat' dir='ltr'><strong>eleemosynas</strong></span> <span class='ocrx_word' id='word_1_402' title='bbox 861 2967 1289 3043; x_wconf 16' lang='lat' dir='ltr'><strong>alconstantino</strong></span> <span class='ocrx_word' id='word_1_403' title='bbox 1337 2969 1557 3043; x_wconf 80' lang='lat' dir='ltr'><strong>missas,</strong></span> <span class='ocrx_word' id='word_1_404' title='bbox 1600 2968 1795 3043; x_wconf 85' lang='lat' dir='ltr'><strong>quibus</strong></span> <span class='ocrx_word' id='word_1_405' title='bbox 1844 2970 2026 3043; x_wconf 76' lang='lat' dir='ltr'><strong>suble-</strong></span> 
     </span>
    </p>
   </div>
   <div class='ocr_carea' id='block_1_55' title="bbox 2130 2752 3729 2840">
    <p class='ocr_par' dir='ltr' id='par_1_55' title="bbox 2130 2752 3729 2840">
     <span class='ocr_line' id='line_1_56' title="bbox 2130 2752 3729 2840; baseline -0.004 -27"><span class='ocrx_word' id='word_1_406' title='bbox 2130 2760 2362 2829; x_wconf 82' lang='lat' dir='ltr'><strong>positum</strong></span> <span class='ocrx_word' id='word_1_407' title='bbox 2386 2802 2398 2825; x_wconf 90' lang='lat'><strong>,</strong></span> <span class='ocrx_word' id='word_1_408' title='bbox 2436 2773 2531 2829; x_wconf 84' lang='lat' dir='ltr'><strong>pro</strong></span> <span class='ocrx_word' id='word_1_409' title='bbox 2559 2758 2966 2830; x_wconf 79' lang='lat' dir='ltr'><strong>impellebautur.</strong></span> <span class='ocrx_word' id='word_1_410' title='bbox 2998 2755 3066 2811; x_wconf 82' lang='lat' dir='ltr'><strong>M.</strong></span> <span class='ocrx_word' id='word_1_411' title='bbox 3092 2754 3321 2810; x_wconf 76' lang='lat' dir='ltr'><strong>CASAUB.</strong></span> <span class='ocrx_word' id='word_1_412' title='bbox 3346 2752 3419 2807; x_wconf 86' lang='lat' dir='ltr'><strong>ita</strong></span> <span class='ocrx_word' id='word_1_413' title='bbox 3450 2754 3729 2840; x_wconf 72' lang='lat' dir='ltr'><strong>restitutum</strong></span> 
     </span>
    </p>
   </div>
   <div class='ocr_carea' id='block_1_56' title="bbox 2132 2847 2343 2893">
    <p class='ocr_par' dir='ltr' id='par_1_56' title="bbox 2132 2847 2343 2893">
     <span class='ocr_line' id='line_1_57' title="bbox 2132 2847 2343 2893; baseline -0.009 -9"><span class='ocrx_word' id='word_1_414' title='bbox 2132 2847 2197 2884; x_wconf 82' lang='lat' dir='ltr'><strong>ea:</strong></span> <span class='ocrx_word' id='word_1_415' title='bbox 2217 2847 2343 2893; x_wconf 76' lang='lat' dir='ltr'><strong>mss.</strong></span> 
     </span>
    </p>
   </div>
   <div class='ocr_carea' id='block_1_57' title="bbox 2205 2882 3734 2972">
    <p class='ocr_par' dir='ltr' id='par_1_57' title="bbox 2205 2882 3734 2972">
     <span class='ocr_line' id='line_1_58' title="bbox 2205 2882 3734 2972; baseline -0.009 -16"><span class='ocrx_word' id='word_1_416' title='bbox 2205 2882 2321 2972; x_wconf 78' lang='grc'>(76)</span> <span class='ocrx_word' id='word_1_417' title='bbox 2354 2901 2489 2955; x_wconf 89' lang='lat' dir='ltr'><strong>Loco</strong></span> <span class='ocrx_word' id='word_1_418' title='bbox 2537 2901 2827 2972; x_wconf 76' lang='lat' dir='ltr'><strong>Octavensi.</strong></span> <span class='ocrx_word' id='word_1_419' title='bbox 2865 2897 3105 2953; x_wconf 72' lang='lat' dir='ltr'><strong>Numidae</strong></span> <span class='ocrx_word' id='word_1_420' title='bbox 3160 2882 3380 2972; x_wconf 80' lang='lat' dir='ltr'><strong>oppido.</strong></span> <span class='ocrx_word' id='word_1_421' title='bbox 3425 2893 3581 2972; x_wconf 72' lang='lat' dir='ltr'><strong>Inter</strong></span> <span class='ocrx_word' id='word_1_422' title='bbox 3629 2898 3734 2972; x_wconf 53' lang='lat' dir='ltr'><strong>cpi.</strong></span> 
     </span>
    </p>
   </div>
   <div class='ocr_carea' id='block_1_58' title="bbox 2133 2966 3731 3043">
    <p class='ocr_par' dir='ltr' id='par_1_58' title="bbox 2133 2966 3731 3043">
     <span class='ocr_line' id='line_1_59' title="bbox 2133 2966 3731 3043; baseline -0.003 -17"><span class='ocrx_word' id='word_1_423' title='bbox 2133 2966 2326 3043; x_wconf 70' lang='lat' dir='ltr'><strong>scopas</strong></span> <span class='ocrx_word' id='word_1_424' title='bbox 2350 2973 2435 3039; x_wconf 85' lang='lat' dir='ltr'><strong>qui</strong></span> <span class='ocrx_word' id='word_1_425' title='bbox 2465 2970 3053 3043; x_wconf 71' lang='lat' dir='ltr'><strong>sententiamdicnntjn</strong></span> <span class='ocrx_word' id='word_1_426' title='bbox 3078 2966 3731 3043; x_wconf 66' lang='lat' dir='ltr'><strong>concilioCarthaginiensi</strong></span> 
     </span>
    </p>
   </div>
   <div class='ocr_carea' id='block_1_59' title="bbox 444 3038 3728 3114">
    <p class='ocr_par' dir='ltr' id='par_1_59' title="bbox 444 3038 3728 3114">
     <span class='ocr_line' id='line_1_60' title="bbox 444 3038 3728 3114; baseline -0.001 -17"><span class='ocrx_word' id='word_1_427' title='bbox 444 3045 555 3099; x_wconf 79' lang='lat' dir='ltr'><strong>vati</strong></span> <span class='ocrx_word' id='word_1_428' title='bbox 613 3038 834 3114; x_wconf 78' lang='lat' dir='ltr'><strong>possent</strong></span> <span class='ocrx_word' id='word_1_429' title='bbox 890 3041 1185 3109; x_wconf 87' lang='lat' dir='ltr'><strong>respirare,</strong></span> <span class='ocrx_word' id='word_1_430' title='bbox 1234 3038 1451 3114; x_wconf 74' lang='lat' dir='ltr'><strong>vestiri,</strong></span> <span class='ocrx_word' id='word_1_431' title='bbox 1511 3041 1653 3108; x_wconf 85' lang='lat' dir='ltr'><strong>pasci</strong></span> <span class='ocrx_word' id='word_1_432' title='bbox 1679 3080 1693 3104; x_wconf 92' lang='lat'><strong>,</strong></span> <span class='ocrx_word' id='word_1_433' title='bbox 1748 3040 1981 3114; x_wconf 82' lang='lat' dir='ltr'><strong>gaudere</strong></span> <span class='ocrx_word' id='word_1_434' title='bbox 2007 3043 2065 3095; x_wconf 68' lang='grc' dir='ltr'><strong>ἲ·</strong></span> <span class='ocrx_word' id='word_1_435' title='bbox 2132 3038 2553 3114; x_wconf 68' lang='grc' dir='ltr'><strong>ειιὶ)’(ἶγρι·ἰ;ιιιο,</strong></span> <span class='ocrx_word' id='word_1_436' title='bbox 2582 3053 2662 3097; x_wconf 89' lang='lat' dir='ltr'><strong>est</strong></span> <span class='ocrx_word' id='word_1_437' title='bbox 2696 3040 2866 3114; x_wconf 83' lang='lat' dir='ltr'><strong>V_iclor</strong></span> <span class='ocrx_word' id='word_1_438' title='bbox 2886 3042 2947 3095; x_wconf 88' lang='lat' dir='ltr'><strong>ab</strong></span> <span class='ocrx_word' id='word_1_439' title='bbox 2972 3040 3180 3114; x_wconf 72' lang='lat' dir='ltr'><strong>Octavo.</strong></span> <span class='ocrx_word' id='word_1_440' title='bbox 3222 3040 3279 3092; x_wconf 92' lang='lat' dir='ltr'><strong>ln</strong></span> <span class='ocrx_word' id='word_1_441' title='bbox 3304 3038 3728 3114; x_wconf 83' lang='lat' dir='ltr'><strong>no_titia_episco-</strong></span> 
     </span>
    </p>
   </div>
   <div class='ocr_carea' id='block_1_60' title="bbox 442 3109 2075 3181">
    <p class='ocr_par' dir='ltr' id='par_1_60' title="bbox 442 3109 2075 3181">
     <span class='ocr_line' id='line_1_61' title="bbox 442 3109 2075 3181; baseline -0.002 -11"><span class='ocrx_word' id='word_1_442' title='bbox 442 3109 628 3181; x_wconf 80' lang='lat' dir='ltr'><strong>Neque</strong></span> <span class='ocrx_word' id='word_1_443' title='bbox 655 3113 798 3167; x_wconf 90' lang='lat' dir='ltr'><strong>enim</strong></span> <span class='ocrx_word' id='word_1_444' title='bbox 826 3125 1081 3176; x_wconf 89' lang='lat' dir='ltr'><strong>necesse,</strong></span> <span class='ocrx_word' id='word_1_445' title='bbox 1114 3115 1175 3163; x_wconf 86' lang='lat' dir='ltr'><strong>ut</strong></span> <span class='ocrx_word' id='word_1_446' title='bbox 1219 3109 1285 3164; x_wconf 92' lang='lat' dir='ltr'><strong>de</strong></span> <span class='ocrx_word' id='word_1_447' title='bbox 1314 3110 1551 3181; x_wconf 75' lang='lat' dir='ltr'><strong>ipsorum</strong></span> <span class='ocrx_word' id='word_1_448' title='bbox 1590 3125 1696 3165; x_wconf 70' lang='lat' dir='ltr'><strong>mre</strong></span> <span class='ocrx_word' id='word_1_449' title='bbox 1745 3109 1920 3166; x_wconf 85' lang='lat' dir='ltr'><strong>alieno</strong></span> <span class='ocrx_word' id='word_1_450' title='bbox 1952 3114 2032 3166; x_wconf 87' lang='lat' dir='ltr'><strong>in-</strong></span> <span class='ocrx_word' id='word_1_451' title='bbox 2064 3141 2075 3181; x_wconf 37' lang='lat'><strong>‘-</strong></span> 
     </span>
    </p>
   </div>
   <div class='ocr_carea' id='block_1_61' title="bbox 444 3168 2103 3255">
    <p class='ocr_par' dir='ltr' id='par_1_61' title="bbox 444 3168 2103 3255">
     <span class='ocr_line' id='line_1_62' title="bbox 444 3168 2103 3255; baseline -0.007 -14"><span class='ocrx_word' id='word_1_452' title='bbox 444 3168 781 3255; x_wconf 69' lang='lat' dir='ltr'><strong>telligamus,</strong></span> <span class='ocrx_word' id='word_1_453' title='bbox 812 3168 1134 3255; x_wconf 76' lang='lat' dir='ltr'><strong>quamquam</strong></span> <span class='ocrx_word' id='word_1_454' title='bbox 1166 3189 1219 3234; x_wconf 90' lang='lat' dir='ltr'><strong>et</strong></span> <span class='ocrx_word' id='word_1_455' title='bbox 1244 3168 1379 3255; x_wconf 74' lang='lat' dir='ltr'><strong>illud</strong></span> <span class='ocrx_word' id='word_1_456' title='bbox 1410 3196 1623 3250; x_wconf 90' lang='lat' dir='ltr'><strong>quoque</strong></span> <span class='ocrx_word' id='word_1_457' title='bbox 1676 3182 1903 3248; x_wconf 77' lang='lat' dir='ltr'><strong>fortasse</strong></span> <span class='ocrx_word' id='word_1_458' title='bbox 1942 3200 2032 3238; x_wconf 87' lang='lat' dir='ltr'><strong>ve-</strong></span> <span class='ocrx_word' id='word_1_459' title='bbox 2059 3168 2103 3230; x_wconf 88' lang='lat' dir='ltr'><strong>C</strong></span> 
     </span>
    </p>
   </div>
   <div class='ocr_carea' id='block_1_62' title="bbox 444 3251 2040 3331">
    <p class='ocr_par' dir='ltr' id='par_1_62' title="bbox 444 3251 2040 3331">
     <span class='ocr_line' id='line_1_63' title="bbox 444 3251 2040 3331; baseline -0.002 -21"><span class='ocrx_word' id='word_1_460' title='bbox 444 3251 613 3331; x_wconf 40' lang='lat' dir='ltr'><strong>rum}</strong></span> <span class='ocrx_word' id='word_1_461' title='bbox 638 3253 729 3308; x_wconf 87' lang='lat' dir='ltr'><strong>sed</strong></span> <span class='ocrx_word' id='word_1_462' title='bbox 780 3251 1076 3331; x_wconf 78' lang='lat' dir='ltr'><strong>elegantius</strong></span> <span class='ocrx_word' id='word_1_463' title='bbox 1101 3292 1115 3314; x_wconf 91' lang='lat'><strong>,</strong></span> <span class='ocrx_word' id='word_1_464' title='bbox 1158 3262 1214 3331; x_wconf 73' lang='lat' dir='ltr'><strong>ut</strong></span> <span class='ocrx_word' id='word_1_465' title='bbox 1244 3252 1673 3331; x_wconf 18' lang='lat' dir='ltr'><strong>ipsg‘pan‘pertas</strong></span> <span class='ocrx_word' id='word_1_466' title='bbox 1696 3269 1883 3331; x_wconf 57' lang='lat' dir='ltr'><strong>,“qme</strong></span> <span class='ocrx_word' id='word_1_467' title='bbox 1915 3270 2040 3321; x_wconf 84' lang='lat' dir='ltr'><strong>gra-</strong></span> 
     </span>
    </p>
   </div>
   <div class='ocr_carea' id='block_1_63' title="bbox 445 3321 2072 3390">
    <p class='ocr_par' dir='ltr' id='par_1_63' title="bbox 445 3321 2072 3390">
     <span class='ocr_line' id='line_1_64' title="bbox 445 3321 2072 3390; baseline 0 -8"><span class='ocrx_word' id='word_1_468' title='bbox 445 3327 747 3386; x_wconf 84' lang='lat' dir='ltr'><strong>vissimum,</strong></span> <span class='ocrx_word' id='word_1_469' title='bbox 768 3321 977 3378; x_wconf 80' lang='lat' dir='ltr'><strong>velSola</strong></span> <span class='ocrx_word' id='word_1_470' title='bbox 992 3321 1439 3390; x_wconf 78' lang='lat' dir='ltr'><strong>onus,dispuﬁcta</strong></span> <span class='ocrx_word' id='word_1_471' title='bbox 1464 3322 1690 3378; x_wconf 84' lang='lat' dir='ltr'><strong>dicatur.</strong></span> <span class='ocrx_word' id='word_1_472' title='bbox 1716 3321 2035 3380; x_wconf 63' lang='grc' dir='ltr'><strong>ΜζολεΑυθ.</strong></span> <span class='ocrx_word' id='word_1_473' title='bbox 2061 3372 2072 3383; x_wconf 87' lang='grc'><strong>.</strong></span> 
     </span>
    </p>
   </div>
   <div class='ocr_carea' id='block_1_64' title="bbox 520 3392 2040 3464">
    <p class='ocr_par' dir='ltr' id='par_1_64' title="bbox 520 3392 2040 3464">
     <span class='ocr_line' id='line_1_65' title="bbox 520 3392 2040 3464; baseline 0.001 -15"><span class='ocrx_word' id='word_1_474' title='bbox 520 3397 653 3453; x_wconf 84' lang='lat' dir='ltr'><strong>Ibid.</strong></span> <span class='ocrx_word' id='word_1_475' title='bbox 690 3395 1087 3464; x_wconf 82' lang='lat' dir='ltr'><strong>Dispungerent.</strong></span> <span class='ocrx_word' id='word_1_476' title='bbox 1121 3392 1199 3446; x_wconf 86' lang='lat' dir='ltr'><strong>De</strong></span> <span class='ocrx_word' id='word_1_477' title='bbox 1226 3407 1424 3447; x_wconf 84' lang='lat' dir='ltr'><strong>corona</strong></span> <span class='ocrx_word' id='word_1_478' title='bbox 1475 3394 1660 3447; x_wconf 85' lang='lat' dir='ltr'><strong>militis</strong></span> <span class='ocrx_word' id='word_1_479' title='bbox 1685 3435 1699 3457; x_wconf 92' lang='lat'><strong>,</strong></span> <span class='ocrx_word' id='word_1_480' title='bbox 1724 3394 1820 3449; x_wconf 81' lang='lat' dir='ltr'><strong>ubi</strong></span> <span class='ocrx_word' id='word_1_481' title='bbox 1849 3394 1917 3449; x_wconf 89' lang='lat' dir='ltr'><strong>dc</strong></span> <span class='ocrx_word' id='word_1_482' title='bbox 1940 3397 2040 3450; x_wconf 89' lang='lat' dir='ltr'><strong>im-</strong></span> 
     </span>
    </p>
   </div>
   <div class='ocr_carea' id='block_1_65' title="bbox 448 3463 2041 3539">
    <p class='ocr_par' dir='ltr' id='par_1_65' title="bbox 448 3463 2041 3539">
     <span class='ocr_line' id='line_1_66' title="bbox 448 3463 2041 3539; baseline -0.001 -16"><span class='ocrx_word' id='word_1_483' title='bbox 448 3476 760 3539; x_wconf 87' lang='lat' dir='ltr'><strong>peratorum</strong></span> <span class='ocrx_word' id='word_1_484' title='bbox 791 3463 795 3464; x_wconf 55' lang='grc'><strong><em>⁷</em></strong></span> <span class='ocrx_word' id='word_1_485' title='bbox 821 3463 1072 3539; x_wconf 82' lang='lat' dir='ltr'><strong>donativo</strong></span> <span class='ocrx_word' id='word_1_486' title='bbox 1126 3465 1303 3532; x_wconf 80' lang='lat' dir='ltr'><strong>agitur</strong></span> <span class='ocrx_word' id='word_1_487' title='bbox 1332 3481 1353 3539; x_wconf 87' lang='lat'><strong>:_</strong></span> <span class='ocrx_word' id='word_1_488' title='bbox 1376 3464 1807 3536; x_wconf 42' lang='lat' dir='ltr'><strong>‘eazpungebantar</strong></span> <span class='ocrx_word' id='word_1_489' title='bbox 1852 3467 2041 3521; x_wconf 82' lang='lat' dir='ltr'><strong>milites</strong></span> 
     </span>
    </p>
   </div>
   <div class='ocr_carea' id='block_1_66' title="bbox 454 3534 1813 3600">
    <p class='ocr_par' dir='ltr' id='par_1_66' title="bbox 454 3534 1813 3600">
     <span class='ocr_line' id='line_1_67' title="bbox 454 3534 1813 3600; baseline -0.003 -7"><span class='ocrx_word' id='word_1_490' title='bbox 454 3534 670 3593; x_wconf 76' lang='lat' dir='ltr'><strong>laureati</strong></span> <span class='ocrx_word' id='word_1_491' title='bbox 694 3555 706 3590; x_wconf 91' lang='lat'>:</span> <span class='ocrx_word' id='word_1_492' title='bbox 735 3536 1155 3590; x_wconf 88' lang='lat' dir='ltr'><strong>recensebantur</strong></span> <span class='ocrx_word' id='word_1_493' title='bbox 1176 3576 1191 3598; x_wconf 90' lang='lat'><strong>,</strong></span> <span class='ocrx_word' id='word_1_494' title='bbox 1211 3534 1574 3589; x_wconf 49' lang='lat' dir='ltr'><strong>notabantur-ﬁ</strong></span> <span class='ocrx_word' id='word_1_495' title='bbox 1589 3542 1813 3600; x_wconf 73' lang='lat' dir='ltr'><strong>ALBASP,</strong></span> 
     </span>
    </p>
   </div>
   <div class='ocr_carea' id='block_1_67' title="bbox 522 3604 2035 3681">
    <p class='ocr_par' dir='ltr' id='par_1_67' title="bbox 522 3604 2035 3681">
     <span class='ocr_line' id='line_1_68' title="bbox 522 3604 2035 3681; baseline -0.002 -17"><span class='ocrx_word' id='word_1_496' title='bbox 522 3609 634 3681; x_wconf 83' lang='lat'><strong>(67)</strong></span> <span class='ocrx_word' id='word_1_497' title='bbox 680 3606 944 3662; x_wconf 78' lang='lat' dir='ltr'><strong>Civitatem</strong></span> <span class='ocrx_word' id='word_1_498' title='bbox 992 3606 1362 3678; x_wconf 59' lang='lat' dir='ltr'><strong>proximantem.</strong></span> <span class='ocrx_word' id='word_1_499' title='bbox 1409 3604 1539 3660; x_wconf 77' lang='lat' dir='ltr'><strong>Afra</strong></span> <span class='ocrx_word' id='word_1_500' title='bbox 1584 3606 1770 3661; x_wconf 90' lang='lat' dir='ltr'><strong>itidem</strong></span> <span class='ocrx_word' id='word_1_501' title='bbox 1816 3607 2035 3663; x_wconf 89' lang='lat' dir='ltr'><strong>locutio.</strong></span> 
     </span>
    </p>
   </div>
   <div class='ocr_carea' id='block_1_68' title="bbox 446 3681 805 3737">
    <p class='ocr_par' dir='ltr' id='par_1_68' title="bbox 446 3681 805 3737">
     <span class='ocr_line' id='line_1_69' title="bbox 446 3681 805 3737; baseline 0 0"><span class='ocrx_word' id='word_1_502' title='bbox 446 3681 665 3737; x_wconf 65' lang='lat' dir='ltr'><strong>Iacens.</strong></span> <span class='ocrx_word' id='word_1_503' title='bbox 802 3734 805 3737; x_wconf 89' lang='lat'><strong>.</strong></span> 
     </span>
    </p>
   </div>
   <div class='ocr_carea' id='block_1_69' title="bbox 523 3742 2041 3823">
    <p class='ocr_par' dir='ltr' id='par_1_69' title="bbox 523 3742 2041 3823">
     <span class='ocr_line' id='line_1_70' title="bbox 523 3742 2041 3823; baseline -0.002 -17"><span class='ocrx_word' id='word_1_504' title='bbox 523 3752 634 3823; x_wconf 82' lang='lat'><strong>(68)</strong></span> <span class='ocrx_word' id='word_1_505' title='bbox 660 3748 771 3823; x_wconf 60' lang='lat' dir='ltr'><strong>Rer</strong></span> <span class='ocrx_word' id='word_1_506' title='bbox 794 3763 966 3823; x_wconf 83' lang='lat' dir='ltr'><strong>omnes</strong></span> <span class='ocrx_word' id='word_1_507' title='bbox 998 3748 1252 3823; x_wconf 77' lang='lat' dir='ltr'><strong>nundinas</strong></span> <span class='ocrx_word' id='word_1_508' title='bbox 1275 3747 1413 3800; x_wconf 89' lang='lat' dir='ltr'><strong>misit</strong></span> <span class='ocrx_word' id='word_1_509' title='bbox 1438 3742 1901 3823; x_wconf 63' lang='lat' dir='ltr'><strong>Circumcelliones.</strong></span> <span class='ocrx_word' id='word_1_510' title='bbox 1932 3748 2041 3803; x_wconf 85' lang='lat' dir='ltr'><strong>Lo-</strong></span> 
     </span>
    </p>
   </div>
   <div class='ocr_carea' id='block_1_70' title="bbox 450 3819 2039 3890">
    <p class='ocr_par' dir='ltr' id='par_1_70' title="bbox 450 3819 2039 3890">
     <span class='ocr_line' id='line_1_71' title="bbox 450 3819 2039 3890; baseline -0.003 -12"><span class='ocrx_word' id='word_1_511' title='bbox 450 3819 547 3879; x_wconf 83' lang='lat' dir='ltr'><strong>cus</strong></span> <span class='ocrx_word' id='word_1_512' title='bbox 570 3819 640 3876; x_wconf 88' lang='lat' dir='ltr'><strong>ita</strong></span> <span class='ocrx_word' id='word_1_513' title='bbox 684 3820 1086 3890; x_wconf 85' lang='lat' dir='ltr'><strong>distinguendns</strong></span> <span class='ocrx_word' id='word_1_514' title='bbox 1123 3828 1209 3873; x_wconf 88' lang='lat' dir='ltr'><strong>est</strong></span> <span class='ocrx_word' id='word_1_515' title='bbox 1240 3837 1256 3890; x_wconf 64' lang='grc' dir='ltr'>ξ</span> <span class='ocrx_word' id='word_1_516' title='bbox 1285 3833 1539 3890; x_wconf 63' lang='lat' dir='ltr'><strong>pragcones</strong></span> <span class='ocrx_word' id='word_1_517' title='bbox 1570 3834 1659 3889; x_wconf 85' lang='lat' dir='ltr'><strong>per</strong></span> <span class='ocrx_word' id='word_1_518' title='bbox 1682 3820 1853 3890; x_wconf 85' lang='lat' dir='ltr'><strong>vicina</strong></span> <span class='ocrx_word' id='word_1_519' title='bbox 1875 3819 1987 3874; x_wconf 87' lang='lat' dir='ltr'><strong>loca</strong></span> <span class='ocrx_word' id='word_1_520' title='bbox 2018 3838 2039 3884; x_wconf 77' lang='grc'><strong>,-</strong></span> 
     </span>
    </p>
   </div>
   <div class='ocr_carea' id='block_1_71' title="bbox 450 3888 2041 3962">
    <p class='ocr_par' dir='ltr' id='par_1_71' title="bbox 450 3888 2041 3962">
     <span class='ocr_line' id='line_1_72' title="bbox 450 3888 2041 3962; baseline -0.001 -15"><span class='ocrx_word' id='word_1_521' title='bbox 450 3903 499 3947; x_wconf 88' lang='lat' dir='ltr'><strong>et</strong></span> <span class='ocrx_word' id='word_1_522' title='bbox 533 3910 619 3958; x_wconf 87' lang='lat' dir='ltr'><strong>per</strong></span> <span class='ocrx_word' id='word_1_523' title='bbox 648 3909 817 3946; x_wconf 87' lang='lat' dir='ltr'><strong>omnes</strong></span> <span class='ocrx_word' id='word_1_524' title='bbox 857 3888 1109 3962; x_wconf 81' lang='lat' dir='ltr'><strong>nundinas</strong></span> <span class='ocrx_word' id='word_1_525' title='bbox 1147 3889 1317 3962; x_wconf 75' lang='lat' dir='ltr'><strong>misit,</strong></span> <span class='ocrx_word' id='word_1_526' title='bbox 1349 3888 1793 3962; x_wconf 72' lang='lat' dir='ltr'><strong>CircumCelliones</strong></span> <span class='ocrx_word' id='word_1_527' title='bbox 1823 3889 2041 3962; x_wconf 74' lang='lat' dir='ltr'><strong>Agonis-</strong></span> 
     </span>
    </p>
   </div>
   <div class='ocr_carea' id='block_1_72' title="bbox 452 3959 2038 4029">
    <p class='ocr_par' dir='ltr' id='par_1_72' title="bbox 452 3959 2038 4029">
     <span class='ocr_line' id='line_1_73' title="bbox 452 3959 2038 4029; baseline -0.001 -11"><span class='ocrx_word' id='word_1_528' title='bbox 452 3965 580 4018; x_wconf 89' lang='lat' dir='ltr'><strong>ticos</strong></span> <span class='ocrx_word' id='word_1_529' title='bbox 636 3963 903 4018; x_wconf 80' lang='lat' dir='ltr'><strong>nominans</strong></span> <span class='ocrx_word' id='word_1_530' title='bbox 930 3961 997 4015; x_wconf 85' lang='lat' dir='ltr'><strong>ad</strong></span> <span class='ocrx_word' id='word_1_531' title='bbox 1029 3959 1329 4029; x_wconf 75' lang='lat' dir='ltr'><strong>prwdictum</strong></span> <span class='ocrx_word' id='word_1_532' title='bbox 1348 4002 1362 4026; x_wconf 93' lang='lat'><strong>,</strong></span> <span class='ocrx_word' id='word_1_533' title='bbox 1411 3968 1515 4014; x_wconf 90' lang='lat' dir='ltr'><strong>etc.</strong></span> <span class='ocrx_word' id='word_1_534' title='bbox 1538 3966 1603 4029; x_wconf 81' lang='lat' dir='ltr'><strong>ut</strong></span> <span class='ocrx_word' id='word_1_535' title='bbox 1629 3960 1681 4012; x_wconf 92' lang='lat' dir='ltr'><strong>in</strong></span> <span class='ocrx_word' id='word_1_536' title='bbox 1708 3959 2038 4017; x_wconf 54' lang='lat' dir='ltr'><strong>Cochl&#39;eana.</strong></span> 
     </span>
    </p>
   </div>
   <div class='ocr_carea' id='block_1_73' title="bbox 1533 4028 1858 4085">
    <p class='ocr_par' dir='ltr' id='par_1_73' title="bbox 1533 4028 1858 4085">
     <span class='ocr_line' id='line_1_74' title="bbox 1533 4028 1858 4085; baseline 0.003 -2"><span class='ocrx_word' id='word_1_537' title='bbox 1533 4028 1601 4083; x_wconf 81' lang='grc' dir='ltr'>Μ.</span> <span class='ocrx_word' id='word_1_538' title='bbox 1635 4030 1858 4085; x_wconf 57' lang='lat' dir='ltr'><strong>Caseus.</strong></span> 
     </span>
    </p>
   </div>
   <div class='ocr_carea' id='block_1_74' title="bbox 524 4100 2039 4230">
    <p class='ocr_par' dir='ltr' id='par_1_74' title="bbox 524 4100 2039 4230">
     <span class='ocr_line' id='line_1_75' title="bbox 524 4100 2039 4230; baseline -0.001 -69"><span class='ocrx_word' id='word_1_539' title='bbox 524 4104 640 4230; x_wconf 72' lang='grc'>(69)</span> <span class='ocrx_word' id='word_1_540' title='bbox 666 4102 1125 4160; x_wconf 82' lang='lat' dir='ltr'><strong>Circumcelliones.</strong></span> <span class='ocrx_word' id='word_1_541' title='bbox 1165 4101 1241 4155; x_wconf 91' lang='lat' dir='ltr'><strong>De</strong></span> <span class='ocrx_word' id='word_1_542' title='bbox 1287 4101 1402 4155; x_wconf 89' lang='lat' dir='ltr'><strong>istis</strong></span> <span class='ocrx_word' id='word_1_543' title='bbox 1452 4100 1701 4170; x_wconf 83' lang='lat' dir='ltr'><strong>frequens</strong></span> <span class='ocrx_word' id='word_1_544' title='bbox 1726 4111 1807 4156; x_wconf 89' lang='lat' dir='ltr'><strong>est</strong></span> <span class='ocrx_word' id='word_1_545' title='bbox 1839 4104 2039 4159; x_wconf 90' lang='lat' dir='ltr'><strong>mentio</strong></span> 
     </span>
     <span class='ocr_line' id='line_1_76' title="bbox 554 4174 1222 4230; baseline -0.007 0"><span class='ocrx_word' id='word_1_546' title='bbox 554 4191 637 4230; x_wconf 79' lang='lat' dir='ltr'><strong>ioc</strong></span> <span class='ocrx_word' id='word_1_547' title='bbox 658 4174 963 4230; x_wconf 89' lang='lat' dir='ltr'><strong>schismate.</strong></span> <span class='ocrx_word' id='word_1_548' title='bbox 998 4176 1222 4227; x_wconf 62' lang='lat' dir='ltr'><strong>Amas».</strong></span> 
     </span>
    </p>
   </div>
   <div class='ocr_carea' id='block_1_75' title="bbox 457 4174 1222 4233">
    <p class='ocr_par' dir='ltr' id='par_1_75' title="bbox 457 4174 1222 4233">
     <span class='ocr_line' id='line_1_77' title="bbox 457 4174 1222 4233; baseline -0.009 -1"><span class='ocrx_word' id='word_1_549' title='bbox 457 4178 512 4233; x_wconf 91' lang='lat' dir='ltr'><strong>in</strong></span> <span class='ocrx_word' id='word_1_550' title='bbox 534 4174 637 4230; x_wconf 85' lang='lat' dir='ltr'><strong>hoc</strong></span> <span class='ocrx_word' id='word_1_551' title='bbox 658 4174 963 4230; x_wconf 89' lang='lat' dir='ltr'><strong>schismate.</strong></span> <span class='ocrx_word' id='word_1_552' title='bbox 998 4176 1222 4227; x_wconf 62' lang='lat' dir='ltr'><strong>Amas».</strong></span> 
     </span>
    </p>
   </div>
   <div class='ocr_carea' id='block_1_76' title="bbox 529 4242 2038 4320">
    <p class='ocr_par' dir='ltr' id='par_1_76' title="bbox 529 4242 2038 4320">
     <span class='ocr_line' id='line_1_78' title="bbox 529 4242 2038 4320; baseline -0.004 -15"><span class='ocrx_word' id='word_1_553' title='bbox 529 4245 643 4320; x_wconf 85' lang='grc'>(70)</span> <span class='ocrx_word' id='word_1_554' title='bbox 674 4244 1133 4320; x_wconf 74' lang='lat' dir='ltr'><strong>Circumcelliones.</strong></span> <span class='ocrx_word' id='word_1_555' title='bbox 1156 4242 1335 4320; x_wconf 82' lang='lat' dir='ltr'><strong>_Hnjn_s</strong></span> <span class='ocrx_word' id='word_1_556' title='bbox 1353 4242 1504 4320; x_wconf 79' lang='lat' dir='ltr'><strong>vocis</strong></span> <span class='ocrx_word' id='word_1_557' title='bbox 1525 4243 1911 4320; x_wconf 68' lang='lat' dir='ltr'><strong>etymologiam</strong></span> <span class='ocrx_word' id='word_1_558' title='bbox 1930 4253 2038 4299; x_wconf 85' lang='lat' dir='ltr'><strong>tra-</strong></span> 
     </span>
    </p>
   </div>
   <div class='ocr_carea' id='block_1_77' title="bbox 458 4314 2038 4387">
    <p class='ocr_par' dir='ltr' id='par_1_77' title="bbox 458 4314 2038 4387">
     <span class='ocr_line' id='line_1_79' title="bbox 458 4314 2038 4387; baseline -0.002 -14"><span class='ocrx_word' id='word_1_559' title='bbox 458 4314 887 4387; x_wconf 64' lang='lat' dir='ltr'><strong>dit&#39;AuguStinus</strong></span> <span class='ocrx_word' id='word_1_560' title='bbox 912 4317 1099 4371; x_wconf 81' lang='lat' dir='ltr'><strong>siccos</strong></span> <span class='ocrx_word' id='word_1_561' title='bbox 1140 4314 1451 4387; x_wconf 76' lang='lat' dir='ltr'><strong>describens</strong></span> <span class='ocrx_word' id='word_1_562' title='bbox 1492 4314 1529 4387; x_wconf 83' lang='lat' dir='ltr'><strong>l.</strong></span> <span class='ocrx_word' id='word_1_563' title='bbox 1564 4330 1581 4367; x_wconf 87' lang='grc' dir='ltr'><strong>ι</strong></span> <span class='ocrx_word' id='word_1_564' title='bbox 1625 4324 1813 4387; x_wconf 85' lang='lat' dir='ltr'><strong>contra</strong></span> <span class='ocrx_word' id='word_1_565' title='bbox 1872 4316 2038 4370; x_wconf 84' lang='lat' dir='ltr'><strong>Cres-</strong></span> 
     </span>
    </p>
   </div>
   <div class='ocr_carea' id='block_1_78' title="bbox 455 4385 2041 4453">
    <p class='ocr_par' dir='ltr' id='par_1_78' title="bbox 455 4385 2041 4453">
     <span class='ocr_line' id='line_1_80' title="bbox 455 4385 2041 4453; baseline -0.004 -8"><span class='ocrx_word' id='word_1_566' title='bbox 455 4385 670 4445; x_wconf 79' lang='lat' dir='ltr'><strong>coniuni</strong></span> <span class='ocrx_word' id='word_1_567' title='bbox 696 4403 743 4441; x_wconf 94' lang='lat' dir='ltr'><strong>c.</strong></span> <span class='ocrx_word' id='word_1_568' title='bbox 791 4388 885 4449; x_wconf 76' lang='lat'><strong>‘28,</strong></span> <span class='ocrx_word' id='word_1_569' title='bbox 919 4387 999 4440; x_wconf 90' lang='lat' dir='ltr'><strong>his</strong></span> <span class='ocrx_word' id='word_1_570' title='bbox 1022 4387 1195 4440; x_wconf 82' lang='lat' dir='ltr'><strong>verbis</strong></span> <span class='ocrx_word' id='word_1_571' title='bbox 1228 4400 1251 4438; x_wconf 85' lang='lat'><strong>:&#39;</strong></span> <span class='ocrx_word' id='word_1_572' title='bbox 1277 4385 1402 4449; x_wconf 85' lang='lat' dir='ltr'><strong>Quis</strong></span> <span class='ocrx_word' id='word_1_573' title='bbox 1422 4385 1555 4438; x_wconf 87' lang='lat' dir='ltr'><strong>enim</strong></span> <span class='ocrx_word' id='word_1_574' title='bbox 1581 4386 1739 4439; x_wconf 83' lang='lat' dir='ltr'><strong>nescit</strong></span> <span class='ocrx_word' id='word_1_575' title='bbox 1760 4386 1853 4439; x_wconf 86' lang='lat' dir='ltr'><strong>hoc</strong></span> <span class='ocrx_word' id='word_1_576' title='bbox 1882 4403 2041 4453; x_wconf 83' lang='lat' dir='ltr'><strong>genus</strong></span> 
     </span>
    </p>
   </div>
   <div class='ocr_carea' id='block_1_79' title="bbox 460 4456 2039 4527">
    <p class='ocr_par' dir='ltr' id='par_1_79' title="bbox 460 4456 2039 4527">
     <span class='ocr_line' id='line_1_81' title="bbox 460 4456 2039 4527; baseline -0.001 -16"><span class='ocrx_word' id='word_1_577' title='bbox 460 4460 718 4527; x_wconf 84' lang='lat' dir='ltr'><strong>hominum</strong></span> <span class='ocrx_word' id='word_1_578' title='bbox 737 4459 791 4509; x_wconf 89' lang='lat' dir='ltr'><strong>in</strong></span> <span class='ocrx_word' id='word_1_579' title='bbox 819 4457 1081 4510; x_wconf 83' lang='lat' dir='ltr'><strong>horrendis</strong></span> <span class='ocrx_word' id='word_1_580' title='bbox 1110 4456 1415 4527; x_wconf 65' lang='lat' dir='ltr'><strong>facinoribus</strong></span> <span class='ocrx_word' id='word_1_581' title='bbox 1446 4456 1724 4525; x_wconf 85' lang='lat' dir='ltr'><strong>inquietum</strong></span> <span class='ocrx_word' id='word_1_582' title='bbox 1750 4496 1764 4521; x_wconf 93' lang='lat'><strong>,</strong></span> <span class='ocrx_word' id='word_1_583' title='bbox 1808 4457 1871 4510; x_wconf 79' lang='lat' dir='ltr'><strong>ab</strong></span> <span class='ocrx_word' id='word_1_584' title='bbox 1899 4458 2039 4511; x_wconf 87' lang='lat' dir='ltr'><strong>utili-</strong></span> 
     </span>
    </p>
   </div>
   <div class='ocr_carea' id='block_1_80' title="bbox 461 4525 2039 4597">
    <p class='ocr_par' dir='ltr' id='par_1_80' title="bbox 461 4525 2039 4597">
     <span class='ocr_line' id='line_1_82' title="bbox 461 4525 2039 4597; baseline 0.001 -15"><span class='ocrx_word' id='word_1_585' title='bbox 461 4530 553 4582; x_wconf 84' lang='lat' dir='ltr'><strong>bus</strong></span> <span class='ocrx_word' id='word_1_586' title='bbox 603 4525 857 4597; x_wconf 81' lang='lat' dir='ltr'><strong>aperibus</strong></span> <span class='ocrx_word' id='word_1_587' title='bbox 892 4525 1144 4589; x_wconf 66' lang='lat' dir='ltr'><strong>otiosum,</strong></span> <span class='ocrx_word' id='word_1_588' title='bbox 1192 4525 1611 4597; x_wconf 78' lang='lat' dir='ltr'><strong>crudelissimum</strong></span> <span class='ocrx_word' id='word_1_589' title='bbox 1681 4528 1733 4579; x_wconf 87' lang='lat' dir='ltr'><strong>in</strong></span> <span class='ocrx_word' id='word_1_590' title='bbox 1795 4528 2039 4583; x_wconf 74' lang='lat' dir='ltr'><strong>mortibus</strong></span> 
     </span>
    </p>
   </div>
   <div class='ocr_carea' id='block_1_81' title="bbox 461 4595 2039 4666">
    <p class='ocr_par' dir='ltr' id='par_1_81' title="bbox 461 4595 2039 4666">
     <span class='ocr_line' id='line_1_83' title="bbox 461 4595 2039 4666; baseline 0.001 -14"><span class='ocrx_word' id='word_1_591' title='bbox 461 4595 673 4663; x_wconf 80' lang='lat' dir='ltr'><strong>alienis,</strong></span> <span class='ocrx_word' id='word_1_592' title='bbox 708 4596 1000 4649; x_wconf 77' lang='lat' dir='ltr'><strong>vilissimum</strong></span> <span class='ocrx_word' id='word_1_593' title='bbox 1046 4598 1099 4666; x_wconf 80' lang='lat' dir='ltr'><strong>in</strong></span> <span class='ocrx_word' id='word_1_594' title='bbox 1125 4596 1227 4648; x_wconf 83' lang='lat' dir='ltr'><strong>suis</strong></span> <span class='ocrx_word' id='word_1_595' title='bbox 1254 4637 1267 4659; x_wconf 87' lang='lat'><strong>,</strong></span> <span class='ocrx_word' id='word_1_596' title='bbox 1297 4595 1513 4649; x_wconf 72' lang='lat' dir='ltr'><strong>maxime</strong></span> <span class='ocrx_word' id='word_1_597' title='bbox 1538 4598 1590 4649; x_wconf 87' lang='lat' dir='ltr'><strong>in</strong></span> <span class='ocrx_word' id='word_1_598' title='bbox 1640 4600 1774 4666; x_wconf 83' lang='lat' dir='ltr'><strong>agris</strong></span> <span class='ocrx_word' id='word_1_599' title='bbox 1804 4601 2039 4653; x_wconf 81' lang='lat' dir='ltr'><strong>territans</strong></span> 
     </span>
    </p>
   </div>
   <div class='ocr_carea' id='block_1_82' title="bbox 446 4664 2047 4731">
    <p class='ocr_par' dir='ltr' id='par_1_82' title="bbox 446 4664 2047 4731">
     <span class='ocr_line' id='line_1_84' title="bbox 446 4664 2047 4731; baseline -0.001 -7"><span class='ocrx_word' id='word_1_600' title='bbox 446 4680 507 4724; x_wconf 71' lang='lat' dir='ltr'><strong>.et</strong></span> <span class='ocrx_word' id='word_1_601' title='bbox 538 4672 695 4723; x_wconf 83' lang='lat' dir='ltr'><strong>victus</strong></span> <span class='ocrx_word' id='word_1_602' title='bbox 723 4668 802 4719; x_wconf 87' lang='lat' dir='ltr'><strong>sui</strong></span> <span class='ocrx_word' id='word_1_603' title='bbox 825 4682 980 4719; x_wconf 84' lang='lat' dir='ltr'><strong>causa</strong></span> <span class='ocrx_word' id='word_1_604' title='bbox 1002 4664 1157 4718; x_wconf 84' lang='lat' dir='ltr'><strong>cellas</strong></span> <span class='ocrx_word' id='word_1_605' title='bbox 1196 4666 1492 4717; x_wconf 84' lang='lat' dir='ltr'><strong>circumiens</strong></span> <span class='ocrx_word' id='word_1_606' title='bbox 1536 4664 1817 4721; x_wconf 74' lang='lat' dir='ltr'><strong>rusticanus</strong></span> <span class='ocrx_word' id='word_1_607' title='bbox 1842 4710 1856 4731; x_wconf 82' lang='lat'><strong>,</strong></span> <span class='ocrx_word' id='word_1_608' title='bbox 1910 4669 2047 4723; x_wconf 84' lang='lat' dir='ltr'><strong>unde</strong></span> 
     </span>
    </p>
   </div>
   <div class='ocr_carea' id='block_1_83' title="bbox 464 4735 2046 4801">
    <p class='ocr_par' dir='ltr' id='par_1_83' title="bbox 464 4735 2046 4801">
     <span class='ocr_line' id='line_1_85' title="bbox 464 4735 2046 4801; baseline -0.003 -7"><span class='ocrx_word' id='word_1_609' title='bbox 464 4750 512 4794; x_wconf 90' lang='lat' dir='ltr'><strong>et</strong></span> <span class='ocrx_word' id='word_1_610' title='bbox 556 4736 1018 4794; x_wconf 85' lang='lat' dir='ltr'><strong>circumcellionum</strong></span> <span class='ocrx_word' id='word_1_611' title='bbox 1071 4750 1254 4788; x_wconf 85' lang='lat' dir='ltr'><strong>nomen</strong></span> <span class='ocrx_word' id='word_1_612' title='bbox 1308 4735 1531 4801; x_wconf 82' lang='lat' dir='ltr'><strong>occepit,</strong></span> <span class='ocrx_word' id='word_1_613' title='bbox 1574 4738 1802 4789; x_wconf 84' lang='lat' dir='ltr'><strong>universo</strong></span> <span class='ocrx_word' id='word_1_614' title='bbox 1854 4742 2046 4790; x_wconf 86' lang='lat' dir='ltr'><strong>munth</strong></span> 
     </span>
    </p>
   </div>
   <div class='ocr_carea' id='block_1_84' title="bbox 463 4803 1976 4927">
    <p class='ocr_par' dir='ltr' id='par_1_84' title="bbox 463 4803 1976 4927">
     <span class='ocr_line' id='line_1_86' title="bbox 463 4803 1976 4927; baseline -0.003 -64"><span class='ocrx_word' id='word_1_615' title='bbox 463 4826 589 4881; x_wconf 82' lang='lat' dir='ltr'><strong>pene</strong></span> <span class='ocrx_word' id='word_1_616' title='bbox 632 4808 1061 4880; x_wconf 81' lang='lat' dir='ltr'><strong>famosissimum,</strong></span> <span class='ocrx_word' id='word_1_617' title='bbox 1107 4803 1336 4874; x_wconf 79' lang='lat' dir='ltr'><strong>Africani</strong></span> <span class='ocrx_word' id='word_1_618' title='bbox 1380 4805 1563 4856; x_wconf 87' lang='lat' dir='ltr'><strong>erroris</strong></span> <span class='ocrx_word' id='word_1_619' title='bbox 1614 4806 1976 4927; x_wconf 55' lang='grc' dir='ltr'><strong>ὖρρῖξοὺνξωιιῖ</strong></span> 
     </span>
     <span class='ocr_line' id='line_1_87' title="bbox 1659 4889 1837 4927; baseline 0 0"><span class='ocrx_word' id='word_1_620' title='bbox 1659 4889 1692 4927; x_wconf 83' lang='grc' dir='ltr'>υ</span> <span class='ocrx_word' id='word_1_621' title='bbox 1767 4890 1837 4927; x_wconf 67' lang='grc' dir='ltr'>ιιι.</span> 
     </span>
    </p>
   </div>
   <div class='ocr_carea' id='block_1_85' title="bbox 1659 4889 1837 4928">
    <p class='ocr_par' dir='ltr' id='par_1_85' title="bbox 1659 4889 1837 4928">
     <span class='ocr_line' id='line_1_88' title="bbox 1659 4889 1837 4928; baseline 0.006 -1"><span class='ocrx_word' id='word_1_622' title='bbox 1659 4889 1692 4927; x_wconf 84' lang='lat' dir='ltr'><strong>U</strong></span> <span class='ocrx_word' id='word_1_623' title='bbox 1723 4889 1837 4928; x_wconf 73' lang='lat' dir='ltr'><strong>PIN.</strong></span> 
     </span>
    </p>
   </div>
   <div class='ocr_carea' id='block_1_86' title="bbox 534 4927 2063 5023">
    <p class='ocr_par' dir='ltr' id='par_1_86' title="bbox 534 4927 2063 5023">
     <span class='ocr_line' id='line_1_89' title="bbox 534 4927 2063 5023; baseline -0.003 -17"><span class='ocrx_word' id='word_1_624' title='bbox 534 4949 653 5023; x_wconf 80' lang='lat' dir='ltr'><strong>(7t)</strong></span> <span class='ocrx_word' id='word_1_625' title='bbox 684 4949 1020 5023; x_wconf 64' lang='lat' dir='ltr'><strong>Agonisticos.</strong></span> <span class='ocrx_word' id='word_1_626' title='bbox 1035 4944 1202 5023; x_wconf 86' lang='lat' dir='ltr'><strong>_Quod</strong></span> <span class='ocrx_word' id='word_1_627' title='bbox 1227 4953 1523 5015; x_wconf 86' lang='lat' dir='ltr'><strong>pugnarent</strong></span> <span class='ocrx_word' id='word_1_628' title='bbox 1552 4927 1812 4999; x_wconf 86' lang='lat' dir='ltr'><strong>adversus</strong></span> <span class='ocrx_word' id='word_1_629' title='bbox 1840 4958 1933 5000; x_wconf 90' lang='lat' dir='ltr'><strong>eos</strong></span> <span class='ocrx_word' id='word_1_630' title='bbox 1962 4927 2063 5014; x_wconf 80' lang='lat' dir='ltr'><strong>qui</strong></span> 
     </span>
    </p>
   </div>
   <div class='ocr_carea' id='block_1_87' title="bbox 464 5018 1795 5094">
    <p class='ocr_par' dir='ltr' id='par_1_87' title="bbox 464 5018 1795 5094">
     <span class='ocr_line' id='line_1_90' title="bbox 464 5018 1795 5094; baseline -0.011 -15"><span class='ocrx_word' id='word_1_631' title='bbox 464 5018 560 5079; x_wconf 77' lang='lat' dir='ltr'><strong>sua</strong></span> <span class='ocrx_word' id='word_1_632' title='bbox 590 5018 895 5094; x_wconf 80' lang='lat' dir='ltr'><strong>tuebantur.</strong></span> <span class='ocrx_word' id='word_1_633' title='bbox 929 5020 1007 5073; x_wconf 87' lang='lat' dir='ltr'><strong>Du</strong></span> <span class='ocrx_word' id='word_1_634' title='bbox 1035 5018 1150 5071; x_wconf 78' lang='lat' dir='ltr'><strong>PIN.</strong></span> <span class='ocrx_word' id='word_1_635' title='bbox 1366 5085 1371 5091; x_wconf 29' lang='grc' dir='ltr'>η</span> <span class='ocrx_word' id='word_1_636' title='bbox 1790 5066 1795 5075; x_wconf 68' lang='grc'><em>,</em></span> 
     </span>
    </p>
   </div>
   <div class='ocr_carea' id='block_1_88' title="bbox 537 5105 2041 5183">
    <p class='ocr_par' dir='ltr' id='par_1_88' title="bbox 537 5105 2041 5183">
     <span class='ocr_line' id='line_1_91' title="bbox 537 5105 2041 5183; baseline -0.005 -16"><span class='ocrx_word' id='word_1_637' title='bbox 537 5113 653 5183; x_wconf 70' lang='grc'>(72)</span> <span class='ocrx_word' id='word_1_638' title='bbox 692 5110 971 5183; x_wconf 76' lang='lat' dir='ltr'><strong>Dementia.</strong></span> <span class='ocrx_word' id='word_1_639' title='bbox 1024 5108 1162 5183; x_wconf 66' lang='lat' dir='ltr'><strong>Quia</strong></span> <span class='ocrx_word' id='word_1_640' title='bbox 1195 5106 1443 5183; x_wconf 77' lang='lat' dir='ltr'><strong>immania</strong></span> <span class='ocrx_word' id='word_1_641' title='bbox 1499 5105 1676 5183; x_wconf 67' lang='lat' dir='ltr'><strong>multa</strong></span> <span class='ocrx_word' id='word_1_642' title='bbox 1706 5115 1761 5183; x_wconf 79' lang='lat' dir='ltr'><strong>et</strong></span> <span class='ocrx_word' id='word_1_643' title='bbox 1807 5106 2041 5161; x_wconf 87' lang='lat' dir='ltr'><strong>inaudita</strong></span> 
     </span>
    </p>
   </div>
   <div class='ocr_carea' id='block_1_89' title="bbox 460 5177 2080 5254">
    <p class='ocr_par' dir='ltr' id='par_1_89' title="bbox 460 5177 2080 5254">
     <span class='ocr_line' id='line_1_92' title="bbox 460 5177 2080 5254; baseline -0.005 -16"><span class='ocrx_word' id='word_1_644' title='bbox 460 5177 842 5254; x_wconf 82' lang='lat' dir='ltr'><strong>perpetrartlnt</strong></span> <span class='ocrx_word' id='word_1_645' title='bbox 883 5180 966 5233; x_wconf 83' lang='lat' dir='ltr'><strong>isti</strong></span> <span class='ocrx_word' id='word_1_646' title='bbox 1012 5178 1515 5254; x_wconf 75' lang='lat' dir='ltr'><strong>Circumcelliones,</strong></span> <span class='ocrx_word' id='word_1_647' title='bbox 1563 5177 1827 5254; x_wconf 71' lang='lat' dir='ltr'><strong>multique</strong></span> <span class='ocrx_word' id='word_1_648' title='bbox 1857 5193 2080 5232; x_wconf 48' lang='lat' dir='ltr'><strong>eorum.</strong></span> 
     </span>
    </p>
   </div>
   <div class='ocr_carea' id='block_1_90' title="bbox 464 5249 2045 5322">
    <p class='ocr_par' dir='ltr' id='par_1_90' title="bbox 464 5249 2045 5322">
     <span class='ocr_line' id='line_1_93' title="bbox 464 5249 2045 5322; baseline -0.004 -12"><span class='ocrx_word' id='word_1_649' title='bbox 464 5249 585 5310; x_wconf 77' lang='lat' dir='ltr'><strong>sese</strong></span> <span class='ocrx_word' id='word_1_650' title='bbox 632 5253 1097 5322; x_wconf 65' lang='lat' dir='ltr'><strong>praecipitaverunt</strong></span> <span class='ocrx_word' id='word_1_651' title='bbox 1142 5257 1199 5301; x_wconf 92' lang='lat' dir='ltr'><strong>ut</strong></span> <span class='ocrx_word' id='word_1_652' title='bbox 1240 5249 1477 5317; x_wconf 91' lang='lat' dir='ltr'><strong>martyrii</strong></span> <span class='ocrx_word' id='word_1_653' title='bbox 1525 5249 1748 5317; x_wconf 82' lang='lat' dir='ltr'><strong>gloriam</strong></span> <span class='ocrx_word' id='word_1_654' title='bbox 1791 5263 2045 5318; x_wconf 84' lang='lat' dir='ltr'><strong>asseque-</strong></span> 
     </span>
    </p>
   </div>
   <div class='ocr_carea' id='block_1_91' title="bbox 463 5321 1032 5380">
    <p class='ocr_par' dir='ltr' id='par_1_91' title="bbox 463 5321 1032 5380">
     <span class='ocr_line' id='line_1_94' title="bbox 463 5321 1032 5380; baseline -0.016 0"><span class='ocrx_word' id='word_1_655' title='bbox 463 5321 668 5380; x_wconf 78' lang='lat' dir='ltr'><strong>rentnt‘.</strong></span> <span class='ocrx_word' id='word_1_656' title='bbox 703 5325 770 5377; x_wconf 82' lang='grc' dir='ltr'>Μ.</span> <span class='ocrx_word' id='word_1_657' title='bbox 803 5321 1032 5376; x_wconf 77' lang='lat' dir='ltr'><strong>CASAUB.</strong></span> 
     </span>
    </p>
   </div>
   <div class='ocr_carea' id='block_1_92' title="bbox 539 5388 2041 5465">
    <p class='ocr_par' dir='ltr' id='par_1_92' title="bbox 539 5388 2041 5465">
     <span class='ocr_line' id='line_1_95' title="bbox 539 5388 2041 5465; baseline -0.003 -19"><span class='ocrx_word' id='word_1_658' title='bbox 539 5396 650 5465; x_wconf 82' lang='grc'>(75)</span> <span class='ocrx_word' id='word_1_659' title='bbox 678 5396 803 5447; x_wconf 88' lang='lat' dir='ltr'><strong>Ante</strong></span> <span class='ocrx_word' id='word_1_660' title='bbox 829 5394 1090 5465; x_wconf 78' lang='lat' dir='ltr'><strong>unitatem.</strong></span> <span class='ocrx_word' id='word_1_661' title='bbox 1124 5388 1714 5465; x_wconf 32' lang='lat' dir='ltr'><strong>AnthuantﬁMacarins</strong></span> <span class='ocrx_word' id='word_1_662' title='bbox 1741 5389 1807 5465; x_wconf 82' lang='lat' dir='ltr'><strong>ad</strong></span> <span class='ocrx_word' id='word_1_663' title='bbox 1863 5389 2041 5465; x_wconf 84' lang='lat' dir='ltr'><strong>unita-</strong></span> 
     </span>
    </p>
   </div>
   <div class='ocr_carea' id='block_1_93' title="bbox 463 5458 2042 5535">
    <p class='ocr_par' dir='ltr' id='par_1_93' title="bbox 463 5458 2042 5535">
     <span class='ocr_line' id='line_1_96' title="bbox 463 5458 2042 5535; baseline -0.004 -17"><span class='ocrx_word' id='word_1_664' title='bbox 463 5458 571 5535; x_wconf 81' lang='lat' dir='ltr'><strong>tem</strong></span> <span class='ocrx_word' id='word_1_665' title='bbox 603 5458 816 5535; x_wconf 74' lang='lat' dir='ltr'><strong>cogeret</strong></span> <span class='ocrx_word' id='word_1_666' title='bbox 844 5461 1181 5535; x_wconf 69' lang='lat' dir='ltr'><strong>Donatistas;</strong></span> <span class='ocrx_word' id='word_1_667' title='bbox 1207 5461 1315 5527; x_wconf 87' lang='lat' dir='ltr'><strong>jam</strong></span> <span class='ocrx_word' id='word_1_668' title='bbox 1347 5476 1384 5535; x_wconf 80' lang='lat' dir='ltr'><strong>_a</strong></span> <span class='ocrx_word' id='word_1_669' title='bbox 1418 5458 1753 5535; x_wconf 51' lang='lat' dir='ltr'><strong>Constantini</strong></span> <span class='ocrx_word' id='word_1_670' title='bbox 1786 5461 2042 5530; x_wconf 83' lang='lat' dir='ltr'><strong>tempori-</strong></span> 
     </span>
    </p>
   </div>
   <div class='ocr_carea' id='block_1_94' title="bbox 465 5529 1565 5588">
    <p class='ocr_par' dir='ltr' id='par_1_94' title="bbox 465 5529 1565 5588">
     <span class='ocr_line' id='line_1_97' title="bbox 465 5529 1565 5588; baseline -0.005 -1"><span class='ocrx_word' id='word_1_671' title='bbox 465 5534 561 5587; x_wconf 86' lang='lat' dir='ltr'><strong>bus</strong></span> <span class='ocrx_word' id='word_1_672' title='bbox 591 5529 796 5588; x_wconf 59' lang='lat' dir='ltr'><strong>luei‘ant</strong></span> <span class='ocrx_word' id='word_1_673' title='bbox 817 5532 1312 5586; x_wconf 85' lang='lat' dir='ltr'><strong>Circumcelliones.</strong></span> <span class='ocrx_word' id='word_1_674' title='bbox 1347 5529 1423 5583; x_wconf 90' lang='lat' dir='ltr'><strong>Du</strong></span> <span class='ocrx_word' id='word_1_675' title='bbox 1454 5532 1565 5582; x_wconf 74' lang='lat' dir='ltr'><strong>l’ttv.</strong></span> 
     </span>
    </p>
   </div>
   <div class='ocr_carea' id='block_1_95' title="bbox 537 5599 2039 5675">
    <p class='ocr_par' dir='ltr' id='par_1_95' title="bbox 537 5599 2039 5675">
     <span class='ocr_line' id='line_1_98' title="bbox 537 5599 2039 5675; baseline -0.001 -19"><span class='ocrx_word' id='word_1_676' title='bbox 537 5606 647 5675; x_wconf 70' lang='lat' dir='ltr'><strong>(7t)</strong></span> <span class='ocrx_word' id='word_1_677' title='bbox 680 5605 845 5658; x_wconf 65' lang='lat' dir='ltr'><strong>Axilla</strong></span> <span class='ocrx_word' id='word_1_678' title='bbox 885 5616 929 5657; x_wconf 88' lang='lat' dir='ltr'><strong>et</strong></span> <span class='ocrx_word' id='word_1_679' title='bbox 972 5600 1143 5655; x_wconf 84' lang='lat' dir='ltr'><strong>Fasir.</strong></span> <span class='ocrx_word' id='word_1_680' title='bbox 1202 5602 1373 5655; x_wconf 88' lang='lat' dir='ltr'><strong>Duces</strong></span> <span class='ocrx_word' id='word_1_681' title='bbox 1416 5599 1918 5655; x_wconf 84' lang='lat' dir='ltr'><strong>Circumcellionum</strong></span> <span class='ocrx_word' id='word_1_682' title='bbox 1970 5600 2039 5654; x_wconf 86' lang='lat' dir='ltr'><strong>ita</strong></span> 
     </span>
    </p>
   </div>
   <div class='ocr_carea' id='block_1_96' title="bbox 469 5674 1715 5728">
    <p class='ocr_par' dir='ltr' id='par_1_96' title="bbox 469 5674 1715 5728">
     <span class='ocr_line' id='line_1_99' title="bbox 469 5674 1715 5728; baseline 0.003 -3"><span class='ocrx_word' id='word_1_683' title='bbox 469 5676 741 5727; x_wconf 87' lang='lat' dir='ltr'><strong>nominati.</strong></span> <span class='ocrx_word' id='word_1_684' title='bbox 774 5678 845 5728; x_wconf 83' lang='lat' dir='ltr'><strong>UU</strong></span> <span class='ocrx_word' id='word_1_685' title='bbox 870 5674 985 5728; x_wconf 74' lang='lat' dir='ltr'><strong>PIN.</strong></span> <span class='ocrx_word' id='word_1_686' title='bbox 1712 5706 1715 5707; x_wconf 53' lang='grc' dir='ltr'><em>ν</em></span> 
     </span>
    </p>
   </div>
   <div class='ocr_carea' id='block_1_97' title="bbox 536 5741 2038 5811">
    <p class='ocr_par' dir='ltr' id='par_1_97' title="bbox 536 5741 2038 5811">
     <span class='ocr_line' id='line_1_100' title="bbox 536 5741 2038 5811; baseline -0.001 -16"><span class='ocrx_word' id='word_1_687' title='bbox 536 5743 650 5809; x_wconf 78' lang='grc'>(75)</span> <span class='ocrx_word' id='word_1_688' title='bbox 678 5745 737 5797; x_wconf 82' lang='lat' dir='ltr'><strong>Et</strong></span> <span class='ocrx_word' id='word_1_689' title='bbox 762 5745 845 5811; x_wconf 90' lang='lat' dir='ltr'><strong>qui</strong></span> <span class='ocrx_word' id='word_1_690' title='bbox 876 5759 965 5811; x_wconf 82' lang='lat' dir='ltr'><strong>pro</strong></span> <span class='ocrx_word' id='word_1_691' title='bbox 987 5743 1223 5811; x_wconf 76' lang='lat' dir='ltr'><strong>prwstitis</strong></span> <span class='ocrx_word' id='word_1_692' title='bbox 1280 5742 1385 5795; x_wconf 83' lang='lat' dir='ltr'><strong>suis</strong></span> <span class='ocrx_word' id='word_1_693' title='bbox 1432 5741 1639 5811; x_wconf 85' lang='lat' dir='ltr'><strong>rogari,</strong></span> <span class='ocrx_word' id='word_1_694' title='bbox 1670 5751 1775 5795; x_wconf 88' lang='lat' dir='ltr'><strong>etc.</strong></span> <span class='ocrx_word' id='word_1_695' title='bbox 1822 5741 1913 5793; x_wconf 81' lang='lat' dir='ltr'><strong>Vel</strong></span> <span class='ocrx_word' id='word_1_696' title='bbox 1944 5757 2038 5810; x_wconf 91' lang='lat' dir='ltr'><strong>pro</strong></span> 
     </span>
    </p>
   </div>
   <div class='ocr_carea' id='block_1_98' title="bbox 464 5811 2039 5882">
    <p class='ocr_par' dir='ltr' id='par_1_98' title="bbox 464 5811 2039 5882">
     <span class='ocr_line' id='line_1_101' title="bbox 464 5811 2039 5882; baseline -0.001 -15"><span class='ocrx_word' id='word_1_697' title='bbox 464 5823 510 5867; x_wconf 78' lang='lat' dir='ltr'><strong>ct</strong></span> <span class='ocrx_word' id='word_1_698' title='bbox 550 5813 632 5881; x_wconf 86' lang='lat' dir='ltr'><strong>qui</strong></span> <span class='ocrx_word' id='word_1_699' title='bbox 657 5854 671 5880; x_wconf 92' lang='lat'><strong>,</strong></span> <span class='ocrx_word' id='word_1_700' title='bbox 725 5813 1064 5869; x_wconf 86' lang='lat' dir='ltr'><strong>scribendum</strong></span> <span class='ocrx_word' id='word_1_701' title='bbox 1092 5822 1145 5866; x_wconf 89' lang='lat' dir='ltr'><strong>ut</strong></span> <span class='ocrx_word' id='word_1_702' title='bbox 1185 5812 1307 5882; x_wconf 86' lang='lat' dir='ltr'><strong>qui,</strong></span> <span class='ocrx_word' id='word_1_703' title='bbox 1360 5813 1443 5870; x_wconf 91' lang='lat' dir='ltr'><strong>vel</strong></span> <span class='ocrx_word' id='word_1_704' title='bbox 1484 5828 1607 5870; x_wconf 85' lang='lat' dir='ltr'><strong>mox</strong></span> <span class='ocrx_word' id='word_1_705' title='bbox 1663 5811 2039 5881; x_wconf 83' lang='lat' dir='ltr'><strong>impellerentur</strong></span> 
     </span>
    </p>
   </div>
   <div class='ocr_carea' id='block_1_99' title="bbox 2137 3109 3727 3185">
    <p class='ocr_par' dir='ltr' id='par_1_99' title="bbox 2137 3109 3727 3185">
     <span class='ocr_line' id='line_1_102' title="bbox 2137 3109 3727 3185; baseline -0.001 -18"><span class='ocrx_word' id='word_1_706' title='bbox 2137 3109 2324 3185; x_wconf 77' lang='lat' dir='ltr'><strong>parum</strong></span> <span class='ocrx_word' id='word_1_707' title='bbox 2338 3109 2597 3169; x_wconf 70' lang='lat' dir='ltr'><strong>Numidia:</strong></span> <span class='ocrx_word' id='word_1_708' title='bbox 2609 3116 2688 3169; x_wconf 79' lang='lat' dir='ltr'><strong>e&#39;st</strong></span> <span class='ocrx_word' id='word_1_709' title='bbox 2707 3111 2999 3179; x_wconf 66' lang='lat' dir='ltr'><strong>Octobensis</strong></span> <span class='ocrx_word' id='word_1_710' title='bbox 3011 3127 3102 3167; x_wconf 89' lang='lat' dir='ltr'><strong>seu</strong></span> <span class='ocrx_word' id='word_1_711' title='bbox 3120 3110 3415 3164; x_wconf 75' lang='lat' dir='ltr'><strong>Octavensis</strong></span> <span class='ocrx_word' id='word_1_712' title='bbox 3432 3109 3727 3185; x_wconf 57' lang='lat' dir='ltr'><strong>cpiswpus.</strong></span> 
     </span>
    </p>
   </div>
   <div class='ocr_carea' id='block_1_100' title="bbox 3432 3179 3651 3235">
    <p class='ocr_par' dir='ltr' id='par_1_100' title="bbox 3432 3179 3651 3235">
     <span class='ocr_line' id='line_1_103' title="bbox 3432 3179 3651 3235; baseline 0.014 -3"><span class='ocrx_word' id='word_1_713' title='bbox 3432 3180 3507 3234; x_wconf 78' lang='lat' dir='ltr'><strong>Du</strong></span> <span class='ocrx_word' id='word_1_714' title='bbox 3529 3179 3651 3235; x_wconf 69' lang='lat' dir='ltr'><strong>Piri.</strong></span> 
     </span>
    </p>
   </div>
   <div class='ocr_carea' id='block_1_101' title="bbox 2217 3251 3730 3329">
    <p class='ocr_par' dir='ltr' id='par_1_101' title="bbox 2217 3251 3730 3329">
     <span class='ocr_line' id='line_1_104' title="bbox 2217 3251 3730 3329; baseline -0.001 -20"><span class='ocrx_word' id='word_1_715' title='bbox 2217 3255 2335 3329; x_wconf 80' lang='grc' dir='ltr'>(7ἷ)</span> <span class='ocrx_word' id='word_1_716' title='bbox 2371 3255 2473 3309; x_wconf 87' lang='lat' dir='ltr'><strong>Per</strong></span> <span class='ocrx_word' id='word_1_717' title='bbox 2501 3256 2761 3309; x_wconf 85' lang='lat' dir='ltr'><strong>dealbatas</strong></span> <span class='ocrx_word' id='word_1_718' title='bbox 2791 3272 2926 3310; x_wconf 88' lang='lat' dir='ltr'><strong>aras.</strong></span> <span class='ocrx_word' id='word_1_719' title='bbox 2965 3253 3069 3308; x_wconf 87' lang='lat' dir='ltr'><strong>Per</strong></span> <span class='ocrx_word' id='word_1_720' title='bbox 3095 3251 3371 3307; x_wconf 82' lang='lat' dir='ltr'><strong>dealbatos</strong></span> <span class='ocrx_word' id='word_1_721' title='bbox 3403 3252 3641 3307; x_wconf 86' lang='lat' dir='ltr'><strong>tumulos</strong></span> <span class='ocrx_word' id='word_1_722' title='bbox 3686 3253 3730 3307; x_wconf 89' lang='lat' dir='ltr'><strong>in</strong></span> 
     </span>
    </p>
   </div>
   <div class='ocr_carea' id='block_1_102' title="bbox 2144 3328 3730 3393">
    <p class='ocr_par' dir='ltr' id='par_1_102' title="bbox 2144 3328 3730 3393">
     <span class='ocr_line' id='line_1_105' title="bbox 2144 3328 3730 3393; baseline -0.004 -10"><span class='ocrx_word' id='word_1_723' title='bbox 2144 3328 2255 3383; x_wconf 72' lang='lat' dir='ltr'><strong>arae</strong></span> <span class='ocrx_word' id='word_1_724' title='bbox 2304 3328 2531 3382; x_wconf 82' lang='lat' dir='ltr'><strong>formam</strong></span> <span class='ocrx_word' id='word_1_725' title='bbox 2570 3335 2949 3381; x_wconf 87' lang='lat' dir='ltr'><strong>constructos:</strong></span> <span class='ocrx_word' id='word_1_726' title='bbox 2992 3339 3155 3393; x_wconf 88' lang='lat' dir='ltr'><strong>super</strong></span> <span class='ocrx_word' id='word_1_727' title='bbox 3211 3331 3512 3392; x_wconf 86' lang='lat' dir='ltr'><strong>martyrum</strong></span> <span class='ocrx_word' id='word_1_728' title='bbox 3546 3339 3730 3379; x_wconf 88' lang='lat' dir='ltr'><strong>munu-</strong></span> 
     </span>
    </p>
   </div>
   <div class='ocr_carea' id='block_1_103' title="bbox 2144 3394 3729 3462">
    <p class='ocr_par' dir='ltr' id='par_1_103' title="bbox 2144 3394 3729 3462">
     <span class='ocr_line' id='line_1_106' title="bbox 2144 3394 3729 3462; baseline -0.007 -10"><span class='ocrx_word' id='word_1_729' title='bbox 2144 3399 2341 3453; x_wconf 89' lang='lat' dir='ltr'><strong>mentis</strong></span> <span class='ocrx_word' id='word_1_730' title='bbox 2369 3406 2425 3452; x_wconf 88' lang='lat' dir='ltr'><strong>et</strong></span> <span class='ocrx_word' id='word_1_731' title='bbox 2451 3398 2726 3451; x_wconf 90' lang='lat' dir='ltr'><strong>memoriis</strong></span> <span class='ocrx_word' id='word_1_732' title='bbox 2755 3412 2905 3451; x_wconf 89' lang='lat' dir='ltr'><strong>sacra</strong></span> <span class='ocrx_word' id='word_1_733' title='bbox 2927 3396 3056 3451; x_wconf 89' lang='lat' dir='ltr'><strong>olim</strong></span> <span class='ocrx_word' id='word_1_734' title='bbox 3089 3394 3290 3449; x_wconf 78' lang='lat' dir='ltr'><strong>ﬁebant</strong></span> <span class='ocrx_word' id='word_1_735' title='bbox 3312 3408 3463 3462; x_wconf 71' lang='lat' dir='ltr'><strong>,qure</strong></span> <span class='ocrx_word' id='word_1_736' title='bbox 3491 3404 3548 3447; x_wconf 91' lang='lat' dir='ltr'><strong>ut</strong></span> <span class='ocrx_word' id='word_1_737' title='bbox 3584 3411 3729 3449; x_wconf 78' lang='lat' dir='ltr'><strong>eum.</strong></span> 
     </span>
    </p>
   </div>
   <div class='ocr_carea' id='block_1_104' title="bbox 2144 3463 3728 3537">
    <p class='ocr_par' dir='ltr' id='par_1_104' title="bbox 2144 3463 3728 3537">
     <span class='ocr_line' id='line_1_107' title="bbox 2144 3463 3728 3537; baseline -0.003 -13"><span class='ocrx_word' id='word_1_738' title='bbox 2144 3471 2303 3524; x_wconf 90' lang='lat' dir='ltr'><strong>mode</strong></span> <span class='ocrx_word' id='word_1_739' title='bbox 2352 3477 2577 3537; x_wconf 88' lang='lat' dir='ltr'><strong>possent</strong></span> <span class='ocrx_word' id='word_1_740' title='bbox 2606 3468 2752 3533; x_wconf 84' lang='lat' dir='ltr'><strong>ﬁeri,</strong></span> <span class='ocrx_word' id='word_1_741' title='bbox 2794 3474 3138 3537; x_wconf 83' lang='lat' dir='ltr'><strong>monumenta</strong></span> <span class='ocrx_word' id='word_1_742' title='bbox 3174 3467 3223 3537; x_wconf 78' lang='lat' dir='ltr'><strong>in</strong></span> <span class='ocrx_word' id='word_1_743' title='bbox 3267 3463 3728 3537; x_wconf 28' lang='lat' dir='ltr'><strong>altaris-formam</strong></span> 
     </span>
    </p>
   </div>
   <div class='ocr_carea' id='block_1_105' title="bbox 2144 3534 3730 3609">
    <p class='ocr_par' dir='ltr' id='par_1_105' title="bbox 2144 3534 3730 3609">
     <span class='ocr_line' id='line_1_108' title="bbox 2144 3534 3730 3609; baseline -0.004 -15"><span class='ocrx_word' id='word_1_744' title='bbox 2144 3534 2485 3609; x_wconf 83' lang='lat' dir='ltr'><strong>erigebantur</strong></span> <span class='ocrx_word' id='word_1_745' title='bbox 2506 3556 2519 3593; x_wconf 89' lang='lat'>:</span> <span class='ocrx_word' id='word_1_746' title='bbox 2548 3539 2836 3609; x_wconf 74' lang='lat' dir='ltr'><strong>Donatista:</strong></span> <span class='ocrx_word' id='word_1_747' title='bbox 2857 3537 3019 3609; x_wconf 77' lang='lat' dir='ltr'><strong>igitur</strong></span> <span class='ocrx_word' id='word_1_748' title='bbox 3043 3535 3147 3609; x_wconf 82' lang='lat' dir='ltr'><strong>illis</strong></span> <span class='ocrx_word' id='word_1_749' title='bbox 3167 3534 3730 3609; x_wconf 22' lang='lat' dir='ltr'><strong>C‘ircumcellionibns,</strong></span> 
     </span>
    </p>
   </div>
   <div class='ocr_carea' id='block_1_106' title="bbox 2144 3606 3731 3681">
    <p class='ocr_par' dir='ltr' id='par_1_106' title="bbox 2144 3606 3731 3681">
     <span class='ocr_line' id='line_1_109' title="bbox 2144 3606 3731 3681; baseline -0.002 -18"><span class='ocrx_word' id='word_1_750' title='bbox 2144 3606 2247 3679; x_wconf 76' lang='lat' dir='ltr'><strong>qui</strong></span> <span class='ocrx_word' id='word_1_751' title='bbox 2284 3616 2339 3663; x_wconf 90' lang='lat' dir='ltr'><strong>ct</strong></span> <span class='ocrx_word' id='word_1_752' title='bbox 2369 3611 2419 3662; x_wconf 91' lang='lat' dir='ltr'><strong>in</strong></span> <span class='ocrx_word' id='word_1_753' title='bbox 2454 3609 2543 3664; x_wconf 89' lang='lat' dir='ltr'><strong>illa</strong></span> <span class='ocrx_word' id='word_1_754' title='bbox 2574 3608 2786 3663; x_wconf 77' lang='lat' dir='ltr'><strong>Macarii</strong></span> <span class='ocrx_word' id='word_1_755' title='bbox 2835 3606 3176 3681; x_wconf 17' lang='lat' dir='ltr'><strong>eipedit’ionc</strong></span> <span class='ocrx_word' id='word_1_756' title='bbox 3203 3606 3520 3679; x_wconf 88' lang='lat' dir='ltr'><strong>interierant</strong></span> <span class='ocrx_word' id='word_1_757' title='bbox 3552 3647 3570 3673; x_wconf 87' lang='lat'><strong>,</strong></span> <span class='ocrx_word' id='word_1_758' title='bbox 3615 3620 3731 3681; x_wconf 67' lang='lat' dir='ltr'><strong>aras</strong></span> 
     </span>
    </p>
   </div>
   <div class='ocr_carea' id='block_1_107' title="bbox 2144 3676 3726 3750">
    <p class='ocr_par' dir='ltr' id='par_1_107' title="bbox 2144 3676 3726 3750">
     <span class='ocr_line' id='line_1_110' title="bbox 2144 3676 3726 3750; baseline -0.001 -16"><span class='ocrx_word' id='word_1_759' title='bbox 2144 3676 2437 3750; x_wconf 88' lang='lat' dir='ltr'><strong>posuerant</strong></span> <span class='ocrx_word' id='word_1_760' title='bbox 2479 3690 2532 3733; x_wconf 92' lang='lat' dir='ltr'><strong>et</strong></span> <span class='ocrx_word' id='word_1_761' title='bbox 2560 3687 2906 3733; x_wconf 87' lang='lat' dir='ltr'><strong>monumenta</strong></span> <span class='ocrx_word' id='word_1_762' title='bbox 2924 3693 3003 3750; x_wconf 71' lang='lat' dir='ltr'><strong>ex</strong></span> <span class='ocrx_word' id='word_1_763' title='bbox 3034 3676 3227 3750; x_wconf 67' lang='lat' dir='ltr'><strong>quibus</strong></span> <span class='ocrx_word' id='word_1_764' title='bbox 3256 3678 3484 3750; x_wconf 74' lang='lat' dir='ltr'><strong>corpora</strong></span> <span class='ocrx_word' id='word_1_765' title='bbox 3518 3678 3726 3732; x_wconf 84' lang='lat' dir='ltr'><strong>occiso-</strong></span> 
     </span>
    </p>
   </div>
   <div class='ocr_carea' id='block_1_108' title="bbox 2143 3744 3731 3821">
    <p class='ocr_par' dir='ltr' id='par_1_108' title="bbox 2143 3744 3731 3821">
     <span class='ocr_line' id='line_1_111' title="bbox 2143 3744 3731 3821; baseline -0.002 -16"><span class='ocrx_word' id='word_1_766' title='bbox 2143 3744 2261 3805; x_wconf 75' lang='lat' dir='ltr'><strong>rum</strong></span> <span class='ocrx_word' id='word_1_767' title='bbox 2300 3758 2551 3821; x_wconf 84' lang='lat' dir='ltr'><strong>poterant</strong></span> <span class='ocrx_word' id='word_1_768' title='bbox 2582 3750 2875 3805; x_wconf 85' lang='lat' dir='ltr'><strong>numerari.</strong></span> <span class='ocrx_word' id='word_1_769' title='bbox 2910 3744 3116 3821; x_wconf 24' lang='lat' dir='ltr'><strong>Gonc’il.</strong></span> <span class='ocrx_word' id='word_1_770' title='bbox 3150 3744 3405 3815; x_wconf 85' lang='lat' dir='ltr'><strong>Carthag.</strong></span> <span class='ocrx_word' id='word_1_771' title='bbox 3439 3761 3498 3811; x_wconf 78' lang='grc' dir='ltr'>ι,</span> <span class='ocrx_word' id='word_1_772' title='bbox 3528 3762 3731 3821; x_wconf 67' lang='lat' dir='ltr'><strong>contine</strong></span> 
     </span>
    </p>
   </div>
   <div class='ocr_carea' id='block_1_109' title="bbox 2142 3820 3731 3892">
    <p class='ocr_par' dir='ltr' id='par_1_109' title="bbox 2142 3820 3731 3892">
     <span class='ocr_line' id='line_1_112' title="bbox 2142 3820 3731 3892; baseline -0.003 -18"><span class='ocrx_word' id='word_1_773' title='bbox 2142 3820 2381 3877; x_wconf 77' lang='lat' dir='ltr'><strong>secundo</strong></span> <span class='ocrx_word' id='word_1_774' title='bbox 2415 3841 2426 3874; x_wconf 92' lang='lat'><strong>:</strong></span> <span class='ocrx_word' id='word_1_775' title='bbox 2479 3830 2564 3874; x_wconf 88' lang='lat' dir='ltr'><strong>aut</strong></span> <span class='ocrx_word' id='word_1_776' title='bbox 2588 3822 2789 3875; x_wconf 87' lang='lat' dir='ltr'><strong>insania</strong></span> <span class='ocrx_word' id='word_1_777' title='bbox 2816 3820 3155 3892; x_wconf 62' lang='lat' dir='ltr'><strong>praecipitth</strong></span> <span class='ocrx_word' id='word_1_778' title='bbox 3175 3858 3191 3884; x_wconf 91' lang='lat'><strong>,</strong></span> <span class='ocrx_word' id='word_1_779' title='bbox 3218 3828 3502 3892; x_wconf 70' lang='lat' dir='ltr'><strong>martyrum</strong></span> <span class='ocrx_word' id='word_1_780' title='bbox 3530 3820 3731 3892; x_wconf 74' lang='lat' dir='ltr'><strong>nomine</strong></span> 
     </span>
    </p>
   </div>
   <div class='ocr_carea' id='block_1_110' title="bbox 2142 3889 3731 3961">
    <p class='ocr_par' dir='ltr' id='par_1_110' title="bbox 2142 3889 3731 3961">
     <span class='ocr_line' id='line_1_113' title="bbox 2142 3889 3731 3961; baseline -0.003 -16"><span class='ocrx_word' id='word_1_781' title='bbox 2142 3893 2382 3961; x_wconf 85' lang='lat' dir='ltr'><strong>appellet.</strong></span> <span class='ocrx_word' id='word_1_782' title='bbox 2412 3892 2712 3947; x_wconf 83' lang='lat' dir='ltr'><strong>Concilium</strong></span> <span class='ocrx_word' id='word_1_783' title='bbox 2746 3889 2989 3959; x_wconf 83' lang='lat' dir='ltr'><strong>quintum</strong></span> <span class='ocrx_word' id='word_1_784' title='bbox 3015 3908 3027 3942; x_wconf 95' lang='lat'>:</span> <span class='ocrx_word' id='word_1_785' title='bbox 3054 3890 3172 3943; x_wconf 88' lang='lat' dir='ltr'><strong>item</strong></span> <span class='ocrx_word' id='word_1_786' title='bbox 3195 3889 3389 3957; x_wconf 85' lang='lat' dir='ltr'><strong>placuit</strong></span> <span class='ocrx_word' id='word_1_787' title='bbox 3437 3898 3518 3961; x_wconf 64' lang='lat' dir='ltr'><strong>ut</strong></span> <span class='ocrx_word' id='word_1_788' title='bbox 3544 3889 3731 3942; x_wconf 83' lang='lat' dir='ltr'><strong>altaria</strong></span> 
     </span>
    </p>
   </div>
   <div class='ocr_carea' id='block_1_111' title="bbox 2142 3959 3734 4033">
    <p class='ocr_par' dir='ltr' id='par_1_111' title="bbox 2142 3959 3734 4033">
     <span class='ocr_line' id='line_1_114' title="bbox 2142 3959 3734 4033; baseline -0.002 -18"><span class='ocrx_word' id='word_1_789' title='bbox 2142 3959 2257 4032; x_wconf 65' lang='lat' dir='ltr'><strong>quis</strong></span> <span class='ocrx_word' id='word_1_790' title='bbox 2286 3964 2475 4033; x_wconf 85' lang='lat' dir='ltr'><strong>passim</strong></span> <span class='ocrx_word' id='word_1_791' title='bbox 2497 3980 2585 4031; x_wconf 89' lang='lat' dir='ltr'><strong>per</strong></span> <span class='ocrx_word' id='word_1_792' title='bbox 2610 3978 2761 4031; x_wconf 89' lang='lat' dir='ltr'><strong>agros</strong></span> <span class='ocrx_word' id='word_1_793' title='bbox 2781 3971 2869 4015; x_wconf 85' lang='lat' dir='ltr'><strong>aut</strong></span> <span class='ocrx_word' id='word_1_794' title='bbox 2896 3962 3002 4033; x_wconf 82' lang='lat' dir='ltr'><strong>vias</strong></span> <span class='ocrx_word' id='word_1_795' title='bbox 3033 3969 3289 4033; x_wconf 80' lang='lat' dir='ltr'><strong>tamquam</strong></span> <span class='ocrx_word' id='word_1_796' title='bbox 3313 3959 3573 4033; x_wconf 72' lang='lat' dir='ltr'><strong>memoria:</strong></span> <span class='ocrx_word' id='word_1_797' title='bbox 3603 3976 3734 4012; x_wconf 74' lang='lat' dir='ltr'><strong>mar-</strong></span> 
     </span>
    </p>
   </div>
   <div class='ocr_carea' id='block_1_112' title="bbox 2144 4028 3729 4105">
    <p class='ocr_par' dir='ltr' id='par_1_112' title="bbox 2144 4028 3729 4105">
     <span class='ocr_line' id='line_1_115' title="bbox 2144 4028 3729 4105; baseline -0.003 -18"><span class='ocrx_word' id='word_1_798' title='bbox 2144 4028 2313 4105; x_wconf 63' lang='lat' dir='ltr'><strong>tyrum</strong></span> <span class='ocrx_word' id='word_1_799' title='bbox 2343 4028 2737 4089; x_wconf 42' lang='lat' dir='ltr'><strong>constituunt—ur.</strong></span> <span class='ocrx_word' id='word_1_800' title='bbox 2765 4032 3094 4105; x_wconf 74' lang='lat' dir='ltr'><strong>Augustinus</strong></span> <span class='ocrx_word' id='word_1_801' title='bbox 3127 4028 3218 4105; x_wconf 66' lang='lat' dir='ltr'><strong>lib.</strong></span> <span class='ocrx_word' id='word_1_802' title='bbox 3250 4044 3307 4084; x_wconf 86' lang='grc' dir='ltr'><strong>ιιι</strong></span> <span class='ocrx_word' id='word_1_803' title='bbox 3332 4028 3520 4105; x_wconf 65' lang='lat' dir='ltr'><strong>intine</strong></span> <span class='ocrx_word' id='word_1_804' title='bbox 3546 4039 3729 4105; x_wconf 77' lang='lat' dir='ltr'><strong>contra</strong></span> 
     </span>
    </p>
   </div>
   <div class='ocr_carea' id='block_1_113' title="bbox 2144 4100 3735 4170">
    <p class='ocr_par' dir='ltr' id='par_1_113' title="bbox 2144 4100 3735 4170">
     <span class='ocr_line' id='line_1_116' title="bbox 2144 4100 3735 4170; baseline -0.004 -13"><span class='ocrx_word' id='word_1_805' title='bbox 2144 4100 2595 4166; x_wconf 80' lang='lat' dir='ltr'><strong>Parmenianum,</strong></span> <span class='ocrx_word' id='word_1_806' title='bbox 2648 4100 2949 4170; x_wconf 81' lang='lat' dir='ltr'><strong>temporalia</strong></span> <span class='ocrx_word' id='word_1_807' title='bbox 2995 4100 3253 4169; x_wconf 85' lang='lat' dir='ltr'><strong>supplicia</strong></span> <span class='ocrx_word' id='word_1_808' title='bbox 3300 4100 3595 4153; x_wconf 83' lang='lat' dir='ltr'><strong>schismatis</strong></span> <span class='ocrx_word' id='word_1_809' title='bbox 3660 4100 3735 4154; x_wconf 74' lang='lat' dir='ltr'><strong>ssi</strong></span> 
     </span>
    </p>
   </div>
   <div class='ocr_carea' id='block_1_114' title="bbox 2145 4170 3733 4244">
    <p class='ocr_par' dir='ltr' id='par_1_114' title="bbox 2145 4170 3733 4244">
     <span class='ocr_line' id='line_1_117' title="bbox 2145 4170 3733 4244; baseline -0.003 -17"><span class='ocrx_word' id='word_1_810' title='bbox 2145 4175 2376 4244; x_wconf 79' lang='lat' dir='ltr'><strong>conferre</strong></span> <span class='ocrx_word' id='word_1_811' title='bbox 2391 4175 2578 4229; x_wconf 83' lang='lat' dir='ltr'><strong>audent</strong></span> <span class='ocrx_word' id='word_1_812' title='bbox 2599 4174 2918 4243; x_wconf 83' lang='lat' dir='ltr'><strong>passionibus</strong></span> <span class='ocrx_word' id='word_1_813' title='bbox 2945 4182 3226 4241; x_wconf 83' lang='lat' dir='ltr'><strong>martyrum</strong></span> <span class='ocrx_word' id='word_1_814' title='bbox 3246 4212 3259 4234; x_wconf 90' lang='lat'><strong>,</strong></span> <span class='ocrx_word' id='word_1_815' title='bbox 3286 4179 3342 4223; x_wconf 87' lang='lat' dir='ltr'><strong>ut</strong></span> <span class='ocrx_word' id='word_1_816' title='bbox 3370 4170 3442 4224; x_wconf 84' lang='lat' dir='ltr'><strong>eis</strong></span> <span class='ocrx_word' id='word_1_817' title='bbox 3473 4185 3733 4244; x_wconf 71' lang='lat' dir='ltr'><strong>plenarum</strong></span> 
     </span>
    </p>
   </div>
   <div class='ocr_carea' id='block_1_115' title="bbox 2144 4241 3732 4314">
    <p class='ocr_par' dir='ltr' id='par_1_115' title="bbox 2144 4241 3732 4314">
     <span class='ocr_line' id='line_1_118' title="bbox 2144 4241 3732 4314; baseline -0.004 -15"><span class='ocrx_word' id='word_1_818' title='bbox 2144 4241 2351 4299; x_wconf 80' lang='lat' dir='ltr'><strong>suarum</strong></span> <span class='ocrx_word' id='word_1_819' title='bbox 2394 4241 2625 4299; x_wconf 88' lang='lat' dir='ltr'><strong>natalitia</strong></span> <span class='ocrx_word' id='word_1_820' title='bbox 2652 4243 2964 4298; x_wconf 85' lang='lat' dir='ltr'><strong>celebrentur</strong></span> <span class='ocrx_word' id='word_1_821' title='bbox 2992 4257 3176 4314; x_wconf 84' lang='lat' dir='ltr'><strong>magno</strong></span> <span class='ocrx_word' id='word_1_822' title='bbox 3205 4251 3451 4295; x_wconf 70' lang='lat' dir='ltr'><strong>conventu</strong></span> <span class='ocrx_word' id='word_1_823' title='bbox 3471 4241 3732 4295; x_wconf 75' lang='lat' dir='ltr'><strong>hominum</strong></span> 
     </span>
    </p>
   </div>
   <div class='ocr_carea' id='block_1_116' title="bbox 2143 4315 2737 4386">
    <p class='ocr_par' dir='ltr' id='par_1_116' title="bbox 2143 4315 2737 4386">
     <span class='ocr_line' id='line_1_119' title="bbox 2143 4315 2737 4386; baseline 0 -17"><span class='ocrx_word' id='word_1_824' title='bbox 2143 4316 2482 4386; x_wconf 77' lang='lat' dir='ltr'><strong>furiosorum.</strong></span> <span class='ocrx_word' id='word_1_825' title='bbox 2504 4315 2737 4370; x_wconf 73' lang='lat' dir='ltr'><strong>ALBASP.</strong></span> 
     </span>
    </p>
   </div>
   <div class='ocr_carea' id='block_1_117' title="bbox 2215 4404 3729 4468">
    <p class='ocr_par' dir='ltr' id='par_1_117' title="bbox 2215 4404 3729 4468">
     <span class='ocr_line' id='line_1_120' title="bbox 2215 4404 3729 4468; baseline 0.001 -9"><span class='ocrx_word' id='word_1_826' title='bbox 2215 4406 2357 4461; x_wconf 71' lang='lat' dir='ltr'><strong>Ibid.</strong></span> <span class='ocrx_word' id='word_1_827' title='bbox 2383 4406 2485 4462; x_wconf 84' lang='lat' dir='ltr'><strong>Per</strong></span> <span class='ocrx_word' id='word_1_828' title='bbox 2516 4408 2786 4462; x_wconf 84' lang='lat' dir='ltr'><strong>Dealbatas</strong></span> <span class='ocrx_word' id='word_1_829' title='bbox 2814 4421 2933 4460; x_wconf 87' lang='lat' dir='ltr'><strong>aras</strong></span> <span class='ocrx_word' id='word_1_830' title='bbox 2958 4414 3045 4459; x_wconf 88' lang='lat' dir='ltr'><strong>aut</strong></span> <span class='ocrx_word' id='word_1_831' title='bbox 3090 4414 3289 4459; x_wconf 84' lang='lat' dir='ltr'><strong>mensas</strong></span> <span class='ocrx_word' id='word_1_832' title='bbox 3311 4446 3325 4468; x_wconf 89' lang='lat'><strong>,</strong></span> <span class='ocrx_word' id='word_1_833' title='bbox 3377 4414 3480 4459; x_wconf 89' lang='lat' dir='ltr'><strong>etc.</strong></span> <span class='ocrx_word' id='word_1_834' title='bbox 3523 4404 3729 4460; x_wconf 75' lang='lat' dir='ltr'><strong>Seneca</strong></span> 
     </span>
    </p>
   </div>
   <div class='ocr_carea' id='block_1_118' title="bbox 2146 4474 3731 4550">
    <p class='ocr_par' dir='ltr' id='par_1_118' title="bbox 2146 4474 3731 4550">
     <span class='ocr_line' id='line_1_121' title="bbox 2146 4474 3731 4550; baseline -0.003 -16"><span class='ocrx_word' id='word_1_835' title='bbox 2146 4480 2306 4540; x_wconf 85' lang='lat' dir='ltr'><strong>epist.</strong></span> <span class='ocrx_word' id='word_1_836' title='bbox 2343 4480 2439 4550; x_wconf 77' lang='lat'><strong>86:</strong></span> <span class='ocrx_word' id='word_1_837' title='bbox 2469 4476 2535 4531; x_wconf 87' lang='lat' dir='ltr'><strong>In</strong></span> <span class='ocrx_word' id='word_1_838' title='bbox 2564 4479 2676 4550; x_wconf 82' lang='lat' dir='ltr'><strong>ipsa</strong></span> <span class='ocrx_word' id='word_1_839' title='bbox 2700 4477 2959 4550; x_wconf 78' lang='lat' dir='ltr'><strong>Scipionis</strong></span> <span class='ocrx_word' id='word_1_840' title='bbox 2998 4474 3230 4546; x_wconf 81' lang='lat' dir='ltr'><strong>Africani</strong></span> <span class='ocrx_word' id='word_1_841' title='bbox 3254 4476 3377 4530; x_wconf 76' lang='lat' dir='ltr'><strong>villa</strong></span> <span class='ocrx_word' id='word_1_842' title='bbox 3394 4478 3597 4547; x_wconf 81' lang='lat' dir='ltr'><strong>jacens,</strong></span> <span class='ocrx_word' id='word_1_843' title='bbox 3631 4477 3731 4550; x_wconf 68' lang='lat' dir='ltr'><strong>ﬁeri:</strong></span> 
     </span>
    </p>
   </div>
   <div class='ocr_carea' id='block_1_119' title="bbox 2066 4546 3728 4617">
    <p class='ocr_par' dir='ltr' id='par_1_119' title="bbox 2066 4546 3728 4617">
     <span class='ocr_line' id='line_1_122' title="bbox 2066 4546 3728 4617; baseline -0.004 -13"><span class='ocrx_word' id='word_1_844' title='bbox 2066 4554 2115 4615; x_wconf 83' lang='grc' dir='ltr'>Ι)</span> <span class='ocrx_word' id='word_1_845' title='bbox 2144 4549 2229 4604; x_wconf 79' lang='lat' dir='ltr'><strong>tibi</strong></span> <span class='ocrx_word' id='word_1_846' title='bbox 2260 4549 2425 4604; x_wconf 86' lang='lat' dir='ltr'><strong>scribo</strong></span> <span class='ocrx_word' id='word_1_847' title='bbox 2451 4590 2464 4614; x_wconf 96' lang='lat'><strong>,</strong></span> <span class='ocrx_word' id='word_1_848' title='bbox 2488 4546 2715 4603; x_wconf 79' lang='lat' dir='ltr'><strong>adoratis</strong></span> <span class='ocrx_word' id='word_1_849' title='bbox 2761 4546 2990 4602; x_wconf 87' lang='lat' dir='ltr'><strong>manibus</strong></span> <span class='ocrx_word' id='word_1_850' title='bbox 3019 4549 3130 4617; x_wconf 86' lang='lat' dir='ltr'><strong>ejus</strong></span> <span class='ocrx_word' id='word_1_851' title='bbox 3154 4555 3343 4617; x_wconf 84' lang='lat' dir='ltr'><strong>et_ara,</strong></span> <span class='ocrx_word' id='word_1_852' title='bbox 3368 4546 3517 4616; x_wconf 80' lang='lat' dir='ltr'><strong>quam</strong></span> <span class='ocrx_word' id='word_1_853' title='bbox 3556 4546 3728 4617; x_wconf 66' lang='lat' dir='ltr'><strong>sepul-</strong></span> 
     </span>
    </p>
   </div>
   <div class='ocr_carea' id='block_1_120' title="bbox 2151 4613 3728 4689">
    <p class='ocr_par' dir='ltr' id='par_1_120' title="bbox 2151 4613 3728 4689">
     <span class='ocr_line' id='line_1_123' title="bbox 2151 4613 3728 4689; baseline -0.001 -16"><span class='ocrx_word' id='word_1_854' title='bbox 2151 4638 2293 4673; x_wconf 86' lang='lat' dir='ltr'><strong>crum</strong></span> <span class='ocrx_word' id='word_1_855' title='bbox 2324 4613 2457 4674; x_wconf 68' lang='lat' dir='ltr'><strong>tartti</strong></span> <span class='ocrx_word' id='word_1_856' title='bbox 2492 4620 2595 4674; x_wconf 82' lang='lat' dir='ltr'><strong>esse</strong></span> <span class='ocrx_word' id='word_1_857' title='bbox 2638 4619 2999 4689; x_wconf 10' lang='lat' dir='ltr'><strong>virirsuspicor</strong></span> <span class='ocrx_word' id='word_1_858' title='bbox 3018 4613 3171 4684; x_wconf 36' lang='lat' dir='ltr'><strong>pete.</strong></span> <span class='ocrx_word' id='word_1_859' title='bbox 3200 4613 3280 4689; x_wconf 79' lang='lat' dir='ltr'><strong>De</strong></span> <span class='ocrx_word' id='word_1_860' title='bbox 3306 4613 3477 4689; x_wconf 80' lang='lat' dir='ltr'><strong>niensa</strong></span> <span class='ocrx_word' id='word_1_861' title='bbox 3499 4656 3515 4683; x_wconf 95' lang='lat'><strong>,</strong></span> <span class='ocrx_word' id='word_1_862' title='bbox 3541 4613 3728 4671; x_wconf 81' lang='lat' dir='ltr'><strong>Cicero</strong></span> 
     </span>
    </p>
   </div>
   <div class='ocr_carea' id='block_1_121' title="bbox 2151 4688 3729 4761">
    <p class='ocr_par' dir='ltr' id='par_1_121' title="bbox 2151 4688 3729 4761">
     <span class='ocr_line' id='line_1_124' title="bbox 2151 4688 3729 4761; baseline -0.004 -15"><span class='ocrx_word' id='word_1_863' title='bbox 2151 4690 2217 4746; x_wconf 88' lang='lat' dir='ltr'><strong>de</strong></span> <span class='ocrx_word' id='word_1_864' title='bbox 2237 4690 2467 4761; x_wconf 87' lang='lat' dir='ltr'><strong>Legibus</strong></span> <span class='ocrx_word' id='word_1_865' title='bbox 2491 4691 2585 4744; x_wconf 87' lang='lat' dir='ltr'><strong>lib.</strong></span> <span class='ocrx_word' id='word_1_866' title='bbox 2612 4699 2649 4744; x_wconf 80' lang='lat' dir='ltr'><strong>tt</strong></span> <span class='ocrx_word' id='word_1_867' title='bbox 2669 4734 2681 4756; x_wconf 95' lang='lat'><strong>,</strong></span> <span class='ocrx_word' id='word_1_868' title='bbox 2714 4688 2863 4744; x_wconf 81' lang='lat' dir='ltr'><strong>circa</strong></span> <span class='ocrx_word' id='word_1_869' title='bbox 2893 4688 3082 4754; x_wconf 85' lang='lat' dir='ltr'><strong>tinem,</strong></span> <span class='ocrx_word' id='word_1_870' title='bbox 3114 4688 3360 4761; x_wconf 80' lang='lat' dir='ltr'><strong>sepulcris</strong></span> <span class='ocrx_word' id='word_1_871' title='bbox 3386 4696 3558 4761; x_wconf 67' lang='lat' dir='ltr'><strong>autem</strong></span> <span class='ocrx_word' id='word_1_872' title='bbox 3592 4689 3729 4761; x_wconf 73' lang='lat' dir='ltr'><strong>noris</strong></span> 
     </span>
    </p>
   </div>
   <div class='ocr_carea' id='block_1_122' title="bbox 2153 4756 3729 4829">
    <p class='ocr_par' dir='ltr' id='par_1_122' title="bbox 2153 4756 3729 4829">
     <span class='ocr_line' id='line_1_125' title="bbox 2153 4756 3729 4829; baseline -0.003 -15"><span class='ocrx_word' id='word_1_873' title='bbox 2153 4756 2561 4828; x_wconf 52' lang='lat' dir='ltr'><strong>ﬁnivit&#39;ntodum.</strong></span> <span class='ocrx_word' id='word_1_874' title='bbox 2605 4761 2743 4813; x_wconf 89' lang='lat' dir='ltr'><strong>Nam</strong></span> <span class='ocrx_word' id='word_1_875' title='bbox 2763 4777 2913 4829; x_wconf 83' lang='lat' dir='ltr'><strong>super</strong></span> <span class='ocrx_word' id='word_1_876' title='bbox 2942 4769 3091 4814; x_wconf 74' lang='lat' dir='ltr'><strong>terra:</strong></span> <span class='ocrx_word' id='word_1_877' title='bbox 3135 4759 3393 4811; x_wconf 82' lang='lat' dir='ltr'><strong>tumulum</strong></span> <span class='ocrx_word' id='word_1_878' title='bbox 3421 4756 3581 4811; x_wconf 77' lang='lat' dir='ltr'><strong>noluit</strong></span> <span class='ocrx_word' id='word_1_879' title='bbox 3612 4756 3729 4825; x_wconf 72' lang='lat' dir='ltr'><strong>quid</strong></span> 
     </span>
    </p>
   </div>
   <div class='ocr_carea' id='block_1_123' title="bbox 2151 4829 3731 4900">
    <p class='ocr_par' dir='ltr' id='par_1_123' title="bbox 2151 4829 3731 4900">
     <span class='ocr_line' id='line_1_126' title="bbox 2151 4829 3731 4900; baseline -0.003 -17"><span class='ocrx_word' id='word_1_880' title='bbox 2151 4835 2303 4883; x_wconf 81' lang='lat' dir='ltr'><strong>statui</strong></span> <span class='ocrx_word' id='word_1_881' title='bbox 2327 4872 2342 4895; x_wconf 89' lang='lat'><strong>,</strong></span> <span class='ocrx_word' id='word_1_882' title='bbox 2372 4832 2466 4885; x_wconf 84' lang='lat' dir='ltr'><strong>nisi</strong></span> <span class='ocrx_word' id='word_1_883' title='bbox 2497 4833 2814 4885; x_wconf 88' lang='lat' dir='ltr'><strong>columellam</strong></span> <span class='ocrx_word' id='word_1_884' title='bbox 2839 4830 2996 4883; x_wconf 83' lang='lat' dir='ltr'><strong>tribus</strong></span> <span class='ocrx_word' id='word_1_885' title='bbox 3024 4830 3197 4900; x_wconf 87' lang='lat' dir='ltr'><strong>digitis</strong></span> <span class='ocrx_word' id='word_1_886' title='bbox 3218 4845 3320 4882; x_wconf 87' lang='lat' dir='ltr'><strong>non</strong></span> <span class='ocrx_word' id='word_1_887' title='bbox 3343 4829 3576 4881; x_wconf 79' lang='lat' dir='ltr'><strong>altiorem</strong></span> <span class='ocrx_word' id='word_1_888' title='bbox 3604 4868 3621 4891; x_wconf 89' lang='lat'><strong>,</strong></span> <span class='ocrx_word' id='word_1_889' title='bbox 3651 4836 3731 4900; x_wconf 79' lang='lat' dir='ltr'><strong>ast</strong></span> 
     </span>
    </p>
   </div>
   <div class='ocr_carea' id='block_1_124' title="bbox 2155 4898 3730 4968">
    <p class='ocr_par' dir='ltr' id='par_1_124' title="bbox 2155 4898 3730 4968">
     <span class='ocr_line' id='line_1_127' title="bbox 2155 4898 3730 4968; baseline 0.001 -18"><span class='ocrx_word' id='word_1_890' title='bbox 2155 4916 2377 4952; x_wconf 82' lang='lat' dir='ltr'><strong>mensam</strong></span> <span class='ocrx_word' id='word_1_891' title='bbox 2402 4941 2415 4961; x_wconf 87' lang='lat'><strong>,</strong></span> <span class='ocrx_word' id='word_1_892' title='bbox 2442 4910 2529 4951; x_wconf 86' lang='lat' dir='ltr'><strong>aut</strong></span> <span class='ocrx_word' id='word_1_893' title='bbox 2560 4902 2799 4953; x_wconf 87' lang='lat' dir='ltr'><strong>labellum</strong></span> <span class='ocrx_word' id='word_1_894' title='bbox 2824 4941 2835 4962; x_wconf 88' lang='lat'><strong>,</strong></span> <span class='ocrx_word' id='word_1_895' title='bbox 2878 4909 2981 4954; x_wconf 85' lang='lat' dir='ltr'><strong>etc.</strong></span> <span class='ocrx_word' id='word_1_896' title='bbox 3016 4898 3131 4953; x_wconf 75' lang='lat' dir='ltr'><strong>Huc</strong></span> <span class='ocrx_word' id='word_1_897' title='bbox 3155 4900 3315 4953; x_wconf 86' lang='lat' dir='ltr'><strong>etiam</strong></span> <span class='ocrx_word' id='word_1_898' title='bbox 3338 4900 3570 4968; x_wconf 83' lang='lat' dir='ltr'><strong>pertinet</strong></span> <span class='ocrx_word' id='word_1_899' title='bbox 3592 4898 3730 4965; x_wconf 86' lang='lat' dir='ltr'><strong>quod</strong></span> 
     </span>
    </p>
   </div>
   <div class='ocr_carea' id='block_1_125' title="bbox 2154 4968 3731 5038">
    <p class='ocr_par' dir='ltr' id='par_1_125' title="bbox 2154 4968 3731 5038">
     <span class='ocr_line' id='line_1_128' title="bbox 2154 4968 3731 5038; baseline 0.002 -18"><span class='ocrx_word' id='word_1_900' title='bbox 2154 4969 2303 5020; x_wconf 88' lang='lat' dir='ltr'><strong>locus</strong></span> <span class='ocrx_word' id='word_1_901' title='bbox 2338 4970 2441 5038; x_wconf 78' lang='lat' dir='ltr'><strong>ubi</strong></span> <span class='ocrx_word' id='word_1_902' title='bbox 2490 4968 2786 5038; x_wconf 85' lang='lat' dir='ltr'><strong>Cyprianus</strong></span> <span class='ocrx_word' id='word_1_903' title='bbox 2842 4984 3030 5037; x_wconf 89' lang='lat' dir='ltr'><strong>passus</strong></span> <span class='ocrx_word' id='word_1_904' title='bbox 3069 4980 3188 5035; x_wconf 87' lang='lat' dir='ltr'><strong>est,</strong></span> <span class='ocrx_word' id='word_1_905' title='bbox 3220 4968 3391 5023; x_wconf 83' lang='lat' dir='ltr'><strong>dictus</strong></span> <span class='ocrx_word' id='word_1_906' title='bbox 3442 4978 3518 5024; x_wconf 86' lang='lat' dir='ltr'><strong>est</strong></span> <span class='ocrx_word' id='word_1_907' title='bbox 3573 4970 3731 5038; x_wconf 74' lang='lat' dir='ltr'><strong>vulgo</strong></span> 
     </span>
    </p>
   </div>
   <div class='ocr_carea' id='block_1_126' title="bbox 2146 5036 3731 5106">
    <p class='ocr_par' dir='ltr' id='par_1_126' title="bbox 2146 5036 3731 5106">
     <span class='ocr_line' id='line_1_129' title="bbox 2146 5036 3731 5106; baseline 0.003 -18"><span class='ocrx_word' id='word_1_908' title='bbox 2146 5053 2319 5089; x_wconf 84' lang='lat' dir='ltr'><strong>mcnsa</strong></span> <span class='ocrx_word' id='word_1_909' title='bbox 2347 5036 2609 5105; x_wconf 73' lang='lat' dir='ltr'><strong>Cypriani.</strong></span> <span class='ocrx_word' id='word_1_910' title='bbox 2642 5038 2753 5089; x_wconf 81' lang='lat' dir='ltr'><strong>Etsi</strong></span> <span class='ocrx_word' id='word_1_911' title='bbox 2777 5036 2917 5089; x_wconf 88' lang='lat' dir='ltr'><strong>enim</strong></span> <span class='ocrx_word' id='word_1_912' title='bbox 2944 5038 3050 5091; x_wconf 83' lang='lat' dir='ltr'><strong>alio</strong></span> <span class='ocrx_word' id='word_1_913' title='bbox 3077 5039 3194 5091; x_wconf 86' lang='lat' dir='ltr'><strong>loco</strong></span> <span class='ocrx_word' id='word_1_914' title='bbox 3208 5054 3419 5106; x_wconf 87' lang='lat' dir='ltr'><strong>passum</strong></span> <span class='ocrx_word' id='word_1_915' title='bbox 3445 5052 3593 5101; x_wconf 82' lang='lat' dir='ltr'><strong>esse.</strong></span> <span class='ocrx_word' id='word_1_916' title='bbox 3630 5036 3731 5093; x_wconf 62' lang='lat' dir='ltr'><strong>alio</strong></span> 
     </span>
    </p>
   </div>
   <div class='ocr_carea' id='block_1_127' title="bbox 2148 5106 3729 5176">
    <p class='ocr_par' dir='ltr' id='par_1_127' title="bbox 2148 5106 3729 5176">
     <span class='ocr_line' id='line_1_130' title="bbox 2148 5106 3729 5176; baseline 0.003 -18"><span class='ocrx_word' id='word_1_917' title='bbox 2148 5118 2325 5160; x_wconf 87' lang='lat' dir='ltr'><strong>autem</strong></span> <span class='ocrx_word' id='word_1_918' title='bbox 2368 5108 2634 5175; x_wconf 91' lang='lat' dir='ltr'><strong>sepultum</strong></span> <span class='ocrx_word' id='word_1_919' title='bbox 2658 5106 2871 5158; x_wconf 86' lang='lat' dir='ltr'><strong>beatum</strong></span> <span class='ocrx_word' id='word_1_920' title='bbox 2899 5106 3047 5160; x_wconf 89' lang='lat' dir='ltr'><strong>illum</strong></span> <span class='ocrx_word' id='word_1_921' title='bbox 3079 5115 3367 5176; x_wconf 83' lang='lat' dir='ltr'><strong>martyrem</strong></span> <span class='ocrx_word' id='word_1_922' title='bbox 3388 5149 3400 5166; x_wconf 93' lang='lat'><strong>.</strong></span> <span class='ocrx_word' id='word_1_923' title='bbox 3432 5118 3483 5162; x_wconf 91' lang='lat' dir='ltr'><strong>et</strong></span> <span class='ocrx_word' id='word_1_924' title='bbox 3517 5109 3729 5163; x_wconf 81' lang='lat' dir='ltr'><strong>utrobi-</strong></span> 
     </span>
    </p>
   </div>
   <div class='ocr_carea' id='block_1_128' title="bbox 2147 5175 3729 5245">
    <p class='ocr_par' dir='ltr' id='par_1_128' title="bbox 2147 5175 3729 5245">
     <span class='ocr_line' id='line_1_131' title="bbox 2147 5175 3729 5245; baseline 0.001 -15"><span class='ocrx_word' id='word_1_925' title='bbox 2147 5192 2251 5242; x_wconf 88' lang='lat' dir='ltr'><strong>que</strong></span> <span class='ocrx_word' id='word_1_926' title='bbox 2288 5177 2483 5229; x_wconf 88' lang='lat' dir='ltr'><strong>cultam</strong></span> <span class='ocrx_word' id='word_1_927' title='bbox 2538 5175 2654 5245; x_wconf 85' lang='lat' dir='ltr'><strong>ejus</strong></span> <span class='ocrx_word' id='word_1_928' title='bbox 2708 5176 3033 5229; x_wconf 43' lang='lat' dir='ltr'><strong>memoriam:</strong></span> <span class='ocrx_word' id='word_1_929' title='bbox 3066 5191 3093 5245; x_wconf 84' lang='lat' dir='ltr'><strong>a</strong></span> <span class='ocrx_word' id='word_1_930' title='bbox 3130 5175 3344 5230; x_wconf 78' lang='lat' dir='ltr'><strong>Victore</strong></span> <span class='ocrx_word' id='word_1_931' title='bbox 3387 5176 3627 5231; x_wconf 83' lang='lat' dir='ltr'><strong>Uticensi</strong></span> <span class='ocrx_word' id='word_1_932' title='bbox 3670 5179 3729 5232; x_wconf 81' lang='lat' dir='ltr'><strong>de</strong></span> 
     </span>
    </p>
   </div>
   <div class='ocr_carea' id='block_1_129' title="bbox 2134 5244 3729 5313">
    <p class='ocr_par' dir='ltr' id='par_1_129' title="bbox 2134 5244 3729 5313">
     <span class='ocr_line' id='line_1_132' title="bbox 2134 5244 3729 5313; baseline 0 -12"><span class='ocrx_word' id='word_1_933' title='bbox 2134 5248 2423 5301; x_wconf 78' lang='lat' dir='ltr'><strong>‘Persecnt.</strong></span> <span class='ocrx_word' id='word_1_934' title='bbox 2457 5246 2548 5301; x_wconf 91' lang='lat' dir='ltr'><strong>lib.</strong></span> <span class='ocrx_word' id='word_1_935' title='bbox 2572 5244 2593 5298; x_wconf 88' lang='grc' dir='ltr'><strong>ι</strong></span> <span class='ocrx_word' id='word_1_936' title='bbox 2620 5284 2634 5312; x_wconf 94' lang='grc'><em>,</em></span> <span class='ocrx_word' id='word_1_937' title='bbox 2668 5245 2921 5300; x_wconf 88' lang='lat' dir='ltr'><strong>discimus</strong></span> <span class='ocrx_word' id='word_1_938' title='bbox 2953 5262 2965 5295; x_wconf 91' lang='lat'><strong>:</strong></span> <span class='ocrx_word' id='word_1_939' title='bbox 2998 5244 3231 5313; x_wconf 90' lang='lat' dir='ltr'><strong>priorem</strong></span> <span class='ocrx_word' id='word_1_940' title='bbox 3258 5256 3430 5298; x_wconf 84' lang='lat' dir='ltr'><strong>tamen</strong></span> <span class='ocrx_word' id='word_1_941' title='bbox 3473 5245 3628 5299; x_wconf 86' lang='lat' dir='ltr'><strong>illum</strong></span> <span class='ocrx_word' id='word_1_942' title='bbox 3658 5248 3729 5301; x_wconf 86' lang='lat' dir='ltr'><strong>lo-</strong></span> 
     </span>
    </p>
   </div>
   <div class='ocr_carea' id='block_1_130' title="bbox 2147 5313 3727 5384">
    <p class='ocr_par' dir='ltr' id='par_1_130' title="bbox 2147 5313 3727 5384">
     <span class='ocr_line' id='line_1_133' title="bbox 2147 5313 3727 5384; baseline -0.002 -13"><span class='ocrx_word' id='word_1_943' title='bbox 2147 5334 2266 5371; x_wconf 90' lang='lat' dir='ltr'><strong>cum</strong></span> <span class='ocrx_word' id='word_1_944' title='bbox 2299 5319 2364 5371; x_wconf 89' lang='lat' dir='ltr'><strong>ab</strong></span> <span class='ocrx_word' id='word_1_945' title='bbox 2394 5332 2481 5371; x_wconf 91' lang='lat' dir='ltr'><strong>ara</strong></span> <span class='ocrx_word' id='word_1_946' title='bbox 2508 5358 2523 5383; x_wconf 93' lang='lat'><strong>,</strong></span> <span class='ocrx_word' id='word_1_947' title='bbox 2556 5332 2649 5370; x_wconf 89' lang='lat' dir='ltr'><strong>seu</strong></span> <span class='ocrx_word' id='word_1_948' title='bbox 2698 5330 2877 5369; x_wconf 85' lang='lat' dir='ltr'><strong>mensa</strong></span> <span class='ocrx_word' id='word_1_949' title='bbox 2904 5355 2918 5378; x_wconf 84' lang='lat'><strong>,</strong></span> <span class='ocrx_word' id='word_1_950' title='bbox 2968 5330 3087 5384; x_wconf 68' lang='lat' dir='ltr'><strong>quae</strong></span> <span class='ocrx_word' id='word_1_951' title='bbox 3115 5329 3222 5367; x_wconf 71' lang='lat' dir='ltr'><strong>arae</strong></span> <span class='ocrx_word' id='word_1_952' title='bbox 3248 5313 3417 5384; x_wconf 86' lang='lat' dir='ltr'><strong>instar</strong></span> <span class='ocrx_word' id='word_1_953' title='bbox 3442 5323 3585 5384; x_wconf 77' lang='lat' dir='ltr'><strong>esset</strong></span> <span class='ocrx_word' id='word_1_954' title='bbox 3606 5355 3628 5384; x_wconf 51' lang='grc' dir='ltr'>ε</span> <span class='ocrx_word' id='word_1_955' title='bbox 3661 5316 3727 5369; x_wconf 87' lang='lat' dir='ltr'><strong>ibi</strong></span> 
     </span>
    </p>
   </div>
   <div class='ocr_carea' id='block_1_131' title="bbox 2147 5382 3727 5455">
    <p class='ocr_par' dir='ltr' id='par_1_131' title="bbox 2147 5382 3727 5455">
     <span class='ocr_line' id='line_1_134' title="bbox 2147 5382 3727 5455; baseline -0.003 -13"><span class='ocrx_word' id='word_1_956' title='bbox 2147 5396 2438 5453; x_wconf 78' lang='lat' dir='ltr'><strong>exstructa,</strong></span> <span class='ocrx_word' id='word_1_957' title='bbox 2465 5382 2534 5441; x_wconf 82' lang='lat' dir='ltr'><strong>ita</strong></span> <span class='ocrx_word' id='word_1_958' title='bbox 2567 5386 2898 5455; x_wconf 84' lang='lat' dir='ltr'><strong>indigitatum</strong></span> <span class='ocrx_word' id='word_1_959' title='bbox 2926 5382 3044 5438; x_wconf 81' lang='lat' dir='ltr'><strong>esse</strong></span> <span class='ocrx_word' id='word_1_960' title='bbox 3074 5384 3231 5438; x_wconf 86' lang='lat' dir='ltr'><strong>docet</strong></span> <span class='ocrx_word' id='word_1_961' title='bbox 3258 5383 3481 5453; x_wconf 85' lang='lat' dir='ltr'><strong>August.</strong></span> <span class='ocrx_word' id='word_1_962' title='bbox 3508 5382 3579 5436; x_wconf 84' lang='lat' dir='ltr'><strong>de</strong></span> <span class='ocrx_word' id='word_1_963' title='bbox 3609 5382 3727 5455; x_wconf 60' lang='lat' dir='ltr'><strong>Div.</strong></span> 
     </span>
    </p>
   </div>
   <div class='ocr_carea' id='block_1_132' title="bbox 2145 5452 3727 5525">
    <p class='ocr_par' dir='ltr' id='par_1_132' title="bbox 2145 5452 3727 5525">
     <span class='ocr_line' id='line_1_135' title="bbox 2145 5452 3727 5525; baseline -0.003 -13"><span class='ocrx_word' id='word_1_964' title='bbox 2145 5474 2308 5512; x_wconf 88' lang='lat' dir='ltr'><strong>serm.</strong></span> <span class='ocrx_word' id='word_1_965' title='bbox 2342 5474 2487 5513; x_wconf 79' lang='lat' dir='ltr'><strong>cxtu.</strong></span> <span class='ocrx_word' id='word_1_966' title='bbox 2516 5452 2970 5525; x_wconf 53' lang='lat' dir='ltr'><strong>Quod&#39;dealbatas</strong></span> <span class='ocrx_word' id='word_1_967' title='bbox 2996 5455 3136 5511; x_wconf 81' lang='lat' dir='ltr'><strong>‘illas</strong></span> <span class='ocrx_word' id='word_1_968' title='bbox 3162 5470 3279 5510; x_wconf 87' lang='lat' dir='ltr'><strong>aras</strong></span> <span class='ocrx_word' id='word_1_969' title='bbox 3323 5464 3366 5507; x_wconf 86' lang='lat' dir='ltr'><strong>et</strong></span> <span class='ocrx_word' id='word_1_970' title='bbox 3391 5468 3591 5525; x_wconf 76' lang='lat' dir='ltr'><strong>mensas</strong></span> <span class='ocrx_word' id='word_1_971' title='bbox 3644 5452 3727 5507; x_wconf 82' lang='lat' dir='ltr'><strong>bit:</strong></span> 
     </span>
    </p>
   </div>
   <div class='ocr_carea' id='block_1_133' title="bbox 2146 5523 3728 5599">
    <p class='ocr_par' dir='ltr' id='par_1_133' title="bbox 2146 5523 3728 5599">
     <span class='ocr_line' id='line_1_136' title="bbox 2146 5523 3728 5599; baseline -0.004 -15"><span class='ocrx_word' id='word_1_972' title='bbox 2146 5528 2392 5599; x_wconf 77' lang='lat' dir='ltr'><strong>Optatus,</strong></span> <span class='ocrx_word' id='word_1_973' title='bbox 2418 5531 2458 5583; x_wconf 91' lang='lat' dir='ltr'><strong>si</strong></span> <span class='ocrx_word' id='word_1_974' title='bbox 2490 5523 2613 5583; x_wconf 78' lang='lat' dir='ltr'><strong>vere</strong></span> <span class='ocrx_word' id='word_1_975' title='bbox 2641 5543 2701 5581; x_wconf 89' lang='lat' dir='ltr'><strong>ac</strong></span> <span class='ocrx_word' id='word_1_976' title='bbox 2728 5527 3235 5599; x_wconf 72' lang='lat' dir='ltr'><strong>propriedealbatas,</strong></span> <span class='ocrx_word' id='word_1_977' title='bbox 3263 5540 3330 5579; x_wconf 83' lang='lat' dir='ltr'><strong>cx</strong></span> <span class='ocrx_word' id='word_1_978' title='bbox 3360 5523 3619 5599; x_wconf 63' lang='lat' dir='ltr'><strong>religione</strong></span> <span class='ocrx_word' id='word_1_979' title='bbox 3638 5535 3728 5577; x_wconf 86' lang='lat' dir='ltr'><strong>co-</strong></span> 
     </span>
    </p>
   </div>
   <div class='ocr_carea' id='block_1_134' title="bbox 2146 5591 3725 5669">
    <p class='ocr_par' dir='ltr' id='par_1_134' title="bbox 2146 5591 3725 5669">
     <span class='ocr_line' id='line_1_137' title="bbox 2146 5591 3725 5669; baseline -0.003 -17"><span class='ocrx_word' id='word_1_980' title='bbox 2146 5591 2365 5669; x_wconf 65' lang='lat' dir='ltr'><strong>lentium</strong></span> <span class='ocrx_word' id='word_1_981' title='bbox 2383 5591 2387 5592; x_wconf 21' lang='grc' dir='ltr'>ί</span> <span class='ocrx_word' id='word_1_982' title='bbox 2408 5604 2672 5669; x_wconf 87' lang='lat' dir='ltr'><strong>tamquam</strong></span> <span class='ocrx_word' id='word_1_983' title='bbox 2704 5591 2982 5669; x_wconf 80' lang='lat' dir='ltr'><strong>martyres,</strong></span> <span class='ocrx_word' id='word_1_984' title='bbox 3002 5646 3007 5649; x_wconf 78' lang='lat'><strong>.</strong></span> <span class='ocrx_word' id='word_1_985' title='bbox 3025 5596 3323 5665; x_wconf 77' lang='lat' dir='ltr'><strong>proiectum</strong></span> <span class='ocrx_word' id='word_1_986' title='bbox 3346 5591 3490 5669; x_wconf 74' lang='lat' dir='ltr'><strong>puto.</strong></span> <span class='ocrx_word' id='word_1_987' title='bbox 3518 5591 3725 5669; x_wconf 61' lang='lat' dir='ltr'><strong>Album</strong></span> 
     </span>
    </p>
   </div>
   <div class='ocr_carea' id='block_1_135' title="bbox 2116 5660 3727 5737">
    <p class='ocr_par' dir='ltr' id='par_1_135' title="bbox 2116 5660 3727 5737">
     <span class='ocr_line' id='line_1_138' title="bbox 2116 5660 3727 5737; baseline -0.003 -13"><span class='ocrx_word' id='word_1_988' title='bbox 2116 5678 2119 5681; x_wconf 72' lang='grc'><em>’</em></span> <span class='ocrx_word' id='word_1_989' title='bbox 2142 5660 2283 5724; x_wconf 73' lang='lat' dir='ltr'><strong>cnim</strong></span> <span class='ocrx_word' id='word_1_990' title='bbox 2314 5660 2546 5723; x_wconf 76' lang='lat' dir='ltr'><strong>coloreni</strong></span> <span class='ocrx_word' id='word_1_991' title='bbox 2568 5669 2791 5723; x_wconf 89' lang='lat' dir='ltr'><strong>mortuis</strong></span> <span class='ocrx_word' id='word_1_992' title='bbox 2809 5709 2824 5731; x_wconf 89' lang='lat'><strong>,</strong></span> <span class='ocrx_word' id='word_1_993' title='bbox 2843 5660 2980 5721; x_wconf 79' lang='lat' dir='ltr'><strong>item</strong></span> <span class='ocrx_word' id='word_1_994' title='bbox 3007 5660 3151 5735; x_wconf 81' lang='lat' dir='ltr'><strong>puris</strong></span> <span class='ocrx_word' id='word_1_995' title='bbox 3171 5673 3331 5737; x_wconf 84' lang='lat' dir='ltr'><strong>atque</strong></span> <span class='ocrx_word' id='word_1_996' title='bbox 3346 5660 3727 5737; x_wconf 58' lang='lat' dir='ltr'><strong>innocentibus</strong></span> 
     </span>
    </p>
   </div>
   <div class='ocr_carea' id='block_1_136' title="bbox 2143 5733 3728 5806">
    <p class='ocr_par' dir='ltr' id='par_1_136' title="bbox 2143 5733 3728 5806">
     <span class='ocr_line' id='line_1_139' title="bbox 2143 5733 3728 5806; baseline -0.003 -12"><span class='ocrx_word' id='word_1_997' title='bbox 2143 5740 2507 5794; x_wconf 80' lang='lat' dir='ltr'><strong>defunctorum</strong></span> <span class='ocrx_word' id='word_1_998' title='bbox 2536 5740 2727 5792; x_wconf 90' lang='lat' dir='ltr'><strong>animis</strong></span> <span class='ocrx_word' id='word_1_999' title='bbox 2757 5738 2955 5806; x_wconf 88' lang='lat' dir='ltr'><strong>optime</strong></span> <span class='ocrx_word' id='word_1_1000' title='bbox 2999 5733 3294 5792; x_wconf 77' lang='lat' dir='ltr'><strong>convenire</strong></span> <span class='ocrx_word' id='word_1_1001' title='bbox 3318 5738 3478 5790; x_wconf 82' lang='lat' dir='ltr'><strong>etiam</strong></span> <span class='ocrx_word' id='word_1_1002' title='bbox 3506 5733 3728 5790; x_wconf 82' lang='lat' dir='ltr'><strong>Plutar-</strong></span> 
     </span>
    </p>
   </div>
   <div class='ocr_carea' id='block_1_137' title="bbox 2141 5807 3704 5883">
    <p class='ocr_par' dir='ltr' id='par_1_137' title="bbox 2141 5807 3704 5883">
     <span class='ocr_line' id='line_1_140' title="bbox 2141 5807 3704 5883; baseline -0.004 -15"><span class='ocrx_word' id='word_1_1003' title='bbox 2141 5809 2274 5868; x_wconf 87' lang='lat' dir='ltr'><strong>chus</strong></span> <span class='ocrx_word' id='word_1_1004' title='bbox 2300 5811 2457 5868; x_wconf 89' lang='lat' dir='ltr'><strong>docet</strong></span> <span class='ocrx_word' id='word_1_1005' title='bbox 2475 5812 2526 5867; x_wconf 91' lang='lat' dir='ltr'><strong>in</strong></span> <span class='ocrx_word' id='word_1_1006' title='bbox 2553 5810 2833 5881; x_wconf 79' lang='grc' dir='ltr'><strong>ρωμαίκοῐς</strong></span> <span class='ocrx_word' id='word_1_1007' title='bbox 2846 5830 2953 5882; x_wconf 66' lang='lat' dir='ltr'><strong>usq).</strong></span> <span class='ocrx_word' id='word_1_1008' title='bbox 2978 5807 3059 5865; x_wconf 79' lang='grc' dir='ltr'><strong>διὰ</strong></span> <span class='ocrx_word' id='word_1_1009' title='bbox 3079 5809 3129 5863; x_wconf 76' lang='grc' dir='ltr'><strong>τί</strong></span> <span class='ocrx_word' id='word_1_1010' title='bbox 3145 5809 3299 5864; x_wconf 78' lang='grc' dir='ltr'><strong>λευκὰ</strong></span> <span class='ocrx_word' id='word_1_1011' title='bbox 3310 5812 3551 5883; x_wconf 76' lang='grc' dir='ltr'><strong>φοροῦσι,</strong></span> <span class='ocrx_word' id='word_1_1012' title='bbox 3588 5815 3704 5863; x_wconf 83' lang='lat' dir='ltr'><strong>etc.</strong></span> 
     </span>
    </p>
   </div>
  </div>
