3828 6218
146 269 296 327 1009

956 267 1043 324 DE
1081 263 1468 323 SCHISMATE
1506 259 2041 321 DONATISTARUSI
2084 260 2289 317 LIBER
2329 260 2649 319 TERTIUS.

3286 258 3423 315 1010

142 396 247 439 aut
280 400 494 443 mensas
522 384 635 456 (78)
686 394 976 456 potuerunt
1006 392 1030 420 ἰ
1061 381 1354 437 numerari.
1406 379 1484 434 Ex
1514 393 1739 449 quorum
1770 382 1819 440 Α
1845 378 2173 433 conduceret
2216 378 2445 434 turbam.
2481 381 2556 434 Ex
2581 380 2697 449 ipso
2722 393 2918 455 genere
2939 380 3151 435 fuerant
3196 378 3286 448 qui
3330 377 3430 433 sibi

143 492 383 534 numero
411 496 529 534 cum
557 480 717 550 aliqui
749 480 861 549 (79)
899 479 950 532 in
984 475 1223 531 Basilicis
1270 472 1484 543 sepeliri
1541 472 1737 541 cmpis-

141 579 311 637 seut,
335 573 523 628 Clarus
548 575 827 643 presbyter
865 574 931 625 in
979 572 1095 625 loco
1128 560 1473 629 Subbulensi,
1521 564 1587 618 ab
1628 564 1742 634 epi-

145 678 327 741 scopo
352 667 459 738 δι
491 682 589 720 suo
612 677 831 721 coactus
860 676 962 731 est,
986 675 1037 717 ut
1058 661 1172 735 (80)
1192 662 1509 731 insepultam
1547 660 1746 736 laceret

140 758 483 825 sepulturam
506 758 643 828 (8i).
672 759 783 829 (8‘2)
818 758 967 813 Unde
996 755 1261 825 proditum
1290 763 1406 819 est,
1432 750 1743 806 mandatum

138 847 319 902 fuisse
346 848 460 903 fieri
488 890 503 915 ,
537 850 678 919 quod
708 848 901 903 factum
950 858 1030 903 est
1066 840 1177 919 (85)
1207 866 1218 901 :
1248 846 1462 912 quando
1510 860 1609 901 nec
1655 861 1741 900 se-

147 939 372 1007 pultura
414 940 466 995 in
495 941 656 996 domo
674 940 766 996 Dei
790 940 1029 995 exhiberi
1058 955 1315 995 concessa
1346 949 1425 994 est
1455 938 1591 1010 (84).
1626 937 1742 1007 (85)

140 1031 350 1086 Eorum
408 1040 589 1101 postea
616 1033 889 1086 convaluit
916 1031 1222 1086 tnultitudo.
1262 1030 1351 1086 Sic
1404 1033 1605 1085 invenit
1638 1030 1741 1084 Do-

142 1132 311 1179 natus
351 1123 688 1196 Bagaiensis,
739 1123 877 1180 unde
905 1133 1096 1181 contra
1143 1122 1431 1179 Macarium
1486 1123 1739 1178 furiosam

1841 486 2184 541 percussores
2243 472 2342 527 sub
2395 473 2681 544 cupiditate
2724 470 2839 529 falsi
2895 473 3135 545 martyrii
3182 473 3233 526 in
3282 486 3430 526 suam

1844 564 2134 632 perniciem
2192 565 2595 621 conducebant..
2645 567 2771 621 lude
2833 568 2992 622 etiam
3048 566 3162 633 illi,
3221 566 3310 635 qui
3365 580 3431 619 ex

1844 654 2073 708 altorum
2103 655 2359 708 montium
2410 657 2777 711 cacuminibus
2826 658 2959 712 viles
3005 658 3211 711 animas
3260 654 3430 725 proji-

1818 744 1819 751 “
1845 747 2051 801 cientes
2074 789 2087 811 ,
2120 762 2177 801 se
2209 749 2509 817 prteeipites
2537 750 2754 803 dabant.
2784 750 2922 805 Ecce
2952 766 3016 805 ex
3045 749 3184 819 quali
3206 762 3432 802 numero

1849 839 1950 894 sibi
2001 839 2284 909 episcopus
2333 838 2469 893 alter
2520 841 2755 895 Donatus
2800 839 3047 895 cohortes
3086 840 3112 879 ι’
3158 840 3431 895 effecerat.

1854 934 1964 989 Hoc
1990 947 2134 988 metu
2184 932 2423 989 deterriti
2471 932 2582 999 illi,
2614 932 2703 1003 qui
2752 933 3034 989 therausos
3081 933 3319 988 ferebant
3348 941 3370 969 ε
3417 973 3431 995 ,

1855 1043 1989 1098 quos
2014 1026 2335 1097 pauperibus
2384 1034 2670 1095 erogarent
2692 1066 2707 1091 ,
2740 1025 3059 1080 invenerunt
3084 1027 3134 1080 in
3164 1034 3307 1080 tanta
3339 1039 3435 1080 ne-

1856 1122 2107 1179 cessitate
2130 1121 2443 1188 consilium,
2475 1130 2530 1175 ut
2560 1136 2589 1173 a
2617 1119 2894 1190 Sylvestro
2915 1118 3122 1176 Comite
3163 1130 3427 1176 armatum

1390 1216 1772 1275 LECTIONES
1812 1216 2224 1273 VARIANTES.

210 1310 240 1375 ξ*
279 1310 351 1375 Ita
373 1313 423 1360 in
441 1312 668 1375 omnibus
690 1324 806 1363 mss.
832 1312 961 1362 male
984 1314 1041 1375 in
1060 1312 1223 1374 editis,
1247 1318 1488 1375 poterunt.

209 1371 242 1413 b
280 1371 337 1422 In
354 1386 443 1424 ms.
469 1374 529 1424 G.
552 1381 824 1437 consortes;
846 1375 937 1424 sed
952 1373 1099 1424 male.

1913 1316 1932 1341 ε
1960 1310 2017 1360 In
2037 1324 2127 1361 ms.
2154 1310 2206 1360 S.
2234 1309 2291 1361 T.
2313 1312 2397 1374 qui
2420 1322 2571 1376 prope
2589 1310 2837 1363 thesauros
2858 1309 3056 1375 ferrent.

1492 1457 1627 1514 VAR
1639 1458 1851 1517 IORUM
1888 1461 2115 1518 NOTAE.

138 1560 299 1606 tomo
345 1569 376 1607 ι
404 1595 419 1617 ,
451 1567 550 1622 pag
576 1553 644 1609 82
666 1592 681 1615 ,
712 1553 839 1608 485.
872 1553 1023 1620 Quod
1055 1552 1101 1607 si
1156 1552 1416 1606 dealbatas
1458 1567 1556 1622 pro
1608 1553 1744 1607 albis

138 1633 237 1678 aut
268 1624 515 1678 candidis
540 1623 864 1694 accipiamus
887 1666 901 1687 ,
960 1634 1067 1677 tum
1098 1622 1396 1694 lueritillis
1419 1623 1570 1677 color
1623 1638 1745 1694 pro,-

142 1696 301 1763 prius
330 1694 446 1764 ejus
480 1693 680 1756 terrai,
714 1696 825 1749 sive
856 1694 959 1748 loci
980 1736 994 1758 ,
1022 1694 1109 1747 ubi
1139 1693 1400 1761 sepulturi
1434 1702 1579 1746 sunt.
1608 1693 1741 1747 Nam

138 1766 311 1829 etiam
336 1772 609 1820 trecentos
642 1766 761 1820 illos
794 1774 1090 1837 martyres,
1114 1779 1338 1837 quorum
1389 1764 1660 1837 memoria
1676 1764 1745 1817 24
1776 1768 1824 1827 B

136 1838 376 1906 Augusti
407 1837 603 1891 colitur
627 1878 640 1901 ,
693 1854 719 1889 a
746 1834 964 1891 fornace
993 1836 1220 1890 calcaria
1245 1877 1259 1900 ,
1289 1834 1340 1889 in
1372 1849 1472 1903 qua
1524 1834 1665 1904 passi
1692 1844 1747 1889 et

139 1911 454 1976 consumpti
509 1920 661 1967 Sllltl,
716 1925 939 1961 massam
994 1906 1301 1968 candidam,
1350 1906 1522 1959 dictos
1572 1921 1692 1960 esse
1726 1946 1741 1972 ,

140 1980 325 2032 sciunt.
359 1994 568 2034 onmes.
602 1980 771 2033 Etiam
818 1979 938 2032 illos
967 1978 1383 2031 innumerabiles
1432 1986 1696 2047 martyres
1725 2017 1740 2041 ,

139 2050 235 2119 qui
284 2049 388 2103 sub
419 2049 649 2104 Daciano
690 2049 1063 2118 Hispaniarum
1110 2049 1339 2118 pra-side
1384 2048 1525 2115 passi
1570 2058 1694 2119 sunt
1723 2089 1738 2115 ,

138 2118 487 2191 quorumque
514 2121 770 2175 memoria
818 2122 852 2177 3
897 2120 1214 2175 Novembris
1255 2119 1305 2173 in
1330 2119 1549 2191 Calend.
1581 2118 1737 2173 Rom.

139 2189 457 2246 celebratur
483 2234 496 2253 ,
528 2207 633 2247 non
658 2192 729 2247 ab
755 2192 853 2245 alia
886 2205 1075 2253 causa,
1110 2205 1267 2259 quam
1332 2189 1434 2243 loci
1490 2200 1739 2253 tet-rmve,

140 2268 264 2317 sive
291 2263 521 2317 calcaria
546 2303 559 2326 ,
592 2263 705 2317 sive
756 2263 857 2316 alia
891 2262 1077 2331 quavis
1108 2263 1319 2329 propria
1350 2260 1597 2319 albedine
1623 2303 1636 2325 ,
1688 2271 1743 2316 ct

143 2334 299 2400 ipsos
328 2350 547 2387 massam
574 2333 845 2387 candidum
886 2347 1006 2386 esse
1034 2341 1369 2392 nuncupatos
1394 2331 1738 2397 crediderim,

138 2404 394 2471 quamvis
446 2405 603 2456 aliam
634 2405 701 2457 ab
747 2403 863 2456 aliis
884 2404 997 2470 ejus
1048 2402 1421 2471 appellationis
1476 2403 1739 2457 rationem

140 2473 298 2527 reddi
331 2489 438 2527 non
469 2474 724 2542 ignorem.
757 2472 825 2527 bl.
854 2471 1083 2527 CASAUB.

214 2544 339 2613 (78)
386 2541 770 2597 Perdealbatas
798 2560 917 2597 aras
943 2555 1031 2595 aut
1069 2558 1287 2598 mensas.
1336 2542 1437 2598 Per
1464 2541 1741 2599 dealbalos

142 2615 388 2669 tumulos
418 2615 469 2667 in
500 2630 606 2667 ara:
633 2617 858 2668 formam
887 2622 1246 2668 construetos.
1277 2614 1410 2669 Cum
1452 2614 1741 2670 Donatista:

141 2685 627 2741 Circumcelliones
655 2686 775 2740 illos
823 2686 1030 2739 occisos
1057 2701 1151 2749 pro
1182 2685 1504 2755 martyribus
1561 2686 1741 2741 babe-

104 2760 111 2765 ’
142 2764 305 2823 rent,
340 2771 501 2824 super
530 2772 715 2811 eorum
744 2756 987 2823 sepulcra
1013 2770 1135 2809 aras
1161 2765 1538 2810 exstruxerant
1562 2774 1575 2821 ;
1616 2774 1736 2809 nam

143 2843 313 2898 super
340 2828 576 2883 tumulos
610 2840 907 2898 martyrum
936 2842 1055 2881 aras
1079 2828 1289 2898 erigere
1316 2827 1556 2881 solebant
1584 2829 1739 2896 primi

139 2897 479 2964 Christiani,
533 2907 587 2954 et
634 2900 702 2953 ibi
742 2897 894 2954 sacra
931 2898 1225 2953 celebrare.
1272 2897 1588 2967 IIujusniodi
1628 2915 1739 2954 arte

140 2972 309 3024 etiam
337 2985 536 3024 mensae
564 2970 896 3025 dicebantur.
928 2969 1155 3038 Insignis
1182 2981 1260 3023 est
1292 2984 1352 3024 ea
1401 2970 1465 3021 de
1508 2984 1565 3023 re
1592 2971 1739 3025 locus

140 3042 285 3105 apud
342 3053 583 3096 sanetum
633 3043 1025 3109 Augustinum,
1074 3055 1323 3094 sermone
1355 3038 1421 3093 de
1467 3040 1734 3106 diversis,

139 3112 269 3182 olim
295 3127 427 3167 cxnl
454 3155 466 3175 ,
499 3127 638 3167 nunc
683 3127 843 3176 cccx,
879 3112 929 3165 in
974 3112 1133 3165 natali
1159 3112 1410 3182 Cypriani
1444 3111 1731 3182 martyris:

142 3181 379 3251 Denique
398 3224 416 3248 ,
444 3183 611 3252 inquit
634 3225 649 3245 ,
674 3184 802 3236 sicut
832 3184 990 3236 nostis
1026 3179 1325 3253 quicumque
1371 3179 1731 3253 Carthaginem

139 3256 337 3315 nostis.
364 3256 417 3307 in
442 3255 613 3308 eodem
650 3254 762 3308 loco
810 3270 983 3307 mensa
1038 3252 1147 3306 Deo
1193 3263 1481 3306 constructa
1528 3252 1632 3317 est,
1686 3264 1733 3307 et

142 3337 309 3395 tamen
338 3341 509 3379 meum
539 3326 724 3379 dicitur
745 3324 987 3395 Cypriani
1008 3340 1024 3377 :
1047 3340 1148 3377 non
1171 3326 1289 3391 quia
1312 3323 1379 3376 ibi
1402 3335 1474 3377 est
1496 3341 1734 3394 umquam

140 3394 432 3465 Cyprianus
460 3398 727 3462 epulatus;
754 3394 843 3449 sed
861 3397 980 3465 quia
1006 3396 1071 3447 ibi
1091 3405 1163 3449 est
1192 3396 1483 3448 immolatus
1508 3435 1521 3457 ,
1548 3406 1593 3448 et
1613 3397 1733 3465 quia

138 3468 255 3536 ipsa
284 3467 632 3521 immolatione
658 3484 753 3521 sua
771 3470 966 3538 paravit
990 3466 1119 3519 hanc
1140 3482 1364 3538 mensam
1392 3482 1413 3518 .'
1432 3482 1531 3538 no_n
1558 3467 1611 3519 in
1633 3484 1734 3537 qua

139 3534 319 3607 pascat
345 3541 449 3591 sive
496 3547 735 3609 pascatur
759 3534 780 3591 ἑ
803 3537 891 3609 sed
916 3538 967 3590 in
998 3554 1100 3605 qua
1122 3536 1454 3609 macri/icium
1481 3534 1588 3592 Deo
1607 3580 1623 3603 ,
1644 3534 1735 3591 cui

137 3620 184 3662 et
242 3610 357 3681 ipse
398 3607 595 3663 oblatus
648 3618 755 3673 est»,
808 3607 1071 3674 offeratur.
1116 3607 1428 3681 Hujusrnodi
1485 3622 1607 3681 aras
1638 3624 1732 3662 seu

138 3678 360 3734 mensas
385 3694 547 3749 super
594 3682 823 3733 tumulos
849 3690 1142 3749 martyrum
1174 3680 1371 3749 passim
1404 3678 1456 3749 in
1486 3680 1627 3747 agris
1679 3688 1733 3734 et

138 3751 240 3804 viis
272 3747 525 3805 aedificari
558 3750 743 3804 solitas
773 3751 1064 3818 praesertim
1115 3748 1166 3801 in
1204 3747 1373 3801 Africa
1402 3748 1559 3803 docet
1598 3765 1731 3805 con-

136 3823 245 3874 cilii
292 3820 731 3889 Cartliaginensis
756 3836 786 3871 v
811 3834 979 3874 canon
1015 3819 1124 3887 jam
1178 3819 1420 3873 laudatus
1474 3835 1503 3871 a
1537 3821 1727 3876 nobis:

144 3890 351 3945 Placuit
381 3902 435 3945 ut
456 3894 639 3945 altaria
679 3907 792 3957 qua:
816 3892 1002 3959 passim
1034 3907 1121 3955 per
1144 3906 1293 3959 agros
1340 3900 1426 3941 aut
1463 3891 1570 3943 vias
1598 3903 1725 3944 tam-

136 3980 287 4031 quam
316 3963 575 4015 memoria:
596 3971 878 4032 martyrum
898 3965 1300 4023 constituuntur,
1326 3970 1427 4013 etc.
1457 3962 1601 4014 Alias
1625 3978 1729 4018 non

138 4034 338 4087 desunt
382 4034 623 4100 exempla
668 4034 860 4102 quibus
912 4032 1228 4085 ostendatur
1280 4046 1443 4099 super
1498 4034 1765 4088 tumulos-

140 4114 477 4159 tnorttiorum
509 4118 626 4157 aras
664 4114 717 4157 et
740 4119 951 4157 mensas
979 4103 1080 4156 tlici
1115 4102 1370 4169 potuisse.
1408 4103 1558 4169 Apud
1607 4106 1732 4159 Ovi-

142 4174 288 4228 dium
323 4191 536 4229 ararutn
586 4176 962 4243 sepulcraliqu
998 4175 1051 4225 lit
1106 4176 1328 4228 mentio.
1385 4172 1587 4227 SeneCa
1641 4192 1729 4242 t-p.

141 4261 331 4315 Lxijvr
369 4265 381 4299 :
426 4244 490 4297 In
536 4247 648 4311 ipsa
681 4244 936 4315 Scipionis
976 4246 1209 4315 Africani
1258 4243 1379 4296 villa
1418 4246 1599 4313 jacens
1627 4247 1734 4300 lucc

139 4313 235 4369 tibi
256 4318 421 4370 scribo
468 4313 1113 4387 adoratismanibus'cjus,
1144 4326 1189 4369 et
1234 4330 1519 4388 araquam
1564 4319 1734 4388 sepul-

138 4388 279 4439 crum
312 4389 440 4441 tanti
461 4388 553 4438 viri
583 4404 689 4441 esse
718 4388 967 4458 suspicor.
992 4386 1187 4439 ’tLiccro
1231 4386 1296 4437 de.
1330 4386 1557 4453 Legibus
1590 4386 1625 4440 I.
1654 4404 1734 4453 II‘,‘

141 4458 407 4526 δέραισι-ξε
431 4470 594 4510 autem
623 4461 761 4511 novis
787 4458 948 4526 finivit
976 4458 1181 4510 modum
1206 4472 1223 4518 ;
1253 4473 1371 4509 nam
1398 4472 1547 4524 super
1587 4469 1735 4512 terrm

1850 1555 2101 1625 iidemque
2142 1554 2341 1608 bustum
2388 1556 2440 1607 in
2472 1558 2586 1623 foro
2626 1558 2868 1623 facerent,
2898 1554 2983 1622 qui
3021 1553 3161 1607 illam
3190 1553 3431 1625 insepul-

1854 1633 1959 1678 tam
1990 1624 2317 1692 sepulturam
2349 1628 2587 1693 fecerant.
2618 1625 2695 1679 Ad
2722 1640 2880 1695 quem
2912 1626 3085 1679 locum
3114 1624 3234 1679 vide
3262 1628 3427 1680 inter-

1850 1704 2051 1764 pretes.
2082 1696 2365 1749 CLERICUS.

1923 1765 2041 1837 (8‘2)
2088 1764 2759 1837 Undeproditumallnde
2808 1766 3075 1837 proditum
3126 1765 3428 1819 Donatistas

1852 1835 1938 1891 vel
1968 1837 2079 1905 suis
2106 1836 2433 1901 sepulturam
2477 1840 2525 1888 in
2552 1836 2712 1890 domo
2740 1836 2831 1889 Dei
2858 1835 3168 1905 denegasso.
3198 1840 3421 1890 ALBASP.

1920 1907 2052 1962 Ibid.
2112 1906 2259 1961 Unde
2317 1908 2571 1975 proditum
2622 1916 2693 1961 est
2745 1906 3037 1960 mandatum
3082 1905 3269 1973 fuisse,
3318 1915 3421 1961 etc.

1850 1980 2017 2041 llanc,
2053 1980 2242 2047 inquit,
2289 1978 2625 2031 occasionem
2656 1977 2959 2031 calIIOIICOS
3004 1976 3311 2031 traducendi
3339 1992 3427 2029 ar—

1847 2051 2127 2116 ripuerunt
2178 2050 2488 2111 Donatistae,
2534 2050 2681 2115 quasi
2726 2048 2887 2102 catdis
2936 2048 3075 2102 illius
3119 2063 3182 2101 ac
3229 2049 3422 2117 stragis

1846 2120 2351 2177 Circumcelliounm
2403 2119 2627 2173 fuissent
2689 2120 3007 2186 itnpolsores
3056 2128 3108 2171 et
3154 2129 3420 2180 auctores.

1845 2193 1966 2259 quia
2017 2206 2185 2245 ctesos
2216 2190 2266 2244 in
2296 2190 2559 2253 Basilieis,
2607 2192 2819 2258 sepeliri
2855 2197 3034 2254 postea
3075 2204 3178 2242 non
3227 2190 3420 2257 permi-

1846 2272 2056 2325 serunt,
2082 2262 2231 2328 quasi
2258 2261 2401 2315 idem
2430 2270 2592 2323 esset,
2625 2262 2949 2328 sepulturam
2982 2262 3031 2312 in
3061 2260 3299 2314 Ecclesia
3330 2275 3424 2313 ue-

1844 2347 1972 2401 gare
2003 2341 2059 2385 et
2084 2335 2185 2383 vita
2218 2332 2448 2401 privare.
2496 2330 2794 2385 Observare
2841 2344 2937 2384 nos
2970 2330 3069 2401 (hic
3110 2330 3258 2397 jubet
3304 2330 3423 2384 Bol-

1845 2400 2071 2465 duinus,
2114 2400 2330 2456 vetitam
2373 2410 2481 2454 tum
2514 2403 2565 2454 in
2592 2402 2812 2469 templo,
2848 2402 2930 2454 vel
2962 2400 3201 2455 Ecclesia
3245 2403 3422 2469 sepul-

1846 2483 2042 2527 turam.
2072 2473 2177 2529 Sed
2205 2474 2251 2529 si
2279 2487 2338 2527 ea
2372 2487 2523 2526 mens
2549 2471 2724 2541 Optati
2758 2480 2861 2536 est,
2892 2473 3032 2540 quod
3066 2473 3145 2527 bis
3168 2482 3416 2540 negatum

1844 2555 1945 2607 est,
1994 2545 2045 2601 id
2080 2544 2286 2613 publica
2319 2544 2433 2612 lege
2460 2558 2521 2596 ac
2549 2559 2698 2597 more
2730 2551 2975 2613 negatum
3005 2557 3155 2607 esse;
3211 2546 3421 2597 non‘vi-

1843 2617 1944 2670 deo
1988 2619 2077 2686 qui
2106 2615 2231 2671 hinc
2255 2625 2625 2686 argumentum
2655 2615 2738 2668 vel
2770 2614 3118 2679 levissimum,
3154 2616 3418 2669 mandata:

1844 2702 1874 2739 a
1902 2685 2180 2741 catholicis
2207 2686 2400 2755 stragis
2433 2685 2723 2739 Donatista:
2741 2686 2934 2740 ducere
2962 2687 3249 2754 potuerint,
3273 2686 3415 2755 quod

1843 2767 2019 2812 tamen
2073 2760 2317 2821 innuere,
2349 2772 2671 2825 causamque
2720 2757 2855 2811 banc
2888 2758 3207 2826 suspicionis
3231 2766 3285 2812 et
3328 2773 3417 2813 ca-

1842 2829 2057 2883 lumnia:
2107 2829 2331 2884 reddere
2364 2827 2572 2882 videtur
2614 2826 2860 2897 Optatus.
2912 2829 3038 2884 Srio
3078 2840 3290 2884 exstare
3321 2831 3417 2883 ali-

1842 2911 1970 2969 quot
2000 2898 2245 2955 Cauoncs
2270 2902 2359 2968 qui
2391 2908 2594 2964 vetant,
2626 2900 2851 2954 fortasse
2896 2910 2950 2954 et
2998 2901 3202 2967 aliquot
3252 2902 3418 2969 impe-

1841 2985 2076 3026 ratorum
2110 2973 2275 3041 leges.
2312 2971 2362 3024 Id
2397 2981 2570 3025 tamen
2619 2972 2671 3025 in
2698 2971 2961 3025 Africanis
2990 2971 3267 3033 Ecclesiis.
3310 2988 3413 3025 non

1844 3042 1978 3096 ultra
2008 3042 2305 3098 obtinuisse
2333 3042 2600 3111 suspicor,
2623 3059 2781 3108 quam
2813 3052 2869 3096 ut
2898 3044 3012 3097 sine
3058 3043 3416 3111 perutissione

1839 3114 2078 3184 episcopi
2130 3130 2233 3170 non
2269 3115 2475 3168 liceret.
2504 3114 2654 3181 Quod
2703 3124 2811 3168 tum
2861 3116 2948 3168 bie
2990 3111 3249 3182 Optatus,
3303 3124 3411 3167 tum

1839 3184 2168 3255 Augustinus
2197 3186 2260 3239 de
2285 3184 2423 3239 Cura
2460 3202 2551 3251 pro
2582 3187 2815 3247 mortuis,
2846 3202 2949 3239 non
2997 3187 3243 3249 obscure,
3292 3201 3413 3240 tneo

1836 3259 2049 3327 quidem
2077 3257 2301 3327 judicio,
2332 3256 2691 3327 subiudicant.
2734 3257 3077 3326 Armogastes
3106 3259 3245 3325 apud
3273 3256 3411 3311 Vict.

1838 3323 1977 3381 Uiic.
2011 3323 2100 3382 lib'.
2135 3344 2174 3393 ι,
2214 3343 2334 3381 cum
2380 3326 2610 3382 Felicem
2643 3339 2855 3397 rogaret
2903 3323 3211 3391 moriturus,
3258 3336 3313 3379 ut
3357 3344 3416 3383 se

1838 3400 1937 3452 sub
1994 3399 2200 3466 siliquas
2246 3400 2438 3453 arbore
2486 3398 2718 3466 sepelire
2765 3398 3091 3466 dignaretur,
3140 3400 3412 3466 reSpondit

1840 3468 1986 3523 Felix
2020 3487 2031 3521 :
2062 3468 2193 3525 absit
2222 3488 2253 3523 a
2281 3469 2443 3529 vobis,
2466 3468 2738 3539 Confessor
2778 3469 3097 3534 venerabilis;
3143 3469 3231 3523 sed
3273 3487 3414 3535 sepe-

1837 3541 1959 3593 liant
1990 3551 2035 3593 te
2077 3542 2129 3593 in
2168 3558 2271 3593 una
2310 3539 2669 3606 Basilicarum,
2716 3557 2827 3593 cum
2874 3542 3132 3610 triumpho
3174 3550 3219 3593 et
3248 3543 3415 3611 gratia

1873 3628 1989 3663 uani
2039 3614 2264 3665 mereris.
2316 3611 2370 3665 In
2418 3612 2551 3665 urbe
2599 3621 2773 3665 autem
2823 3611 2961 3665 intra
3012 3627 3212 3673 muros,
3262 3613 3412 3666 nefas

1861 3682 2020 3742 uisse,
2076 3692 2267 3750 prteler
2318 3696 2535 3749 paucos,
2564 3696 2701 3749 quos
2748 3696 2885 3735 nexu
2932 3684 3232 3735 communis
3278 3682 3411 3752 legis

1836 3752 2069 3821 speciale
2102 3752 2430 3820 privilegium
2475 3761 2768 3815 exenterat,
2817 3766 3135 3821 quemquam
3181 3754 3411 3814 sepelire

1836 3838 1932 3889 per
1955 3822 2223 3893 Romanas
2252 3823 2419 3893 leges,
2456 3823 2540 3876 vel
2576 3838 2695 3889 qua:
2738 3832 2946 3876 exstant
2992 3823 3151 3877 hodie
3197 3823 3410 3877 abunde

1838 3893 1991 3947 tidem
2044 3892 2261 3947 faciunt.
2320 3893 2473 3959 Quod
2524 3893 2623 3947 etsi
2671 3894 2848 3947 statim
2907 3904 3027 3962 post
3076 3895 3411 3948 Constantini

1838 3976 2075 4033 tempora
2103 3965 2264 4029 erepit
2295 3965 2624 4029 exolescere,
2672 3964 2989 4030 tandemque
3024 3966 3232 4031 penitus
3274 3966 3410 4035 legi-

1838 4036 1935 4087 bus
1968 4035 2335 4103 imperialibus
2358 4036 2668 4104 abrogatum
2690 4036 3006 4098 est,diutius
3037 4048 3211 4090 tamen
3244 4039 3411 4091 multo

1836 4106 1953 4159 aliis
1982 4106 2031 4159 in
2062 4106 2215 4167 locis,
2244 4116 2300 4159 ut
2328 4108 2378 4160 in
2410 4106 2595 4160 Callia:
2623 4106 2946 4170 civitatibus,
2992 4108 3150 4160 etiam
3198 4117 3251 4160 et
3293 4108 3409 4162 Au-

1836 4177 1956 4241 gliae
2004 4187 2276 4231 servatum
2324 4185 2427 4232 est.
2478 4177 2583 4231 Sed
2632 4178 2746 4231 lure
2791 4178 2982 4231 obiter.
3034 4177 3184 4242 Quod
3231 4190 3409 4232 autem

1840 4247 2095 4301 Baronius
2124 4264 2213 4302 an.
2243 4247 2342 4301 Cb.
2375 4250 2498 4312 309,
2526 4248 2581 4310 4,
2612 4265 2677 4301 ex
2705 4248 2795 4300 lib.
2828 4249 2893 4301 de
2922 4247 3075 4301 Ruri».
3108 4248 3406 4301 Pontilicib.

1838 4318 2003 4383 elicit,
2037 4319 2291 4372 Ecclesize
2325 4320 2477 4371 Itum.
2524 4334 2550 4370 a
2586 4320 2865 4374 Maxentio,
2900 4318 3199 4371 Maximiani
3248 4318 3409 4383 Filio,

1833 4389 1942 4456 jam
1991 4400 2100 4443 tum
2147 4404 2460 4443 concessum
2510 4389 2692 4450 fuisse,
2741 4398 2796 4441 ut
2826 4402 3049 4458 Corpora
3079 4390 3410 4444 Christiano-

1838 4476 1953 4513 rum
2006 4473 2296 4529 martyrum
2341 4462 2475 4512 intra
2522 4460 2705 4513 urbem
2754 4459 2983 4525 sepelire
3030 4461 3156 4527 ipsis
3205 4462 3411 4528 liceret,

139 4533 396 4583 tumulum
427 4530 591 4582 noluit
612 4530 734 4598 quid
763 4532 950 4592 statui,
984 4530 1081 4581 nisi
1105 4529 1427 4598 (obturet/um
1455 4528 1613 4581 tribus
1652 4531 1730 4581 di—
1756 4531 1807 4589 D
1834 4530 2007 4584 donec
2035 4528 2246 4583 aliunde
2285 4534 2650 4591 conﬁrmetur,
2690 4530 2964 4597 probabile
3008 4532 3135 4583 tuibi
3186 4548 3289 4585 non
3335 4534 3415 4585 vi-

138 4602 255 4668 gilis
286 4618 390 4654 non
419 4596 685 4664 altiorem,
718 4612 804 4651 aut
840 4616 1064 4651 mensam
1091 4609 1176 4651 aut
1209 4596 1464 4650 labellum.
1502 4599 1725 4652 Suorum

140 4683 354 4731 autem,
407 4680 463 4724 ut
509 4671 799 4738 putabant,
852 4684 1143 4739 martyrum
1194 4668 1453 4739 sepulcris
1502 4685 1622 4721 aras
1676 4680 1731 4725 et

140 4757 354 4795 mensas
383 4744 657 4808 impositas
679 4740 835 4793 dealb
855 4738 1055 4793 .vera’nt
1081 4738 1388 4802 Donatistae,
1410 4746 1466 4789 ut
1494 4740 1728 4795 notiores

140 4822 190 4864 et
209 4813 531 4881 insigniores
556 4820 736 4865 essent
755 4852 768 4874 ,
798 4820 998 4879 utquea
1019 4810 1230 4864 caeteris
1250 4808 1723 4931 disﬁiuguereutur.

1361 4895 1391 4931 υ
1420 4894 1523 4931 rm.

1361 4895 1391 4933 U
1420 4894 1523 4935 PIN.

208 4953 327 5023 (79)
358 4951 421 5003 In
446 4952 700 5004 Basilicis.
736 4951 993 5020 Loquitur
1020 4950 1085 5003 de
1108 4949 1647 5007 Circumcellionibus
1698 4959 1728 5009 is

138 5022 375 5076 Taurino
429 5024 654 5086 occisis,
702 5037 806 5076 neu
848 5039 875 5075 a
904 5023 1174 5075 Macario:
1218 5035 1351 5090 quos
1383 5033 1439 5074 ut
1480 5025 1729 5081 ostendat

142 5095 373 5148 furiosos
406 5093 567 5148 fuisse
594 5105 641 5147 et
680 5095 935 5158 insanos,
989 5095 1062 5146 ait
1102 5092 1421 5147 Sabulensis
1467 5094 1567 5147 loci
1615 5098 1731 5162 cpi--

139 5180 359 5233 Stopum
401 5166 727 5219 Donatistam
757 5165 1085 5234 sepulturam
1116 5164 1193 5218 eis
1222 5165 1271 5217 in
1300 5164 1537 5219 Ecclesia
1566 5166 1733 5221 deue-

140 5251 308 5305 gasse.
346 5239 571 5292 ALnase.

193 5307 325 5378 ’(80)
369 5305 685 5372 Insepultam
720 5310 905 5379 faceret
933 5306 1268 5373 sepulturam.
1304 5306 1373 5362 Ut
1401 5307 1468 5362 ab
1496 5308 1733 5365 Ecclesia

141 5383 449 5446 sepulturas
479 5379 597 5431 illas
623 5378 861 5444 ejic'eret.
895 5378 1121 5431 ALBASP.

214 5452 325 5520 (8i)
370 5448 689 5516 Insepultam
723 5452 909 5520 faceret
932 5451 1264 5518 sepulturam.
1296 5448 1382 5503 Ut'
1407 5466 1601 5517 corpus
1630 5450 1733 5505 hu~

146 5519 340 5574 martum
374 5530 465 5572 aut
512 5536 628 5569 mox
668 5519 997 5570 humandum
1032 5522 1349 5571 exbutuart-t
1398 5532 1484 5572 aut
1535 5522 1736 5587 abjice-

146 5602 240 5643 ιρι.
295 5592 370 5642 Im
409 5590 525 5661 I:tt~t.
553 5588 897 5661 ESlAIIIrtIlttAlIti
929 5587 1208 5649 Ciceronis,
1252 5590 1338 5661 qui
1402 5591 1451 5644 in
1486 5592 1501 5644 I
1536 5592 1737 5661 Philip-

149 5662 260 5725 pica
308 5660 375 5713 de
421 5657 606 5712 itinere
649 5658 775 5715 Julii
804 5655 1049 5721 Caesaris,
1086 5676 1131 5711 c.
1163 5661 1196 5713 εξ
1224 5679 1232 5710 :
1273 5655 1406 5713 Cum
1438 5678 1656 5729 serperet
1682 5655 1737 5718 in

154 5731 287 5785 Urbe
328 5732 591 5799 inﬁnitum
639 5732 851 5795 malum,
884 5730 1035 5796 idque
1060 5740 1287 5785 manaret
1334 5733 1383 5785 in
1426 5734 1533 5787 dies
1560 5735 1735 5804 latius,

1836 4601 2026 4666 detur;
2068 4610 2171 4653 tant
2206 4610 2421 4655 recente
2447 4600 2619 4654 adhuc
2651 4601 2963 4654 Diocletiani
3011 4614 3062 4654 ct
3107 4604 3414 4658 Maximiani

1835 4673 1968 4739 lege,
2021 4687 2141 4739 quae
2172 4681 2277 4724 tam
2312 4672 2431 4725 aliis
2461 4674 2711 4726 omnibus
2759 4687 2915 4741 quam
2966 4669 3283 4727 Christianis
3333 4678 3415 4729 itt-

1835 4741 2149 4797 terdicebat.
2184 4744 2251 4797 Μ.
2283 4741 2511 4798 (ΞΑεΑυΒ.

1907 4813 2022 4883 (85)
2067 4812 2214 4868 Unde
2240 4816 2496 4883 proditum
2526 4827 2595 4869 est
2626 4815 2917 4867 mandatum
2946 4815 3105 4884 fuisse
3142 4818 3253 4886 ﬁeri
3280 4820 3417 4883 quod

1836 4887 2026 4953 factum
2064 4895 2155 4939 est.
2193 4887 2325 4940 Ilinc
2350 4889 2687 4940 occasionem
2718 4887 3058 4953 arripuerunt
3104 4890 3416 4943 traducendi

1835 4954 2144 5010 Catholicos
2176 4968 2441 5027 tamquam
2489 4959 2647 5010 Ctl'tIlS
2693 4957 3195 5011 Circumcellionum
3227 4974 3417 5015 aucto-

1836 5042 1940 5080 res.
1980 5028 2054 5082 Du
2080 5044 2181 5083 PIN.

1916 5098 2028 5168 (84)
2068 5100 2285 5166 Quando
2307 5115 2397 5152 nec
2421 5098 2682 5170 sepultura
2710 5101 2759 5150 in
2780 5099 2929 5151 domo
2951 5099 3042 5153 Dei
3061 5102 3285 5156 exhiberi
3300 5120 3421 5157 con-

1841 5186 1981 5222 cessa
2007 5180 2099 5223 est.
2148 5170 2311 5235 Quasi
2344 5170 2585 5223 diceret:
2623 5172 2895 5223 immerito
2941 5172 3160 5225 omnino
3192 5173 3241 5226 id
3291 5176 3421 5227 vitio

1839 5251 2113 5307 verterunt
2144 5240 2430 5295 Catltolicis
2459 5240 2774 5303 Deitatistm,
2800 5241 2939 5307 quod
2973 5259 3109 5296 unus
3138 5259 3200 5297 ex
3234 5260 3422 5299 eorum

1838 5302 2179 5381 Presbyteris
2205 5312 2678 5367 Circumcelliones
2722 5312 2773 5365 in
2819 5302 3062 5367 Basilieis
3091 5316 3301 5380 sepeliri
3337 5333 3425 5369 ve-

1843 5382 2024 5455 tuerit,
2063 5398 2184 5455 eum
2235 5384 2509 5455 sepultura
2562 5385 2613 5437 in
2660 5386 2937 5455 domoDei
2969 5402 3068 5436 non
3112 5388 3427 5452 solt-atpas-

1840 5452 2529 5527 sim"_concetli4omnibus,
2584 5458 2749 5509 inulto
2793 5452 2968 5509 minus
3018 5456 3287 5509 scoleratis
3334 5459 3425 5527 qtti

1843 5525 2034 5577 inet-ito
2060 5524 2337 5579 interfecti
2362 5524 2592 5579 fuerant.
2627 5528 2700 5581 Du
2734 5527 2843 5579 [δικ.

1915 5596 2027 5661 (85)
2060 5595 2254 5649 Eorum
2291 5608 2478 5661 postea.
2507 5598 2580 5650 Ελ
2618 5597 2698 5650 Itis
2747 5597 2943 5650 insanis
2970 5594 3159 5665 quibus
3192 5598 3429 5664 St'ptlIltl-

1843 5682 1953 5719 ratu
2006 5668 2310 5737 (It‘llt‘gaslIS
2359 5668 2591 5721 Donatus
2640 5667 2942 5736 Bagaieusis
2973 5668 3173 5718 turbam
3204 5677 3255 5720 et
3284 5670 3426 5723 utili-

1848 5746 1925 5790 tes
1957 5738 2057 5791 sibi
2087 5738 2336 5793 conduxi:
2369 5738 2622 5791 adversus
2656 5738 2965 5792 Macarium.
3001 5738 3227 5793 ALBASP.
