3828 6218
123 233 274 290 1015

922 228 1009 285 DE
1048 226 1428 286 SCHISMATE
1473 228 2003 288 DONATISTARUM
2047 228 2246 287 LIBER
2285 228 2603 288 TERTIUS.

3272 233 3409 288 1014

124 360 253 398 nam
277 352 333 398 et
361 343 544 399 vinum
566 358 596 397 a
625 341 994 411 peccatoribus
1030 341 1290 411 operariis
1320 351 1373 396 et
1412 342 1649 398 calcatur
1674 354 1728 402 et
1755 349 1801 407 Α
1833 355 1914 400 ret
1944 363 1955 399 :
1985 346 2027 400 si
2056 361 2159 401 non
2198 346 2305 418 63
2355 346 2537 403 feriret
2564 390 2577 413 ,
2607 346 2962 419 delinqueret.
3010 348 3181 418 Elegit
3223 354 3413 406 melius

121 436 423 506 premitur;
448 446 501 491 et
526 435 605 489 sic
626 435 749 489 inde
766 433 875 488 Deo
900 432 1221 487 sacrificium
1248 429 1472 486 offertur
1505 451 1515 485 :
1547 433 1723 489 oleum

1831 447 2130 508 peccatum,
2161 450 2218 493 ut
2240 448 2543 510 percuteret
2568 457 2582 504 ;
2610 450 2663 496 et
2690 438 2827 495 forte
2856 456 2960 495 non
2992 441 3291 507 defuerant,
3323 445 3411 510 qui

120 544 347 603 quoque
391 545 421 585 a
474 527 707 584 sordidis
736 535 791 582 et
822 525 1092 581 nonnullis
1150 524 1290 579 male
1334 525 1632 580 viventibus
1672 537 1729 583 et
1828 529 1987 597 hujus
2014 531 2091 585 rei
2117 530 2381 585 vindicem
2423 532 2577 601 quasi
2620 532 2940 587 homicidam
2974 542 3164 589 notare
3209 532 3413 587 voluis-

118 620 405 676 immunda
461 618 798 690 loquentibus
843 617 1165 682 coniicitur;
1197 625 1253 671 et
1297 624 1473 671 tamen
1512 614 1633 687 '(9‘2)
1671 618 1723 673 in

116 725 345 781 sapore,
386 712 438 766 in
469 711 689 778 lumine,
730 711 889 766 etiam
944 711 995 765 in
1030 718 1218 767 sancto
1242 707 1531 765 chrismate
1553 718 1578 746 ε
1608 708 1721 782 (95)

113 805 445 874 simpliciter
471 813 739 873 erogatur.

198 897 265 951 V.
291 897 620 951 Excusantur
639 897 859 967 operarii
900 896 1130 962 unitatis,
1162 895 1299 966 quod
1337 895 1570 965 asperius
1603 908 1720 963 ege-

117 990 255 1043 rint.
292 1020 358 1030 -—
379 989 667 1060 Operarios
692 990 913 1043 unitatis
938 990 1111 1044 malos
1142 988 1307 1061 fuisse
1332 988 1509 1047 dicitis
1533 1004 1547 1042 :
1584 987 1720 1041 forte

112 1095 248 1153 cum
294 1082 569 1136 voluntate
612 1080 727 1145 Dei,
759 1081 846 1136 cui
879 1095 1278 1151 nonnumquam
1300 1079 1329 1119 δ
1358 1081 1532 1150 placet
1556 1079 1718 1135 etiam

111 1173 271 1245 quod
311 1174 379 1228 ab
426 1174 546 1243 ipso
585 1176 755 1244 potuit
795 1174 1089 1243 prohiberi.
1140 1175 1268 1229 Nam
1296 1174 1544 1245 quaedam
1578 1173 1720 1230 mala

112 1267 266 1320 male
305 1266 435 1320 fiunt
465 1282 477 1319 :
506 1266 751 1335 quaedam
799 1268 937 1322 mala
980 1268 1122 1323 bene
1148 1268 1301 1323 liunt.
1352 1268 1546 1322 Malum
1578 1266 1719 1322 male

111 1360 268 1414 latro
292 1354 462 1414 facit:
510 1360 709 1414 malum
749 1360 887 1414 bene
913 1360 1075 1429 judex
1124 1361 1271 1429 facit,
1317 1361 1445 1417 dum
1478 1360 1718 1416 vindicat

108 1449 265 1520 quod
307 1450 450 1505 latro
474 1451 736 1520 peccavit.
785 1451 915 1505 Nam
946 1451 1062 1505 haec
1090 1452 1180 1505 Dei
1213 1467 1316 1507 vox
1342 1462 1426 1507 est
1455 1470 1467 1505 :
1501 1468 1601 1505 non
1627 1467 1711 1504 oc-

104 1540 258 1595 cides
280 1537 479 1612 (Exod.
512 1556 604 1604 xx,
634 1538 726 1609 15)
753 1557 765 1592 :
800 1549 858 1595 et
884 1541 1053 1609 ipsius
1096 1556 1196 1595 vox
1236 1553 1319 1597 est
1349 1552 1371 1580 ο
1415 1561 1429 1598 :
1458 1543 1501 1595 si
1540 1544 1717 1595 inven-

110 1643 202 1687 tus
232 1632 393 1704 fuerit
416 1631 588 1696 homo,
620 1632 878 1685 dormiens
908 1647 1024 1685 cum
1051 1633 1265 1687 muliere
1306 1633 1521 1686 habente
1557 1633 1717 1685 mari-

1827 632 1970 678 sent.
1990 623 2097 678 Sed
2121 634 2179 677 ut
2199 624 2511 679 ostenderet
2538 624 2701 689 Deus,
2732 625 2909 695 aliqua
2943 611 3087 679 mala
3104 625 3241 680 bene
3275 626 3412 685 ﬁeri.

1826 714 2039 768 locutus
2083 724 2166 769 est
2209 714 2391 769 dicens
2441 733 2454 768 :
2507 714 2731 771 Phinees
2777 718 3026 787 mitigavit
3073 719 3207 771 iram
3248 735 3412 772 meam

1825 803 2012 877 (Num.
2052 821 2174 870 xxv,
2208 802 2336 875 ll):
2385 815 2438 860 et
2484 806 2682 875 placuit
2730 806 2840 861 Deo
2886 808 3255 878 homicidium,
3287 811 3410 881 quia

1822 895 2149 951 vindicatum
2195 906 2278 951 est
2317 897 2660 952 adulterium.
2710 898 2849 964 Quid
2894 902 2938 955 si
2994 909 3050 956 et
3088 902 3249 957 modo
3300 903 3409 959 Deo

1822 986 2046 1058 placuit,
2093 987 2234 1058 quod
2262 1001 2451 1057 passos
2480 1003 2575 1043 vos
2599 1003 2719 1045 esse
2762 990 2962 1056 dicitis,
3014 994 3102 1061 qui
3148 994 3405 1050 unitatem

1821 1094 1942 1134 cum
1974 1086 2088 1134 toto
2118 1079 2248 1134 orbe
2278 1089 2541 1135 terrarum
2570 1091 2623 1135 et
2652 1080 2766 1152 (95)
2806 1096 2925 1137 cum
2969 1086 3241 1141 memoriis
3281 1102 3409 1157 apo-

1820 1173 2102 1238 stolorum,
2134 1188 2251 1243 qua:
2282 1174 2388 1229 Deo
2418 1175 2613 1244 placita
2642 1183 2725 1230 est
2756 1185 2801 1242 ε,
2838 1176 3041 1232 habere
3067 1180 3332 1233 noluistis.

1890 1264 1978 1320 Vl.
2020 1266 2277 1321 Adversus
2305 1266 2693 1321 Donatistarum
2719 1266 3198 1340 Pseudomartyres.
3226 1302 3297 1310 —
3323 1271 3407 1325 ln-

1818 1356 1958 1411 vitus
1985 1372 2149 1427 cogor
2180 1358 2280 1413 hoc
2318 1357 2437 1412 loco
2467 1359 2629 1413 etiam
2681 1360 2934 1428 illorum,
2983 1376 3211 1431 quorum
3254 1363 3404 1429 nolo,

1818 1449 2094 1504 hominum
2128 1448 2304 1504 facere
2332 1452 2691 1517 mentionem,
2739 1466 2873 1521 quos
2907 1467 3004 1507 vos
3032 1453 3172 1507 inter
3197 1468 3402 1521 marty-

1819 1555 1906 1594 res
1934 1540 2128 1607 ponitis
2156 1558 2168 1592 :
2216 1556 2314 1609 per
2342 1555 2477 1610 quos
2504 1549 2775 1611 tamquam
2807 1541 2924 1612 (96)
2958 1557 3052 1613 per
3077 1545 3289 1599 unicam
3322 1561 3407 1601 re-

1818 1634 2095 1703 ligionem,
2122 1642 2315 1687 vestrae
2336 1634 2728 1689 communionis
2756 1634 3002 1691 homines
3022 1637 3229 1706 jurant.
3258 1640 3406 1705 Quos

106 1736 247 1791 (uni,
276 1724 524 1779 occidetis
548 1732 807 1796 utrosque
834 1722 1016 1795 (Deut.
1046 1740 1181 1790 xxn,
1206 1722 1325 1796 2‘2).
1360 1722 1387 1761 δ
1418 1724 1536 1797 (94)
1566 1725 1716 1781 Unus
1746 1724 1794 1784 B
1820 1723 2037 1795 quidem
2066 1723 2263 1778 vellem
2295 1708 2510 1778 silentio
2540 1725 2836 1793 praeterire,
2869 1726 2967 1782 sed
2997 1728 3135 1782 ratio
3162 1731 3407 1785 veritatis

108 1818 287 1883 Deus,
320 1826 375 1872 et
402 1816 780 1871 due'diversae
813 1830 993 1872 voces.
1024 1816 1259 1887 Denique
1287 1832 1407 1870 eum
1458 1816 1713 1883 Phinecs,

106 1910 265 1965 ﬁlius
292 1908 614 1974 sacerdotis,
644 1908 949 1963 adulterum
992 1923 1113 1964 cum
1153 1909 1401 1965 adultera
1422 1908 1711 1976 inveniret,

112 2002 322 2057 levavit
349 2016 470 2057 cum
516 1999 692 2071 gladio
734 2015 976 2065 manum,
1005 2007 1061 2055 et
1082 2002 1222 2056 inter
1262 2000 1396 2056 duas
1429 2016 1589 2057 voces
1618 2000 1711 2057 Dei

104 2093 312 2149 dubius
351 2092 542 2147 stetit:
588 2092 715 2147 hinc
757 2091 822 2146 ad
849 2091 998 2146 illum
1030 2091 1281 2160 sonabat,
1308 2108 1411 2146 non
1458 2091 1660 2146 occides
1692 2106 1712 2145 :

105 2184 241 2242 inde
284 2183 806 2249 sonabat,'occidetis
848 2191 1085 2254 utrosque
1118 2224 1131 2238 .
1165 2183 1221 2238 Si
1253 2182 1462 2253 feriret,
1516 2198 1707 2255 pecca-

1788 1830 1878 1871 tse
1922 1814 2065 1869 sileri
2121 1828 2226 1868 non
2277 1815 2511 1883 patitur:
2565 1823 2621 1869 et
2666 1830 2733 1869 ex
2779 1816 2911 1885 ipsis
2947 1816 3063 1889 (97)
3100 1820 3407 1875 nominibus

1815 1918 2003 1963 contra
2050 1907 2313 1962 unitatem
2362 1906 2758 1963 inconsiderate
2796 1908 2980 1964 rabida
3014 1907 3034 1946 ί
3082 1911 3242 1965 latrat
3272 1912 3409 1966 invi—

1814 1999 1934 2065 dia,
1970 2007 2025 2054 et
2062 1998 2175 2071 (98)
2210 2006 2562 2068 aspernantes
2604 1998 2768 2069 aliqui
2814 1993 3173 2056 accusandam
3203 2012 3295 2056 aut
3325 2003 3407 2057 fu-

1812 2089 2059 2160 giendam
2090 2088 2357 2143 aestimant
2389 2078 2651 2144 unitatem
2678 2130 2693 2157 ,
2746 2089 2890 2159 quod
2919 2089 3183 2151 Marculus
3209 2103 3264 2148 et
3295 2094 3401 2148 Do-

1813 2190 1968 2237 natus
1996 2180 2112 2253 (99)
2136 2180 2383 2236 dicantur
2411 2180 2575 2240 occisi
2606 2188 2660 2237 et
2703 2183 2920 2242 mortui.
2970 2183 3136 2253 Quasi
3182 2190 3402 2243 omnino

1333 2313 1715 2373 LECTIONES
1742 2313 2158 2373 VARIANTES.
2203 2384 2211 2390 ,

170 2434 200 2462 ⁸
239 2432 403 2483 Inms.
423 2430 481 2503 8ζ
502 2429 561 2481 T.
670 2433 834 2481 sancto
856 2427 1147 2535 chrismatis,
1174 2431 1225 2479 ln
1267 2442 1358 2481 ms.
1384 2428 1439 2479 S.
1458 2428 1515 2479 P.
1561 2428 1710 2480 insao

170 2500 361 2535 meum
375 2491 667 2535 chr-samum.

102 2500 361 2545 cramento
375 2491 667 2544 chrismatis.

165 2558 196 2598 ιι
223 2557 396 2622 inuis.
418 2556 473 2622 S_.
499 2554 559 2604 'l'.
579 2553 1198 2622 et?._S._uur_nqua_m,.sed
1225 2564 1503 2616 perperam.

174 2617 612 2684 fédditurinms.
637 2613 841 2684 S.>G.in
864 2613 1240 2684 libraley'tipo."
1318 2613 1332 2616 ⁷
1379 2677 1392 2684 _
1469 2678 1493 2684 _
1620 2672 1632 2684 .

167 2680 199 2720 ὰ
227 2679 321 2729 Hic
344 2678 472 2729 male
495 2679 777 2728 lnseruritur
795 2679 845 2727 in
867 2692 958 2727 ms.
983 2677 1038 2726 S.
1063 2677 1123 2727 T.
1150 2677 1258 2727 haec
1289 2677 1442 2728 verba
1464 2678 1530 2727 In
1553 2677 1712 2741 primo

1817 2426 1942 2477 libro
1963 2438 2245 2492 regnorum,
2270 2440 2381 2489 quae
2405 2440 2509 2492 non,
2532 2435 2795 2480 occurrunt
2813 2431 2867 2480 in
2904 2444 3022 2482 mss.
3045 2433 3100 2484 8.
3124 2434 3183 2486 G.
3206 2442 3257 2486 et
3276 2435 3332 2485 P.
3353 2435 3407 2486 S.

1816 2467 1878 2540 ἓὶ
1884 2467 2673 2560 ξξὰξὲωνὸῷἰιᾷρῖῥὲέίἴιξδῷῗξ

1880 2554 1905 2612 9
1929 2549 1985 2612 in
2003 2564 2119 2601 mss.
2144 2550 2198 2599 S.
2224 2550 2283 2600 Τ.
2310 2548 2363 2602 ἐι
2380 2552 2437 2600 Ρ.
2464 2551 2516 2601 8.
2542 2548 2737 2612 placita:
2751 2560 2878 2604 sunt.

1879 2611 1902 2651 ί
1926 2611 2033 2663 Hoc
2051 2612 2328 2675 epithetum
2344 2611 2615 2676 adiecimus
2638 2628 2702 2664 ex
2726 2629 2817 2665 ms.
2844 2618 2896 2668 S.
2924 2617 2982 2668 G.

1428 2779 1793 2837 VARIORUM
1824 2779 2055 2836 NOTE.

176 2878 311 2952 (92)»
329 2878 400 2934 Et
422 2886 589 2933 tamen
620 2860 687 2933 in
726 2894 930 2952 sapore,
974 2878 1029 2952 in
1073 2878 1311 2952 ιιιιιιὶιιεἈ
1337 2883 1445 2952 etc.
1492 2873 1709 2929 Priores

103 2947 381 3008 editiones
414 2959 503 3005 :et
528 2949 969 3017 tamen'liquorin
993 2949 1206 3013 tantine,
1242 2948 1399 3003 etiam
1424 2947 1479 3000 in
1505 2955 1707 3009 sancto,

104 3034 216 3079 etc.
270 3022 403 3077 Cum
447 3023 565 3075 sine
611 3034 805 3076 sensus
849 3019 1151 3090 dispendio,
1205 3028 1490 3090 utrumque
1537 3017 1706 3090 possit

1783 2874 1996 2951 .cilius,
2046 2882 2102 2928 et
2140 2872 2530 2951 injusta_sede
2571 2875 2884 2951 deturbare,
2930 2894 3091 2950 quam
3141 2882 3406 2951 divinare,

1816 2945 1958 3020 unde
2007 2952 2099 3020 a_ut
2146 2959 2249 3013 qua
2300 2945 2529 3020 primum
2573 2945 2875 3020 occasione
2905 2945 3249 3020 ir'rcpserint.
3281 2945 3410 3011 llihi

1814 3016 2007 3096 saltem
2025 3013 2139 3096 hoc
2165 3015 2506 3096 occurrebat,
2536 3019 2667 3096 quia
2692 3019 2924 3076 Phinees
2950 3013 3076 3078 mox
3098 3024 3157 3077 ιιι
3183 3028 3404 3096 mentio,

106 3093 271 3159 rem,
307 3091 557 3162 conjungi
585 3104 714 3144 vero
741 3100 795 3144 ct
834 3080 1027 3146 variari
1084 3080 1187 3144 non
1219 3106 1325 3162 uno
1356 3080 1705 3162 modoverba
1733 3080 1781 3142 C
1812 3085 1956 3162 quod
1985 3084 2149 3162 etiam
2178 3100 2374 3162 nomen
2412 3080 2584 3154 primo
2602 3087 2833 3162 _}_{egum
2877 3106 2983 3146 non
3014 3096 3185 3149 semel
3215 3080 3406 3151 occur:
3453 3157 3458 3161 _

102 3155 343 3236 possint,
374 3155 829 3236 sine'opejscripti
880 3176 1041 3215 manu
1089 3160 1436 3236 exemplaris,
1460 3155 1700 3236 difficile

106 3229 242 3305 puto
274 3234 339 3305 de
371 3249 495 3287 vera
524 3233 754 3305 lectione
783 3240 1045 3305 statuere,
1097 3232 1417 3305 nec_miuug
1460 3229 1698 3295 ineptqu

104 3299 273 3364 valde
300 3304 570 3378 laborare.
619 3301 724 3378 sed
754 3317 879 3357 cum
903 3302 971 3357 dc
998 3302 1121 3357 vino
1148 3301 1321 3378 prius,
1366 3299 1590 3378 Optatus
1609 3312 1700 3378 sa-

102 3392 261 3431 crum
308 3375 587 3428 dumtaxat
629 3373 744 3442 ejus
797 3388 972 3439 usum,
1022 3369 1180 3441 quem
1233 3373 1391 3425 habet
1440 3369 1493 3422 in
1541 3369 1703 3437 Spiri-

104 3448 239 3502 tuali
271 3445 625 3501 Encharisnim
653 3443 916 3497 sacrificio
942 3442 1401 3503 commemorarit,
1433 3455 1539 3494 non
1572 3448 1700 3508 pulo

103 3534 228 3576 eum
264 3518 369 3571 o‘ei
400 3531 554 3573 usum
582 3524 741 3569 extra
770 3528 946 3579 sacra,
981 3515 1145 3567 ullum
1187 3514 1455 3581 attingere
1500 3510 1702 3581 voluis-

102 3604 181 3643 se.
218 3588 355 3654 Qnis
379 3595 560 3642 autem
606 3584 712 3639 olei
761 3584 828 3637 sit
874 3599 1048 3648 sacer,
1098 3600 1272 3653 sapor,
1308 3580 1513 3652 ignoro.
1564 3580 1697 3654 13am

104 3644 365 3732 utisapor
409 3658 487 3732 sit
515 3656 605 3732 ΔΙιίιξ
633 3657 963 3732 μεταφοριξερν
993 3644 1434 3732 ιιιιιιείἰίςνὸᾳξιὴν
1464 3644 1694 3716 εὐωδίας,

103 3731 186 3785 vel
241 3724 357 3783 t'ale
400 3728 527 3797 quid
576 3724 755 3792 vellet,
774 3724 859 3782 'ne
890 3727 940 3797 id
970 3724 1196 3794 quidem
1227 3724 1382 3797 facile
1411 3736 1697 3777 concesse-

101 3802 227 3854 rim.
260 3799 316 3853 In
348 3794 540 3851 lumine
565 3807 741 3851 autem
773 3808 825 3851 et
856 3794 1150 3860 chrismate,
1174 3795 1263 3865 qui
1291 3797 1421 3848 olim
1454 3803 1508 3848 et
1537 3806 1696 3865 quam

100 3870 390 3939 multiplex
423 3883 547 3923 usus
578 3868 705 3931 olei,
734 3868 864 3939 satis
891 3877 1080 3939 notum
1110 3864 1212 3922 est.
1242 3866 1345 3919 Sed
1368 3880 1492 3939 non
1506 3864 1695 3939 eadem

100 3932 321 4010 semper
383 3941 434 3993 in
484 3939 734 4010 omnibus
779 3936 1037 4010 Ecclesiis
1086 3935 1419 4010 consuetudo
1467 3933 1583 4010 fuit.
1638 3932 1694 3986 lo

102 4006 283 4068 Alrica
318 4019 498 4064 autem
542 4008 732 4062 Victor
778 4006 1044 4062 Uticensis
1093 4007 1184 4061 lib.
1230 4022 1287 4070 ιι,
1340 4006 1602 4071 lampades
1648 4013 1697 4058 et

104 4099 299 4149 cereos,
348 4090 406 4135 ut
450 4081 669 4139 solitum
718 4079 1068 4132 ecclesiarum
1115 4087 1361 4131 ornatum
1414 4078 1556 4149 inter
1592 4076 1695 4149 alia

102 4146 371 4217 meminit;
418 4154 463 4206 si
508 4153 628 4220 quis
659 4149 908 4203 subtilior
947 4163 1067 4203 esse
1099 4149 1246 4213 velit,
1283 4163 1377 4217 per
1403 4146 1697 4220 tumemba-

104 4215 364 4295 plismnm
391 4215 549 4292 quem
579 4229 681 4295 φῶς
721 4229 866 4295 recte
893 4220 997 4295 dici
1032 4220 1186 4273 docet
1225 4215 1439 4295 sanctus
1562 4215 1695 4271 Gre-

102 4288 219 4362 eor.
253 4288 511 4350 Nazianz.
541 4288 613 4353 si}
633 4294 691 4365 τῤ
714 4290 857 4365 ἅγιον
877 4291 1147 4363 βάπτισμα
1173 4292 1339 4365 possit
1370 4288 1689 4365 intelligere.

106 4359 233 4435 Ejus
263 4367 445 4420 varios
476 4366 611 4418 ritus
658 4359 887 4432 Dio'oysI
930 4359 1149 4435 Areop,
1174 4360 1406 4429 Cyrillus
1439 4359 1689 4411 Hieroso-

103 4432 231 4508 ljm.
280 4444 480 4508 praeter
508 4435 961 4508 alios_cx_plicant.
1013 4432 1185 4508 Aliter
1216 4439 1390 4483 tamen
1413 4445 1522 4508 ego
1561 4444 1689 4481 cen-

103 4500 215 4562 s'eo.
269 4500 380 4561 Sed
423 4520 593 4574 neque
618 4504 927 4560 rochrisma
952 4502 1094 4567 quod
1125 4502 1210 4554 hic
1244 4500 1555 4574 prop_rie_de
1602 4514 1693 4574 nn-

102 4579 304 4641 ctione,
335 4592 454 4651 qua;
493 4569 606 4651 ἑαῖς*
644 4576 831 4651 ἐξοχὴν
872 4576 1091 4651 χρίσμα,
1130 4574 1195 4625 de
1221 4586 1323 4640 qua
1352 4569 1612 4651 Cyrillus_
1638 4570 1691 4651 in

105 4642 484 4718 mystagoigicis
529 4642 785 4718 singulari
829 4642 1023 4711 capite,
1061 4659 1153 4698 seu
1184 4648 1489 4713 κατηχήσει,
1520 4642 1613 4695 sed
1641 4642 1691 4695 in

104 4716 305 4785 genere
335 4719 401 4771 de
426 4716 614 4785 quavis
645 4716 896 4768 unctione
923 4730 1095 4781 sacra,
1131 4730 1251 4783 (pne
1290 4721 1415 4769 υιιιιι
1444 4733 1474 4769 a
1506 4728 1692 4773 vetere

108 4789 350 4843 Ecclesia
382 4796 628 4853 usurpata
660 4795 762 4839 est.
790 4786 859 4840 Μ.
890 4787 1119 4840 (ἷΑςΑιιιι.

175 4859 295 4927 (95)
322 4855 387 4909 In
418 4874 618 4925 sapore,
661 4858 714 4908 in
743 4856 936 4911 lumine
960 4859 1114 4911 etiam
1136 4858 1187 4911 in
1210 4864 1384 4913 sancto
1422 4858 1695 4915 chrismate

105 4930 405 4998 simpliciter
432 4938 695 5000 erogatur.
737 4928 813 4981 Eo
843 4928 1074 4984 innocue
1114 4939 1334 4984 utuntur
1366 4933 1610 4986 hemines
1642 4934 1693 4985 in

104 5000 503 5123 gondimentis,
556 5000 608 5053 in
664 4999 933 5065 lucernis,
985 5002 1035 5054 in
1089 5001 1221 5070 ipsis
1276 5002 1569 5073 mysteriis.
1627 5004 1703 5058 Du

151 5088 223 5123 IN.

151 5088 223 5126 IN.

179 5141 299 5213 (94)
337 5139 400 5195 1η
426 5142 590 5216 primo
613 5142 749 5216 libro
782 5142 1071 5216 Regnorum
1099 5140 1232 5198 unus
1261 5143 1422 5209 Deus,
1452 5154 1555 5200 etc.
1587 5145 1703 5201 Non

110 5228 329 5279 pessum
377 5215 508 5267 satis
562 5213 816 5268 admirari
859 5213 1156 5269 'doctornm
1212 5218 1448 5269 virorum
1499 5218 1704 5284 patien-

111 5284 256 5346 tiam,
303 5286 393 5351 qui
446 5285 858 5351 ineptissimam,
891 5286 934 5340 si
982 5288 1107 5352 quid
1156 5302 1256 5355 ego
1288 5288 1464 5350 video,
1519 5288 1703 5342 lectio-

111 5371 253 5418 nem.
304 5364 363 5411 et
409 5358 599 5424 quovis
644 5356 918 5409 amandari
952 5356 1164 5424 dignam
1213 5358 1415 5411 tamdiu
1466 5358 1699 5413 retinere

112 5430 508 5480 Sllallllllttl‘ﬂlll.
556 5426 726 5492 Quem
770 5430 910 5479 enim
941 5442 1003 5479 ex
1040 5430 1123 5480 his
1164 5442 1381 5480 sensum
1410 5430 1702 5482 eruannls?

112 5512 267 5565 quem
304 5499 385 5549 vel
439 5496 853 5559 Sobodorennlr,
892 5507 947 5548 ut
996 5513 1136 5550 nunc
1181 5497 1414 5549 habent?
1460 5499 1612 5565 Quod
1658 5500 1701 5553 si

116 5568 513 5639 ineptissimum
546 5566 996 5639 illud.glossema,
1030 5569 1081 5639 in
1131 5568 1293 5633 primo
1318 5567 1444 5620 libro
1498 5570 1700 5639 Regno-

117 5651 227 5688 rum
276 5634 615 5703 abjiciamns,
666 5638 811 5688 nulla
864 5638 913 5690 in
967 5638 1145 5691 verbis
1188 5640 1510 5703 obscuritas,
1556 5634 1698 5693 nulla

119 5706 355 5776 suspicio
397 5706 736 5761 remanserit.
780 5707 911 5777 Quae
938 5716 1118 5763 tamen
1162 5707 1334 5763 fateor
1350 5709 1592 5779 abjicerc
1621 5713 1700 5765 fa-

1808 3156 1900 3221 rit,
1944 3157 2262 3211 oscitantem
2297 3158 2555 3212 lectorem
2602 3156 2862 3215 Phineem
2902 3162 3034 3217 Elia:
3082 3181 3204 3220 cum
3234 3168 3407 3222 altero

1806 3229 1899 3283 illo
1929 3226 2173 3280 Eleazari
2215 3228 2325 3280 lilio
2370 3228 2699 3293 conludisse,
2748 3238 2806 3286 et
2844 3248 2966 3290 cum
3018 3233 3276 3291 Numeros
3314 3238 3409 3293 de-

1805 3299 2031 3380 buisSet,
2054 3296 2277 3378 (legum,
2308 3300 2425 3380 sive
2443 3299 2739 3381 Regnorum
2732 3302 2838 3426 bsnt
2855 3304 2983 3359 olim
3015 3306 3404 3380 loquebantur)

1805 3383 2038 3426 primum
2075 3385 2127 3420 ιιι
2158 3382 2402 3426 margine
2433 3384 2697 3426 nosmsse.
2788 3415 2801 3426 .
2828 3373 3062 3426 CASAUB.
3097 3377 3223 3426 Ηαεε
3252 3381 3399 3426 τετιηι

1804 3371 2038 3439 primum
2075 3368 2127 3420 in
2158 3368 2402 3437 margine
2433 3368 2697 3438 posuisse.
2732 3368 2801 3426 Μ.
2828 3373 3062 3430 υιςλυιι.
3089 3368 3223 3431 Huic
3252 3368 3399 3435 verba

1804 3439 2125 3516 suslttlimifs,
2156 3454 2247 3492 nec
2272 3448 2473 3493 exstant
2502 3442 2557 3516 in
2582 3442 2709 3516 mss.
2836 3501 2851 3516 _

1882 3508 2006 3584 (95)_
2045 3507 2114 3561 Et
2155 3523 2271 3584 cum
2301 3513 2557 3564 menwriis
2587 3507 2969 3584 Apostolorum.
3019 3517 3154 3573 Nota
3183 3521 3400 3578 modum

1805 3579 1955 3635 illum
1994 3579 2246 3648 loquendi
2277 3597 2393 3633 cum
2423 3592 2527 3635 toto
2553 3579 2673 3638 orlie
2704 3595 2953 3638 terrarum
2987 3597 3038 3641 et
3060 3606 3178 3641 cum
3203 3608 3399 3645 mento-

1804 3653 1898 3730 riis
1923 3651 2292 3730 apostolorum.
2326 3650 2649 3730 C_o.nmnnio
2674 3656 2741 3709 ab
2766 3657 3004 3730 antiquis
3027 3661 3263 3730 perlecta
3290 3679 3397 3717 non

1806 3722 2123 3784 habebatur,
2152 3723 2401 3797 quamvis
2430 3737 2548 3797 eam
2578 3738 2696 3797 cum
2723 3734 2835 3779 toto
2856 3722 2987 3781 orbe
3014 3722 3265 3797 haberes,
3295 3732 3398 3787 nisi

1802 3808 1924 3846 cum
1954 3793 2231 3845 memoriis
2258 3794 2648 3858 apostolorum,
2676 3794 2778 3855 hoc
2804 3808 2886 3853 est
2912 3812 3038 3852 cum
3061 3801 3219 3856 beato
3243 3793 3403 3861 Petro
3434 3829 3439 3833 ο

1802 3863 2264 3915 communicares:
2322 3862 2584 3929 perfectio
2631 3867 3034 3923 communionis
3076 3867 3399 3930 Christiana:

1804 3932 1999 4001 pendet
2017 3946 2092 3984 ex
2116 3933 2499 3987 communione
2522 3949 2680 4003 quam
2712 3936 2973 3994 habemus
2998 3956 3123 3994 cum
3149 3945 3208 3995 D.
3236 3945 3400 4000 Petro

1801 4011 2002 4064 etcum
2030 4004 2146 4085 ejus
2172 4006 2616 4085 successoribus;
2673 4008 2909 4077 alioquin
2944 4010 3056 4065 Deo
3084 4027 3190 4067 non
3222 4026 3401 4085 potest

1800 4089 1921 4127 csso
1946 4083 2116 4128 arata.
2157 4072 2386 4128 ALBASP.

1877 4141 1991 4223 (86)
2025 4141 2131 4197 Per
2161 4144 2367 4223 unicam
2395 4145 2715 4223 religionem.
2756 4146 2922 4223 Quasi
2970 4152 3091 4206 aliis
3128 4155 3182 4209 in
3227 4156 3394 4213 rebus
3447 4202 3460 4211 .

1800 4216 1943 4299 nulla
1970 4223 2124 4299 esset
2142 4216 2351 4284 religio,
2383 4216 2558 4299 neque
2583 4220 2913 4299 credendum
2939 4232 3105 4299 esset.
3139 4236 3195 4281 et
3220 4228 3394 4299 jusju-

1799 4285 2025 4409 zandum
2054 4285 2525 4355 interponendum,
2559 4289 2663 4343 nisi
2685 4305 2789 4359 per
2808 4292 3077 4362 ejusmodi
3103 4285 3390 4370 marlyres.

1849 4370 2027 4409 LBASP.

1849 4370 2027 4410 LBASP.

1871 4428 1987 4509 (ιη)
2031 4424 2378 4512 Nominibus,
2410 4431 2547 4499 Quia
2585 4447 2773 4512 eorum
2818 4437 3036 4512 nomina
3060 4480 3076 4504 ,
3122 4450 3390 4512 tamquam

1804 4505 2197 4579 prascipuorum
2247 4510 2543 4579 martyrum
2581 4519 2611 4557 a
2645 4505 2936 4568 Donatistis
2978 4508 3120 4566 inter
3162 4505 3316 4567 sae—ra
3342 4526 3401 4571 et

1802 4584 1866 4624 ex
1899 4569 2166 4641 diptychis
2196 4569 2583 4628 recitabantur.
2632 4580 2861 4631 Aussr.

1848 4642 1993 4713 (98)
2024 4642 2393 4710 Aspernontes.
2428 4649 2491 4705 Si-
2516 4647 2605 4718 qui
2638 4662 2668 4701 a
2696 4647 2931 4704 Macario
2959 4660 3087 4706 sunt
3113 4655 3299 4716 occisi.
3337 4667 3401 4712 ut

1802 4719 2075 4795 Marculus
2099 4728 2154 4772 et
2186 4719 2423 4775 Donatus
2446 4762 2463 4787 ,
2506 4723 2683 4775 unitas
2711 4728 2793 4774 est
2823 4720 3070 4792 fugienda
3095 4718 3227 4795 qua!
3247 4742 3393 4782 mar-

1804 4800 1952 4861 tyres
1980 4790 2126 4845 facit.
2165 4796 2391 4847 ALBASP.
2888 4790 2903 4792 ⁷
2974 4812 2975 4815 ‘

1878 4862 2303 4937 (99)}larc1llus
2351 4873 2399 4917 et
2440 4862 2694 4937 Donatus.
2742 4864 2982 4937 Donatus
3034 4866 3129 4923 ille
3171 4877 3255 4922 est
3299 4870 3400 4925 Ba-

1813 4933 2067 5009 gaienlsis3
2092 4946 2146 4988 ut
2171 4951 2236 5009 ex
2256 4933 2865 5009 Augustinudiscereest
2882 4936 3070 4991 homil.
3089 4954 3125 4992 ιι
3164 4939 3394 4995 inJuan-

1815 5020 1972 5077 nem:
2022 5005 2151 5077 Ege
2178 5005 2442 5065 Morculus
2470 5004 2533 5056 de
2569 5004 2712 5071 petra
2752 5009 3098 5077 praecipitatus
3128 5020 3240 5064 est:
3286 5028 3401 5066 ecce

1814 5075 2047 5147 Donatus
2069 5075 2368 5147 Bagaiensis
2398 5077 2451 5127 in
2480 5075 3018 5147 putemu‘missus'est.
3053 5082 3281 5135 Aiebant
3304 5082 3400 5137 Ca-

1815 5147 1996 5199 tholici
2022 5144 2312 5219 ipsosisese
2342 5146 2641 5219 prmcipites
2671 5144 2926 5219 dedisse;
2959 5152 3102 5219 quod
3129 5154 3393 5209 incertum

1814 5227 1990 5270 tamen
2018 5230 2138 5270 esse
2164 5218 2357 5268 fatetur
2382 5217 2713 5284 Augustinus
2746 5216 2781 5269 I.
2839 5234 2874 5273 ιι
2918 5216 3095 5275 contr.
3136 5222 3240 5277 litt.
3276 5224 3393 5281 Pet.

1809 5288 1977 5362 c329.
2018 5286 2160 5339 Idem
2196 5286 2332 5340 lihro
2364 5302 2417 5340 ιιι
2455 5296 2641 5362 contra
2696 5286 2886 5362 Qresc.
2915 5306 3036 5362 cap.
3060 5294 3161 5357 49,
3194 5296 3249 5347 id
3285 5314 3397 5350 cre-

1810 5356 2017 5436 dibilius
2043 5372 2156 5436 esse
2173 5366 2379 5436 censet,
2413 5359 2535 5436 quia
2570 5358 2848 5436 insolitum
2877 5356 2998 5417 erat
3021 5356 3162 5436 istud
3194 5369 3397 5436 suppli-

1807 5430 2080 5505 eligentis.
2114 5427 2337 5505 blarculi
2362 5430 2591 5505 mission
2616 5430 2846 5498 quodam
2876 5435 3169 5488 llonatiano
3195 5427 3396 5505 scripta

1809 5500 2009 5570 prodiit
2023 5499 2207 5570 Analet
2229 5508 2268 5551 t.
2294 5499 2585 5570 Mabillonii
2607 5512 2735 5553 tom.
2768 5517 2845 5563 Iv,
2875 5517 3202 5570 pranotatnr
3224 5523 3279 5560 ιιι
3306 5499 3393 5565 vel

1808 5585 1899 5622 vin
1928 5568 2143 5646 kalend.
2172 5569 2505 5646 Decembris.
2556 5569 2631 5622 lbi
2666 5568 2933 5646 Minimus
2963 5576 3243 5646 presbyter
3269 5588 3391 5632 tan-

1808 5651 1915 5716 lunt
1957 5641 2174 5716 dicitur,
2201 5658 2304 5716 non
2345 5643 2632 5715 episcopus
2653 5659 2665 5691 :
2689 5642 2989 5716 _ibi_etiam
3021 5641 3213 5716 legiiur
3238 5650 3393 5716 jussu

1809 5710 2025 5765 Macarii
2058 5727 2216 5781 quem
2244 5713 2511 5766 Constans
2542 5710 2661 5765 cum
2687 5712 2851 5770 Paulo
2886 5715 2939 5770 in
2966 5710 3200 5773 Africam
3229 5710 3390 5778 nlise-
