3828 6218
466 283 598 339 1.)ιὸ

1624 285 1865 342 SANCTI
1905 285 2153 342 ΟΡΤΛΤῙ
2200 286 2501 344 liPlSCOPl

3610 294 3725 349 1016

457 380 509 432 in
544 378 831 435 vindictam
862 380 954 435 Dei
1001 379 1175 435 nullus
1222 387 1493 435 mereatur
1525 378 1716 434 occidi.
1766 380 1845 448 (l)
1877 379 2046 434 Nemo
2076 383 2123 443 Α
2152 384 2246 436 cisi
2275 398 2396 437 esse
2418 383 2687 439 dicuntur.
2721 385 2801 440 Sit
2831 385 3087 441 Macarius
3115 401 3260 458 reus,
3296 385 3348 439 in
3384 400 3452 440 co
3481 389 3618 455 quod
3648 405 3723 444 so-

456 481 571 524 erat
621 471 899 526 la‘dendus
943 471 1010 525 ab
1058 470 1321 539 operariis
1370 472 1628 537 unitatis,
1687 470 1781 525 sed
1834 486 1933 526 nec
1976 472 2044 527 ab

457 563 723 633 episcopis
750 562 995 617 mandata
1026 562 1205 617 divina
1238 564 1511 618 contemni
1543 563 1839 618 debuerant
1883 582 1895 615 :
1930 565 2044 635 quia

457 652 558 708 bus
607 663 927 724 praeceptum
975 662 1095 709 est:
1151 654 1335 721 Qutvre
1373 671 1549 727 pacem
1577 697 1589 720 ,
1636 665 1683 710 et
1724 658 2045 727 consequeris

458 763 567 800 eam
604 745 718 817 (Ps.
764 762 967 811 χχχιιι,
1018 747 1152 819 ib):
1207 757 1260 805 et
1305 750 1501 804 iterum
1546 766 1740 818 :quam
1784 748 1967 804 bonum
1998 761 2047 803 et

458 856 609 907 quam
646 840 936 909 jucundum
977 837 1209 894 habitare
1239 842 1427 907 fratres
1450 842 1499 895 in
1526 839 1816 913 ununt(Ps.
1842 857 2045 906 cxxxn,

458 928 545 1001 1);
578 940 631 985 et
659 929 850 985 iterum
879 974 893 997 ,
946 933 1115 1002 felices
1144 935 1349 1003 paciﬁci
1374 975 1389 999 ,
1422 935 1541 1003 quia
1573 936 1673 1002 ipsi
1704 934 1799 1004 [alii
1827 933 1924 989 Dei
1956 940 2051 988 υθέ

458 1024 711 1077 cabuntur
738 1024 953 1097 (Matth.
982 1042 1031 1089 γ,
1053 1025 1129 1098 9).
1152 1026 1263 1080 lloc
1292 1027 1381 1097 qui
1415 1043 1511 1080 nec
1543 1027 1771 1081 libenter
1802 1027 2047 1082 volebant

455 1116 640 1170 audire
668 1157 681 1181 ,
722 1133 818 1171 nec
849 1117 1041 1172 devote
1075 1118 1253 1174 facere
1285 1120 1607 1184 voluerunt;
1656 1120 1915 1191 quidquid
1949 1135 2043 1190 po-

460 1217 667 1261 tuerunt
705 1211 811 1278 pati
840 1227 851 1261 :
882 1211 925 1263 si
959 1210 1131 1264 occidi
1163 1212 1361 1265 malum
1396 1222 1498 1279 est,
1532 1212 1659 1267 mali
1689 1214 1768 1267 sui
1801 1213 1897 1283 ipsi
1926 1222 2050 1267 sunt

454 1314 635 1355 causa.

528 1390 639 1446 VII.
690 1391 951 1448 Macarius
996 1412 1027 1448 a
1062 1395 1447 1450 Donatistarum
1490 1398 1762 1451 calumniis
1811 1399 2045 1469 defendi-

457 1495 561 1538 tur.
585 1514 653 1524 -—
677 1485 783 1541 Sed
826 1489 1127 1557 arguendus
1160 1492 1239 1560 (ut
1278 1489 1480 1562 dicitis)
1510 1493 1660 1547 vobis
1694 1493 1905 1549 videtur
1930 1509 2049 1550 esse

460 1578 756 1651 Macarius,
790 1596 909 1635 cum
943 1583 1216 1637 voluntate
1249 1584 1342 1640 Dei
1376 1585 1652 1639 restituatis
1683 1602 1804 1641 eum
1838 1588 1939 1642 hoc
1967 1586 2047 1642 fa-

457 1686 581 1724 cere
612 1686 719 1725 non
752 1673 987 1741 potuisse
1017 1674 1063 1727 °.
1126 1674 1344 1730 Habetis
1388 1677 1695 1746 bujusmodi
1743 1694 1863 1735 reos
1907 1681 2047 1735 antio

2150 474 2231 528 lus
2254 477 2407 532 nobis
2434 478 2816 545 nescientibus,
2843 481 2935 534 sed
2964 479 3109 534 vobis
3143 477 3565 548 provocantibus
3592 479 3720 535 fecit.

2146 568 2324 634 Quare
2350 569 2506 623 nobis
2539 568 2595 623 iit
2624 570 2842 635 invidia,
2872 586 2990 626 cum
3019 571 3189 629 aliena
3217 580 3345 625 sunt
3373 570 3512 624 facta
3540 570 3563 622 ἲ
3597 579 3648 625 et
3676 573 3718 626 in

2149 659 2301 713 vobis
2331 670 2413 714 est
2453 675 2612 715 causa
2638 677 2652 725 ;
2702 662 2821 732 quia
2856 674 3074 732 propter
3098 676 3191 715 vos
3212 704 3227 729 ,
3255 663 3344 732 qui
3380 660 3510 714 foris
3539 660 3717 730 (uisus,

2149 768 2471 822 quamquam
2501 762 2554 808 ct
2576 769 2717 807 nunc
2748 753 2878 809 foris
2902 770 3020 809 esse
3050 739 3359 817 videamini,
3392 753 3635 808 evenisse
3653 755 3720 809 di-

2150 846 2327 909 citur;
2382 859 2486 899 non
2521 856 2739 914 propter
2771 861 2906 909 nos,
2959 847 3047 914 qui
3096 848 3235 901 intus
3289 845 3630 909 habitamus,
3676 858 3721 901 et

2150 952 2437 1007 numquam
2470 938 2537 991 dc
2567 937 2744 992 radice
2770 940 3107 992 receSsimus.
3146 937 3248 993 Sed
3278 938 3404 1007 quia
3436 953 3593 1007 supra
3624 955 3718 993 ωε-

2151 1020 2482 1082 moratorum
2529 1044 2783 1097 personas
2826 1046 2919 1098 per
2949 1029 3187 1083 ordinem
3230 1026 3501 1095 diximus,
3555 1030 3718 1084 videa-

2150 1139 2268 1178 mus
2294 1139 2461 1193 quare
2489 1124 2699 1195 Moyses
2728 1125 2830 1178 tria
2860 1123 3023 1181 millia
3054 1122 3331 1177 hominum
3372 1125 3531 1192 jussit
3563 1123 3717 1179 occidi

2150 1215 2348 1286 (Exod.
2402 1212 2612 1286 xxxii);
2666 1230 2833 1285 quare
2881 1214 3113 1270 Phincos
3164 1214 3272 1271 duo
3323 1214 3511 1287 (Nam.
3557 1218 3715 1286 xxv);

2149 1316 2389 1377 etquare
2412 1306 2557 1361 Elias
2579 1308 2995 1378 quadringentos
3019 1318 3071 1362 et
3092 1307 3475 1379 quinquaginta
3495 1308 3583 1381 (Ill
3602 1307 3713 1379 Reg.

2153 1399 2306 1469 xvnt)
2332 1414 2345 1462 ;
2409 1414 2574 1467 quare
2600 1398 2861 1453 Macarius
2887 1399 3021 1453 duos
3050 1440 3063 1465 ,
3093 1415 3319 1467 quarunt
3351 1400 3571 1454 nomina
3595 1414 3716 1468 quo-

2154 1489 2282 1545 tidic
2308 1491 2388 1561 (ut
2416 1505 2574 1558 supra
2606 1490 2741 1561 dixi)
2775 1490 2989 1555 ﬂabello
3022 1490 3232 1546 invidia:
3265 1473 3557 1545 vetitilatis.
3588 1490 3715 1544 Con-

2152 1592 2257 1636 stat
2289 1584 2339 1637 in
2368 1597 2463 1639 eos
2511 1582 2809 1637 vindicasse
2835 1623 2850 1650 ,
2902 1598 2930 1635 a
2967 1585 3161 1653 quibus
3202 1582 3376 1653 jussio
3404 1582 3579 1637 divina
3606 1597 3716 1635 con-

2155 1682 2351 1745 tempta
2374 1687 2475 1729 eSt.
2510 1673 2663 1739 Nam,
2695 1672 2818 1736 Non
2841 1675 2931 1727 tibi
2957 1675 3109 1744 facies
3134 1674 3373 1743 sculptile
3399 1673 3589 1743 (Exod.
3612 1674 3709 1740 xx),

457 1779 592 1833 quos
620 1782 632 1817 :
665 1775 914 1847 accusatc
946 1768 1119 1837 primo
1150 1768 1410 1838 Moysem,
1447 1770 1616 1839 ipsum
1650 1771 2042 1841 legislatorcm;
2078 1762 2124 1821 B
2152 1768 2244 1823 Dei
2276 1785 2373 1821 vox
2404 1777 2522 1822 est:
2557 1777 2778 1839 et,>_non
2810 1770 2968 1839 {acies
2994 1768 3335 1832 adulterium,
3368 1768 3603 1837 ejusdem
3632 1768 3715 1820 Dei

458 1859 547 1927 qui
581 1873 701 1911 cum
732 1859 798 1913 de
830 1858 958 1914 Sina
988 1870 1170 1915 monte
1202 1860 1589 1927 descenderet,
1622 1878 1789 1932 prope
1819 1866 2047 1920 necdum

460 1950 799 2021 propositisb
833 1953 1027 2008 labidis
1072 1955 1202 2024 legis
1228 1995 1241 2019 ,
1292 1957 1342 2008 in
1375 1956 1569 2025 quibus
1609 1957 1863 2027 scriptum
1897 1970 2047 2027 crat,

457 2059 560 2097 non
588 2045 819 2098 occides:
846 2046 943 2099 tria
971 2046 1133 2099 millia
1163 2045 1437 2100 hominum
1462 2062 1570 2101 uno
1593 2060 1866 2111 momento
1891 2050 2051 2120 jussit

462 2135 655 2190 occidi.
700 2136 993 2203 Macarium
1026 2137 1238 2193 dill'erte
1270 2139 1563 2209 pauliSper',
1600 2140 1852 2197 Phineetn
1884 2142 2049 2198 lilium

459 2228 781 2295 sacerdmis,
812 2244 971 2299 quem
1005 2230 1162 2301 paulo
1188 2239 1313 2286 ante
1339 2233 1654 2297 memoravi,
1686 2234 1859 2304 primo
1888 2233 1965 2305 (2)
1998 2237 2051 2291 in

443 2319 717 2387 judicium
750 2322 1254 2393 provocate(Num.
1286 2324 1457 2394 xxv):
1509 2325 1553 2380 si
1606 2333 1783 2380 tamen
1835 2327 2053 2383 iuvene-

462 2413 580 2466 ritis
612 2422 806 2479 praeter
836 2415 999 2468 Deum
1032 2414 1296 2484 aliquemc
1342 2415 1598 2485 judicem.
1633 2416 1767 2473 Nam
1797 2419 1938 2489 quod
1966 2435 2055 2475 ac-

462 2507 661 2561 cus:itis
692 2508 743 2561 in
776 2523 1000 2575 persona
1036 2509 1201 2577 ipsius
1227 2550 1241 2575 ,
1293 2526 1321 2562 a
1356 2510 1466 2565 Deo
1494 2511 1766 2565 laudatum
1796 2521 1879 2567 est
1910 2514 2052 2583 quod

465 2598 517 2652 in
548 2599 663 2653 zelo
693 2599 786 2654 Dei
818 2599 1016 2654 factum
1050 2612 1151 2655 est.
1181 2600 1258 2675 (3)
1289 2600 1618 2673 Supprimite
1646 2604 1862 2659 interim
1895 2622 2054 2663 voces

369 2721 375 2729 -
462 2707 595 2761 quas
626 2692 678 2745 in
707 2692 993 2748 Macarium
1026 2687 1190 2749 dictat
1225 2695 1445 2759 invidia.
1496 2696 1779 2754 Rccurrite
1806 2696 1833 2736 ἀ
1879 2701 2054 2770 primo

466 2787 529 2840 ad
562 2786 731 2841 Eliam
760 2798 782 2825 ε
811 2788 1146 2859 prOphetam,
1178 2792 1267 2861 qui
1300 2792 1352 2845 iu
1384 2793 1498 2871 rivo
1524 2791 1709 2860 Cison,
1741 2808 1863 2869 cum
1896 2811 2045 2864 pare-

463 2889 548 2935 ret
571 2880 826 2934 voluntati
856 2882 946 2935 Dei
971 2880 1014 2947 ί,
1035 2884 1417 2954 quinquaginta
1564 2894 1617 2939 ct
1634 2885 2056 2956 quadringentos

464 2972 680 3027 occidit.
726 2972 830 3028 Sed
859 2966 995 3029 forte
1020 2974 1213 3030 dicatis
1238 3017 1251 3041 ,
1287 2976 1409 3029 illos
1435 2977 1628 3032 merito
1655 2978 1864 3032 occisos
1883 3020 1896 3043 ,
1924 2978 2056 3033 istos

466 3064 683 3135 indigne
705 3074 751 3118 8.
785 3065 1085 3135 Numquam
1116 3070 1359 3137 sequitur
1388 3068 1649 3135 vindicta,
1679 3069 1782 3124 nisi
1807 3069 1922 3139 ejus
1951 3084 2050 3125 an-

2153 1877 2257 1917 vox
2282 1870 2401 1918 est:
2432 1878 2535 1917 non
2566 1861 2880 1932 sacriﬁcabis
2908 1862 3056 1915 idolis
3080 1860 3196 1934 (Ps.
3226 1845 3421 1927 χχχιιι,
3450 1861 3555 1929 15),
3590 1858 3712 1913 idem

2155 1957 2295 2011 Deus
2322 1957 2531 2011 locutus
2561 1936 2684 2011 esti
2736 1968 2788 2009 et
2822 1969 2926 2008 non
2961 1954 3121 2009 facies
3162 1954 3394 2007 schisma
3424 1969 3438 2015 ;
3486 1961 3536 2005 et
3569 1966 3713 2021 quare

2155 2063 2329 2116 pacem
2359 2048 2746 2117 etconscqueris
2774 2061 2922 2111 eam,
2974 2045 3215 2115 ejusdem
3263 2055 3586 2113 praecl-ptum
3626 2052 3710 2095 est.

2155 2141 2512 2212 Temporibus
2535 2140 2700 2211 Moysi
2734 2138 2963 2210 pepulus
2993 2137 3154 2192 lsrael
3186 2144 3345 2206 caput
3376 2135 3520 2189 vituli
3549 2135 3711 2198 coluit,

2154 2232 2295 2303 quod
2327 2232 2433 2287 illis
2458 2232 2717 2301 sacrilega
2750 2230 2965 2286 ﬂamma
2986 2230 3260 2295 conﬂavit;
3294 2230 3415 2285 ideo
3445 2229 3540 2283 tria
3571 2228 3712 2282 millia

2156 2325 2435 2379 hominum
2462 2323 2633 2377 occidi
2666 2327 2982 2378 meruerunt
3002 2363 3015 2387 ,
3060 2321 3183 2391 quia
3211 2321 3303 2376 Dei
3334 2336 3436 2375 vox
3464 2320 3713 2375 videbitur

2155 2433 2275 2475 esse
2306 2426 2636 2487 contempta.
2680 2415 2915 2472 Phinees
2942 2415 3215 2470 adulteros
3248 2430 3355 2468 uno
3387 2414 3494 2469 ictu
3525 2426 3714 2483 percus-

2155 2513 2262 2568 sit:
2298 2511 2503 2566 laudari
2532 2526 2561 2565 a
2589 2511 2697 2566 Deo
2730 2510 2955 2565 meruit:
2989 2509 3239 2579 quoniam
3274 2509 3572 2563 divinorum
3600 2522 3712 2577 νηρ-

2155 2614 2433 2674 certorum
2458 2604 2485 2642 ιι
2512 2613 2912 2671 contemptores
2939 2603 3153 2657 occidit.
3187 2602 3253 2656 Et
3280 2601 3642 2671 quadringenti
3669 2608 3711 2653 et

2157 2698 2545 2769 quinquaginta
2566 2712 2702 2767 quos
2724 2696 2866 2750 Elias
2888 2694 3151 2750 occidisse
3182 2695 3394 2765 legitur,
3428 2692 3546 2748 ideo
3572 2692 3710 2747 occisi

2156 2802 2300 2859 sunt,
2328 2792 2449 2861 quia
2475 2798 2661 2845 contra
2685 2789 2982 2859 jussionem
3007 2788 3120 2856 Dei,
3157 2804 3249 2857 per
3273 2787 3413 2857 quod
3449 2788 3563 2842 falsi
3586 2796 3709 2840 vates

2146 2894 2346 2947 eram,-
2364 2883 2453 2937 Dei
2488 2892 2752 2953 prmcepta
2780 2888 3237 2949 contempserant.
3283 2876 3351 2935 Et
3382 2880 3479 2943 illi,
3512 2894 3708 2950 quorum

2161 2976 2467 3031 nominibus
2496 2974 2784 3030 Macarium
2814 2973 3133 3039 eriminatis,
3165 2988 3266 3028 nec
3293 2988 3324 3026 a
3354 2972 3499 3026 falsis
3528 2972 3708 3026 vatibus

2160 3068 2317 3138 longe
2343 3076 2505 3131 sunt;
2551 3066 2674 3136 quia
2710 3080 2805 3119 vos
2831 3064 2971 3119 Deus
2999 3064 3134 3118 dixit
3180 3064 3388 3119 futuros
3415 3079 3532 3119 esse
3570 3063 3705 3136 falsos

372 3150 381 3154 ⁴
468 3157 744 3212 tecesserit
789 3172 973 3212 causa.
1021 3158 1327 3214 Vindicavit
1373 3158 1465 3231 (ut
1519 3155 1774 3233 diximus)
1822 3162 2053 3234 Moyses,
2085 3131 2129 3195 Ο
2162 3170 2332 3225 vates,
2363 3158 2502 3228 quod
2534 3159 2781 3228 proximo
2815 3158 2933 3211 loco
2961 3156 3231 3226 probaturi
3262 3171 3482 3211 sumus:
3527 3166 3577 3211 et
3603 3134 3703 3208 dum

463 3247 756 3304 vindicavit
784 3250 951 3315 Elias,
986 3250 1276 3305 vindicavit
1303 3251 1570 3318 Phincos;
1602 3264 1653 3308 et
1687 3269 1789 3308 non
1816 3256 1977 3309 vultis
2003 3264 2057 3309 ut

463 3341 822 3398 vindicaverit
876 3342 1385 3398 .Macarius.‘Nihil
1440 3344 1775 3400 offenderant
1829 3350 1918 3414 qui
1968 3360 2058 3401 oc-

2166 3267 2349 3321 pacem
2382 3251 2670 3306 noluerunt
2700 3248 2996 3318 respicere,
3028 3252 3094 3304 ne
3122 3248 3172 3302 in
3206 3263 3311 3303 uno
3336 3263 3456 3303 cum
3484 3240 3701 3302 fratribus

2166 3345 2505 3408 habitarent,
2554 3352 2739 3398 contra
2791 3350 3052 3412 praecepta
3102 3352 3155 3397 et
3195 3352 3383 3398 contra
3412 3343 3699 3397 voluntatem

1691 3479 2070 3535 LECTIONES
2104 3475 2513 3533 VARIANTES.

528 3604 555 3631 α
580 3596 648 3645 Ita
670 3597 716 3644 in
736 3609 825 3645 ms.
853 3596 907 3645 P.
928 3595 978 3644 S.
1002 3595 1058 3644 In
1079 3608 1170 3643 ms.
1197 3594 1249 3643 S.
1269 3594 1327 3644 Ο.
1350 3592 1393 3644 si
1413 3593 1515 3643 sine
1560 3590 1794 3645 voluntate
1814 3592 1906 3642 Dei
1928 3590 2051 3643 aesti-

462 3661 604 3712 matis
627 3670 735 3708 eum
751 3657 839 3707 hoc
854 3655 1043 3719 fecisse.
1066 3656 1117 3703 In
1144 3670 1231 3719 ms.
1260 3656 1311 3705 S.
1333 3657 1390 3705 Τ.
1418 3653 1522 3705 sine
1545 3652 1781 3719 uoluntate
1816 3654 1905 3705 Dei
1925 3653 2052 3719 testi-

462 3722 600 3776 matis
615 3734 725 3770 eum
748 3719 837 3769 hoc
855 3717 1018 3782 facere
1047 3717 1270 3782 potuisse.
1310 3719 1517 3767 Primam
1542 3717 1803 3768 lectionem
1825 3726 1876 3768 ut
1899 3718 2055 3779 magis

464 3789 651 3848 planam
671 3790 723 3831 et
741 3779 963 3848 apertam
986 3779 1301 3848 praetentans.

462 3842 505 3911 ᾖ
526 3848 555 3887 b
580 3847 635 3911 lu
652 3858 744 3894 ms.
930 3842 1174 3911 (lepadas.

526 3912 549 3941 ε
578 3908 632 3958 In
653 3919 744 3956 ms.
768 3905 819 3955 S.
844 3904 903 3955 G.
922 3902 1142 3954 alterum.

2222 3594 2248 3630 ά
2272 3591 2327 3640 In
2350 3604 2463 3640 mss.
2489 3590 2542 3640 S.
2557 3588 2618 3640 '1'.
2642 3597 2692 3638 et
2714 3588 2771 3641 P.
2794 3590 2843 3639 S.
2864 3587 3097 3652 quibusin
3122 3587 3393 3641 Macarium
3410 3587 3534 3641 dicta
3548 3586 3695 3641 invidia

2159 3653 2386 3713 recurrit,
2410 3659 2457 3703 et
2483 3666 2499 3703 :
2522 3666 2632 3716 quae
2654 3655 2901 3716 sententia
2926 3664 3094 3700 manca
3120 3659 3211 3701 est.

2227 3719 2249 3746 ⁸
2277 3711 2401 3765 Male
2427 3716 2475 3764 in
2497 3711 2585 3763 ms.
2607 3715 2659 3763 S.
2679 3714 2736 3762 Τ.
2762 3711 2927 3762 alium.

2228 3777 2247 3816 ί
2278 3777 2332 3827 In
2352 3792 2439 3828 ms.
2463 3776 2516 3826 S.
2536 3776 2593 3826 G.
2616 3789 2711 3826 una
2728 3774 2848 3824 liora
2869 3788 2977 3825 cum
2996 3771 3227 3826 voluntate
3242 3774 3351 3826 Dei.

2226 3842 2249 3880 8
2280 3839 2533 3889 Desuntin
2556 3852 2642 3887 ms.
2670 3838 2721 3887 S.
2751 3837 2810 3887 G.
3011 3847 3014 3850 ’

2224 3900 2253 3941 h
2278 3900 2333 3951 In
2354 3915 2443 3951 ms.
2467 3901 2519 3951 S.
2546 3899 2604 3950 G.
2624 3899 2975 3950 mandatorum.

1787 4018 2141 4079 VARIORUM
2182 4018 2409 4075 ΝΟΤᾸΞ.

470 4151 592 4206 rat,
620 4142 835 4195 vinctus
867 4136 1039 4205 primo
1070 4137 1120 4189 in
1154 4138 1499 4206 possessione
1532 4136 1833 4206 Vegcselai,
1868 4136 1918 4189 in
1949 4151 2050 4205 qua

472 4212 705 4269 Macario
730 4252 745 4271 ,
779 4224 897 4262 cum
928 4207 1193 4273 episcopis
1224 4209 1542 4276 quibusdam
1577 4207 1884 4262 Donatiauis
1911 4249 1923 4270 ,
1956 4220 2049 4260 oc.

468 4285 640 4339 currit
664 4322 677 4345 ,
731 4279 935 4333 funium
962 4278 1156 4331 ictibus
1183 4293 1355 4331 cassus
1385 4294 1506 4331 cum
1541 4279 1706 4345 sociis
1732 4320 1745 4335 .
1797 4276 1920 4331 inde
1958 4292 2051 4345 per

469 4357 675 4420 aliquas
724 4349 985 4420 Ninnidite
1036 4348 1277 4420 civitates
1330 4349 1430 4402 sub
1478 4349 1777 4420 arctissima
1824 4347 2050 4420 militum

468 4417 712 4479 custodia
751 4419 1006 4485 usquein
1037 4419 1315 4471 castellum
1358 4432 1509 4470 novae
1541 4418 1709 4471 Petra:
1743 4417 2051 4482 perductus,

470 4505 527 4551 et
567 4493 781 4549 tandem
802 4490 999 4555 elapso
1024 4488 1306 4557 quatriduo
1335 4489 1400 4541 de
1438 4500 1600 4550 neme
1630 4488 1864 4542 culmine
1890 4502 1921 4541 a
1951 4488 2048 4538 mi-

2160 4132 2384 4187 Marculi
2426 4140 2685 4187 mutatum
2719 4132 2771 4187 in
2805 4145 2997 4185 nomen
3034 4130 3300 4196 Marcelli,
3347 4129 3615 4185 Constantis
3647 4129 3683 4181 in

2155 4204 2462 4265 Constantii,
2486 4213 2541 4257 et
2567 4203 2632 4255 ab
2656 4202 2860 4255 Arionis
2891 4216 2984 4268 pro
3008 4200 3320 4255 Macarianis
3350 4204 3417 4256 de
3441 4217 3559 4269 rupe
3582 4216 3687 4271 pra-

2157 4276 2409 4344 cipitatns
2458 4275 2672 4327 dicitur.
2729 4273 2977 4344 itabanus
3015 4271 3319 4344 iiiarculum
3358 4271 3546 4344 pariter
3583 4273 3691 4344 inter

2162 4340 2428 4415 martyres
2457 4353 2721 4415 recenset.
2757 4343 2905 4415 Haud
2938 4341 3102 4415 dubie
3128 4358 3233 4415 no‘n
3255 4342 3388 4396 alius
3412 4342 3457 4396 is
3479 4340 3688 4396 cslaDo-

2161 4412 2395 4474 natiano.
2429 4418 2495 4469 de
2523 4431 2627 4484 quo
2661 4414 2745 4467 hic
2776 4413 3020 4481 Optatus.
3073 4412 3150 4484 Du
3183 4412 3297 4466 Pin.

2235 4488 2312 4557 (l)
2360 4485 2521 4540 Nemo
2542 4478 2676 4538 erat.
2721 4478 2980 4557 Macarius
3010 4482 3279 4557 neminem
3312 4480 3535 4557 debebat
3558 4478 3685 4557 lanie-

473 4546 976 4635 li—te'prmcipitatus.
1010 4546 1385 4635 It'tncollatione
1412 4546 1898 4635 Carthaginensi,c.
1924 4557 2049 4635 187,
2080 4546 2133 4605 D
2162 4546 2359 4620 re,‘sed
2392 4572 2564 4627 neque
2595 4572 2621 4609 a
2654 4556 2851 4611 vestris
2880 4554 3053 4607 unitas
3077 4562 3194 4608 erat
3225 4553 3572 4622 impedienda.
3610 4549 3687 4603 AL-

473 4627 693 4689 Datiius
735 4627 1020 4699 episcopus
1063 4630 1453 4681 Donatistarum
1501 4627 1913 4699 Novajictrensis
1957 4629 2051 4689 ait,

472 4697 861 4766 adversarium,
891 4701 993 4751 hnc
1022 4710 1125 4762 εει,
1158 4700 1467 4767 episcopum
1494 4697 1827 4751 Catholicam
1859 4712 1916 4749 se
1949 4714 2052 4749 non

475 4777 692 4837 habere,
724 4774 842 4840 quia
872 4770 981 4823 illic
1009 4777 1079 4822 est
1113 4768 1343 4821 Domnus
1379 4768 1640 4840 illarculns
1670 4770 1818 4836 cujus
1846 4768 2057 4840 sangui-

473 4864 585 4899 nem
609 4837 777 4913 exiget
809 4841 944 4893 Deus
978 4840 1030 4913 in
1060 4840 1141 4913 die
1164 4840 1373 4913 judicii.
1404 4838 1536 4913 Ilinc
1564 4839 1747 4890 Donati
1771 4852 1819 4891 et
1843 4837 2056 4888 Martuli

475 4908 971 4988 nomina—translata
1006 4908 1173 4988 fuisse
1208 4910 1460 4988 videntur
1505 4908 1646 4988 inter
1678 4917 1943 4988 t‘ttartyres
1971 4921 2059 4957 Ca-

421 5044 425 5047 .
472 4988 745 5047 tholicos;
776 4982 965 5043 Donati
995 4981 1208 5047 quidem
1240 4979 1302 5032 ad
1332 4979 1473 5033 diem
1506 4980 1527 5030 ι
1560 4979 1727 5031 Martii
1754 4979 1840 5029 ubi
1871 4990 2055 5047 pas_~_us

473 5058 668 5111 dicitur
694 5045 835 5122 apud
869 5045 1170 5122 Usnardum
1193 5048 1476 5122 :_Donatus
1505 5048 1805 5122 Carthagini
1834 5045 2055 5122 subpr-

474 5128 615 5179 sacio
646 5117 771 5177 duce
800 5133 843 5176 et
872 5121 1175 5174 Marcellino
1204 5118 1434 5173 Tribnno
1459 5136 1474 5171 :
1507 5130 1557 5172 et
1577 5119 1789 5172 Marciili
1820 5117 1883 5170 ad
1913 5117 2053 5169 diem

474 5196 545 5250 26
570 5195 883 5249 Novembris
906 5206 1070 5253 ;-nam
1103 5190 1169 5244 de
1194 5206 1259 5244 eo
1287 5191 1402 5243 lucc
1431 5191 1590 5244 habet
1618 5188 2052 5259 Martyrologium

478 5266 703 5321 Usuardi
731 5282 741 5317 :
787 5263 852 5317 In
886 5261 1189 5316 Nicomedia
1219 5262 1339 5331 (pro
1370 5261 1641 5331 Numidia)
1675 5256 2056 5312 beatiMurcnli

475 5337 752 5390 sacerdotis
782 5345 827 5387 et
856 5333 1096 5401 martyris
1123 5334 1209 5397 qui
1232 5330 1551 5401 temporibus
1574 5330 1865 5383 Constantis
1890 5339 2055 5401 τερ-(ιη)

476 5408 533 5458 ni
571 5406 940 5475 persecutiones
991 5398 1237 5455 maximas
1274 5398 1497 5475 pertulit
1524 5444 1536 5464 ,
1583 5400 1648 5453 ad
1681 5409 1962 5452 extremum
1991 5398 2052 5449 ab

477 5472 583 5529 alta
612 5494 734 5543 rupe
763 5475 1109 5543 prrvcipitatus
1138 5482 1226 5524 est.
1262 5472 1600 5525 Conveniunt
1631 5485 1823 5523 nomen
1855 5476 2054 5543 Inartyf

480 5548 551 5597 ris
574 5587 588 5609 ,
618 5540 956 5612 imperatoris
983 5553 1036 5594 et
1064 5544 1447 5612 genusmortis
1474 5558 1487 5605 ;
1531 5556 1729 5595 nomen
1758 5544 1916 5593 etiam
1937 5540 2049 5612 loci

481 5608 585 5667 non
628 5608 847 5667 multum
881 5608 1171 5666 diversum.
1220 5611 1483 5666 Constans
1515 5611 1585 5665 ibi
1620 5620 1876 5681 tyrannus
1918 5608 2050 5681 diei-

482 5687 565 5736 tur
592 5728 605 5744 ,
654 5701 757 5752 quo
794 5684 1029 5752 epitheto
1058 5698 1159 5735 non
1194 5682 1361 5748 potuit
1406 5683 1501 5752 nisi
1535 5698 1559 5731 a
1593 5679 1881 5733 [lunatisds
1912 5679 2049 5732 inla-

483 5754 617 5808 n’mt‘i
647 5751 761 5823 pius
794 5751 1057 5822 princeps.
1090 5752 1144 5805 ln
1172 5753 1412 5805 llotnano
1445 5751 1823 5819 Martyrologio
1856 5756 2047 5803 nomen

2157 4643 2303 4682 BASP.

2232 4699 2309 4769 (2)
2356 4696 2382 4749 Ι
2391 4716 2421 4750 ιι
2453 4698 2708 4769 judicium
2735 4706 3041 4769 provocate;
3071 4694 3114 4769 si
3138 4703 3303 4769 tamen
3335 4694 3587 4769 inveneris,
3606 4700 3682 4745 etc.

2161 4764 2488 4821 Concinnitis
2519 4768 2681 4821 editio
2708 4764 2743 4820 ‘2
2770 4766 2858 4820 Fr.
2913 4764 3178 4827 Balduiui,
3202 4766 3507 4819 irweneritis.
3532 4765 3686 4830 Quam-

2163 4852 2319 4905 quam
2372 4839 2483 4891 lucc
2532 4847 2769 4905 tempora
2798 4854 2826 4889 a
2859 4836 3119 4905 theologis
3159 4836 3276 4904 ejus
3316 4838 3414 4890 πινί
3442 4877 3457 4900 ,
3502 4835 3710 4905 maxime.

2166 4904 2328 4963 Afris.
2363 4918 2467 4959 tam
2501 4920 2747 4961 accurate
2775 4925 2877 4961 non
2910 4904 3286 4960 observentur.
3324 4905 3509 4961 Testes
3537 4904 3684 4975 pacci-

2167 4991 2268 5043 pue
2294 4976 2655 5030 Tertullianus
2705 4989 2758 5031 et
2789 4978 3072 5031 Arnobius.
3105 4976 3318 5043 Noster,
3363 4977 3456 5030 lib.
3497 4973 3549 5031 ιζ
3586 4973 3686 5043 Quia

2163 5047 2390 5114 quamvis
2419 5046 2546 5114 [oris
2575 5048 2660 5109 sit,
2696 5057 2857 5100 tamen
2888 5064 2947 5100 ea:
2976 5047 3117 5100 nobis
3146 5049 3343 5101 existis.
3386 5048 3584 5103 lucent.

2237 5116 2319 5184 (ὅ)
2365 5116 2678 5182 Supprimite
2720 5118 2917 5168 interim
2950 5132 3094 5169 voces
3123 5117 3303 5181 quibus
3348 5120 3401 5171 in
3427 5116 3681 5177 Haterium,

2162 5197 2258 5238 etc.
2305 5186 2581 5239 Editiones
2607 5187 2743 5245 aliae,
2774 5186 2953 5251 quibus
2983 5189 3035 5238 in
3069 5187 3356 5240 Macarium
3386 5190 3516 5242 dicta
3538 5187 3681 5241 insidia

2163 5258 2408 5319 recurrit,
2444 5264 2487 5307 et
2518 5257 2679 5321 primo
2716 5256 2781 5307 ad
2810 5257 2968 5307 alium
2994 5258 3321 5325 prophetam,
3352 5271 3452 5312 etc.
3483 5259 3679 5313 fortasse.

2161 5325 2337 5395 quibus
2384 5327 2433 5379 in
2465 5326 2745 5378 Macarittm
2776 5325 2925 5378 idiota
2958 5327 3145 5377 invidia
3193 5330 3427 5382 recurrit.
3472 5328 3679 5383 Recurrite

2163 5398 2345 5465 primo,
2381 5407 2483 5449 etc.
2516 5397 2597 5448 vel
2630 5396 2673 5448 si
2707 5395 2893 5455 mavis,
2927 5411 3049 5462 quas
3078 5396 3129 5447 in
3163 5396 3445 5451 Macarium
3470 5401 3606 5451 dictat
3624 5398 3679 5447 ia-

2160 5468 2313 5520 vidia.
2376 5466 2668 5528 Recurrite,
2700 5474 2793 5537 etc.
2842 5465 3106 5537 Caeterum
3139 5467 3194 5521 τὸ
3234 5469 3398 5537 primo
3443 5485 3529 5537 pro
3551 5470 3672 5536 prius,

2157 5553 2278 5590 nam
2312 5546 2392 5592 ter
2415 5539 2691 5594 repetitur.
2737 5534 3001 5588 Rccurrite
3030 5544 3207 5590 autem
3231 5534 3354 5606 quia
3383 5534 3494 5592 mox
3522 5534 3577 5592 ad
3596 5538 3675 5590 lla-

2154 5610 2355 5659 carinm
2392 5607 2641 5663 redituris
2678 5649 2690 5667 ,
2746 5606 2992 5658 festinato
3036 5614 3177 5670 opus
3218 5619 3351 5662 erat.
3394 5608 3546 5662 Prius
3567 5606 3672 5660 enim

2152 5677 2393 5730 dixerat:
2432 5676 2713 5729 Macarinm
2745 5675 2943 5739 (li/ferte
2967 5679 3244 5745 paulisper,
3273 5691 3378 5734 etc.
3411 5677 3667 5734 M.Cssiaa.

2158 5747 2257 5801 llic
2287 5749 2427 5802 locus
2458 5764 2486 5800 a
2518 5749 2659 5801 nobis
2688 5749 2949 5801 restitutus
2979 5757 3071 5799 est.
3200 5746 3210 5751 ⁴
