3828 6218
210 339 345 396 1³17

986 350 1071 406 DE
1111 352 1491 411 SClllSNlATE
1536 355 2057 413 DONATISTARUEI
2100 359 2299 414 LIBER
2340 360 2661 415 TERTIUS.

3318 363 3449 421 1018

206 456 302 511 Dei
336 458 678 528 pertinaciter
703 463 1042 518 obstiterunt.
1080 466 1217 535 Ergo
1240 467 1431 522 videtis
1453 483 1477 520 a
1504 470 1703 540 Moyse,
1730 480 1783 523 et
1810 479 1857 537 Α
1883 470 2088 541 judices
2112 513 2126 538 ,
2178 472 2371 526 bellum
2418 472 2721 527 Christiano
2768 474 2967 530 nomini
3008 474 3293 532 inferentes
3327 494 3339 529 :
3388 492 3454 532 ex

204 549 409 606 Pltince
430 594 443 617 ,
474 563 524 605 et
555 554 664 607 Elia
687 596 699 619 ,
733 565 784 609 ct
813 556 1060 622 Macario,
1086 558 1278 613 similia
1308 574 1427 615 esse
1456 560 1590 615 facta
1610 603 1625 627 ,
1657 562 1777 630 quia

1886 564 2078 633 quibus
2124 564 2174 617 in
2225 566 2494 634 provincia
2532 568 2891 635 proconsulari
2926 569 3071 639 (ante
3102 582 3270 623 annos
3305 583 3459 625 sexa-

200 642 270 695 ab
293 645 540 697 omnibus
570 645 725 727 unius
751 648 838 702 Dei
870 658 1134 719 praecepta
1162 660 1287 707 sunt
1316 651 1576 707 vindicata
1602 661 1647 706 ει.
1675 652 1779 708 Sed
1882 656 2025 726 ginta
2054 667 2106 711 et
2131 657 2268 725 quod
2299 660 2533 717 excurrit
2563 659 2609 729 ο)
2644 660 2809 715 fuerat
2835 658 3181 728 Anulinus,in
3214 662 3456 717 Numidia

200 732 359 786 video
387 748 479 787 vos
512 719 612 789 ltoc
642 736 757 791 loco
785 746 1022 807 tempora
1052 751 1364 808 separantes
1389 783 1403 807 ,
1444 752 1501 797 ut
1531 741 1631 797 alia
1659 734 1775 799 fue-

196 822 310 877 rint
357 833 593 893 tempora
645 838 768 882 ante
801 828 1185 900 Evangeliutn.
1232 834 1332 887 alia
1382 843 1500 904 post
1528 834 1773 908 Evange-

194 914 326 969 lium
355 935 366 970 :
417 918 467 971 in
502 934 603 988 quo
634 922 852 989 potestis
879 922 1058 979 dicere
1080 966 1094 989 ,
1127 924 1244 996 quia
1275 927 1530 997 scriptum
1565 938 1645 982 est
1671 971 1685 996 ,
1720 937 1775 983 ut

190 1024 223 1063 a
260 1011 420 1066 Petro
443 1012 552 1080 ja‘m
580 1014 786 1083 gladius
809 1016 1153 1084 conderetur,
1178 1034 1283 1088 quo
1305 1020 1609 1075 auriculam
1628 1021 1774 1076 servi

188 1104 489 1158 sacerdotis
533 1107 824 1161 abstulerat
854 1107 1067 1181 (Matth.
1104 1113 1271 1177 xxvn),
1304 1128 1460 1182 quem
1488 1111 1516 1150 δ
1558 1130 1769 1169 servum

188 1201 441 1261 potuerat
466 1196 617 1264 quasi
640 1195 864 1253 devotus
888 1200 1078 1256 Petrus
1101 1203 1373 1258 occidere:
1401 1204 1491 1259 sed
1514 1203 1592 1277 (4)
1616 1206 1769 1281 Chri-

185 1293 311 1339 stus
352 1286 455 1353 pati
487 1295 746 1351 venerat,
785 1290 897 1344 non
920 1291 1153 1348 defendi.
1207 1294 1283 1364 (ὅ)
1316 1295 1381 1351 Ει
1411 1296 1454 1351 si
1480 1298 1765 1369 cogitatum

184 1388 344 1429 suum
381 1376 565 1431 Petrus
598 1378 883 1449 impleret,
917 1381 966 1435 in
999 1384 1246 1451 passione
1269 1383 1466 1441 Christi
1494 1387 1766 1442 videretur

182 1480 380 1521 servus
408 1467 683 1532 vindicari,
716 1485 819 1524 non
854 1474 1077 1541 pepulus
1106 1475 1322 1531 liberati
1351 1488 1393 1532 ο.

261 1558 393 1613 VIII.
436 1559 717 1615 Macarium
764 1580 864 1616 nou
905 1553 1049 1633 posse
1092 1566 1194 1619 dici
1226 1579 1591 1635 persecutorem
1618 1613 1631 1638 ,
1678 1588 1767 1625 nec

180 1667 270 1705 eos
297 1654 383 1721 qui
412 1653 474 1706 ab
506 1654 593 1708 illo
619 1654 757 1725 ριεεὶ
801 1668 916 1710 sunt
964 1669 1210 1729 martyres
1254 1663 1504 1731 appellari
1532 1704 1544 1727 ,
1596 1674 1767 1735 utpote

177 1746 327 1815 pacis
356 1747 610 1801 inimicos.
640 1777 710 1789 —-
738 1747 869 1805 Nam
914 1762 961 1805 et
994 1751 1253 1807 Macarius
1281 1754 1514 1824 gladium
1544 1772 1570 1808 a
1605 1756 1763 1812 Petro

1886 746 2102 802 Florus.
2136 747 2393 803 Omnibus
2426 759 2606 803 notum
2639 760 2718 803 est
2740 792 2752 814 ,
2787 752 2908 819 quid
2935 767 3115 807 eorum
3141 764 3359 823 operata
3388 754 3456 809 sit

1882 840 2167 894 artiliciosa
2214 840 2550 895 crudelitas:
2602 842 2852 897 saiviebat
2899 845 3091 899 bellum
3138 844 3456 902 Cbrisﬁanis

1883 929 2177 997 indictum;
2234 932 2285 986 in
2322 934 2533 1001 templis
2560 933 2941 988 dwmoniorum
2973 935 3211 993 diabolus
3257 939 3446 993 trium-

1880 1021 2114 1091 phabat;
2167 1024 2454 1078 immundis
2499 1024 2775 1079 fumabant
2806 1041 2911 1079 ara:
2941 1026 3249 1095 nidoribus;
3286 1030 3365 1101 (7)
3399 1040 3451 1086 et

1876 1114 2000 1183 quia
2029 1112 2094 1167 ad
2125 1114 2399 1185 Sacrilegia
2428 1116 2536 1188 65
2566 1116 2747 1170 venire
2780 1132 2885 1170 non
2917 1127 3180 1185 poterant,
3214 1120 3453 1176 ubicum-

1875 1224 1979 1276 que
2028 1211 2148 1264 thus
2196 1208 2398 1279 ponere
2428 1210 2774 1281 cogebantur.
2828 1208 3014 1264 Omnis
3047 1211 3189 1264 locus
3218 1211 3295 1281 (8)
3321 1220 3453 1268 tem-

1874 1301 2015 1371 plum
2040 1312 2151 1357 erat
2180 1301 2245 1357 ad
2277 1302 2453 1357 scelus
2482 1300 2523 1356 ί.
2574 1302 2991 1371 Inquinabantur
3035 1318 3197 1373 prope
3224 1304 3453 1359 morien-

1873 1401 1951 1446 tes
1982 1408 2169 1447 senes:
2199 1393 2451 1463 ignorans
2483 1393 2815 1461 polluebatur
2843 1392 3099 1454 infantia;
3132 1409 3159 1447 a
3185 1394 3445 1449 matribus

1871 1486 2124 1553 parvulis
2156 1485 2507 1554 portabantur
2535 1485 2599 1539 ad
2628 1486 2775 1539 nefas
2802 1502 2815 1549 ;
2852 1497 3099 1555 parentes
3128 1486 3401 1540 incruenta
3422 1484 3448 1523 ιι

1872 1574 2154 1643 parricidia
2186 1576 2359 1630 facere
2389 1578 2753 1645 cogebantur:
2785 1577 2872 1630 alii
2903 1577 3227 1647 cogebantur
3256 1576 3271 1613 ί
3307 1588 3442 1632 tem-

1872 1666 1955 1734 pla
1984 1666 2081 1719 Dei
2114 1666 2214 1719 vivi
2247 1667 2557 1721 subvertere
2586 1683 2599 1731 ;
2648 1667 2733 1721 alii
2765 1665 3034 1721 Christum
3070 1683 3301 1737 negare;
3350 1668 3439 1723 alii

1871 1759 2013 1829 leges
2038 1760 2243 1813 divinas
2278 1759 2601 1825 incendere;
2652 1760 2737 1813 alii
2786 1762 2939 1812 thura
2975 1774 3191 1828 ponere.
3242 1761 3439 1813 llorum

179 1839 377 1906 vagina
403 1838 673 1893 conditum
710 1855 815 1895 non
850 1841 1047 1899 eduxit.
1083 1843 1194 1899 Hoc
1225 1846 1414 1914 probat
1444 1848 1599 1914 Deus,
1636 1848 1761 1903 dum
1797 1872 1838 1931 Β
1868 1852 2065 1915 aliquid
2094 1868 2120 1903 a
2153 1850 2380 1904 Macario
2411 1850 2606 1904 fartum
2637 1864 2754 1904 csse
2784 1892 2796 1915 ,
2850 1866 2947 1903 nec
2981 1866 3077 1905 vos
3106 1852 3203 1920 ipsi
3234 1851 3438 1905 Confin-

177 1929 246 1983 ad
280 1929 469 1985 vallem
500 1931 629 1989 Sion
660 1934 895 2004 loquitur
926 1936 1110 1991 dicens
1136 1955 1146 1990 :
1193 1938 1446 2013 vulnerati
1473 1941 1522 2003 in
1552 1950 1626 2004 te,
1660 1957 1759 1993 non

176 2021 435 2076 uulnerati
465 2024 639 2095 gladio
672 2024 841 2095 (Esai.
869 2042 999 2091 xxii,
1028 2028 1085 2098 9)
1113 2045 1125 2080 :
1158 2041 1247 2081 aut
1280 2031 1500 2099 probate
1531 2033 1758 2100 aliquem

178 2114 276 2169 illo
327 2126 567 2187 tempore
610 2118 788 2189 gladio
832 2136 953 2175 esse
1000 2136 1353 2191 percussum:
1402 2122 1595 2179 deinde
1646 2126 1756 2180 ait:

178 2209 371 2261 mortui
400 2209 450 2262 in
477 2219 523 2262 te
546 2252 559 2275 ,
617 2226 716 2264 non
748 2214 935 2267 mortui
960 2214 1011 2267 in
1038 2213 1186 2267 bello.
1238 2215 1413 2282 Quare
1442 2217 1647 2271 debetis
1675 2227 1757 2272 at-

179 2292 429 2366 tendere,
455 2316 521 2355 ne
551 2304 891 2358 temerarium
916 2306 1017 2371 sit,
1052 2320 1148 2361 eos
1174 2318 1435 2378 martyres
1466 2310 1755 2378 appellare,

175 2394 266 2462 qui
299 2394 378 2464 (6i
404 2393 825 2452 Christianorum
856 2401 1054 2454 nullmu
1084 2403 1354 2454 senserint
1386 2382 1607 2457 bellum.
1639 2402 1754 2457 Non

174 2485 318 2538 enim
352 2487 457 2540 tale
485 2488 685 2557 aliquid
713 2488 910 2543 factum
942 2503 1033 2544 aut
1062 2492 1301 2545 auditum
1345 2503 1424 2546 cst
1452 2534 1465 2559 ,
1512 2496 1652 2564 quod
1700 2494 1753 2549 in

174 2574 319 2630 bello
348 2576 769 2634 Christianorum
802 2581 905 2636 dici
937 2593 1025 2636 aut
1055 2584 1168 2637 lieri
1199 2586 1411 2637 solitum
1445 2593 1525 2639 est
1556 2604 1565 2637 :
1612 2587 1750 2655 quod

176 2666 378 2721 bellum
414 2672 715 2737 persecutio
743 2671 964 2737 dicitur,
996 2689 1111 2741 qua:
1140 2684 1352 2742 operata
1387 2684 1465 2729 est
1497 2676 1595 2730 sub
1624 2676 1755 2729 dua-

176 2759 275 2814 bus
324 2760 508 2814 bestiis
556 2775 619 2815 ex
661 2763 776 2817 illis
823 2773 1079 2833 quatuor,
1129 2781 1259 2834 quas
1288 2757 1472 2819 Daniel
1512 2768 1577 2821 de
1609 2769 1752 2822 'mari

172 2851 530 2906 ascendentes
555 2853 765 2921 aSpexit
791 2850 1017 2921 (Daniel.
1042 2854 1353 2924 Vtt).Prima
1383 2856 1479 2909 fuit
1509 2868 1562 2909 ιιι
1586 2854 1611 2893 ἀ
1642 2858 1752 2910 leo:

174 2939 290 3023 lucc
320 2952 439 2997 erat
466 2946 769 3015 persecutio
798 2945 897 2999 sub
926 2946 1088 3001 Decio
1118 2956 1170 3001 et
1199 2948 1502 3003 Valeriano.
1551 2948 1756 3005 Secun-

173 3032 273 3099 da,
320 3041 379 3087 ut
410 3048 597 3089 ursus:
649 3036 749 3089 alia
785 3038 1114 3105 persecutio,
1145 3038 1261 3109 qua:
1290 3041 1383 3094 l'uit
1412 3043 1509 3099 sub
1543 3041 1752 3103 Diocle-

170 3126 319 3179 tiano
364 3136 417 3180 ct
446 3124 800 3181 Maximiano:
849 3142 954 3197 quo
983 3138 1223 3199 tempore
1270 3130 1485 3185 fuerunt
1520 3142 1573 3185 et
1606 3134 1753 3202 impii

1865 1958 1992 2013 gere
2026 1944 2283 2011 poteritis.
2316 1942 2422 1996 Sub
2452 1954 2787 2011 persecutore
2816 1942 2977 1996 Floro
3004 1941 3289 1997 Christiani
3330 1940 3443 1997 idoL

1866 2034 2037 2087 lormn
2068 2034 2393 2101 cogebantur
2424 2033 2486 2085 ad
2519 2035 2710 2102 templa
2739 2051 2752 2086 :
2809 2031 2885 2105 (9)
2920 2032 3020 2086 sub
3048 2033 3277 2087 Macario
3307 2034 3439 2103 pigri

1865 2128 2321 2195 compellebantnr
2364 2127 2428 2180 ad
2458 2127 2771 2191 Basilicam;
2827 2126 2927 2180 sub
2956 2126 3115 2180 Floro
3134 2126 3439 2193 .diccbatur,

1868 2214 1924 2271 ut
1950 2218 2063 2291 (l0)
2096 2203 2377 2286 negaretur
2406 2217 2650 2271 Christus
2677 2228 2730 2271 et
2762 2217 2899 2270 idola
2932 2228 3265 2286 rogarentur.
3298 2215 3438 2270 Con-

1866 2323 1944 2364 tra
1991 2311 2089 2365 sub
2137 2310 2367 2364 Macario
2416 2310 2896 2363 commonebantur
2941 2323 3166 2371 onmes,
3215 2317 3271 2361 ut
3303 2309 3439 2363 Deus

1864 2417 2001 2454 unus
2024 2403 2226 2469 pariter
2252 2401 2300 2453 in
2322 2399 2559 2455 Ecclesia
2585 2400 2651 2453 ab
2672 2400 2916 2451 omnibus
2940 2408 3235 2468 rogaretur.
3269 2400 3427 2468 Ergot

1827 2508 1978 2555 ,cum
2008 2492 2234 2546 videatis
2264 2491 2693 2545 Christianorum
2748 2492 2949 2545 nullum
2997 2492 3158 2546 fuisse
3208 2492 3433 2558 bellum,

1837 2589 1911 2641 'et
1963 2587 2078 2640 sine
2145 2586 2287 2640 bello
2348 2572 2566 2655 aliquos
2646 2596 2883 2639 mortuos
2944 2599 3063 2639 esse
3109 2600 3434 2643 commemo-

1810 2694 1817 2699 ‘
1860 2690 1935 2732 rat
1966 2679 2133 2743 Deus,
2182 2694 2300 2732 cum
2347 2677 2506 2741 dicit,
2554 2687 2598 2729 et
2642 2679 2823 2729 mortui
2864 2679 2913 2729 in
2958 2686 3129 2730 (enen
3154 2677 3337 2729 mortui
3381 2677 3432 2727 in

1858 2769 2028 2823 bello:
2078 2780 2130 2824 et
2177 2769 2365 2823 dubios
2396 2776 2657 2837 martyres
2688 2782 2842 2835 posse
2872 2781 2964 2820 cos
2990 2782 3108 2820 esse
3132 2807 3144 2829 ,
3186 2766 3284 2833 qui
3325 2783 3430 2820 non

1858 2860 1963 2913 sint
1993 2861 2072 2915 vel
2104 2860 2166 2913 ad
2198 2875 2344 2913 sacra
2379 2858 2632 2928 sacrilega
2666 2858 2955 2926 pt-owicati.
2993 2858 3073 2911 vel
3107 2856 3170 2910 ad
3203 2858 3432 2910 immun-

1860 2958 1923 3007 da
1954 2954 2193 3016 incensa,
2229 2952 2311 3006 vel
2342 2952 2405 3005 ad
2441 2952 2773 3023 negationem
2808 2950 3040 3003 nominis
3073 2950 3201 3003 Dei:
3236 2960 3286 3003 ct
3314 2966 3432 3003 cum

1853 3029 1924 3098 ad
1952 3042 2263 3115 martyrium
2292 3058 2396 3097 non
2422 3043 2492 3096 sit
2522 3042 2775 3110 transitus
2804 3082 2817 3107 ,
2868 3041 2968 3095 nisi
3010 3057 3106 3111 per
3135 3041 3431 3094 confessio-

1860 3151 2005 3202 nem,
2030 3133 2297 3205 quomodo
2320 3132 2498 3187 dicitis
2526 3142 2788 3203 martyres
2812 3132 2897 3202 qui
2931 3148 3033 3187 non
3066 3130 3276 3185 fuerunt
3303 3144 3431 3184 cou-

1398 3244 1774 3301 LEC'l‘lONES
1804 3248 2213 3304 VARIANTES.

235 3332 261 3360 ⁸
287 3330 364 3381 Ila
389 3331 705 3403 in_ms.§.AG.
730 3332 786 3383 In
810 3346 920 3383 mss.
949 3332 997 3383 8.
1026 3332 1083 3383 Τ.
1112 3340 1163 3384 et.
1196 3335 1254 3391 P.
1279 3334 1330 3385 S.
1360 3334 1500 3387 unius
1528 3335 1617 3387 Dei
1640 3352 1753 3403 pro—
1784 3341 1825 3403 C

167 3406 319 3443 cessa:
336 3400 446 3444 sum
469 3393 707 3444 vindicta’.

232 3477 261 3516 ιι
289 3477 346 3526 In
364 3492 452 3527 ms.
478 3480 533 3529 8.
558 3479 617 3529 Τ.
640 3492 765 3543 qum.
788 3478 844 3528 In
864 3480 1025 3539 editis,
1045 3494 1154 3544 quo.

234 3562 257 3590 ο
286 3559 349 3625 In
367 3573 480 3610 mss.
509 3560 561 3625 8.
585 3561 642 3611 Τ.
663 3571 715 3625 et
738 3562 796 3625 Ρ.
816 3564 873 3625 _S.
899 3566 957 3625 Et
990 3563 1246 3625 cogitatum
1277 3578 1426 3625 eumn,
1453 3568 1630 3615 Petrus
1664 3563 1757 3615 im-

165 3620 379 3689 plerem
401 3620 623 3689 passione
646 3620 825 3674 Clu-isti
869 3620 1075 3686 videtur",
1123 3634 1167 3677 et
1196 3640 1358 3689 serius
1380 3624 1638 3689 vindicari,
1664 3640 1757 3680 non

165 3682 376 3747 papulas
395 3682 610 3737 liberari.
1063 3682 1072 3686 ⁷
1196 3684 1199 3692 ’

230 3765 261 3806 d
285 3767 437 3818 Deest
458 3770 506 3817 in
526 3783 641 3819 mss.
664 3769 716 3821 S.
742 3770 799 3819 Τ.
828 3777 880 3819 et
902 3766 954 3820 Ρ.
982 3771 1034 3820 8.

235 3828 341 3905 {In
362 3844 451 3880 ms.
477 3830 531 3881 8.
553 3831 611 3882 G.
636 3844 788 3896 prope
805 3831 1120 3899 septuaginta.

1925 3340 1946 3451 ἴ
1975 3340 2165 3451 Iqlmss.
2194 3340 2359 3391 S.Tlt.
2385 3347 2434 3389 et
2458 3340 2549 3389 Plt.
2576 3339 2626 3388 8.
2670 3339 2899 3390 Omnibus
2934 3336 3051 3390 locis
3086 3336 3308 3402 templum
3332 3345 3435 3391 erat

1958 3417 2007 3451 se
2058 3418 2128 3451 us.
2614 3414 2618 3419 ‘
3084 3424 3091 3430 -

1859 3409 1939 3453 aut
1958 3409 2128 3453 scelus.
2614 3414 2618 3419 ’
3084 3424 3091 3430 ·

1924 3466 1949 3503 8
1977 3466 2028 3513 lu
2054 3479 2167 3514 mss.
2193 3465 2244 3514 S.
2271 3463 2329 3512 Τ.
2356 3470 2409 3511 et
2431 3463 2487 3512 P.
2512 3463 2563 3512 8.
2590 3462 2727 3523 parvi
2750 3461 2903 3513 liberi.

1920 3525 1950 3565 ιι
1971 3526 2025 3575 In
2052 3540 2137 3575 ms.
2166 3527 2218 3575 8.
2240 3525 2299 3588 'l‘.
2320 3531 2549 3588 cruenta,
2576 3525 2662 3573 sed
2688 3526 2881 3588 cumino
2907 3537 3181 3588 perperam.

1925 3589 1941 3655 ξ
1974 3588 2029 3655 in
2048 3602 2159 3638 mss.
2185 3590 2235 3637 8.
2263 3585 2466 3655 'l‘._tj}_S.
2491 3584 2876 3655 G._urgebautur.
2908 3584 2917 3588 ⁷
2997 3584 3007 3587 ⁷
3088 3644 3098 3655 ⁸
3123 3645 3134 3655 θ
3300 3614 3304 3620 ς

1924 3652 1937 3701 i
1978 3649 2091 3699 Htec
2116 3662 2270 3707 usque
2286 3648 2342 3697 ad
2362 3646 2440 3697 illa
2461 3644 2883 3707 verbafmartyres
2901 3658 3001 3696 esse.
3020 3644 3176 3703 vultis,
3189 3660 3295 3707 qua?
3312 3646 3432 3693 dee-

1924 3664 1937 3701 t
1978 3664 2091 3699 uice
2116 3664 2169 3699 υς
2208 3664 2270 3699 ue
2286 3664 2341 3697 au
2362 3664 2440 3697 tua
2461 3664 2623 3706 verba,
2649 3664 2771 3696 mari
2808 3664 2883 3696 res
2901 3664 3001 3696 esse.
3020 3664 3295 3707 vuuts,quw
3312 3664 3428 3693 uec-

1857 3720 1967 3761 raut
1988 3713 2038 3759 itt
2061 3664 2278 3760 omnibus
2304 3711 2465 3768 editis,
2506 3719 2556 3757 et
2579 3712 2749 3756 Omissa
2771 3664 2955 3756 icerant
2996 3709 3042 3755 in
3069 3720 3191 3761 ,mss.
3219 3708 3269 3756 S.
3296 3707 3353 3756 'l'.
3378 3715 3428 3755 et

1855 3772 1911 3821 P.
1940 3774 1992 3823 S.
2011 3772 2345 3880 'suanlevimus
2370 3783 2427 3819 ex
2456 3784 2543 3820 ms.
2571 3770 2621 3818 S.
2650 3769 2709 3819 G.
2735 3782 2843 3831 quae
2880 3770 3092 3829 genuina
3131 3781 3240 3817 esse
3283 3781 3428 3817 nemo
3454 3816 3461 3819 _

1856 3842 2011 3880 potest
2031 3848 2105 3880 am
2143 3835 2297 3880 ltzet'e.
2625 3860 2631 3865 -
2910 3840 2913 3843 ‘

1856 3842 2011 3895 potest
2031 3835 2297 3894 ambigere.
2625 3860 2631 3865 -
2910 3840 2913 3843 λ

1400 3910 1403 3917 “
1471 3935 1827 3991 νΑΒιυιὶυΜ
1865 3936 2086 3991 Noras.

242 4024 326 4099 (4)
360 4028 465 4083 Sed
486 4026 720 4081 Christus
746 4039 947 4082 uenerat
977 4030 1101 4098 pati.
1136 4027 1551 4099 Respondebant
1574 4028 1747 4081 Dona-

167 4098 310 4154 tistae
341 4099 715 4166 distinguenda
744 4113 863 4152 esst:
897 4107 1137 4167 tempora
1161 4140 1173 4162 ,
1227 4111 1279 4151 et
1311 4109 1426 4165 post
1457 4098 1741 4151 adventum

165 4169 371 4224 Christi
403 4170 667 4223 neminem
702 4166 1182 4222 lzcdendumesse:
1233 4168 1571 4235 gladiumque
1600 4168 1740 4221 Petri

164 4244 417 4305 exemplo
444 4239 836 4293 recondendum
865 4254 983 4292 esse.
1011 4258 1023 4291 :
1070 4239 1262 4305 quibus
1291 4252 1476 4291 rursus
1504 4253 1730 4303 respon~

165 4312 256 4365 dct
288 4310 544 4379 Optatus.
588 4308 818 4378 gladium
862 4309 1074 4376 quidem
1109 4308 1319 4363 Petrum
1350 4308 1733 4365 rectnnlittisse.

164 4382 286 4449 quia
320 4381 601 4447 oportebat
621 4379 887 4449 Christum
916 4379 1040 4445 pati,
1072 4394 1175 4431 non
1204 4379 1447 4441 defendi;
1482 4380 1573 4431 sed
1608 4380 1735 4431 illml

163 4447 471 4516 exemplum
506 4450 636 4501 ultra
665 4447 860 4503 Clu-isti
911 4451 1215 4519 p8>SlUll8lll
1249 4464 1358 4503 non
1391 4464 1509 4502 esse
1538 4450 1736 4516 produ-

162 4522 413 4576 cetttlttm.
451 4524 672 4574 ALBMP.

238 4592 318 4662 (3)
364 4588 428 4642 Et
470 4591 514 4642 si
542 4591 816 4662 cogitatum
846 4606 989 4662 strata
1014 4588 1199 4642 Petrus
1220 4628 1235 4653 ,
1268 4598 1371 4642 etc.
1416 4588 1656 4662 (Scribe:
1689 4600 1736 4662 et

162 4665 206 4715 si
247 4656 529 4731 cogitatum
562 4656 621 4714 δῖ
650 4658 835 4713 Petrus
874 4661 1136 4727 impleret,
1190 4662 1240 4711 iu
1287 4661 1521 4731 passione
1549 4656 1737 4731 Christi

161 4729 627 4805 uitler‘eturjeruus
666 4731 910 4783 vindicari
932 4773 944 4792 ,
994 4748 1091 4783 non
1136 4729 1354 4805 populus
1386 4730 1611 4805 liberari.
1655 4732 1728 4805 Si,
1765 4746 1816 4805 ι)

162 4802 336 4870 inquit
364 4842 377 4865 ,
431 4800 620 4855 Petrus
666 4812 951 4863 exsrcutus
983 4812 1125 4855 esset
1174 4800 1332 4870 quod
1356 4816 1483 4852 suus
1513 4798 1561 4852 ei
1590 4804 1734 4854 zelus

163 4868 441 4937 dictabat,
477 4882 531 4925 ut
562 4887 774 4926 servum
816 4873 962 4925 illum
993 4868 1203 4928 scilicet
1224 4868 1493 4923 occideret
1517 4912 1530 4932 ,
1568 4873 1734 4931 potuit

161 4942 335 4995 videri
364 4941 610 5013 Christus
639 4956 827 5012 passiis
860 4954 1125 5013 tamquam
1147 4957 1281 5013 rcus
1309 4941 1549 5013 caadiset
1576 4939 1739 4993 homi-

162 5014 287 5067 cidii
342 5028 369 5063 a
428 5010 691 5080 discipulo
729 5010 998 5066 commissi
1052 5010 1225 5080 potius
1274 5027 1429 5078 quam
1482 5010 1739 5067 innocens

164 5102 261 5151 pro
291 5085 556 5138 sontibus.
614 5083 682 5137 bl.
712 5080 942 5137 CASAUB.
988 5081 1087 5135 Hic
1128 5082 1268 5137 locus
1298 5098 1328 5133 α
1354 5083 1495 5134 nobis
1531 5084 1736 5133 restitu-

162 5166 244 5208 tus
270 5166 365 5207 εει.

233 5225 314 5295 (6)
356 5224 763 5278 Christianorum
810 5224 1018 5277 bellum.
1070 5222 1455 5292 lmperatorum
1490 5236 1739 5291 persecu-

165 5298 239 5351 tio
265 5312 390 5350 rem.
438 5298 659 5349 Aumse.
1124 5356 1125 5359 η

262 5368 313 5429 7)
346 5366 407 5418 Et
434 5368 570 5433 quia.
618 5366 681 5419 Et
708 5366 817 5433 qui.
853 5364 1061 5418 melius.
1104 5365 1331 5420 Awase.

258 5435 365 5489 bid.
399 5432 460 5488 Et
488 5436 607 5503 quia
635 5438 702 5488 ad
723 5432 869 5486 sacra
890 5436 1158 5505 sacrilega,
1182 5446 1286 5488 etc.
1327 5432 1513 5487 Scribe
1537 5450 1549 5484 :
1574 5444 1617 5485 et
1642 5434 1727 5503 qui

161 5506 229 5557 ad
256 5522 404 5557 sacra
433 5506 680 5571 sacrilega
712 5505 876 5556 venire
898 5521 996 5556 nou
1029 5504 1250 5569 poterat,
1293 5504 1470 5567 ubique
1496 5506 1609 5555 thus
1640 5520 1729 5571 po-

162 5592 278 5628 nere
326 5575 403 5641 (id
435 5584 537 5637 est,
572 5573 811 5637 adolere,
843 5573 963 5625 Ilius
986 5574 1202 5637 offerre,
1228 5584 1280 5627 et
1309 5574 1431 5627 inde
1458 5573 1732 5640 thuriﬁcati

161 5646 210 5697 in
244 5646 387 5698 illius
421 5643 676 5709 temporis
716 5642 937 5695 bistoria
992 5644 1451 5706 decantatisstmi)
1494 5642 1729 5707 cogeba-

166 5727 268 5769 tur.
304 5716 490 5789 Morbo
514 5714 595 5766 vel
623 5722 779 5789 aetate
801 5715 1075 5789 conlectos
1099 5725 1151 5789 et
1182 5714 1422 5789 xit-{ripe};
1454 5714 1728 5789 intelligit;

164 5803 296 5854 quos
328 5786 530 5837 sontica
556 5796 713 5837 causa
744 5781 887 5854 domi
923 5783 1205 5854 retinebat.
1268 5781 1419 5838 Uiide
1460 5785 1733 5852 eleganter

167 5853 323 5916 lttfert
352 5856 606 5925 Optatus:
639 5853 801 5907 omnis
840 5854 977 5907 locus
1021 5853 1261 5921 templum
1290 5867 1398 5908 erat
1448 5856 1516 5909 ad
1542 5855 1727 5908 scelus.

1848 4029 2022 4095 Quare
2051 4032 2218 4083 miror
2238 4043 2559 4098 quemquam
2592 4030 2725 4082 adeo
2750 4028 3089 4098 invenustum
3122 4024 3307 4090 fuisse,
3331 4027 3419 4098 qui

1847 4112 2081 4159 veterem
2112 4096 2433 4162 lectionem,
2474 4100 2714 4167 templum
2742 4109 2845 4151 erat
2874 4110 2960 4152 aut
2990 4097 3152 4151 scelus
3171 4139 3187 4162 ,
3213 4096 3430 4166 pra-fer-

1846 4183 1945 4224 ret.
1995 4172 2060 4225 M.
2093 4172 2317 4225 Cassun.
3265 4232 3271 4240 .

1917 4242 1992 4309 (8)
2027 4240 2291 4309 Templum
2327 4249 2435 4293 erat
2479 4240 2547 4291 arl
2574 4240 2759 4295 scelus.
2792 4240 2899 4293 Aut
2943 4242 3117 4296 scelus
3153 4256 3164 4290 :
3212 4238 3426 4292 melius.

1844 4312 2067 4366 ALBASP.
2099 4311 2207 4363 luto
2231 4327 2511 4380 perperam.

1915 4404 2049 4457 lbitl.
2085 4402 2348 4469 Templum
2380 4413 2481 4455 erat
2512 4402 2579 4456 ad
2615 4403 2793 4455 scelus.
2830 4402 3094 4470 Templum
3121 4402 3315 4471 Optato
3343 4414 3425 4457 est

1846 4479 2021 4544 furtum
2045 4474 2206 4545 gentis
2228 4472 2515 4526 idololatrw
2536 4517 2547 4536 ,
2576 4489 2739 4545 snpra
2766 4474 2855 4545 lib.
2890 4489 2923 4526 tt
2957 4492 2967 4525 :
3006 4472 3138 4525 Nam
3171 4475 3424 4545 prioribus

1844 4556 1897 4597 ut
1924 4545 2113 4669 Itrali)npla
2133 4544 2525 4667 {(tbricarentnr,
2559 4555 2603 4597 et
2633 4544 2773 4596 idola
2791 4545 2990 4611 ﬁerent.
3024 4546 3151 4598 llcttt
3187 4544 3277 4598 lib.
3298 4546 3418 4599 eod.

1844 4624 1897 4668 et
1946 4618 1957 4667 i
2002 4652 2016 4666 ν
2053 4632 2124 4667 v1.
2182 4629 2369 4667 seem.

1915 4706 1995 4774 (9)
2020 4706 2126 4770 Sult
2158 4704 2384 4758 Macario
2414 4705 2544 4772 pigri
2575 4705 3024 4770 compellebautur,
3056 4714 3156 4759 etc.
3190 4705 3301 4759 Non
3335 4705 3421 4760 bic

1841 4796 2011 4847 pigros
2030 4776 2393 4843 itttclligit,qui
2417 4777 2769 4847 negligentius
2792 4777 3047 4847 ecclesias
3074 4787 3123 4837 et
3148 4787 3315 4830 cmltts
3341 4792 3421 4829 ec-

1840 4844 2167 4901 clesiasticos
2195 4844 2621 4911 frequentabant,
2650 4848 2742 4899 sed
2768 4846 3165 4914 scltismattt-os,
3184 4848 3422 4914 aliosque

1841 4920 1926 4987 qui
1965 4934 2066 4971 non
2090 4917 2404 4985 negligentia
2443 4918 2757 4979 peeCabant,
2790 4920 2880 4970 sed
2910 4919 3133 4971 consilio
3163 4925 3249 4969 aut
3276 4929 3423 4970 Certo

1846 4991 2019 5056 pOilllS
2065 4987 2271 5049 lurore,
2323 4996 2493 5037 emttts
2542 4988 2959 5052 CulltttliCttt'ttttt,
2994 4991 3139 5056 quasi
3188 4990 3423 5056 impuros

1844 5055 1896 5111 et
1946 5060 2265 5127 inquinatos,
2316 5055 2549 5108 vitabant
2598 5068 2649 5110 et
2686 5060 3098 5120 avetsabantur,
3149 5060 3197 5110 in
3252 5055 3421 5121 eoque

1846 5128 2125 5197 religionis
2162 5142 2263 5178 non
2303 5128 2574 5180 minimam
2626 5139 2829 5197 partem
2878 5131 3158 5196 ponebant.
3194 5129 3266 5181 lta
3313 5128 3418 5181 Do-

1848 5195 2054 5251 natista:
2100 5195 2402 5250 Catliolieos
2460 5195 2639 5268 pigros
2678 5211 2724 5250 et
2761 5195 3185 5268 ipsivocaliant.
3232 5198 3421 5253 Noster

1846 5269 1937 5322 lib.
1972 5284 2053 5320 vr:
2082 5278 2127 5320 et
2152 5268 2423 5320 residentes
2452 5270 2501 5319 in
2518 5267 2642 5320 isinn
2676 5270 2851 5321 matris
2894 5267 3137 5323 Ecclesia:
3166 5272 3307 5337 quasi
3335 5272 3416 5333 pi-

1845 5356 1961 5409 gros
1987 5350 2032 5392 et
2049 5340 2220 5390 tardos
2251 5348 2508 5400 accusant,
2543 5350 2671 5401 etc.,
2704 5341 2819 5390 vide
2845 5350 2898 5392 et
2926 5355 3081 5407 supra
3110 5342 3172 5392 ad
3193 5341 3290 5392 ista
3325 5340 3413 5391 lib.

1843 5426 1877 5463 tt
1908 5427 1920 5462 :
1956 5410 2135 5462 inertia
2161 5425 2189 5459 α
2216 5410 2529 5477 confessione
2554 5409 2643 5461 Uei
2674 5409 2913 5477 delapsos
2943 5409 3276 5476 tlturiﬁcasse,
3305 5417 3410 5463 etc.

2862 5480 2927 5531 Μ.
2965 5480 3187 5531 (Eu/tun.

1905 5570 2018 5643 (10)
2060 5568 2637 5643 Negareturﬁhristus,
2670 5580 2731 5643 rt
2778 5568 2922 5643 [dein
2954 5579 3265 5639 rogarentur.
3298 5568 3410 5643 llo-

1834 5658 1953 5711 gare
1984 5639 2063 5693 est
2094 5639 2329 5711 adorare.
2362 5640 2493 5693 lnl'ra
2542 5641 2798 5711 ltocgliln-o
2829 5655 2839 5691 :
2873 5639 3242 5711 Testamentum
3274 5640 3402 5711 divi-

1836 5708 1955 5763 num
1987 5713 2197 5781 legimus
2217 5708 2421 5780 pariter,
2452 5709 2789 5781 un_um'0eum
2813 5724 3048 5781 rogamus
3096 5709 3221 5762 Item
3252 5728 3263 5759 :
3305 5708 3407 5760 Ρη-

1835 5777 2196 5853 θαιηιηίυοίᾳε
2218 5777 2357 5843 eum,
2382 5783 2467 5849 qui
2494 5777 2657 5832 Deum
2688 5794 2776 5847 per
2799 5779 2960 5846 ﬁlium
2991 5783 3100 5850 ejus
3125 5790 3241 5834 ante
3260 5794 3407 5833 aram

1837 5852 2105 5922 rogaverit.
2133 5852 2346 5905 INCERT.
