3828 6218
421 218 556 273 1019

1584 230 1823 292 SANC’I‘I
1860 232 2110 292 OPTATI
2152 224 2451 295 EPISCOPI

3536 257 3673 313 1030

414 335 664 401 lessores,
696 346 787 391 aut
814 341 931 408 quis
959 355 1148 395 eorum
1181 342 1375 413 negare
1404 356 1621 402 coactus
1647 356 1751 413 est,
1780 358 1833 403 et
1860 363 1985 403 con-
2016 353 2067 413 Α
2094 359 2177 406 tus
2206 352 2350 407 orbis
2382 353 2449 409 de
2481 355 2683 412 unitate
2712 355 3041 427 Catholica°,
3072 372 3269 433 printer
3291 377 3501 436 partem
3535 373 3669 425 Afri-

416 425 587 482 l‘essus
612 436 695 481 est
723 425 1039 483 Christum?
1084 431 1137 486 Si
1173 433 1336 501 igitur
1364 451 1462 491 nec
1492 439 1839 508 martyrium,
1870 442 1990 498 sine

414 516 607 574 Christi
654 519 883 574 nominis
925 520 1265 577 confessione
1314 539 1436 581 esse
1468 537 1689 594 potest,
1738 539 1791 584 et
1831 545 1988 585 nemo

412 611 687 668 confessus
715 620 815 676 est,
840 622 893 667 et
920 612 971 666 in
997 613 1227 667 vindicta
1250 625 1644 685 praeceptorum
1657 619 1762 687 Dei
1788 619 1987 675 factum

410 715 511 771 est,
543 705 682 775 quod
717 704 911 760 factum
938 721 1060 761 esse
1089 706 1289 771 dicitis,
1321 716 1381 762 et
1401 723 1431 760 a
1462 708 1615 762 nobis
1641 708 1835 763 factum
1866 724 1985 765 esse

408 798 604 869 aliquid
629 813 731 852 non
760 799 1013 869 probatis,
1038 813 1157 854 cum
1185 799 1238 853 id
1264 798 1404 871 quod
1428 798 1620 855 factum
1643 810 1746 865 est,
1765 810 1818 856 et
1845 800 1983 857 Deus

410 889 602 946 dixerit
632 890 710 944 sic
739 890 971 944 futurum
1001 904 1139 956 esse,
1174 901 1228 945 et
1254 890 1371 961 ejus
1400 900 1526 945 sunt
1550 891 1814 947 vindicata
1848 908 1983 962 prae-

408 992 597 1052 cepta:
644 982 819 1037 videte
848 998 915 1037 ne
945 997 1049 1035 non
1089 983 1260 1036 solum
1294 998 1487 1038 vanum
1514 1026 1529 1049 ,
1575 984 1668 1040 sed
1698 984 1861 1039 etiam
1893 1001 1983 1040 su-

409 1074 771 1144 perstitiosum
817 1074 887 1128 sit
931 1075 1047 1129 sine
1097 1074 1238 1129 bello
1267 1086 1508 1130 mortuos
1540 1076 1611 1132 ibi
1661 1091 1860 1141 ponere
1891 1078 1980 1134 tibi

409 1175 564 1232 sunt,
591 1167 678 1236 qui
712 1166 762 1220 in
791 1164 1059 1221 Christum
1091 1168 1317 1222 confessi
1348 1182 1444 1237 pro
1477 1168 1567 1223 Dei
1601 1169 1820 1225 nomine
1846 1171 1979 1225 mori

410 1265 694 1326 potuerunt
725 1275 738 1310 :
782 1268 872 1311 aut
896 1259 941 1313 si
959 1272 1066 1314 eos
1089 1270 1352 1333 martyres
1378 1274 1498 1315 esse
1528 1262 1721 1336 vultis,
1756 1261 1980 1331 probate

410 1348 530 1403 illos
556 1364 763 1404 amasse
797 1366 979 1421 pacem
1004 1390 1021 1414 ,
1071 1351 1122 1405 in
1151 1367 1253 1421 qua
1280 1352 1448 1422 prima
1479 1362 1603 1409 sunt
1632 1352 1977 1409 fundamenta

408 1438 687 1511 martyrii;
737 1448 829 1496 aut
857 1440 1110 1497 dilexisse
1134 1440 1245 1497 Deo
1277 1443 1523 1511 placitam
1553 1444 1805 1500 unitatem
1832 1460 1847 1509 ;
1888 1455 1980 1501 aut

409 1529 659 1585 habuisse
674 1545 792 1586 cum
824 1531 1077 1587 fratribus
1104 1531 1441 1588 charitatem.
1474 1534 1604 1589 Nam
1620 1550 1805 1600 omnes
1819 1536 1975 1591 Chri-

405 1621 609 1676 stianos
655 1623 845 1677 fratres
874 1638 995 1687 esse
1022 1634 1078 1679 et
1119 1625 1172 1693 in
1220 1628 1393 1693 primo
1423 1626 1603 1681 libello
1636 1628 1979 1698 probavimus

2092 458 2201 507 cae,
2246 445 2296 498 in
2339 461 2440 513 qua
2487 448 2788 505 incendium
2838 452 2907 509 de
2955 454 3523 531 scintilie.conﬂaturn
3564 475 3663 519 est.

2090 533 2172 588 Ah
2216 538 2477 605 operariis
2542 541 2760 598 unitatis
2802 545 3087 614 querimini
3143 552 3325 607 nescio
3379 569 3500 623 quae
3546 571 3668 613 esse

2089 625 2390 682 commissa.
2427 628 2538 683 Hoc
2563 646 2666 685 non
2684 637 2928 703 queritur
2955 636 3106 692 Italia
3127 644 3176 703 ὰ,
3207 645 3311 696 non
3339 642 3533 710 Gallia,
3562 662 3669 703 non

2087 713 2336 800 llispania
2359 761 2374 782 ,
2408 735 2511 773 non
2540 722 2839 799 Pannonia,
2882 743 2985 781 non
3023 730 3251 797 Galatia,
3297 751 3403 789 non
3435 736 3662 805 Graecia,

2085 795 2189 858 noti
2218 822 2337 860 cum
2364 820 2438 862 tut
2461 814 2750 879 provinciis
2775 818 2885 871 suis
2908 819 3033 873 Asia
3058 837 3073 885 ;
3103 824 3227 892 quia
3252 825 3384 881 nihil
3416 828 3525 889 illic
3554 829 3665 885 fue-

2083 904 2166 950 rat
2210 901 2621 968 emendandum,
2676 908 2856 962 nullus
2907 910 3030 965 illuc
3074 916 3269 970 missus
3310 928 3396 973 est
3448 922 3553 989 (ut
3590 924 3659 977 ita

2082 990 2332 1071 ὀίεαι-ίῳ)
2358 1004 2530 1050 sartor
2559 999 2610 1064 °;
2632 1007 2687 1054 et
2717 1002 2800 1055 hic
2829 1002 2884 1084 in
2922 1002 3103 1061 Africa
3124 1006 3436 1077 jamdudum
3471 1016 3661 1084 populo

2070 1086 2134 1140 -in
2166 1090 2505 1163 unitatem
2552 1106 2823 1160 manente,
2874 1078 3037 1154 vestis
3061 1101 3233 1158 fuerat
3255 1118 3420 1171 sana;
3471 1110 3660 1165 annui:

2082 1192 2242 1233 manu
2273 1179 2473 1239 inimici
2510 1184 2729 1240 discissa
2766 1196 2867 1241 est.
2917 1187 3229 1246 Pendebaut
3268 1196 3662 1265 quodammodo

2082 1271 2238 1339 panni
2284 1271 2353 1326 de
2396 1289 2496 1327 una
2528 1272 2690 1330 vestis
2727 1279 2970 1349 origine;
3010 1292 3065 1336 et
3110 1284 3181 1339 de
3220 1301 3323 1339 una
3362 1288 3549 1344 radice
3580 1306 3662 1346 ve-

2082 1361 2394 1428 nientes,ab
2421 1365 2652 1420 invicem
2683 1369 2840 1423 divisi
2868 1381 2994 1426 sunt
3018 1376 3173 1428 rami.
3209 1375 3325 1447 (12)
3358 1377 3429 1435 Ut
3449 1380 3573 1449 quid
3604 1400 3661 1435 se

2081 1469 2206 1523 pars
2265 1458 2401 1525 [murti
2451 1463 2729 1529 anteponit
2757 1460 2815 1517 f‘!
2861 1475 2917 1517 ut
2960 1458 3085 1536 quid
3127 1483 3187 1524 se
3229 1484 3394 1540 super
3436 1473 3659 1538 alterum

2083 1562 2316 1615 pannum
2342 1550 2477 1605 alter
2508 1569 2713 1621 pannus
2740 1557 2968 1623 extollit,
2992 1572 3112 1613 cum
3146 1562 3425 1618 meliorem
3454 1579 3515 1618 se
3546 1580 3663 1634 pro-_

2082 1638 2227 1718 bare.
2255 1642 2356 1697 nuit
2411 1644 2643 1714 poterit?
2692 1647 2815 1717 quid
2854 1651 2997 1705 enim
3046 1652 3090 1705 si
3130 1652 3273 1707 dicat
3321 1666 3659 1727 contemptus

404 1721 455 1766 et
484 1713 536 1768 in
564 1722 753 1777 quarto
782 1716 965 1783 procul
988 1715 1150 1772 dubio
1179 1717 1453 1788 probaturi
1481 1733 1689 1807 sumus.
1715 1720 1863 1786 Quos
1890 1718 1973 1774 di-
2003 1722 2050 1782 B
2080 1713 2286 1801 pannus
2306 1776 2319 1799 ,
2348 1713 2484 1803 Quid
2523 1744 2573 1792 ιθ
2611 1713 2812 1792 ignium
2850 1742 3103 1797 extollis?
3131 1742 3248 1815 (r5)
3287 1745 3481 1802 Nonne
3511 1713 3658 1818 pira.

401 1808 520 1861 citis
547 1807 840 1877 appellari‘l
898 1818 1161 1881 martyres
1184 1851 1200 1877 ,
1247 1800 1535 1865 noluerunt
1575 1811 1772 1887 fratres~
1806 1826 1974 1879 agno-
2006 1849 2012 1856 -

398 1910 573 1963 scere,
603 1899 803 1952 nullam
834 1898 1135 1954 habuerunt
1159 1900 1496 1955 charitatem.
1538 1900 1648 1956 Nec
1672 1902 1880 1973 dicatur
1906 1903 1973 1957 ad

350 1970 356 1976 ’
397 1990 817 2055 excusationem,
843 1992 965 2059 quia
996 1992 1337 2047 traditoribus
1361 1994 1760 2060 communicare
1788 1996 1974 2051 nolue-

398 2093 558 2147 runt;
610 2097 731 2138 cum
783 2082 1220 2140 manifestissime
1266 2084 1550 2155 probatum
1594 2087 1701 2152 sit,
1752 2086 1997 2142 eosdem'
2055 2103 2065 2107 ·

399 2174 541 2243 ipsos
569 2173 705 2231 filios
730 2172 897 2231 fuisse
929 2176 1269 2233 traditurum.
1318 2175 1470 2233 Nulla
1503 2178 1663 2249 igitur
1691 2186 1776 2233 est
1802 2193 1978 2245 excu-V

396 2266 554 2332 satio,
576 2267 705 2337 quia
728 2268 1045 2324 charitatem
1075 2268 1195 2325 illos
1227 2284 1332 2325 non
1364 2256 1617 2326 habuisse
1643 2271 1970 2329 manifestis-

396 2359 528 2415 sime
556 2368 762 2432 constat
787 2350 815 2428 ,’
854 2360 972 2416 sine
999 2376 1104 2431 qua
1135 2362 1339 2417 nullum
1370 2377 1471 2417 nec
1502 2364 1765 2418 nominari
1794 2371 1974 2435 potest

393 2459 479 2516 vel
503 2474 622 2516 esse
650 2462 962 2531 martyrium
988 2477 1004 2527 ;
1056 2460 1174 2516 sine
1203 2476 1306 2531 qua
1344 2462 1573 2518 maxima
1605 2470 1659 2517 et
1682 2462 1970 2541 imperiosa

393 2552 740 2609 virtus-caret
780 2551 1009 2619 effectu;
1058 2553 1174 2608 sine
1212 2568 1315 2623 qua
1360 2554 1489 2607 nihil
1536 2554 1679 2609 valet
1727 2554 1971 2618 omnium

393 2645 616 2702 scientia
641 2646 937 2716 linguarum
963 2662 979 2711 ;
1020 2644 1137 2702 sine
1166 2660 1266 2716 qua
1296 2645 1431 2702 nihil
1458 2654 1634 2716 potest
1659 2647 1818 2703 etiam
1851 2646 1969 2718 (li)

394 2739 997 2817 societasangelorumq
1028 2739 1272 2807 apostolo
1300 2738 1466 2793 Paulo
1492 2738 1707 2795 dicente
1732 2756 1747 2793 :
1778 2739 1842 2794 Si
1871 2739 1969 2792 Ita-

396 2827 539 2883 beant
563 2831 617 2883 in
645 2846 724 2883 me
750 2839 1042 2900 potestatem
1070 2831 1358 2901 imperandi
1386 2832 1674 2898 montibus;
1707 2840 1763 2887 ut
1793 2841 1967 2886 trans-

396 2922 564 2990 ferant
590 2938 643 2977 τε
670 2921 735 2977 de
760 2921 883 2978 locis
912 2923 965 2976 in
995 2922 1105 2977 loca
1127 2963 1144 2990 ,
1193 2932 1240 2977 et
1278 2924 1460 2995 loquar
1484 2925 1713 2981 omnium
1741 2927 1967 3001 gentium

396 3014 612 3085 linguis,
663 3016 814 3070 etiam
854 3017 1184 3089 angelorum,
1233 3028 1280 3071 et
1307 3034 1493 3091 corpus
1537 3036 1703 3075 meum
1739 3021 1964 3090 flammis

2077 1825 2378 1881 crevimus?
2424 1828 2475 1881 in
2511 1830 2753 1884 manibus
2784 1834 3204 1889 conficientiunt'
3230 1837 3392 1895 simul
3434 1840 3657 1899 fuimus?

2076 1917 2215 1985 apud
2246 1919 2492 1983 lotorem,
2524 1923 2729 1992 pariter
2751 1925 2990 1979 mandati
3017 1928 3237 1983 sumus?
3282 1932 3535 1988 inimicus
3565 1952 3654 1990 nos

2075 2002 2242 2061 voluit
2284 2011 2351 2063 ab
2377 2011 2607 2068 invicem
2636 2016 2917 2083 excidere;
2962 2003 3308 2081 adversarius
3347 2027 3653 2095 pulcritudi-

2075 2112 2195 2152 nem
2235 2111 2472 2159 nostram
2517 2104 2682 2161 voluit
2719 2106 3043 2185 deformare.
3093 2111 3154 2177 In,
3182 2124 3335 2182 parte
3356 2120 3534 2187 vestis
3561 2120 3647 2176 ad-

2074 2190 2179 2246 huc
2234 2209 2395 2255 unum
2449 2211 2656 2265 sumus,
2708 2201 2802 2256 sed
2848 2202 2901 2257 in
2949 2204 3161 2260 diversa
3189 2209 3514 2278 pendemus.
3540 2215 3648 2284 (Η)

2073 2284 2224 2352 Quod
2258 2289 2397 2341 enim
2429 2290 2652 2345 scissum
2701 2302 2806 2359 est,
2838 2310 2904 2350 ex
2936 2309 3087 2367 parte
3126 2299 3356 2358 divisum
3398 2282 3503 2371 est,
3550 2282 3649 2364 non

2073 2391 2141 2431 ex
2191 2386 2330 2444 toto;
2362 2394 2485 2434 cum
2531 2391 2743 2441 constet
2775 2393 2801 2432 ε
2829 2388 3059 2457 merito,
3091 2391 3216 2461 quia
3247 2395 3404 2451 nobis
3429 2402 3487 2453 'et
3517 2400 3655 2456 vobis

2073 2468 2433 2526 ecclesiasuca
2464 2488 2564 2527 una
2593 2485 2671 2529 est
2698 2474 2814 2548 (15)
2840 2481 3209 2548 conversatio;
3233 2494 3289 2542 et
3307 2484 3352 2541 si
3384 2486 3653 2544 hominum

2073 2561 2287 2632 litigant
2332 2577 2556 2631 mentes,
2601 2583 2709 2625 non
2753 2569 2965 2643 litigant
3010 2588 3368 2633 sacramenta.
3396 2580 3655 2651 “Denique

2074 2667 2359 2721 possumus
2386 2665 2440 2713 et
2469 2672 2568 2711 nos
2595 2658 2812 2733 dicere:
2839 2661 3025 2729 Pares,
3050 2666 3381 2727 credidimus
3401 2667 3450 2737 δ,
3478 2683 3533 2733 et
3560 2689 3654 2730 uno

2070 2744 2247 2813 sigillo
2277 2748 2473 2817 signati
2501 2764 2704 2819 sumus,
2737 2768 2836 2808 nec
2866 2754 3022 2813 aliter
3049 2757 3303 2826 baptizati
3331 2778 3497 2830 quam
3529 2780 3645 2821 vos:

2072 2839 2187 2912 (16)
2220 2841 2618 2900 Testamentum
2667 2847 2911 2906 divinum
2957 2852 3185 2924 legimus
3231 2859 3468 2926 pariter;
3499 2877 3653 2917 unum

2072 2931 2240 2989 Deum
2274 2950 2558 3005 rogamus;
2602 2937 2720 3010 (i7)
2742 2940 2932 2998 Oratio
2977 2943 3250 3001 Dominica
3294 2950 3437 3017 apud
3481 2968 3577 3006 nos
3601 2962 3654 3009 et

2071 3026 2210 3094 apud
2248 3042 2346 3081 vus
2377 3043 2483 3101 una
2503 3041 2647 3114 est;
2701 3033 2796 3089 sed
2844 3034 3015 3113 scissa
3044 3036 3064 3109 (
3085 3045 3144 3091 ut
3179 3053 3339 3109 supra
3379 3041 3647 3114 diximus)

395 3109 616 3172 tradunt.
645 3118 692 3163 et
718 3111 1010 3165 charitatem
1036 3112 1087 3165 in
1126 3127 1205 3166 me
1231 3129 1331 3166 non
1348 3112 1571 3167 'habeam
1597 3154 1610 3175 .
1658 3112 1788 3170 nihil
1811 3129 1921 3172 sum
1948 3129 1966 3168 :
1995 3104 2043 3169 C
2074 3129 2223 3188 parte
2258 3116 2300 3184 ί,
2335 3109 2569 3199 partiliits
2614 3121 2738 3177 hinc
2767 3108 2939 3193 atque
2959 3104 3093 3187 inde
3120 3104 3505 3197 pendentibus,
3548 3104 3649 3203 sar;

393 3200 482 3256 sed
510 3217 596 3255 ero
621 3214 941 3258 (crumentum
967 3205 1184 3262 tiunient
1214 3206 1269 3258 in
1294 3205 1513 3271 deserto,
1538 3217 1592 3260 ut
1622 3215 1797 3279 pereat
1824 3208 1964 3261 vocis

395 3311 541 3365 opus,
573 3294 659 3347 ubi
704 3297 874 3350 nullus
917 3300 1137 3352 occurrit
1178 3300 1383 3353 auditus
1411 3299 1455 3368 (ι
1487 3300 1606 3354 Cor.
1637 3315 1752 3368 χιιι,
1786 3298 1860 3371 ί).
1906 3300 1963 3356 Si

396 3399 539 3444 tanta
568 3405 675 3458 res,
708 3392 750 3444 si
782 3390 966 3448 beatus
995 3391 1213 3457 Paulus,
1241 3394 1287 3447 si
1318 3408 1411 3450 vas
1438 3393 1743 3460 electiOuis,
1775 3408 1964 3464 quant-

393 3481 472 3535 vis
500 3488 550 3536 in
580 3483 863 3551 imperiosa
892 3485 1087 3539 virtute
1111 3496 1165 3539 et
1190 3485 1503 3557 angelorum
1531 3486 1823 3550 societate,
1854 3500 1969 3570 pro-

389 3575 597 3629 nuntiat
621 3589 681 3629 se
702 3575 828 3629 nihil
850 3590 988 3638 esse,
1011 3578 1117 3637 nisi
1132 3579 1449 3634 charitatem
1472 3579 1748 3641 habuerit:
1768 3582 1967 3650 videte,

390 3680 457 3719 an
487 3682 590 3721 nou
618 3669 860 3723 dicantur
889 3682 1172 3742 martyres,
1200 3674 1295 3727 sed
1326 3674 1529 3744 aliquid
1553 3675 1701 3730 aliud
1726 3684 1755 3725 b
1786 3678 1968 3747 appel-

392 3758 487 3812 lari
513 3770 815 3815 mereantur
842 3804 857 3826 ,
885 3764 974 3832 qui
1006 3765 1286 3819 charitatis
1315 3767 1620 3824 desertores
1650 3783 1748 3840 pro
1774 3770 1965 3826 eadem

392 3849 696 3906 desertione
730 3855 833 3922 pati
864 3857 1058 3925 aliquid
1089 3867 1398 3927 potuerunt.
1908 3914 1919 3925 ι

460 3943 551 3999 IX.
584 3942 921 4000 Procuranda
944 3959 1051 4002 erat
1076 3952 1245 4004 unitas
1267 3953 1319 4006 in
1344 3953 1538 4024 Africa.
1561 3985 1631 3996 —-
1646 3955 1856 4012 Gaudet
1884 3965 1968 4039 to-

2070 3224 2183 3265 tura
2232 3212 2404 3267 funerat
2443 3211 2785 3270 necessaria.
2820 3217 2888 3272 Et
2930 3226 3106 3274 tamen
3153 3221 3421 3291 hujusirei
3469 3225 3648 3283 artifex

2069 3312 2159 3355 aut
2189 3304 2653 3370 Opernritts,.dum
2688 3306 2802 3361 vult
2827 3300 3030 3363 vestem
3071 3309 3124 3364 in
3154 3314 3433 3381 antiquam
3465 3313 3646 3371 faciem

2069 3409 2348 3459 revocare,
2384 3394 2556 3448 vicina
2579 3394 2664 3448 ﬁla
2694 3400 3024 3470 compungit.
3047 3401 3309 3471 Displicet
3332 3406 3428 3460 tibi
3458 3415 3643 3470 sartor,

2069 3489 2159 3557 qui
2188 3488 2501 3553 scissuram,
2529 3489 2655 3543 dum
2682 3499 2855 3558 sanat,
2886 3494 3161 3559 vulnerat;
3193 3496 3285 3552 ille
3313 3499 3408 3556 tibi
3440 3502 3634 3573 magisi

2073 3581 2375 3650 displiceat,
2408 3582 2496 3652 qui
2544 3580 2691 3650 fecit,
2738 3583 2852 3637 utll
2880 3594 3059 3653 sai-tor
3105 3602 3330 3657 peccare
3377 3593 3647 3663 potuisset.

2073 3676 2204 3743 Quae
2224 3677 2276 3729 in
2289 3690 2385 3729 vos
2407 3675 2475 3729 ab
2494 3677 2758 3747 operariis
2776 3679 2995 3733 unitatis
3010 3678 3189 3736 dicitis
3202 3696 3327 3739 esse
3337 3685 3644 3749 commissa;

2073 3779 2165 3821 aut
2201 3768 2266 3821 ad
2317 3779 2564 3835 parentes
2606 3778 2816 3824 vestros
2854 3772 3166 3840 pertinent,
3216 3790 3448 3844 quorum
3497 3792 3641 3831 causa

2069 3858 2210 3915 facta
2233 3869 2395 3926 sunt;
2428 3871 2516 3914 aut
2542 3875 2607 3916 ex
2630 3860 2904 3917 voluntate
2930 3863 3021 3917 Dei
3051 3858 3409 3924 descendunt.
3438 3867 3539 3923 Nos
3560 3884 3646 3920 au-

2074 3965 2181 4011 tem
2217 3950 2235 3989 ι
2268 3952 2391 4007 inde
2416 3952 2580 4021 alieni
2610 3967 2818 4007 sumus.

1612 4070 1993 4128 LECTIONES
2024 4067 2439 4125 VABIANTES.

455 4140 483 4181 ‘
504 4150 559 4202 In
574 4167 666 4204 ms.
683 4155 735 4203 S.
758 4155 816 4204 Τ.
836 4167 954 4217 quos
970 4154 1329 4209 dicitis'debere
1349 4159 1603 4224 appettari.

450 4210 480 4249 δ
508 4215 660 4264 Deest
680 4218 726 4265 in
753 4230 865 4266 mss.
890 4218 981 4266 sed
1004 4222 1353 4270 necessarium.

456 4278 478 4306 ο
506 4277 561 4325 In
583 4291 674 4327 ms.
700 4279 754 4326 Β.
780 4281 836 4329 (ἓ.
865 4279 1139 4331 Catholicte.

450 4336 477 4376 d
503 4338 557 4411 in
582 4353 672 4389 ins.
692 4341 743 4389 S.
772 4341 831 4391 G.
851 4355 938 4404 pro
958 4341 1125 4407 Italia,
1159 4343 1365 4395 habetur
1389 4344 1546 4398 Gallia
1568 4354 1869 4411 antrumque
1886 4363 1971 4400 re-

388 4412 657 4464 posuimus.

457 4464 482 4538 f
503 4462 633 4538 Male
657 4465 706 4511 in
724 4476 815 4538 ms.
841 4464 895 4538 _S.
918 4464 977 4515 G.
1002 4472 1149 4517 sator.

458 4523 473 4561 ί
503 4522 620 4572 Haec
640 4526 974 4590 supplevimus
998 4542 1061 4579 ex
1082 4544 1169 4579 ms.
1196 4530 1249 4581 S.
1273 4530 1331 4581 G.

456 4588 483 4627 Β
508 4585 699 4637 Desunt
720 4589 827 4637 haec
854 4591 1005 4641 verba
1025 4593 1073 4640 in
1088 4604 1178 4643 ms.
1200 4593 1254 4643 S.
1277 4591 1331 4643 G.

2134 4158 2164 4199 ιι
2189 4160 2241 4209 ln
2264 4173 2355 4210 ms.
2376 4160 2429 4210 S.
2455 4159 2513 4210 T.
2538 4160 2801 4214 credimus.

2138 4223 2153 4263 i
2185 4222 2258 4271 Ita
2283 4224 2329 4271 in
2353 4236 2443 4272 ms.
2469 4224 2521 4272 S.
2545 4224 2603 4273 '1‘.
2642 4225 2704 4271 At
2745 4228 2791 4273 in
2828 4237 2917 4273 ms.
2941 4225 2994 4275 S.
3022 4224 3080 4275 G.
3126 4226 3236 4276 haec
3273 4226 3509 4283 habentur
3529 4242 3541 4277 :
3560 4227 3642 4279 sed

2070 4283 2284 4337 scissura
2322 4286 2396 4347 (ut
2439 4298 2588 4349 supra
2629 4283 2865 4348 diximus)
2891 4284 3039 4350 facta.
3064 4286 3273 4350 Utrique
3297 4293 3466 4341 eadem
3485 4291 3664 4340 Subest

2073 4352 2222 4396 notio.
2741 4392 2753 4403 .
3138 4382 3148 4387 ~

2137 4413 2150 4458 i
2186 4408 2304 4458 Haec
2322 4420 2416 4456 vox
2437 4407 2581 4455 deest
2597 4408 2648 4455 in
2671 4421 2785 4457 mss.
2809 4409 2861 4459 S.
2885 4410 2945 4461 Τ.
2971 4417 3024 4461 et
3045 4411 3101 4461 P.
3126 4412 3176 4462 S.

2137 4470 2165 4509 ιι
2190 4470 2243 4518 in
2268 4482 2357 4518 ms.
2383 4470 2437 4518 S.
2462 4468 2523 4516 (ἓ.
2549 4468 2649 4517 ubi.

2141 4534 2159 4570 ι
2186 4533 2240 4581 in
2264 4544 2354 4580 ms.
2378 4532 2431 4581 S.
2450 4530 2511 4581 Τ.
2529 4536 2702 4580 tamen.

1721 4701 2073 4760 VARIORUM
2110 4701 2341 4773 nom,

465 4787 854 4865 (ii)_Sociems
904 4792 1230 4865 Angelorum.
1266 4794 1489 4849 Videtur
1538 4795 1805 4864 explicare
1860 4795 1975 4850 haec

397 4857 633 4936 Ap'nstoli
664 4862 847 4928 verba,
880 4857 1030 4917 etiam
1072 4865 1402 4933 Angelorum,
1451 4865 1519 4921 de
1545 4857 1718 4936 aliqua
1745 4882 1866 4922 cum
1896 4867 1976 4921 eis

397 4930 656 5007 societate
681 4940 734 4984 et
761 4930 1181 5007 communione}
1218 4946 1268 4990 et
1317 4938 1456 5007 loqui
1482 4930 1705 4990 omnium
1752 4939 1976 5007 gentium

399 5000 586 5075 tinguis
610 4996 804 5075 (“esse
844 5004 1097 5070 epistolas
1148 4996 1649 5075 communicatorias
1693 4996 1776 5062 ab"
1806 5009 1977 5061 οιιιιιίο

399 5070 497 5123 lius
526 5072 770 5139 gentibus
796 5075 1059 5144 accipere,
1084 5088 1134 5132 et
1167 5072 1286 5132 cum
1319 5079 1397 5133 eis
1426 5081 1841 5133 communicare.
1869 5078 1977 5134 At.-

398 5155 543 5195 BASP.

471 5234 584 5313 _(lfl)
638 5236 706 5290 Ut
740 5238 861 5304 quid
913 5255 1033 5313 pars
1080 5244 1211 5311 parti
1264 5258 1317 5296 se
1354 5246 1631 5313 anteponit.
1677 5242 1973 5299 Orthodoxi

399 5306 649 5359 volebant
672 5306 1066 5364 communicare
1080 5306 1211 5365 'cum
1245 5306 1548 5379 Donatistis;
1576 5316 1974 5375 Dniiatisman-

399 5386 504 5430 tein
552 5379 968 5442 reluctahautur,
1012 5390 1275 5436 eteorum
1316 5388 1848 5440 communicationem
1898 5386 1977 5437 lu-

398 5448 610 5515 giebant
631 5491 644 5511 ,
672 5461 994 5520 qtiapronter
1016 5467 1135 5506 sese
1162 5456 1578 5523 anteponebant.
1610 5466 1831 5512 ALDASP.

472 5540 588 5612 (15)
618 5540 679 5595 In
702 5560 808 5595 ove.
842 5543 1203 5613 Meliusquain
1229 5562 1414 5599 nonne.
1434 5546 1657 5602 ALBASP.

473 5632 605 5707 ibid.
658 5634 842 5689 Nonne
878 5654 997 5705 pars
1027 5636 1292 5691 crerinins.
1339 5639 1477 5693 Puer
1505 5641 1617 5693 ha-c
1643 5641 1823 5707 legens
1850 5641 1979 5695 ani-

409 5704 705 5759 madvertat
730 5704 1004 5776 legendum
1022 5727 1167 5776 paret
1190 5726 1295 5765 nun
1319 5727 1457 5783 pars.
1485 5709 1574 5771 Fr.
1602 5704 1839 5769 Balduini
1869 5712 1982 5769 edi-

2078 4797 2151 4849 tio
2173 4795 2226 4861 2,
2246 4794 2407 4849 habet
2438 4813 2453 4848 :
2478 4796 2531 4849 in
2554 4812 2641 4850 ove
2674 4811 2821 4867 pares
2848 4798 3116 4852 crevimus.
3150 4796 3366 4853 INCER'I'.
3400 4798 3480 4853 lla
3505 4800 3630 4855 resti-

2079 4876 2262 4918 tutum.
3104 4888 3109 4892 ·

2150 4937 2263 5009 (lli)
2297 4937 2448 5003 Quod
2471 4938 2608 4990 enim
2646 4939 2863 4991 scissum
2900 4949 2973 4993 est
2995 4981 3011 5005 ,
3044 4957 3107 4994 ea;
3129 4950 3271 5008 parte
3299 4941 3511 4995 divisum
3549 4953 3631 5009 est,

2078 5016 2182 5060 etc.
2208 5007 2485 5061 Subtiliter
2510 5008 2783 5078 distinguit
2818 5011 2954 5064 inter
2975 5010 3097 5074 ista,
3120 5007 3354 5066 Scindere
3377 5022 3431 5065 et
3452 5012 3633 5065 αὸεήπο

2079 5081 2231 5142 dere;
2260 5078 2399 5151 quod
2434 5089 2608 5151 tamen
2637 5080 2924 5151 discrimen
2950 5097 2980 5135 a
3007 5098 3272 5151 quoquam
3305 5083 3624 5137 observatum

2082 5151 2167 5224 vi!
2198 5150 2319 5203 alibi
2357 5150 2610 5224 reperies.
2653 5149 2867 5205 Interim
2898 5168 2984 5224 res
3018 5149 3486 5224 ipsa-dignissittta,
3526 5171 3630 5223 qua:

2081 5219 2360 5287 diligenter
2390 5220 2863 5275 animadvertatur.
2898 5222 2967 5276 Μ.
2997 5219 3227 5280 Cissus.

2152 5292 2265 5357 (15)
2296 5290 2637 5345 (.‘ouvmatio.
2671 5291 2783 5348 Una
2813 5293 3107 5356 disciplina.
3140 5302 3367 5351 ALBASP.

2152 5361 2264 5431 (16)
2290 5359 2666 5435 Testamentum
2688 5364 2912 5417 divinum
2940 5365 3173 5435 legimus.
3204 5378 3309 5423 etc.
3351 5367 3628 5422 Notandum

2083 5440 2166 5485 est
2190 5436 2309 5487 huic
2339 5434 2609 5502 scriptori,
2639 5450 2819 5510 ragare
2848 5450 2986 5510 esse,
3005 5437 3261 5510 adorare;
3310 5456 3485 5510 negare
3520 5450 3631 5490 vero

2085 5517 2555 5580 eSse,_reuegare,
2599 5506 2737 5580 quod
2768 5506 2983 5580 verbum
3017 5507 3175 5562 hodie
3218 5510 3270 5563 in
3313 5506 3630 5580 Hispanisnio

2087 5572 2394 5657 Latinitatis
2415 5577 2830 5657 retinentissimo
2854 5579 3116 5657 integrum
3144 5572 3423 5657 remansit;
3445 5577 3628 5657 Basia.

2182 5644 2294 5715 (i7)
2351 5644 2528 5718 Oratio
2573 5646 2859 5703 Dominica.
2909 5644 3011 5703 Per
3063 5652 3362 5707 orationem
3408 5647 3631 5718 intelligit

2087 5714 2263 5775 Illist
2276 5714 2621 5778 Sacriﬁcium.
2643 5718 2869 5782 Auusp.
