3828 6218
478 315 609 370 1051

1644 319 1887 379 SANCTl
1925 320 2173 380 OI’TATI
2213 324 2524 383 EPISCOPI

3594 328 3717 387 1052

469 429 706 484 secundo
751 428 1131 500 diapsalmate,
1184 430 1442 502 Spiritum
1496 432 1746 489 Sanctum
1806 432 2041 488 dixisse:
2075 441 2125 499 Α
2151 440 2293 494 enim
2319 444 2727 508 contempta‘est
2753 436 3030 508 disciplina
3057 451 3071 490 :
3096 436 3302 507 utquid
3324 428 3522 496 recitas
3545 442 3716 499 Testa-

471 519 735 577 Peccatori
764 531 931 575 autem
973 522 1100 576 dixit
1132 522 1269 578 Deus
1297 525 1315 595 (
1340 513 1433 582 Ps.
1459 541 1603 590 ms,
1630 526 1755 593 16).
1790 525 1899 583 lim:
1928 525 2047 578 loco

466 615 787 671 advertenda
801 626 884 672 est
905 625 1014 671 tota
1038 619 1234 673 mentis
1256 620 1505 682 intentio,
1528 627 1582 673 et
1602 617 1905 682 videndum,
1928 619 2049 687 quis
2092 616 2095 621 ’

464 709 533 762 sit
564 716 828 777 peccator.
846 708 959 780 (11)
989 709 1045 765 Si
1076 712 1217 765 enim
1249 722 1369 781 post
1408 711 1547 781 quod
1574 710 1766 765 lectum
1800 716 1902 772 est,
1928 725 2046 779 pec-

460 800 621 852 catori
644 788 821 853 autem
848 800 983 855 dixit
1016 801 1189 857 Deus:
1219 803 1375 857 verba
1421 799 1721 868 ltujusmodi
1752 814 2047 868 sequeren-

459 901 568 958 tur,
602 904 656 949 et
683 895 887 951 diceret
916 916 927 949 :
962 896 1129 952 tulisti
1151 902 1319 962 arma,
1351 893 1656 965 processisti
1686 894 1898 956 castris,
1929 902 2041 947 stc-

456 986 567 1041 tisti
618 998 805 1043 contra
856 988 1124 1045 hostesin
1164 989 1319 1042 acie:
1371 985 1663 1040 timendum
1706 993 1824 1041 erat
1863 986 2039 1050 militi,

457 1077 579 1148 quia
610 1081 784 1148 potuit
809 1080 921 1150 ipse
943 1079 1109 1134 videri
1145 1087 1409 1147 peccator.
1436 1078 1539 1130 Aut
1563 1077 1609 1130 si
1631 1075 1864 1131 diceret:
1894 1091 2041 1131 com-

458 1172 659 1241 parasti
709 1186 948 1238 merces,
998 1168 1366 1240 peregrinatus
1405 1183 1498 1233 es,
1540 1167 1695 1237 egisti
1747 1168 2034 1232 nundinas,

455 1262 592 1319 lucri
633 1279 792 1318 causa
831 1262 970 1331 quod
998 1274 1206 1316 emeras
1238 1259 1525 1314 vendidisti
1552 1277 1565 1312 :
1599 1258 1892 1313 timendum
1922 1267 2037 1311 erat

456 1353 781 1424 negociatori
803 1394 818 1417 ,
852 1354 972 1420 quia
1003 1350 1178 1420 potuit
1206 1349 1321 1419 ipse
1350 1349 1520 1403 videri
1549 1358 1818 1418 peccator.
1859 1346 1967 1401 Aut
1987 1346 2031 1401 si

452 1444 650 1501 diceret
675 1461 689 1497 :
722 1442 992 1497 fabricasli
1024 1456 1245 1507 navem,
1271 1442 1512 1517 struxisti
1544 1440 1760 1495 funibus
1782 1482 1796 1506 ,
1826 1439 2030 1495 ornasti

452 1538 603 1609 velis,
626 1548 957 1608 opportunos
994 1544 1051 1590 ut
1090 1538 1370 1607 navigares
1399 1536 1623 1607 captasti
1656 1543 1842 1588 ventos
1872 1550 1886 1588 :
1914 1530 2031 1604 (12)

449 1632 742 1688 timendum
775 1642 889 1688 erat
917 1640 1113 1697 nantze,
1144 1632 1267 1702 quia
1298 1633 1469 1708 potuit
1499 1631 1612 1700 ipse
1642 1628 1809 1684 videri
1843 1644 2033 1699 pecca-

447 1732 551 1780 tor.
584 1724 687 1779 Aut
717 1733 836 1793 post
859 1722 999 1794 quod
1029 1724 1226 1779 lectum
1258 1732 1339 1779 est
1366 1742 1378 1777 ;
1412 1722 1678 1779 Peccatori
1704 1730 1874 1775 autem
1902 1710 2048 1775 dixit

2154 538 2418 594 mentum,
2443 530 2531 598 qui
2557 528 2903 585 Testamento
2928 537 3033 581 non
3064 529 3324 595 servis,in
3342 521 3451 599 quo
3466 532 3713 607 descripta

2150 628 2232 674 est
2258 619 2569 689 disciplina,
2598 635 2755 688 quam
2799 634 3017 675 servare
3047 634 3152 675 non
3185 621 3389 676 vultis?
3433 622 3552 694 Non
3586 630 3710 682 enim

2148 712 2372 780 potestis
2399 712 2607 776 dicere,
2637 726 2732 765 vos
2760 726 2877 765 eam
2904 726 3123 767 servare
3151 723 3201 779 α,
3227 724 3418 769 contra
3448 732 3601 787 quam
3624 722 3709 775 mi-

2146 800 2328 854 litatis.
2365 801 2503 856 Deus
2532 801 2659 855 dicit
2694 818 2707 853 :
2745 799 2925 881 Quiete
2952 815 3160 873 pacem,
3193 814 3240 859 et
3267 812 3593 879 consequeris
3616 829 3710 867 eam

2145 888 2261 962 (Ps.
2291 905 2485 953 χχχιιι,
2514 887 2657 961 15),;
2684 889 2796 964 (15)
2822 901 2878 946 ιιι
2899 895 3193 964 repudiasti
3220 912 3440 968 pacem:
3466 918 3569 957 non
3592 916 3666 961 est
3685 906 3706 944 1³

2142 992 2487 1036 contemnere
2508 982 2885 1050 disciplinam?

2212 1070 2384 1141 73in
2403 1070 2908 1145 Evangeliolegitur
2929 1077 3045 1150 (16)
3065 1096 3077 1133 :
3092 1097 3199 1151 pax
3209 1082 3500 1144 hominibus
3523 1090 3573 1144 in
3588 1101 3706 1146 terra

2139 1162 2283 1217 bona:
2306 1165 2578 1249 voluntatis
2592 1165 2822 1237 (ιω-ιι,
2851 1169 2969 1240 14);
2988 1181 3041 1227 ιιι
3060 1188 3162 1230 nec
3175 1176 3507 1237 voluntatem
3528 1182 3703 1240 bonam

2138 1256 2217 1310 vis
2246 1257 2446 1312 habere
2473 1274 2572 1315 nec
2603 1274 2788 1329 pacem
2821 1280 2835 1315 :
2862 1279 2965 1339 non
2997 1276 3079 1321 est
3106 1263 3461 1329 contemnere
3485 1275 3705 1348 discipli-

2136 1350 2298 1404 nam?
2328 1351 2453 1442 item
2485 1352 2546 1406 iu-
2569 1354 2777 1422 p-‘almo
2807 1372 2994 1413 cxxxu
3026 1360 3221 1431 legitur
3254 1381 3268 1417 :
3300 1362 3436 1420 Ecce
3454 1383 3599 1436 quam
3625 1371 3703 1422 bo-

2135 1457 2256 1494 num
2297 1451 2397 1505 est,
2443 1452 2489 1496 et
2516 1447 2843 1517 jucundum,
2875 1448 3106 1505 habitare
3157 1454 3211 1505 in
3238 1470 3399 1510 unum
3431 1477 3444 1512 :
3478 1458 3529 1513 in
3560 1476 3699 1514 unum

2131 1531 2375 1589 habitare
2403 1550 2521 1590 cum
2557 1537 2811 1595 fratribus
2840 1557 2944 1596 non
2978 1544 3058 1597 vis
3093 1562 3105 1597 :
3138 1560 3242 1600 non
3276 1556 3363 1603 est
3380 1560 3702 1608 contemnere

2133 1626 2471 1695 disciplinain
2494 1630 2517 1682 ?
2542 1628 2789 1687 Christus
2816 1632 2947 1689 dicit
2984 1636 3035 1689 in
3082 1636 3376 1709 Evangelia
3405 1659 3419 1695 :
3462 1645 3549 1714 qui
3568 1645 3702 1699 tentet

2132 1720 2265 1773 lotus
2291 1730 2398 1800 est,
2432 1738 2534 1776 non
2564 1723 2711 1779 habet
2731 1728 3083 1783 necessitatem
3103 1730 3285 1785 iterum
3307 1733 3516 1788 lavandi
3537 1733 3695 1803 (Joan.

328 1810 329 1813 “
380 1828 383 1831 ·
447 1815 1067 1895 Deus:sisequerctttur
1089 1816 1204 1872 haec
1220 1816 1700 1872 verbazdissensio
1719 1823 1774 1869 et
1791 1814 2023 1871 schisma
2054 1810 2104 1870 B
2134 1819 2264 1876 aut,
2301 1796 2392 1883 10)
2428 1832 2441 1867 :
2477 1824 2530 1867 tu
2582 1815 2970 1885 rebaptizando
3015 1820 3208 1875 iterum
3257 1822 3407 1879 lavas
3437 1840 3452 1877 :
3507 1796 3604 1881 non
3631 1837 3700 1883 est

450 1907 543 1964 tibi
583 1909 884 1980 displicuit,
924 1910 1263 1965 concordasti
1296 1923 1417 1965 cum
1462 1909 1627 1964 fratre
1666 1918 1793 1974 tuo,
1823 1916 1878 1963 et
1906 1921 2025 1963 cum

448 2018 550 2057 una
568 2002 801 2059 Ecclesia
820 2018 937 2073 qua:
960 2014 1041 2059 cst
1064 2004 1114 2057 in
1146 2011 1258 2057 toto
1280 2002 1408 2058 orbe
1436 2012 1726 2068 terrarum,
1748 2001 1863 2074 (15)
1877 2016 2025 2056 com-

447 2096 725 2151 municasti
751 2103 954 2167 septem
977 2095 1230 2151 Ecclesiis
1255 2104 1309 2151 et
1329 2096 1377 2169 (1
1395 2093 1444 2167 1)
1473 2096 1743 2151 memoriis
1759 2097 2028 2165 apostolo-

444 2202 585 2251 rum,
616 2188 897 2259 amplexus
921 2203 979 2243 es
993 2189 1254 2251 unitatem
1277 2205 1289 2240 :
1314 2189 1357 2242 si
1380 2188 1493 2243 lure
1514 2188 1848 2258 subsequens
1872 2189 2027 2243 lectio

444 2278 779 2347 contineret,
812 2279 964 2335 nobis
993 2279 1287 2335 timendum
1311 2287 1458 2346 erat,
1494 2293 1592 2333 nos
1618 2293 1737 2335 esse
1761 2278 2028 2350 potuimus

446 2378 776 2445 peccatores.
808 2370 941 2429 Cum
976 2382 1163 2427 autem-
1180 2372 1310 2426 dicit
1339 2372 1481 2425 Deus
1507 2386 1520 2424 :
1555 2371 1636 2424 Ad
1664 2370 1788 2443 quid
1819 2372 2028 2442 exponis

433 2466 665 2535 justitias
692 2481 866 2530 meas,
908 2474 955 2520 et
995 2465 1214 2520 assumis
1246 2450 1601 2519 testamentum
1632 2481 1797 2518 meum
1841 2481 1931 2535 per
1973 2482 2027 2520 os

440 2558 631 2612 tuum?
658 2570 713 2611 tu
742 2567 915 2617 autem
936 2558 1286 2626 contempsisti
1313 2558 1673 2629 disciplinam,
1720 2567 1764 2611 et
1796 2557 2027 2627 abjecisti

436 2665 689 2705 sermones
714 2667 849 2705 meos
877 2660 1013 2705 retro
1043 2666 1061 2704 :
1093 2652 1270 2704 sedens
1309 2650 1579 2705 adversum
1616 2650 1826 2719 fratrem
1854 2660 2021 2715 tuum,

439 2742 756 2809 detrahebas,
783 2753 833 2797 et
853 2743 1094 2798 adversus
1120 2743 1287 2811 ﬁlium
1308 2743 1487 2796 matris
1511 2752 1610 2796 tua‘
1636 2743 1858 2813 ponebas
1876 2758 2025 2796 scan-

438 2834 629 2890 dalum.
686 2835 907 2892 Videbas
936 2838 1122 2908 furem,
1168 2847 1213 2889 et
1244 2836 1482 2890 currebas
1530 2852 1641 2889 cum
1686 2852 1773 2900 eo,
1818 2844 1863 2890 et
1908 2852 2037 2889 cum.

434 2928 678 3001 adulteris
704 2930 985 2998 portionem
1006 2939 1149 2983 tuam
1177 2931 1397 3001 ponebas
1419 2930 1537 3000 (Ps.
1573 2946 1720 2995 xux,
1754 2929 1862 3000 16).
1901 2930 2023 2984 Hice

434 3020 498 3075 ad
526 2996 617 3075 vos
630 3020 769 3078 dicta
790 3030 913 3077 sunt
935 3024 1136 3095 omnia.
1163 3023 1427 3079 Excusate
1442 3037 1536 3078 vos
1559 3024 1624 3079 ab
1648 3024 1729 3078 his
1750 3021 2017 3091 omnibus,

435 3113 479 3167 si
508 3113 751 3183 potestis.

2132 1913 2482 1961 contemnere
2535 1906 2917 1977 disciplinam?
2963 1910 3105 1966 Deus
3160 1913 3292 1967 dicit
3332 1931 3345 1967 :
3392 1932 3457 1970 ne
3503 1919 3699 1985 tetigeri-

2133 1996 2196 2049 tis
2228 1995 2456 2051 Christos
2484 2013 2620 2052 meos
2646 2039 2660 2061 ,
2703 2015 2861 2068 neque
2902 2000 2958 2052 in
3008 2002 3287 2069 prapltetas
3330 2020 3471 2058 meos
3513 2023 3695 2063 manum

2130 2084 2368 2140 miseritis
2389 2086 2505 2158 (P3.
2536 2104 2655 2152 CIV,
2687 2089 2774 2158 15)
2806 2106 2821 2145 :
2872 2105 2965 2144 vos
3009 2101 3084 2146 tot
3123 2075 3435 2151 sacerdotes
3462 2097 3569 2162 ,Dei
3598 2097 3695 2167 (17)

2130 2179 2429 2245 honoribus
2456 2180 2809 2249 exspoliastis
2840 2199 2852 2234 :
2875 2199 2980 2236 non
3009 2192 3091 2239 est
3116 2193 3470 2243 contemnere
3487 2188 3697 2260 discipli-

2131 2273 2289 2327 nam?
2312 2272 2557 2328 Christus
2584 2272 2709 2327 dicit
2741 2290 2754 2327 :
2784 2274 3044 2336 indescio
3087 2277 3208 2347 quia
3239 2278 3486 2347 discipuli
3516 2282 3605 2334 mei
3630 2299 3695 2335 es-

2130 2365 2227 2427 tis,
2262 2365 2306 2417 si
2332 2380 2418 2419 vos
2445 2365 2658 2419 invicem
2677 2365 2905 2437 diligatis
2928 2366 3107 2439 (Joan.
3141 2385 3235 2425 χιιι
3261 2410 3279 2437 ,
3310 2370 3404 2442 5-1)
3438 2388 3454 2428 :
3479 2372 3596 2428 odio
3614 2390 3694 2429 nos

2132 2458 2361 2523 habetis,
2380 2458 2571 2513 fratres
2600 2460 2787 2531 utique
2825 2469 3032 2515 vestros
3060 2478 3073 2515 :
3100 2478 3200 2518 nec
3220 2465 3499 2532 apostolos
3523 2467 3693 2521 imitari

2130 2550 2395 2616 voluistis,
2422 2566 2450 2605 a
2478 2551 2672 2622 quibus
2699 2552 2858 2605 etiam
2884 2542 3360 2623 negatordilcctus
3384 2567 3467 2611 cst
3491 2557 3689 2612 Petrus:

2130 2656 2233 2694 non
2268 2652 2349 2696 est
2378 2652 2727 2697 contemnere
2753 2642 3092 2712 disciplinam
3118 2644 3140 2697 ?
3173 2645 3417 2715 Exponis
3455 2649 3692 2716 justifies-

2130 2736 2304 2790 tiones
2339 2735 2467 2799 Dei,
2515 2746 2569 2789 et
2625 2720 2859 2790 assumis
2892 2735 3299 2793 Testamentum
3358 2740 3473 2810 ejus
3522 2757 3608 2811 per
3646 2758 3691 2797 es

2130 2839 2276 2882 tuum
2310 2830 2744 2883 :Testamentum
2778 2830 2988 2893 recitas,
3009 2840 3064 2886 et
3093 2832 3442 2891 Testamento
3473 2853 3571 2892 non
3600 2853 3692 2892 scr-

2129 2927 2208 2978 vis
2232 2966 2245 2986 ,
2277 2925 2329 2977 in
2363 2939 2467 2993 quo
2493 2923 2761 2993 descripta
2786 2932 2870 2979 est
2893 2925 3173 2996 disciplina
3204 2945 3217 2983 :
3243 2930 3515 2999 quomodo
3542 2930 3687 2985 dicis:

2128 3032 2308 3087 qum-re
2338 3029 2522 3085 pacem
2544 3059 2557 3081 ,
2591 3032 2715 3071 cum
2744 3002 2849 3071 non
2880 3015 3080 3073 habeas
3110 3021 3340 3086 pacem?

2199 3109 2264 3165 ν.
2296 3108 2583 3162 Donatista:
2610 3108 3010 3164 calumniatores
3029 3152 3041 3175 ,
3069 3111 3382 3168 detractores
3408 3155 3422 3181 ,
3445 3116 3687 3169 seandalo-

500 3204 590 3261 ιν.
626 3204 913 3262 Donatista:
942 3202 1234 3276 disciplinis:
1259 3216 1649 3281 contemptores.
1677 3236 1749 3246 --
1793 3205 1838 3260 Α
1865 3205 2017 3261 vobis
2046 3196 2089 3258 C
2123 3220 2234 3258 rum
2263 3213 2589 3256 auctores.-—
2618 3201 2737 3275 (18)
2769 3202 2936 3258 Electi
2958 3206 3097 3259 'estis
3117 3246 3131 3272 ,
3177 3208 3268 3277 qui
3317 3208 3563 3264 sedentes
3606 3206 3683 3278 po.

1640 3318 2024 3377 LECTIONES
2067 3315 2483 3373 VARIANTES.

493 3414 519 3444 ⁸
540 3412 596 3466 lu
615 3425 731 3465 mss.
756 3415 809 3464 S.
834 3411 892 3463 Τ.
921 3420 972 3464 et
995 3412 1054 3463 P.
1078 3413 1129 3464 S.
1158 3425 1390 3475 servasse.

2185 3409 2215 3449 b
2240 3409 2296 3458 In
2320 3422 2412 3459 ms.
2431 3408 2489 3479 S.
2509 3408 2568 3460 G.
2592 3408 2756 3477 utique
2776 3410 2865 3461 hoc
2890 3420 2959 3463 est
2982 3425 2999 3463 :
3021 3419 3071 3464 et
3096 3416 3162 3467 ita
3181 3417 3433 3483 deinceps.

1752 3520 2106 3579 VARIORUM
2147 3519 2373 3575 ΝΟΤᾸΕ.

428 3624 692 3680 testantur
715 3615 809 3671 viri
838 3614 1001 3671 docti.
1023 3618 1275 3674 Alterum
1302 3623 1477 3670 autem
1502 3630 1623 3669 cum
1648 3614 1754 3683 jam
1782 3614 2005 3676 versuG.

430 3691 559 3762 (non
586 3688 735 3766 enim
758 3688 1015 3766 sequendi
1048 3689 1134 3758 qui
1169 3687 1381 3766 tollunt,
1409 3689 1630 3766 cumsit
1655 3698 1706 3766 et
1740 3686 2008 3766 ιιι-(ἰθὺν.)

426 3758 782 3830 ρττιιξαθεεθιὶιι
817 3760 944 3815 Ideo
968 3760 1192 3814 fortasse
1224 3760 1425 3812 dictum
1451 3758 1516 3812 ab
1543 3760 1645 3825 Opt
1664 3765 1759 3823 tto,
1792 3758 1879 3813 bic
1903 3768 2004 3823 est,

425 3831 515 3891 sub
536 3847 634 3884 sec.
667 3838 771 3885 etc.
798 3831 869 3885 M.
892 3830 1123 3898 cassus.
1658 3840 1659 3843 ‘

496 3901 611 3973 (11)
640 3900 701 3956 Si
722 3902 871 3973 enim
895 3911 1017 3973 post
1046 3902 1257 3955 electum
1280 3910 1371 3973 est.
1417 3901 1521 3973 Pro
1550 3901 1760 3973 electum
1810 3902 2010 3954 mavult

425 3970 675 4027 Barthius
698 3970 964 4026 delectum.
1000 3972 1227 4025 Interest
1253 3972 1394 4025 enim
1426 3971 1640 4024 militem
1670 3972 1824 4041 deligi
1848 3982 2008 4041 atque

424 4044 735 4115 eligidicas.
769 4042 901 4097 Cum
931 4042 1152 4115 delectus
1181 4042 1228 4096 ci
1258 4042 1432 4115 reipsit
1455 4041 1714 4095 familiare
1744 4044 1963 4115 verbum
1992 4060 2003 4094 :

425 4113 557 4169 illud
596 4114 821 4175 alterum
855 4122 1058 4168 temere
1086 4114 1151 4167 de
1184 4113 1441 4167 militibus
1475 4128 1579 4166 tton
1622 4114 1882 4180 reperias.
1914 4113 2005 4166 Fr.

425 4184 717 4239 Balduinus
736 4184 924 4250 edidit,
950 4186 993 4237 si
1015 4184 1149 4237 enim
1170 4193 1437 4251 postquam
1460 4182 1643 4236 lectum
1666 4196 1760 4237 est.
1789 4184 2002 4238 lacum.

406 4261 413 4267 “
495 4256 607 4327 (12)
640 4254 939 4309 Timendnm
967 4264 1075 4308 erat
1104 4265 1290 4307 nautw.
1329 4253 1742 4327 LegeAexigcnte
1772 4271 1933 4309 sensu
1960 4264 2014 4310 et

423 4325 527 4381 fide
555 4327 778 4396 iubente
804 4327 993 4381 eodem
1030 4327 1187 4386 libro,
1220 4335 1436 4379 naturae.
1469 4325 1523 4379 Si
1555 4325 1771 4394 quidem
1813 4337 2012 4380 natura?

424 4399 511 4452 hic
544 4397 849 4468 prodigiose
878 4397 1103 4451 editum.
1144 4396 1363 4468 lucem.

493 4466 1498 4541 (l5).Communicastiseptem'Ecclesiis.
1515 4467 1831 4541 Christianis
1844 4468 2007 4524 Asia).

1564 4540 1789 4597 ALBASP.

2117 3613 2363 3667 divinum
2398 3612 2656 3666 honorem
2692 3626 2831 3669 esse.
2869 3613 3036 3683 Epist.
3092 3614 3126 3669 5
3170 3615 3262 3671 lib.
3292 3630 3371 3672 tv.
3413 3617 3679 3674 Divinilta-

2119 3685 2260 3738 noris
2289 3684 2530 3737 societate
2561 3685 2882 3752 conjunctae.
2916 3687 3147 3747 ALBASP.

2196 3754 2312 3825 (18)
2333 3754 2497 3808 Electi
2526 3757 2643 3809 estis
2665 3756 2752 3825 qui
2772 3756 3023 3823 sedentes,
3057 3769 3161 3813 etc.
3198 3758 3389 3816 Scribe
3412 3762 3522 3816 lecti
3547 3762 3681 3815 estis:

2118 3828 2259 3894 quod
2296 3828 2463 3887 valet,
2496 3828 2754 3896 scriptum
2787 3843 2945 3898 porro
2975 3838 3060 3883 est
3088 3829 3155 3885 de
3178 3831 3329 3886 Vobis
3350 3873 3364 3895 ,
3399 3845 3485 3886 aut
3510 3830 3675 3898 aliquid

2118 3898 2339 3952 simile:
2385 3898 2569 3951 lectum
2619 3900 2762 3951 enim
2817 3914 2912 3965 pro
2944 3904 3199 3967 .scriptititt
3253 3916 3373 3956 cum
3428 3904 3491 3957 de
3538 3903 3675 3956 sacris

2117 3968 2473 4046 scriptoribus
2503 3968 2618 4023 loca
2646 3973 3011 4046 proteruntur,
3049 3981 3104 4026 et
3135 3972 3296 4026 lectio
3339 3975 3447 4046 κατ’
3475 3976 3667 4046 ἐξοχὴν.

2120 4054 2214 4117 pro
2237 4039 2425 4117 quavis
2453 4054 2623 4094 sacrte
2669 4040 2963 4117 §cripturm
3010 4052 3262 4117 πξριοχῇ,
3311 4045 3425 4117 sive
3462 4039 3671 4117 περ’ἁθπῇ

2118 4110 2420 4181 (capitulum
2448 4122 2639 4183 vocant
2669 4112 2892 4183 Tertull.
2926 4122 2979 4166 et
3005 4110 3119 4179 alii)
3163 4110 3273 4168 ὶῖιιῐι
3324 4116 3562 4183 frequens
3602 4110 3668 4169 est

2116 4183 2168 4235 in
2219 4183 2300 4255 bis
2341 4192 2395 4255 et
2426 4182 2689 4236 similibus
2718 4182 2882 4255 libris
2904 4224 2916 4243 ,
2949 4192 3004 4235 ut
3034 4184 3164 4237 nihil
3202 4182 3525 4255 frequentius
3567 4200 3668 4239 esse

2114 4254 2302 4322 possit.
2339 4251 2532 4306 Notum
2573 4269 2636 4308 ac
2666 4253 2847 4306 tritum
2900 4264 3015 4314 est,
3050 4256 3175 4323 quid
3207 4251 3429 4312 Nebem.
3463 4273 3543 4311 vui
3565 4300 3576 4317 ,
3602 4255 3629 4308 8
3653 4294 3665 4317 ,

2118 4338 2223 4405 n'on
2257 4327 2410 4405 pauci
2442 4328 2603 4405 mpm
2652 4322 2814 4405 mikra
2850 4322 3129 4405 exponant
3153 4368 3166 4391 ,
3190 4327 3435 4405 _\_’eI_qnid
3483 4345 3537 4382 ea
3566 4339 3668 4379 voce

2122 4393 2330 4447 llebra'i
2356 4393 2610 4449 docto'res
2642 4397 2798 4464 vulgo
2834 4394 3137 4464 designent.
3190 4393 3388 4451 Eadem
3423 4412 3604 4451 rutmttc
3627 4404 3668 4449 et

2119 4466 2445 4519 Alcoranum
2476 4465 2579 4521 dici
2615 4466 2766 4520 multi
2800 4478 3167 4520 autnmarunt.
3202 4467 3307 4523 Sed
3340 4470 3557 4523 Thomas
3587 4468 3665 4519 Er-

2120 4537 2310 4605 peuius
2334 4579 2347 4602 ,
2382 4538 2432 4590 in
2457 4536 2606 4605 cujus
2634 4536 3073 4591 excellentissimi
3106 4538 3200 4591 viri
3228 4540 3502 4602 immatura
3528 4546 3669 4592 morte

493 4610 607 4682 (11)
630 4611 696 4664 Et
723 4612 979 4665 memoriis
1010 4610 1392 4680 Apostolorum.
1422 4611 1487 4665 Et
1519 4610 1756 4681 reliquiis
1788 4612 1846 4666 Β.
1868 4612 2013 4667 Petri
2046 4606 2096 4665 D
2125 4618 2326 4682 tantam
2357 4606 2604 4663 fecerunt
2644 4607 2904 4682 jacturam
2946 4610 3138 4682 litterae
3164 4607 3494 4674 Orientales,
3523 4624 3667 4681 quau-

420 4691 474 4738 et
502 4683 651 4738 Pauli
682 4700 695 4735 :
729 4698 849 4753 qum
890 4684 1198 4737 communio
1232 4684 1535 4737 necessaria
1565 4692 1647 4736 cst
1694 4694 1750 4736 ut
1778 4685 1897 4753 quis
1940 4686 2010 4738 sit

421 4754 475 4809 in
499 4756 699 4809 unitate
726 4753 1052 4809 Christiana.
1080 4753 1313 4808 ALBASP.

481 4845 702 4919 .(l5)Tu
721 4846 1001 4917 repudiasti
1029 4854 1349 4919 pacem,e_lc.
1365 4844 1661 4919 _Auctiores
1686 4847 1773 4902 hic
1805 4849 2007 4915 priores

420 4914 687 4972 editiones
724 4914 927 4990 integra
956 4914 1215 4990 periodo:
1264 4915 1329 4969 In
1358 4914 1639 4990 Evangelia
1669 4914 1877 4988 legitur,
1909 4937 2010 4989 pax

423 4990 703 5043 hominibus
727 4988 779 5041 in
807 4996 942 5042 terra
972 4988 1114 5043 bona:
1143 4990 1438 5043 voluntatis.
1464 4988 1543 5041 Tu
1572 5006 1664 5042 nec
1695 4990 2009 5043 voluntatem

420 5061 603 5113 bunum
624 5060 697 5113 vis
720 5059 920 5124 habere,
945 5076 1032 5112 nec
1053 5076 1228 5127 pacem
1253 5075 1270 5112 :
1296 5076 1395 5112 non
1419 5070 1493 5112 est
1516 5071 1835 5114 contemnere
1856 5062 2007 5114 disci-

418 5131 655 5202 plinam?
686 5127 814 5182 Item
854 5128 1167 5202 inuPsalmq
1194 5141 1297 5185 etc.
1348 5130 1495 5185 Haud
1528 5127 1748 5186 dubitim
1781 5132 1907 5202 quin
1942 5134 2009 5185 sit

417 5199 614 5271 Optati,
653 5214 825 5273 natiue
848 5199 1062 5273 difficile
1088 5210 1171 5255 est
1197 5201 1488 5270 conjicere,
1520 5218 1640 5273 qua)
1661 5199 1822 5258 causa
1850 5202 2014 5258 fuerit

418 5269 726 5329 omittendi.
744 5269 829 5325 Μ.
861 5269 1092 5325 Ολειιιιιι.

489 5366 604 5439 (16)
637 5354 1244 5439 InAEvangeliolegitur.
1280 5366 1403 5439 “th
1428 5384 1489 5422 ex
1522 5369 1757 5423 editione
1783 5368 2006 5425 Gertua~

417 5436 626 5495 manica
657 5436 935 5498 addimus;
966 5444 1021 5491 et
1051 5436 1206 5501 bene,
1245 5438 1295 5489 ni
1325 5437 1501 5505 fallor.
1535 5443 1760 5495 Messe.

485 5531 603 5605 (17)
636 5529 937 5605 Honoribus
962 5528 1310 5605 emspoliastis.
1341 5530 1467 5605 Siue
1497 5547 1656 5587 causa
1706 5543 1759 5587 et
1810 5533 2012 5600 abSqnc

414 5600 639 5660 crimine
670 5604 954 5671 episcopos
986 5600 1256 5668 deponitis
1282 5618 1293 5652 :
1318 5602 1459 5669 quod
1486 5618 1587 5655 non
1613 5605 1786 5658 minus
1808 5606 2011 5659 crimen

414 5687 550 5738 erat,
576 5689 737 5745 quam
763 5674 1105 5745 innocentem
1134 5671 1199 5724 ad
1230 5674 1599 5739 paenitentiam
1628 5672 1852 5744 cogere;
1881 5677 2023 5728 utri?

416 5760 520 5811 que
562 5744 709 5798 enim
740 5745 943 5797 tol‘itur
973 5744 1170 5811 gradus
1212 5752 1265 5794 ct
1313 5758 1434 5811 pars
1467 5758 1623 5810 quem
1674 5745 1901 5798 habebat
1953 5745 2009 5799 itt

424 5826 653 5885 Corpore
678 5814 1087 5893 ChristiaAddc
1118 5829 1182 5869 ex
1217 5814 1281 5868 D.
1327 5814 1599 5885 Cypriane
1639 5816 2008 5887 episcopatum

2121 4690 2226 4734 tam
2257 4678 2380 4732 ulla:
2412 4694 2663 4747 umquam
2710 4680 2760 4732 in
2792 4680 2951 4734 unius
2983 4680 3212 4734 hominis
3257 4692 3428 4737 morte
3473 4678 3669 4738 litt—erze,

2116 4751 2459 4806 doctissimus
2503 4764 2745 4873 quosque
2798 4750 3001 4804 Arabes
3031 4750 3357 4818 diss-entire,
3410 4764 3461 4809 et
3493 4752 3554 4806 ab
3577 4750 3665 4803 alia

2117 4822 2365 4873 ttttatttvis
2391 4822 2505 4873 eius
2547 4836 2631 4873 em
2664 4820 2861 4873 radicis
2893 4822 3285 4873 sicnilicatione
3311 4824 3573 4873 derivare.
3594 4836 3665 4873 uo-

2117 4822 2365 4894 quamvis
2391 4820 2631 4894 ejusdem
2664 4820 2861 4894 radicis
2893 4822 3285 4894 signiﬁcatione
3311 4824 3573 4890 derivare,
3594 4836 3672 4873 uo-

2120 4890 2247 4949 tavit
2274 4893 2327 4945 iu
2362 4895 2501 4947 uotis
2524 4891 2588 4945 ad
2616 4892 2803 4946 histor.
2832 4890 3050 4963 Iosephi
3079 4890 3375 4949 Patriarch.
3406 4896 3540 4950 Hanc
3560 4909 3660 4948 seu-

2121 4964 2341 5019 tcutiam
2370 4963 2713 5017 doctissimus
2740 4963 3033 5019 Salmasius
3081 4964 3130 5017 in
3164 4965 3479 5019 admirando
3504 4965 3669 5020 Pliuia-

2121 5049 2309 5089 narum
2340 5034 2791 5089 exercitttiouum
2824 5050 3014 5103 opere,
3048 5034 3152 5089 non
3186 5036 3363 5091 laudat
3396 5037 3572 5097 modo,
3594 5031 3667 5087 sed

2121 5105 2508 5161 Cl’Gl‘LBCOl'llm
2536 5106 2857 5160 testimoniis
2898 5108 2968 5160 ita
3016 5106 3333 5172 conﬁrmat,
3383 5117 3435 5161 ut
3472 5122 3549 5161 res
3578 5106 3666 5170 iam

2120 5176 2340 5230 minime
2366 5179 2689 5231 controverti
2720 5177 2933 5232 debeat.
2962 5177 3065 5231 Sed
3091 5178 3211 5246 quia
3239 5178 3529 5233 admirandi
3554 5176 3668 5230 illius

2116 5251 2297 5317 operis
2326 5248 2650 5303 mentionem
2705 5263 2790 5303 me
2836 5248 3057 5318 contigit
3108 5247 3432 5318 bicfacerc,
3466 5250 3667 5318 ingratus

2118 5316 2235 5373 sum
2260 5320 2362 5373 nisi
2393 5319 2492 5372 ltoe
2516 5322 2630 5388 ipso
2656 5320 2773 5372 loco
2798 5319 2912 5388 ejus
2933 5316 3297 5383 atictori,viro
3324 5316 3667 5373 humanissimo

2118 5401 2171 5445 ct
2201 5391 2267 5444 de
2297 5399 2405 5444 tota
2436 5388 2714 5461 republica
2761 5389 3022 5461 litteraria
3053 5391 3434 5457 meritissimo,
3463 5387 3669 5461 gratissi-

2120 5475 2417 5531 mas,agam
2445 5458 2669 5529 gratias,
2704 5460 2856 5531 cujus
2880 5461 3267 5531 numere'tanti
3303 5458 3529 5517 thesauri
3549 5472 3665 5531 conn

2122 5549 2216 5601 pos
2244 5528 2360 5586 sum
2395 5528 2585 5584 facitis.
2617 5530 2722 5584 Sed
2749 5528 2805 5584 ut
2830 5530 2892 5584 ad
2922 5530 3173 5599 Optatum
3204 5531 3503 5599 redeamus,
3530 5538 3580 5584 ut
3597 5528 3666 5581 Itic

2116 5603 2262 5659 electi
2294 5618 2388 5674 pro
2420 5602 2569 5661 lecti,
2594 5601 2761 5674 etiam
2793 5604 2844 5656 in
2876 5604 2975 5667 hac
3002 5602 3232 5671 optima,
3256 5604 3328 5658 ita
3362 5605 3410 5658 in
3437 5602 3665 5674 prioribus

2115 5673 2477 5745 editiouibus,
2507 5671 2696 5726 eodem
2748 5687 2929 5728 errore
2960 5675 3173 5730 electum
3200 5689 3305 5745 pro
3356 5671 3528 5731 lectum
3551 5672 3665 5739 lege-

2116 5744 2290 5817 batur.
2331 5743 2428 5796 Ubi
2481 5744 2621 5795 cnitn
2669 5751 2802 5817 ante
2831 5759 2987 5799 unam
3015 5754 3105 5798 aut
3134 5743 3379 5801 alterum
3408 5750 3662 5817 paginam}

2116 5816 2175 5873 Si
2207 5817 2341 5871 cnim
2368 5826 2631 5885 postquam
2660 5814 2845 5871 lecmm
2872 5827 2981 5885 est,
3008 5818 3217 5887 prietes
3258 5809 3443 5874 ultima
3473 5809 3667 5872 'Baldtti-
