3828 6218
177 322 320 380 ΙοΜ

949 318 1040 378 os
1075 300 1456 393 scmsnms
1497 311 2033 404 nonartsrttnuu
2071 312 2271 375 LIBER
2310 313 2653 386 ausurus.

3302 324 3439 382 £058

186 439 271 493 Sic
298 437 502 496 fecistis
540 438 609 495 de
636 437 879 495 ﬁdelibus
912 435 1255 507 poenitentes,
1294 434 1373 491 sic
1396 433 1759 491 mortificastis
1783 439 1834 500 Α
1862 426 2009 484 foras
2037 443 2051 484 :
2078 440 2135 484 ut
2159 430 2487 502 compleatur
2512 430 2654 501 quod
2673 446 2703 490 ο
2733 431 2844 488 Deo
2870 428 3065 489 dictum
3089 445 3171 490 est
3197 452 3290 506 per
3313 456 3435 509 pro-

190 528 242 583 in
287 531 658 588 sacerdotibus
691 531 942 586 honores.
974 528 1114 584 Ecce
1136 536 1194 583 et
1222 536 1400 581 vester
1429 539 1607 580 sermo
1635 532 1719 580 est
1738 564 1754 591 ,

180 621 266 689 qui
298 622 468 691 serpit
493 622 641 678 velut
666 637 863 678 cancer
892 621 1074 687 hodie,
1100 629 1159 675 ut
1186 618 1437 675 salutatio
1462 628 1515 673 et
1544 615 1758 672 convic-

181 718 266 763 tus
294 706 717 780 -,proliibeatur.
746 712 938 768 Noster
962 726 1141 768 sermo
1165 708 1292 782 quid
1326 709 1431 765 tale
1457 708 1634 764 facere
1658 723 1754 778 po-

179 802 313 857 tuit?
357 805 449 873 qui
502 806 729 874 simplici
776 806 1017 861 doctrina
1058 805 1194 865 ﬁlios
1238 803 1384 875 pacis
1420 803 1752 858 retinemus:

179 909 282 950 non
313 896 520 952 alienos
566 897 875 963 seducimus
900 940 913 963 ,
942 912 1043 955 nec
1071 912 1390 974 quemquam
1423 893 1753 953 extermina-

174 1003 313 1044 mus.
343 976 683 1046 Manifestum
712 1000 795 1045 est
823 990 1002 1062 igitur,
1044 1004 1138 1045 vos
1167 998 1354 1045 contra
1388 1003 1489 1045 nos
1515 986 1755 1058 quotidie

174 1079 427 1135 scandala
470 1096 676 1152 ponere
699 1103 715 1135 :
746 1090 801 1136 et
847 1082 1067 1153 longum
1099 1089 1197 1138 eest
1226 1094 1539 1152 percurrere
1565 1092 1755 1137 omnes

176 1171 396 1239 modos,
439 1172 635 1243 quibus
682 1173 840 1229 nobis
886 1172 1191 1241 detrahitis,
1241 1181 1298 1230 et
1342 1170 1521 1227 omnia
1562 1170 1767 1243 quibus

178 1265 432 1321 scandala
451 1268 682 1337 ponitis.
1343 1338 1357 1343 _

244 1356 333 1412 Vl.
371 1357 656 1415 Donatista:
681 1363 820 1430 [ures
847 1368 893 1414 et
914 1375 1013 1428 qua
1037 1358 1256 1415 ratione.
1285 1385 1360 1400 -ιι
1379 1357 1514 1413 Nam
1552 1364 1604 1413 et
1629 1368 1753 1417 cum

176 1448 306 1505 dicit
331 1466 345 1503 :
372 1451 579 1506 videbas
603 1450 765 1520 furem
786 1461 832 1506 et
857 1452 1186 1507 concurrebas
1213 1468 1326 1510 cum
1349 1467 1406 1507 eo
1426 1467 1445 1507 :
1467 1449 1536 1509 de
1562 1464 1669 1521 qua
1694 1462 1754 1504 re

178 1538 277 1597 hoc
304 1542 507 1609 putatis
535 1542 734 1597 dictum
766 1543 929 1598 esse?
956 1541 1212 1623 numquid
1235 1542 1305 1599 de
1344 1541 1605 1599 subducto
1635 1554 1755 1595 ves-

177 1632 400 1688 timento
423 1642 518 1688 aut
541 1634 613 1690 de
652 1634 891 1689 involuto
918 1633 946 1677 ι’
976 1637 1186 1706 gremio
1213 1672 1230 1700 ,
1262 1644 1360 1701 aut
1390 1633 1458 1689 de
1486 1632 1755 1703 aliquibus

174 1721 332 1778 rebus
355 1738 479 1794 quae
501 1724 696 1779 ablatae
725 1725 809 1779 vel
839 1724 986 1780 lucra
1016 1725 1100 1799 vel
1130 1724 1487 1781 damnatinter
1508 1723 1755 1778 homines

1861 518 2074 588 phetam
2103 522 2435 578 Ezechielem
2471 540 2484 577 :
2524 533 2575 578 .et
2624 522 2987 580 maledicebant
3016 527 3143 581 mihi
3164 528 3215 583 in
3245 534 3435 602 popqu

1858 626 1987 677 meo,
2036 623 2240 684 prapter
2278 617 2479 684 plenam
2518 632 2723 671 manum
2750 617 2929 673 hordei
2962 627 3009 673 et
3052 620 3350 692 buccellam,
3379 636 3435 679 ut

1860 704 2142 759 occiderent
2169 708 2364 760 animas
2387 723 2509 774 quas
2535 725 2636 763 non
2660 712 2883 781 oportuit
2904 714 3056 779 mori,
3087 714 3211 769 dum
3233 695 3433 773 annun-

1859 795 1988 855 (iant
2018 796 2209 867 populo
2237 812 2348 869 meo
2377 812 2533 852 vanas
2574 789 2890 857 seductiones
2921 802 3150 875 (Ezech.
3182 822 3259 872 x1,
3295 809 3428 881 19).

1857 885 2024 944 Audit
2051 900 2181 957 ergo
2208 887 2352 942 Deus
2394 887 2616 956 injurias
2641 903 2744 948 non
2767 893 2867 947 sibi
2897 894 3125 964 debitas,
3158 907 3213 953 et
3240 899 3436 970 hujus-

1855 977 2003 1036 modi
2031 977 2394 1035 habitaculum
2434 978 2633 1034 deserit
2662 996 2676 1033 :
2702 989 2757 1036 et
2785 981 2945 1043 homo
2981 990 3070 1056 qui
3101 989 3212 1045 Deo
3241 991 3433 1061 plenus

1855 1070 1909 1125 in
1946 1069 2246 1126 Ecclesiam
2299 1070 2636 1136 intraverat,
2676 1073 2949 1142 egreditur
2977 1076 3090 1149 (46)
3132 1096 3221 1136 vas
3248 1084 3428 1141 inane.

1857 1161 2114 1220 Diabolus
2152 1165 2244 1236 qui
2278 1163 2491 1223 volebat
2533 1164 2686 1235 quasi
2738 1163 2825 1221 fur
2866 1166 3066 1238 aliquid
3112 1172 3352 1234 involare
3378 1185 3430 1244 ε,

1853 1253 2066 1326 adjutus
2094 1254 2347 1327 operibus
2376 1256 2589 1320 vestris,
2624 1255 2769 1317 videt
2795 1258 2911 1329 (47)
2942 1266 3113 1317 totum
3142 1277 3296 1319 suum
3323 1265 3433 1324 fac—

1855 1354 1969 1402 tum
2011 1361 2167 1415 esse,
2209 1347 2353 1403 unde
2397 1347 2608 1403 volebat
2654 1349 2926 1419 paululum
2967 1352 3164 1423 aliquid
3210 1356 3437 1414 tollere:

1854 1452 1982 1509 ergo
2000 1438 2074 1494 .de
2086 1439 2239 1510 vobis
2252 1437 2388 1494 dixit
2401 1437 2542 1494 Deus
2566 1456 2581 1493 :
2606 1439 2809 1501 videbas
2830 1441 3017 1513 furem,
3037 1454 3085 1499 et
3101 1449 3438 1506 concurrebas

1850 1545 1969 1584 cum
1998 1546 2055 1585 eo
2069 1528 2189 1601 (Ps.
2214 1544 2364 1597 ms,
2388 1529 2477 1602 i8)
2496 1546 2510 1583 :
2528 1530 2759 1602 denique
2780 1534 2834 1588 in
2849 1528 3137 1606 Evangelia
3165 1539 3244 1597 sic
3263 1542 3436 1613 scrip-

1858 1628 1967 1675 tum
1995 1629 2078 1676 est
2107 1638 2121 1673 :
2151 1632 2267 1677 cum
2296 1630 2465 1675 autem
2494 1620 2634 1676 Deus
2654 1621 2928 1685 deseruerit
2964 1627 3241 1700 hominem,
3271 1648 3438 1688 rema-

1855 1713 1940 1767 ne!
1959 1727 2047 1766 vas
2072 1713 2257 1780 inane;
2278 1714 2492 1782 spiritus
2513 1724 2683 1769 autem
2701 1716 2992 1779 immundus
3015 1736 3191 1778 errans
3213 1722 3302 1793 per
3322 1728 3439 1785 loca

176 1811 411 1870 faciunt?
442 1814 693 1886 equidem
729 1823 858 1880 sunt
884 1824 936 1870 et
968 1815 1071 1870 ista
1101 1814 1367 1885 prohibita
1399 1832 1412 1868 :
1444 1813 1539 1869 sed
1567 1812 1623 1868 in
1653 1811 1754 1868 hac
1786 1819 1834 1880 Β
1860 1801 2077 1871 ἅπαντα,
2099 1805 2313 1876 ἰελωιιιε
2336 1803 2475 1869 divit.
2501 1803 2683 1867 domus
2712 1821 2826 1863 mea
2840 1822 2999 1865 vacua
3015 1819 3087 1865 est
3108 1811 3321 1885 (Matth.
3342 1833 3441 1884 xn,

176 1908 403 1975 lectione
430 1909 520 1964 illa
547 1910 696 1989 furta
714 1911 954 1980 increpat
990 1909 1153 1975 Deus,
1176 1924 1296 1979 qua:
1318 1908 1418 1963 sibi
1440 1917 1566 1963 sunt
1591 1905 1751 1963 facta.

172 2000 421 2083 Quaeritis
460 2017 583 2073 qua
620 2000 757 2058 furta
790 2010 915 2058 sunt
947 2002 1055 2058 Deo
1100 1999 1274 2056 facta?
1298 2000 1441 2070 apud
1468 2014 1560 2056 vos
1587 1999 1758 2057 inve—

177 2090 411 2147 niuntur.
460 2092 887 2159 Possessio-Dei,
930 2102 1013 2149 est
1056 2092 1210 2169 turba
1250 2091 1487 2148 fidelium
1510 2132 1525 2156 ,
1557 2105 1623 2147 ex
1651 2105 1756 2161 qua
1793 2124 1797 2128 ›

180 2185 412 2253 quotidie
441 2186 529 2239 fur
555 2184 800 2243 diabolus
842 2185 990 2254 cupit
1026 2183 1493 2255 aliquidinvolare
1532 2200 1545 2236 :
1575 2183 1758 2241 Chris-

180 2273 305 2328 tiani
333 2285 425 2329 aut
445 2275 766 2332 Christianae
793 2286 814 2315 α
841 2276 953 2350 vult
973 2276 1054 2356 vel
1085 2290 1266 2332 mores
1299 2291 1368 2332 ex
1398 2276 1575 2346 aliqua
1606 2282 1757 2345 parte

179 2379 543 2434 corrumpere,
569 2378 622 2422 et
640 2367 683 2421 si
706 2382 813 2422 non
835 2376 1002 2422 totum
1026 2364 1322 2434 hominem,
1347 2366 1442 2420 sed
1464 2365 1759 2436 quodcum-

178 2474 279 2529 que
323 2459 390 2515 de
428 2460 651 2516 homine
697 2477 906 2532 rapere.
944 2462 1126 2517 Talem
1166 2461 1335 2517 furem
1364 2477 1487 2517 cum
1534 2462 1760 2517 videatis

178 2532 361 2607 contra
391 2567 494 2608 nos
535 2554 639 2607 vim
685 2552 884 2620 facere,
919 2554 1113 2610 vestris
1159 2554 1412 2624 operibus
1442 2553 1755 2625 adjuvistis;

181 2656 298 2695 nam
330 2643 600 2698 neminem
628 2642 784 2714 fugit,
808 2644 948 2715 quod
970 2646 1147 2700 omnis
1176 2644 1337 2707 homo
1364 2646 1453 2715 qui
1483 2646 1720 2701 nascitur
1738 2685 1754 2712 ,

180 2735 418 2801 quamvis
438 2733 507 2789 de
530 2736 839 2804 parentibus
856 2736 1178 2793 Christianis
1198 2724 1490 2815 nascatur;
1506 2738 1618 2809 (41)
1640 2739 1759 2794 sine

179 2821 365 2892 spiritu
388 2824 678 2882 immundo
706 2823 734 2863 ἀ
764 2841 885 2883 esse
906 2842 1012 2883 non
1039 2829 1228 2897 possit,
1254 2824 1409 2899 quem
1442 2842 1664 2885 necesse
1689 2829 1762 2883 sit

184 2924 301 2971 ante
345 2902 583 2972 salutare
612 2916 908 2981 lavacrum,
942 2917 1058 2988 (42)
1088 2919 1156 2974 ab
1188 2918 1418 2981 homine
1464 2918 1675 2976 excludi
1705 2929 1760 2974 et

185 3009 434 3075 separari.
469 3009 584 3081 (45)
617 3010 729 3065 Hoc
771 3011 1105 3067 exorcismos
1144 3021 1416 3081 operatur,
1460 3026 1556 3081 per
1600 3026 1760 3081 quem

1856 1895 1960 1966 45)
2003 1913 2016 1949 :
2064 1896 2167 1952 hoc
2214 1902 2299 1951 est
2339 1894 2552 1964 dicere,
2593 1895 2696 1967 Qui
2753 1904 2843 1954 me"
2866 1901 3200 1975 excluserat,
3254 1909 3441 1965 exclu-

1856 2000 1949 2041 sus
1975 1995 2078 2042 ‘est
2127 2003 2142 2047 ;
2179 1996 2403 2041 revertar
2447 1987 2571 2045 illuc
2602 1998 2651 2043 et
2697 1989 2933 2047 habitabo
2964 2008 2984 2048 :
3008 2003 3058 2049 et
3102 1997 3316 2061 adducit
3363 2018 3443 2057 se-

1857 2092 1971 2130 cum
1998 2070 2344 2147 alios‘septem
2383 2072 2638 2146 statiores,
2668 2088 2714 2133 et
2742 2080 2987 2141 habitabit
3020 2085 3169 2152 illic;
3208 2097 3255 2147 et
3292 2102 3441 2146 erunt

1856 2167 2077 2224 hominis
2095 2169 2239 2225 illius
2266 2171 2445 2242 pejora
2464 2171 2759 2244 novissima,
2781 2191 2931 2244 quant
2944 2179 3082 2248 quod
3103 2182 3311 2251 fuerunt
3335 2186 3444 2256 pri-

1858 2275 1942 2314 ma
1956 2275 1974 2313 :
1988 2259 2104 2332 (48)
2119 2260 2220 2316 hoc
2236 2270 2350 2318 est:
2364 2262 2564 2331 videbas
2578 2268 2765 2336 furem,
2788 2276 2835 2321 et
2864 2271 3197 2327 concurrebas
3209 2275 3442 2347 76mm

1856 2368 1935 2419 eo,
1959 2362 2007 2409 et
2032 2370 2150 2408 cum
2179 2355 2384 2411 mtechis
2412 2356 2720 2433 particulam
2765 2367 2905 2414 tuam
2935 2364 3179 2432 ponebas.
3210 2365 3441 2427 licereli-

1859 2444 1953 2504 cOs
1994 2448 2123 2503 dicit
2170 2450 2433 2518 mtechos,
2474 2456 2529 2506 et
2576 2450 2816 2510 moechas
2871 2455 3136 2513 Ecclesias
3185 2458 3441 2527 illorum;

1860 2555 1993 2611 quas
2015 2552 2335 2616 aspernatur
2348 2552 2410 2609 et
2431 2543 2676 2615 repudiat
2695 2546 2943 2604 Christus
2964 2549 3020 2608 in
3042 2548 3276 2610 Canticis
3299 2551 3410 2611 Can
3426 2586 3446 2599 -

1826 2636 2087 2701 ,ticorum
2114 2656 2127 2692 :
2151 2639 2300 2707 quasi
2351 2636 2526 2706 dicat,
2562 2637 2679 2712 (49)
2708 2640 2846 2708 Quid
2877 2642 3008 2698 mihi
3055 2646 3305 2718 colligitis
3335 2664 3442 2708 non

1862 2728 2235 2785 necessarias?
2261 2746 2363 2784 una
2392 2739 2465 2785 est
2487 2730 2671 2786 dilecta
2694 2748 2828 2800 mea,
2860 2750 2964 2789 una
2991 2747 3064 2791 est
3091 2754 3280 2810 sponsa
3307 2757 3443 2809 mea,

1861 2834 1966 2872 una
1987 2828 2060 2874 est
2079 2820 2315 2876 columba
2340 2830 2451 2876 mea
2481 2822 2502 2895 (
2532 2820 2681 2883 Cant.
2700 2838 2786 2892 ,vt,
2806 2824 2840 2880 S
2862 2825 2905 2895 ),
2929 2826 2983 2882 id
3006 2838 3108 2895 est,
3130 2828 3408 2892 Catholica
3432 2851 3445 2890 :

1863 2911 1919 2969 in
1948 2928 2050 2985 qua
2090 2923 2145 2969 et
2174 2930 2273 2970 vos
2300 2930 2420 2970 cum
2449 2930 2570 2972 esse
2601 2917 2829 2986 possetis
2850 2959 2865 2985 ,
2898 2920 3280 2992 rebaptizaudo
3311 2926 3451 2983 inter

1864 3005 2107 3062 moechos
2135 3003 2164 3042 δ
2195 3007 2513 3076 particulam
2564 3009 2761 3066 habere
2793 3012 3057 3070 voluistis.
3103 3015 3170 3071 Et
3198 3014 3449 3087 quoniam

184 3102 399 3173 spiritus
438 3103 750 3170 immundus
777 3103 1063 3173 depellitur
1096 3113 1142 3171 ε,
1173 3113 1227 3159 et
1268 3101 1385 3175 (44)
1430 3104 1482 3158 in
1522 3104 1636 3158 loca
1664 3103 1763 3159 de-
1864 3112 1962 3151 vos
1982 3112 2101 3153 esse
2122 3108 2454 3169 peccatores,
2479 3101 2662 3157 divino
2681 3098 2994 3161 testimonio
3012 3108 3453 3170 manifestissime

184 3201 317 3247 serta
343 3193 578 3266 fugatur.
622 3192 708 3251 Fit
739 3191 854 3265 (45)
878 3194 1069 3249 domus
1096 3209 1261 3250 vacua
1301 3194 1351 3249 in
1387 3202 1603 3263 pectore
1643 3209 1764 3250 cre-
1788 3193 1833 3257 C
1865 3190 2275 3272 comprobatum
2322 3200 2447 3248 est:
2478 3194 2638 3249 etiam
2685 3195 2822 3252 illud
2880 3208 3155 3256 ostensum
3198 3212 3311 3273 est,
3364 3215 3452 3263 tua

182 3282 388 3352 dentis;
426 3289 486 3343 tit
527 3286 718 3341 domus
767 3285 1004 3341 munda:
1039 3285 1201 3341 intrat
1248 3287 1389 3341 Deus
1436 3295 1491 3340 ct
1531 3285 1754 3350 habitat,

186 3375 434 3444 Apostolo
462 3377 677 3434 dicente
708 3395 721 3431 :
751 3394 838 3433 vos
864 3378 980 3433 estis
1019 3378 1264 3449 templum
1310 3377 1428 3447 Dei,
1472 3387 1517 3433 et
1543 3379 1597 3432 in
1624 3378 1761 3433 vobis

186 3466 315 3523 Deus
340 3468 534 3523 habitat
560 3470 625 3541 (l
665 3469 783 3524 Cor.
814 3484 897 3537 ιιι,
923 3468 991 3525 l6
1018 3470 1058 3541 ).
1084 3470 1150 3526 Et
1176 3486 1298 3525 cum
1332 3471 1441 3525 Dco
1476 3471 1759 3541 unusquis-

186 3573 283 3625 que
310 3558 500 3629 plenus
542 3559 636 3625 sit,
678 3561 744 3614 de
774 3575 880 3630 quo
913 3558 933 3597 ί
962 3560 1047 3614 fur
1094 3559 1341 3615 diabolus
1379 3560 1577 3631 aliquid
1608 3561 1761 3617 invo-

187 3646 292 3704 lare
318 3649 601 3707 contendit
634 3668 660 3707 :.
682 3666 781 3706 vos
805 3651 1187 3720 rebaptizando
1226 3651 1542 3725 exorcizatis
1583 3652 1757 3708 homi-

186 3753 299 3795 nem
330 3739 640 3811 ﬁdelem,et
662 3742 841 3799 dicitis
873 3742 982 3799 Deo
1010 3742 1272 3798 habitanti
1301 3761 1314 3797 :
1342 3743 1643 3811 Maledicte,
1674 3744 1761 3799 exi

1865 3282 2063 3359 auxilia
2114 3292 2299 3341 e0ntra
2349 3294 2406 3340 te
2457 3285 2839 3343 militasse:in
2885 3291 3139 3348 auxilium
3172 3296 3314 3351 enim
3357 3298 3453 3353 ad-

1865 3374 2098 3431 duxeras
2132 3373 2148 3413 ί
2181 3374 2523 3447 Prophetam,
2552 3377 2607 3432 in
2630 3394 2735 3450 quo
2765 3379 2964 3439 lectum
2996 3392 3079 3439 est
3106 3402 3119 3439 :
3144 3388 3455 3458 sacriﬁcium

1868 3468 2171 3536 peccatoris,
2189 3468 2338 3538 quasi
2352 3470 2440 3537 qui
2454 3469 2673 3525 victimet
2687 3487 2864 3525 canem
2885 3472 3055 3545 (Esai.
3070 3492 3218 3544 LXVI,
3241 3478 3296 3551 5)
3313 3478 3429 3553 (50)
3445 3520 3459 3536 .

1866 3558 1984 3614 Jam
2031 3569 2340 3634 peccatores
2372 3574 2467 3616 vos
2507 3574 2649 3628 esse,
2692 3564 2735 3617 si
2788 3564 2962 3634 pudor
2990 3576 3074 3622 est
3121 3568 3294 3636 ullus,
3334 3586 3456 3628 cum

1868 3651 2056 3707 dolore
2082 3666 2410 3722 recognosce
2440 3652 2485 3706 i.
2582 3662 2587 3665 ‘

1940 3742 2053 3799 VII.
2086 3743 2203 3811 Quo
2223 3760 2373 3799 sensu
2403 3745 2597 3799 dictum
2617 3746 2751 3802 illud
2774 3765 2792 3801 :
2816 3748 2993 3805 oleum
3022 3724 3323 3825 peccatoris
3344 3772 3455 3816 non
3483 3826 3486 3829 η

1384 3878 1766 3961 LECTIONES
1810 3877 2221 3939 VARIANTES.

240 3985 265 4014 ⁸
298 3986 351 4036 In
374 3999 462 4039 ms.
492 3988 544 4038 S.
570 3988 628 4039 ϐ.
651 3997 921 4040 conventus.

181 4046 194 4109 ι
240 4047 267 4116 13
297 4046 351 4116 in
376 4064 464 4099 ms.
493 4051 544 4116 ξ,
569 4050 626 4116 ρ.
649 4048 903 4116 inuiolata;
923 4051 1315 4116 sed_pe_rperam.

242 4112 264 4176 εξ
296 4109 349 4176 in
370 4124 459 4161 ms.
488 4111 539 4176 8.
566 4111 623 4176 ρ.
650 4109 731 4176 qui
752 4109 987 4176 motionis
1004 4109 1053 4164 in
1080 4109 1351 4166 Christiano
1370 4121 1450 4166 aut
1474 4115 1755 4169 christiana.

240 4169 265 4208 τι
296 4170 349 4220 In
365 4186 455 4223 ms.
484 4174 537 4224 8.
568 4173 627 4224 Τ.
651 4169 856 4225 mundi}
878 4176 1038 4226 mimts
1058 4175 1209 4230 bene.
1254 4222 1261 4227 .

244 4238 266 4265 ο
300 4231 355 4283 In
378 4248 468 4286 ms.
496 4236 548 4285 S.
572 4234 630 4286 G.
656 4234 925 4297 repellitur.

1933 3990 1954 4029 ἲ
1992 3993 2047 4043 In
2071 4008 2159 4045 ms.
2188 3996 2237 4044 S.
2261 3995 2322 4046 G.
2345 3996 2486 4047 unde.

1930 4056 1955 4116 β
1993 4054 2047 4106 lu
2071 4069 2160 4109 ms.
2182 4055 2234 4105 S.
2262 4056 2319 4111 G,
2344 4058 2552 4115 addltur,
2577 4058 2641 4111 de
2659 4058 2863 4116 homine.

1928 4114 1962 4154 h
1993 4116 2049 4167 In
2072 4131 2162 4167 ms.
2188 4119 2241 4168 8.
2269 4118 2328 4169 G.
2356 4114 2547 4171 additur
2566 4114 2833 4177 hereticos.

1933 4178 1952 4241 ᾖ
1992 4177 2047 4241 In
2069 4193 2184 4230 mss.
2213 4180 2264 4231 S.
2286 4180 2346 4231 Τ.
2372 4193 2423 4231 et
2445 4182 2535 4232 Pb.
2562 4184 2613 4234 S.
2639 4185 2924 4241 addideras.

1938 4240 1953 4292 i
1996 4240 2052 4291 1n
2072 4255 2162 4332 ms.
2189 4243 2241 4294 S.
2269 4242 2326 4295 G.
2350 4243 2395 4315 si
2416 4241 2542 4297 ullus
2560 4252 2629 4299 est
2647 4261 2813 4313 pavor,
2834 4240 3151 4323 cum'pudore
3171 4273 3416 4335 cognosce.

1477 4343 1838 4402 vamonuu
1876 4326 2140 4402 Nom;

248 4434 359 4506 (41)
402 4435 533 4491 Sine
578 4438 763 4508 spiritu
814 4437 1012 4493 mundi.
1043 4436 1175 4493 Sine
1222 4437 1431 4561 spirittA
1456 4437 1752 4494 immundo.

1437 4523 1614 4561 LBASP.

1437 4523 1614 4563 LBASP.

1868 4440 2009 4563 fnim
2024 4440 2267 4564 gmplius
2296 4440 2454 4499 habet
2479 4440 2774 4515 Christum,
2803 4464 2976 4521 neque
3004 4454 3260 4526 Spiritum
3292 4479 3450 4524 sanc-

1893 4525 1999 4564 um.
2073 4526 2253 4564 uaso.

1893 4525 1999 4564 um.
2024 4525 2253 4565 ALBASP.

251 4575 361 4647 (42)
408 4576 486 4632 Ab
538 4577 738 4633 homine
788 4579 1008 4633 excludi.
1050 4579 1128 4636 De
1171 4548 1756 4669 eiorcismbuioquitiir.
1787 4548 1841 4608 Β
2282 4600 2455 4638 suum.
2485 4585 2541 4641 In
2571 4589 2844 4661 antiquam
2873 4607 3024 4650 suam
3048 4576 3444 4669 possessionem

1350 4652 1574 4704 Acsasr.

252 4718 361 4791 (41’!)
392 4717 507 4773 Hoc
537 4721 846 4791 exorcismus
878 4729 1156 4791 operatur.
1189 4719 1254 4791 D.
1274 4719 1515 4791 August.
1551 4722 1614 4774 ad
1646 4721 1759 4776 Six-

187 4796 286 4847 luni
320 4789 505 4845 Presb.
545 4790 765 4859 epistola
807 4788 908 4846 105
932 4788 949 4843 ξ
974 4789 1111 4856 Quid
1148 4790 1217 4844 ad
1262 4788 1757 4859 hoc'respondeant,

187 4860 311 4925 quod
338 4860 695 4930 exorcizantur
720 4871 769 4915 et
818 4861 1157 4930 exciti/lantur
1193 4863 1415 4929 infantes
1434 4863 1460 4916 i’
1503 4864 1595 4916 hoc
1624 4864 1759 4917 enim

188 4928 355 4995 procul
379 4930 536 4984 dubio
555 4931 810 4999 fallaciter
833 4932 891 5002 ﬁt
907 4928 951 4985 si
968 4928 1203 4987 diabolus
1224 4933 1295 5056 eiAs
1320 4945 1419 4986 non
1440 4933 1753 5005 dominatur.

640 5042 643 5043 ν
1293 5019 1469 5056 LBASP.

640 5042 643 5043 ν
1245 5019 1469 5057 ΑιΒΑεΡ,

255 5069 369 5143 (44)
396 5068 461 5127 In
493 5072 606 5127 loca
633 5073 851 5127 deserta.
884 5071 1089 5128 Alludit
1122 5073 1190 5129 ad
1237 5074 1420 5130 Tobiae
1457 5074 1755 5130 historiam.

1028 5172 1033 5177 -
1346 5150 1572 5201 ALsAsr.

256 5208 363 5283 (45)
401 5212 485 5287 Fit
526 5214 708 5287 domus
744 5216 1230 5287 vacua.iBaptismo
1273 5218 1465 5272 domus
1503 5218 1762 5287 purgaba-

194 5290 310 5337 tur:
340 5285 747 5341 continuatione
794 5285 1103 5342 ornabatur.
1140 5288 1396 5343 Christus
1443 5285 1656 5343 demum
1706 5291 1756 5343 in

144 5394 149 5401 .
194 5351 595 5429 Eucharistiain
620 5371 736 5429 eam
774 5357 1007 5429 intrabat
1035 5367 1088 5414 et
1118 5358 1392 5414 habitabat
1425 5377 1437 5412 :
1476 5359 1756 5429 Origenes,

194 5427 273 5477 sed
298 5443 394 5481 non
417 5428 589 5481 statim
611 5428 791 5482 domus
812 5428 920 5481 lucc
945 5430 1270 5483 habitatorem
1300 5430 1481 5483 habere
1502 5427 1755 5484 Christum

194 5508 417 5571 meretur,
448 5499 547 5552 nisi
577 5499 643 5562 sit
672 5501 772 5551 vita
793 5502 901 5571 ejus
939 5509 988 5553 et
1009 5503 1322 5555 conversatio
1353 5502 1424 5557 ita
1458 5510 1655 5568 sancta,
1686 5502 1757 5554 ita

194 5582 330 5633 pura.
360 5570 586 5637 Atnasp.

120 5694 126 5705 ,
252 5638 368 5709 (46)
408 5640 520 5691 Vas
552 5642 723 5692 inane.
778 5638 1019 5694 Habebat
1060 5641 1324 5695 Christum
1372 5640 1595 5709 quando.
1632 5655 1753 5695 eum

198 5708 554 5781 rebaptieastis
578 5728 590 5761 :
618 5724 773 5781 quem
793 5710 1005 5781 quidem
1033 5727 1126 5778 per
1149 5708 1481 5767 exorcismos
1503 5711 1752 5781 fugastis;

199 5773 306 5831 ideo
322 5773 414 5848 qui
437 5773 797 5850 rebaptizatur
822 5773 1090 5849 egreditur
1120 5798 1316 5838 vacuus
1345 5798 1410 5837 cx
1436 5773 1617 5852 aquis;
1647 5773 1752 5838 non

1864 4654 2182 4707 restituitur.
2213 4655 2439 4710 ALBASP.

1935 4743 2051 4831 (48)
2084 4744 2198 4831 [ioc
2227 4758 2297 4801 est
2326 4764 2347 4831 :_
2372 4750 2576 4805 uidebas
2622 4756 2810 4831 furem,
2834 4765 2935 4812 etc.
2962 4758 3170 4828 Scribe,
3204 4766 3300 4822 hoc
3320 4782 3393 4825 est
3422 4790 3442 4831 :

1862 4817 2076 4907 υξάεῖραδ.
2100 4818 2263 4907 {prem
2303 4828 2348 4900 et
2376 4817 2707 4878 concurrebas
2733 4817 2847 4907 cum
2892 4845 2992 4897 eo;
3030 4844 3079 4886 et
3108 4817 3442 4907 al'iqu'avn'tiilt;

1861 4888 2401 4984 sntitio‘interposito,
2429 4905 2476 4947 et
2509 4911 2625 4977 eum
2646 4897 2871 4979 inme/ris,
2897 4888 3002 4954 etc.
3030 4903 3104 4984 lta
3131 4888 3451 4984 enim
3499 4948 3505 4953 .

1860 4957 2243 5049 soletAOptatus
2275 4963 2719 5049 testimoniorum,
2771 4957 2905 5033 sive,
2938 4981 2989 5024 ul
3027 4957 3417 5049 ipse—appellit

1866 5028 2387 5119 lectionumsipgula
2410 5036 2571 5119 verba
2602 5028 2913 5118 percurrere
2942 5056 3005 5095 ac
3028 5028 3441 5119 [insomniis-t1];

1865 5101 2038 5183 spatii)
2068 5102 2132 5156 ad
2159 5101 2411 5183 indicium
2430 5101 2706 5183 ⁵ῑῐιίιηεῖιρδ
2742 5122 2803 5160 ac
2845 5123 2993 5183 novae
3022 5101 3171 5181 quasi

1867 5172 2162 5263 ittterjecto.
2184 5173 2393 5263 ﬂorum
2414 5176 2834 5263 .ittl'crt'altprttnt
2859 5172 3079 5263 emissio
3120 5198 3170 5243 et
3199 5172 3440 5263 aegrota

1865 5243 2769 5328 9b59"?1i0jpthatietlitioninus
2790 5250 3013 5328 multum
3037 5243 3442 5328 caliginig’iﬁﬁi:

1867 5311 2877 5405 ‘15lfifiiﬂqllﬂiﬁﬂi“559$.‘l'imlui"
2925 5311 3169 5396 opimus:
3212 5311 3437 5405 sequitur

1864 5392 1909 5437 et
1939 5400 2050 5435 cum
2080 5384 2303 5444 moechis,
2336 5391 2439 5449 etc.
2477 5385 2545 5439 M.
2579 5384 2807 5443 Caseus.

1890 5547 1900 5557 '
1931 5472 2044 5543 (49)
2069 5472 2213 5559 Δριιὶά
2239 5474 2361 5527 mihi
2393 5476 2652 5549 'colligitis.
2710 5480 2848 5549 Quid
2882 5485 3011 5543 mihi
3041 5487 3215 5549 facitis
3246 5496 3433 5559 Eccle-

1859 5548 2011 5600 siant.
2056 5548 2093 5597 A
2106 5560 2282 5604 LBASP.

1932 5635 2045 5707 (50)
2076 5635 2309 5723 Victimet
2345 5655 2538 5723 canem.
2565 5642 2807 5723 Canisita
2829 5648 2932 5702 vile
2952 5650 3193 5723 liebrazis
3214 5660 3409 5723 animal

1859 5716 1914 5762 “‘
2037 5710 2266 5777 ννειίιυη
2297 5712 2511 5780 quidem
2546 5715 2661 5783 eius
2715 5718 2766 5769 ίιι
2801 5720 3001 5788 tempto
3026 5727 3189 5796 ream
3233 5710 3433 5796 esset:

3070 5793 3149 5851 Du
3173 5793 3285 5856 Pin.

1756 6030 1882 6063 ..ἀίξῃ
