3828 6218
443 342 506 397 ιο
523 340 578 395 .3
1561 326 1802 385 SANCTI
1842 325 2093 384 omn
2136 288 2437 383 liPlSCOPl
2924 363 2926 365 .
3570 318 3694 378 tott

440 468 496 513 et
537 453 805 511 Idolorum
848 449 1171 520 inquinatam
1200 450 1434 501 sectatus
1477 441 1649 498 fuerat
1675 440 2010 512 religionem.
2042 447 2093 503 Α
2121 442 2405 513 colligeres
2428 485 2441 509 ,
2475 450 2525 495 et
2562 438 2673 511 (70)
2711 436 3009 494 everricqu
3045 446 3065 471 υ
3096 432 3325 504 quodam
3359 430 3579 484 malitia:
3614 448 3693 484 ar-

444 548 557 603 Hoc
583 554 686 611 est,
709 542 848 614 quod
878 540 1024 594 dolet
1052 537 1189 591 Deus
1219 552 1232 589 :
1262 536 1363 589 hoc
1389 542 1471 589 est
1495 531 1637 604 quod
1666 530 1797 585 dicit
1822 531 2019 587 C(elum
2123 542 2497 605 gumentorum
2518 556 2519 559 η
2541 534 2743 587 intexto
2770 552 2785 596 ε
2831 534 2896 584 ad
2925 540 2975 584 te
3008 527 3186 581 omnia
3232 539 3361 614 quae
3400 532 3526 614 sunt
3565 524 3694 579 bona

390 616 395 621 ι
444 612 804 697 exhorruisse.
858 631 993 688 Nam
1034 639 1088 684 et
1128 644 1235 700 per
1262 627 1476 684 Esaiam
1523 624 1839 696 prophetam
1880 622 2021 678 idem
2129 625 2358 680 traxisti.
2393 623 2522 678 Nam
2558 623 2730 692 qualis
2760 630 2843 677 est
2873 618 2992 691 tuus
3019 617 3320 672 intellectus
3348 612 3404 669 in
3432 613 3534 670 hoc
3552 616 3693 700 capi-

566 729 717 784 dolor
762 732 883 791 est,
911 723 1035 778 dum
1084 694 1146 775 in
1170 720 1273 775 hoc
1300 719 1406 774 duo
1451 694 1678 775 testatur
1715 716 1980 771 elementa
2005 755 2020 781 ,
2128 718 2241 773 tulo
2269 717 2543 781 Jeremiae,
2573 730 2695 781 cum
2726 714 2922 769 clamet
2949 712 3089 766 Deus
3116 725 3175 764 se
3198 709 3471 764 desertum
3496 694 3629 774 esse,
3650 718 3696 765 et

443 824 568 880 dum
583 822 656 874 ait
688 836 701 873 :
730 815 875 883 audi,
901 815 1104 881 omium,
1133 821 1181 868 et
1207 813 1407 882 percipe
1430 812 1661 878 auribus,
1680 819 1816 864 terra
1845 825 1864 863 :
1892 809 2026 878 ﬁlios
2125 811 2204 865 sic
2225 808 2448 865 eli'ossos
2469 808 2617 861 lacus
2651 823 2663 859 :
2696 819 2795 877 pro
2821 819 2878 859 se
2913 801 3165 858 irascitur
3186 842 3202 867 ,
3246 816 3352 855 non
3386 813 3485 870 pro
3509 810 3570 855 re
3591 814 3694 855 sua.

444 913 677 990 generari
720 921 768 965 et
809 909 1030 966 παιδανὶ
1076 924 1096 963 :
1141 908 1243 979 ipsi
1283 917 1452 962 autem
1517 921 1596 963 me
1649 892 2025 975 dereliquerunt
2129 900 2336 971 (Jerem.
2368 904 2452 969 ιι.)
2478 898 2591 970 (7i)
2626 901 2775 969 Aqua
2799 897 2943 990 enim
2973 894 3327 975 Baptismatis
3353 906 3443 948 res
3472 891 3567 990 Dei
3595 901 3694 990 est,

442 983 609 1078 (Εωὶ.
668 1020 711 1070 t,
735 1001 819 1075 Ξ).
847 1002 1024 1070 Quare
1070 1015 1176 1056 non
1223 999 1293 1056 de
1323 999 1422 1056 hac
1465 997 1697 1053 lectione
1744 995 1944 1066 aliquid
1973 1002 2022 1059 ι,
2130 1008 2237 1049 non
2267 992 2406 1047 Deus
2438 1008 2451 1044 :
2482 998 2537 1044 et
2566 990 2611 1044 si
2641 988 2843 1078 putatis
2870 986 3114 1078 desertos
3143 1000 3301 1078 esse,
3332 983 3546 1055 quando
3572 984 3697 1078 apud

442 1076 606 1156 frater
664 1094 1053 1159 Parmenione,
1102 1092 1319 1147 dixisti?
1358 1106 1426 1145 an
1473 1090 1595 1161 quia
1643 1088 1729 1143 hic
1770 1095 1904 1142 non‘
1944 1095 2030 1143 est
2129 1096 2225 1138 vos
2274 1080 2527 1146 fuerunt,
2557 1079 2649 1149 qui
2699 1077 2838 1149 apud
2869 1092 2967 1132 nos
3013 1076 3266 1147 baptizati
3309 1086 3435 1132 sunt
3462 1116 3478 1142 ,
3525 1077 3697 1132 merito

447 1207 581 1262 aqua
614 1186 924 1244 nominata?
970 1184 1086 1257 (69)
1113 1183 1432 1255 Intelligeris
1457 1186 1600 1238 enim
1643 1178 1820 1234 studio
1848 1178 2029 1233 crimi-
2132 1174 2291 1229 vestri
2322 1172 2630 1228 desertores
2652 1171 2719 1226 ad
2748 1184 2846 1225 nos
2867 1169 3052 1225 venire
3074 1166 3404 1225 viderentur.
3426 1168 3697 1224 Probatutn

446 1282 609 1341 nandi
655 1283 731 1337 sic
779 1280 1025 1350 pulsasse
1062 1276 1090 1316 ι)
1138 1277 1312 1347 legem
1366 1281 1425 1330 ut
1468 1273 1788 1340 ubicumque
1835 1283 2027 1337 aquam
2134 1277 2217 1325 est
2248 1281 2397 1338 ergo,
2430 1275 2480 1321 te
2510 1281 2616 1320 non
2646 1272 2835 1320 contra
2876 1278 2996 1333 nos,
3030 1262 3124 1321 sed
3150 1272 3337 1329 contra
3365 1278 3463 1319 vos
3487 1263 3694 1332 dixisse,

447 1379 697 1448 scriptam
728 1372 922 1445 legeris
948 1413 963 1439 ,
1001 1370 1283 1442 praestigiis
1308 1366 1623 1440 quibusdam
1662 1364 1730 1419 ad
1772 1361 2026 1418 invidiam
2136 1359 2275 1431 quod
2303 1374 2334 1415 a
2364 1368 2418 1416 te
2439 1358 2643 1415 dictum
2671 1366 2754 1414 est
2782 1357 2851 1426 de
2878 1357 3004 1414 oleo
3025 1364 3081 1414 et
3104 1357 3372 1414 sacrificio
3393 1356 3695 1428 peccatoris.

1664 1472 2048 1551 Lacrtoues
2084 1473 2503 1533 VARIAN'I‘ES.

2206 1569 2230 1599 ο
2265 1566 2321 1616 In
2344 1579 2460 1629 mss.
2480 1566 2533 1617 S.
2555 1565 2616 1617 T.
2632 1572 2696 1629 et
2713 1566 2771 1629 Ρ.
2798 1567 2851 1618 S.
2876 1564 3153 1629 curriculo;
3171 1565 3263 1618 sed
3283 1566 3440 1620 multo
3465 1568 3640 1620 rectlus
3657 1575 3699 1618 ut

2141 1629 2192 1680 in
2212 1642 2302 1680 ms.
2321 1629 2373 1680 S.
2400 1628 2459 1696 (ᾖ.
2484 1626 2768 1681 everricula.
3131 1626 3140 1629 ’
3489 1628 3503 1638 ’

521 1842 638 1918 (69)
672 1839 1142 1918 Intelligeris__en_im
1165 1836 1341 1918 studia
1356 1832 1682 1918 criminandi,
1717 1732 2147 1918 etlam
2186 1738 2501 1895 1ligt'lfii’tﬁqum
2512 1831 2706 1895 tripode
2727 1844 2792 1883 ex
2812 1830 2983 1882 Phcebi
3006 1830 3245 1894 lauruque
3266 1829 3503 1894 probatur.
3525 1808 3698 1882 laessi.

506 1587 534 1616 ⁸
568 1583 723 1633 Deest
740 1582 791 1630 in
812 1592 901 1630 ms.
920 1579 975 1631 S.
1001 1577 1061 1628 G.

506 1645 537 1685 ιι
572 1646 742 1697 Inms.
768 1644 824 1694 S.
846 1641 906 1693 G.
929 1645 1168 1707 palpasse.

452 1902 586 1973 milii
618 1902 917 1983 suspectus.
956 1909 1077 1983 _Nisi
1111 1918 1284 1983 tamen
1325 1906 1447 1961 ideo
1473 1905 1614 1983 dicit
1637 1918 1758 1983 eum
1789 1902 2027 1971 palpasse

457 1989 634 2058 legem,
664 1974 936 2058 qu_o_(l__suis
955 1974 1645 2058 Parmenianuspraestigiis
1667 1982 1724 2028 et.
1740 1986 2029 2058 argument

457 2040 633 2112 ieiuni
659 2040 948 2119 calliditate
975 2048 1235 2112 effecerit,
1261 2056 1317 2101 ut
1349 2040 1432 2119 lex
1458 2040 1698 2119 iniduior
1738 2040 2028 2119 catholicis

455 2111 508 2183 et
533 2140 718 2183 eorum
745 2111 958 2185 causae;
1001 2121 1099 2189 ipsi
1129 2111 1306 2172 autem
1340 2118 1458 2187 plus
1494 2111 1646 2189 aequo
1673 2111 1854 2167 favere
1882 2112 2030 2189 vide-

456 2209 639 2254 retur:
663 2197 787 2250 dum
821 2183 1090 2256 nimirum,
1115 2190 1226 2244 sola
1249 2183 1444 2258 pru’mit
1469 2201 1533 2241 ex
1561 2186 1667 2249 illa,
1696 2197 1815 2254 qum
1838 2183 2031 2258 saltem

458 2272 512 2329 in
543 2267 723 2338 specie
741 2265 847 2338 ipsi
874 2254 1324 2338 commodabant;
1358 2273 1488 2338 qua:
1512 2260 1692 2338 ipsum
1715 2263 1893 2338 autem
1920 2254 2033 2337 pla-
2072 2282 2076 2285 -

455 2326 525 2393 ne
552 2326 967 2407 iugulabantuet
987 2326 1826 2407 adversariosaperte’juvabant,
1852 2326 2032 2380 omnia

456 2397 722 2463 malitiose
747 2418 797 2460 et
830 2397 1055 2460 subdole
1081 2403 1287 2457 reticet.
1320 2397 1390 2454 M.
1415 2397 1645 2453 Casaua.

530 2542 646 2617 (70)
699 2539 764 2617 Et
806 2538 1061 2617 curriculo
1107 2536 1331 2617 quodam
1369 2532 1589 2617 malitiae.
1621 2541 2039 2617 argumentantur

458 2602 665 2679 intecta,
693 2611 759 2669 ad
783 2622 829 2666 te
848 2610 1019 2665 omnia
1036 2602 1769 2684 qutesunt‘boaatraxistiqw
1787 2602 2042 2684 curriculo

460 2676 660 2741 incudi
685 2693 991 2755 suspectum
1035 2676 1228 2734 merito
1269 2676 1516 2755 Barthius
1554 2676 1812 2755 corrigit,
1857 2683 2043 2755 etceu

460 2756 708 2811 riticuia:
744 2744 862 2824 quae
883 2752 932 2805 ei
963 2752 1074 2820 ipsa
1103 2757 1190 2824 est
1215 2748 1413 2824 veritas
1439 2765 1460 2824 _:
1496 2746 1592 2824 sed
1623 2744 1859 2824 fallitur,
1884 2752 1939 2824 et
1965 2746 2044 2824 le-

462 2825 695 2898 gendum
708 2814 1301 2898 omninoet'everricuia.
1336 2822 1377 2872 A
1402 2816 1698 2888 piscatione
1715 2814 1876 2873 trahit
1896 2814 2046 2869 simi-

466 2890 771 2960 litudinem,
799 2909 903 2948 non
932 2893 1112 2948 hercle
1135 2890 1303 2960 magis
1326 2903 1507 2945 veram
1536 2905 1549 2944 :

2381 1923 2675 1975 Emendatus
2698 1929 2767 1974 est
2794 1936 2828 1973 a
2845 1922 2979 1975 nobis
2998 1922 3087 1973 iste
3110 1920 3260 1974 locus.

2205 2038 2344 2112 (71)_
2369 2041 2511 2112 Aqua
2541 2039 2673 2092 enim
2701 2037 3021 2112 baptismatis
3041 2054 3134 2112 res
3164 2038 3264 2092 Dei
3289 2047 3385 2103 est,
3418 2055 3519 2112 non

2133 2108 2310 2164 Etiam
2331 2108 2420 2162 hic
2438 2110 2641 2178 integra
2668 2108 2888 2176 periodo
2912 2110 3179 2178 pleniores
3202 2117 3415 2165 veteres
3433 2110 3693 2171 editiones.

2135 2195 2297 2250 quam
2325 2194 2421 2234 cur
2446 2179 2673 2250 Optatus
2698 2194 2794 2248 pro
2812 2181 3041 2249 genuina
3067 2196 3172 2235 non
3202 2191 3485 2249 agnoscat,
3508 2191 3589 2235 aut
3614 2194 3694 2241 eor

2137 2249 2237 2305 nos
2267 2251 2499 2321 aguitam
2528 2260 2582 2304 et
2617 2249 2824 2306 liberali
2850 2260 3107 2321 asserlam
3142 2266 3304 2313 manu
3330 2252 3405 2309 illi
3434 2266 3532 2309 non
3558 2251 3693 2306 resti-

2143 2320 2378 2385 tuamus,
2401 2332 2618 2392 causam
2649 2336 2752 2376 non
2779 2320 2953 2376 video.
2984 2322 3056 2376 Ita
3082 2321 3242 2392 igitur
3265 2322 3353 2376 ille
3378 2339 3390 2374 :
3422 2322 3561 2392 Aqua
3583 2322 3705 2380 enim,

2143 2392 2460 2464 baptismatis
2474 2391 2674 2465 _res_Dei
2705 2403 2801 2465 est,
2828 2410 2930 2447 non
2964 2390 3121 2459 Deus,
3146 2390 3213 2445 Et
3231 2394 3275 2446 si
3296 2390 3484 2465 putatis
3502 2393 3691 2465 desertos

2143 2461 2271 2530 esse,
2312 2462 2515 2533 quando
2563 2461 2716 2534 (lego
2759 2464 2983 2518 desertos
3010 2480 3097 2518 vos
3140 2461 3543 2533 essefquando,
3571 2462 3687 2529 etc.)

2146 2536 2294 2616 apud.
2311 2551 2398 2616 vos
2420 2538 2642 2605 fuerunt,
2665 2535 2751 2616 qui
2772 2534 2909 2605 apud
2938 2551 3027 2616 nos
3047 2534 3292 2616 baptizata"
3316 2545 3462 2616 sunt,
3475 2545 3527 2588 ut
3545 2535 3689 2616 negito

2145 2602 2294 2659 vestri
2322 2602 2623 2671 desertores,
2665 2605 2733 2657 ad
2768 2602 2860 2659 nos
2896 2607 3063 2675 venire
3090 2602 3401 2660 viderentur.
3437 2602 3595 2675 Atque
3622 2604 3688 2675 hic

2146 2676 2333 2749 debuit
2350 2676 2594 2749 desinere
2612 2674 3001 2749 liberquartus.
3028 2676 3157 2742 Qua:
3180 2685 3473 2749 sequuntur
3495 2674 3687 2749 periodi,

2147 2748 2313 2801 altera
2341 2746 2407 2801 ad
2448 2747 2606 2800 tinem
2639 2747 2759 2800 libri
2786 2744 2968 2811 tertii,
3014 2754 3071 2800 ut
3101 2756 3248 2801 recte
3262 2744 3324 2800 iu
3355 2744 3545 2815 nupera
3570 2744 3690 2799 Pari-

2148 2817 2313 2871 siensi
2338 2818 2639 2872 restitutum
2661 2826 2777 2884 est;
2801 2818 2965 2872 altera
2990 2818 3055 2871 ad
3077 2821 3351 2888 sequentis
3369 2814 3489 2881 libri
3511 2816 3685 2870 initium

2151 2889 2402 2957 pertinet,
2429 2897 2483 2941 ut
2509 2903 2633 2943 mox
2657 2905 2684 2941 a
2712 2890 2865 2943 nobis
2895 2887 3222 2959 probabitur.
3257 2888 3323 2942 Μ.
3348 2888 3572 2943 Cascae.

1504 3100 1612 3171 79
1644 3114 1973 3186 LIBER
2074 3115 2590 3202 QUINTUS.

468 3255 534 3310 In
561 3253 657 3309 hoc
680 3252 856 3323 quinto
881 3248 1053 3305 libella
1078 3246 1359 3303 ostenditur
1394 3246 1518 3317 “quia
1543 3246 1596 3299 in
1626 3246 1927 3317 baptismate
1957 3247 2182 3300 homines
2210 3257 2517 3321 operantur,
2567 3255 2615 3301 et
2651 3246 2773 3313 quia
2801 3247 2940 3303 Deus
2966 3248 3122 3313 lavat,
3152 3257 3200 3304 et
3226 3246 3460 3303 Christus
3499 3251 3599 3321 ejus
3621 3248 3691 3300 dat

535 3346 742 3415 quodin
780 3342 1079 3413 baptismate
1104 3341 1375 3410 accipitur,
1399 3347 1447 3393 et
1468 3340 1588 3409 quia
1616 3337 1915 3409 rebaptizati
1954 3356 2168 3411 regnum
2201 3337 2299 3393 Dei
2320 3341 2576 3410 possidere
2602 3356 2701 3394 non
2727 3351 2959 3411 possunt,
2985 3351 3029 3395 et
3049 3343 3168 3413 quia
3191 3343 3514 3414 perdiderunt
3540 3353 3688 3397 vestem

472 3438 512 3461 ”
538 3442 836 3513 nuptialem.

545 3562 585 3615 Ι.
640 3561 721 3615 Ea:
748 3559 1013 3631 principiis
1052 3555 1379 3611 Parmeniani
1410 3553 1546 3623 sequi
1583 3567 1742 3607 unum
1781 3567 1889 3606 esse
1927 3552 2050 3620 bap-
2074 3575 2119 3639 ρ

472 3655 641 3715 tisma.
668 3681 739 3692 —
767 3640 1082 3711 Traditores
1116 3648 1193 3719 (i)
1227 3646 1359 3725 legis
1384 3645 1473 3713 qui
1512 3643 1751 3711 iuerint“
1781 3653 1837 3698 et
1864 3654 2048 3709 aucto-

436 3759 559 3803 res
576 3739 908 3808 schismatis,
942 3742 996 3794 in
1029 3740 1202 3810 primo
1234 3737 1373 3791 libro
1400 3733 1857 3790 manifestissimis
1884 3733 2049 3788 docu-

470 3836 666 3892 mentis
694 3833 1052 3896 ostendimus,
1100 3838 1155 3885 et
1192 3826 1336 3898 apud
1376 3840 1477 3882 nos
1512 3839 1634 3881 esse
1672 3839 1833 3879 uuam
1862 3840 2046 3880 veram

424 3976 427 3979 ,
472 3929 771 3984 Ecclesiam
806 3923 1141 3980 Catholicam
1172 3918 1410 3976 secundo
1454 3919 1912 3973 monstravimus:
1945 3928 2054 3973 ter-

472 4021 548 4075 tio
571 4032 703 4074 vero
733 4016 1083 4088 probavimus
1133 4026 1252 4081 quae
1282 4025 1472 4080 aspere
1492 4007 1519 4046 δ
1550 4009 1688 4063 facta
1716 4022 1837 4063 esse
1864 4009 2055 4063 dicun-

472 4118 580 4178 tur,
614 4111 682 4166 ad
712 4123 815 4165 nos
849 4106 1069 4162 minime
1107 4104 1399 4175 pertinere,
1429 4108 1486 4156 et
1523 4114 1622 4155 vos
1656 4102 1823 4172 magis
1864 4114 2052 4169 pecca-

2155 3561 2300 3605 tores
2344 3564 2467 3606 esse
2499 3550 2694 3609 iudicio
2732 3550 2915 3606 divino
2941 3550 3239 3619 docuimus.
3279 3551 3396 3607 iam
3427 3533 3492 3609 de
3518 3553 3689 3624 Baptis-

2161 3641 2435 3696 mate'hoc
2481 3641 2599 3696 loco
2643 3641 2925 3697 dicendum
2965 3649 3082 3701 est:
3114 3642 3166 3696 in
3194 3656 3296 3709 qua
3332 3660 3420 3711 re,
3447 3659 3557 3715 qua
3578 3656 3689 3697 nunc

2153 3738 2346 3807 agitur,
2366 3735 2604 3805 ‘qumstio
2643 3743 2754 3790 tota
2784 3736 3053 3798 consistit,
3081 3735 3224 3805 quod
3252 3734 3509 3805 baptisma
3544 3742 3686 3790 vestra

2154 3828 2377 3882 violavit
2399 3826 2643 3894 audacia,
2676 3826 2802 3881 dum
2834 3826 2884 3881 id
2912 3827 3162 3909 voluistis
3189 3828 3385 3884 iterare
3403 3838 3451 3894 σ,
3478 3825 3605 3898 quod
3624 3840 3688 3878 sev

2157 3920 2264 3975 mel
2294 3919 2569 3973 mandavit
2601 3918 2850 3974 Christus
2895 3933 3016 3973 esse
3049 3918 3345 3979 faciendum
3364 3916 3414 3974 ά.
3441 3918 3581 3987 Quod
3608 3930 3717 3971 nec.

2157 4021 2211 4065 tu
2245 4024 2426 4079 negas,
2455 4008 2623 4065 frater
2650 4009 3028 4083 Parmeniane,
3059 4011 3188 4079 qui°
3217 4012 3269 4065 in
3300 4011 3555 4081 principio
3578 4018 3688 4063 ωας.

2156 4108 2298 4156 tutus
2325 4100 2419 4166 tui,
2450 4099 2619 4154 multa
2643 4108 2830 4155 contra
2860 4114 2961 4155 vos
2984 4114 3080 4171 pro
3100 4100 3276 4169 nobis,
3309 4116 3428 4172 qua:
3456 4108 3572 4157 sunt
3589 4106 3685 4153 uos-

1689 4214 2075 4271 LECTIONES
2110 4184 2521 4271 mammas.

533 4312 569 4349 "7
593 4313 665 4383 mi
686 4313 853 4383 ίηίξίρίῐ
874 4310 1176 4383 Molliter}?
1191 4320 1278 4383 “‘3'
1369 4305 1653 4383 Gf,!9-‘,nsst
1668 4306 1728 4383 .S_'
1751 4306 1808 4383 Ἐξ
1834 4305 2040 4383 ίῖἵξῖέθ

470 4379 601 4429 Nam
618 4382 661 4426 et
684 4367 977 4447 qui
1014 4371 1272 4440 traditores
1294 4374 1607 4439 etauctores,
1633 4373 1730 4419 etc.
1756 4367 1813 4422 In
1838 4368 2043 4430 quibus-

470 4439 577 4485 dam
603 4438 909 4485 edittombus.
934 4448 1035 4485 iam
1056 4440 1101 4484 et
1119 4445 1201 4485 aut
1223 4430 1400 4485 fuerint
1426 4428 1701 4485 tradituros.
1894 4460 1899 4465 -

468 4439 577 4488 dam
603 4430 909 4491 edit'ionibus.
934 4433 1035 4497 iam
1056 4440 1101 4484 et
1119 4430 1201 4497 qui
1221 4430 1400 4495 fuerint
1426 4430 1671 4496 tradituret

527 4498 558 4539 Β
592 4500 651 4550 In
670 4511 788 4549 atas.
811 4496 864 4551 S.
888 4496 947 4552 Τ.
973 4502 1024 4547 ct
1042 4496 1100 4546 P.
1126 4498 1177 4546 S.
1203 4506 1395 4562 aspera.

2212 4309 2235 4337 ο
2270 4305 2326 4357 In
2352 4319 2441 4355 ms.
2467 4306 2519 4354 S.
2548 4304 2608 4356 G.
2634 4302 2821 4357 iterari.

2210 4367 2239 4407 ιι
2269 4366 2389 4432 ῌωςε
2408 4366 2741 4432 supplevimus
2764 4378 2950 4432 ex__ms.
2976 4365 3027 4432 S_.
3054 4366 3113 4417 G.

2213 4433 2236 4461 °
2272 4430 2344 4479 Ita
2367 4430 2418 4478 in
2436 4427 2525 4481 nisi
2544 4429 2595 4479 S.
2623 4428 2683 4480 (ἓ.
2709 4431 2765 4481 In
2786 4427 2909 4491 aliis,
2936 4427 3067 4492 quia.

1790 4597 2149 4659 VARIORUM
2188 4599 2415 4657 ΝΟΤιΕ.
2466 4642 2471 4646 .

498 4712 503 4717 ’
536 4715 958 4792 (ηρ-ιᾳὶᾐίαενίηι,
978 4714 1247 4792 traditores
1270 4712 1315 4767 et
1339 4722 1573 4792 auctores
1599 4713 2037 4792 scitisma_tis,_etc.
2067 4717 2121 4777 D
2147 4716 2309 4792 5am,
2338 4715 2660 4792 ut__arbitror,
2701 4716 2755 4792 in
2780 4715 3003 4792 secundo
3044 4706 3216 4792 libello
3240 4715 3306 4792 de
3330 4713 3569 4781 Ecclesia,
3594 4720 3684 4792 etc.
3761 4752 3771 4759 .

464 4782 607 4851 Alite.
626 4782 891 4842 editiones
918 4787 996 4839 sic
1022 4784 1280 4852 incipiunt
1307 4801 1321 4836 :
1351 4782 1472 4835 Jam
1507 4794 1552 4835 et
1582 4785 1666 4847 qui
1694 4785 1879 4851 fuerint
1907 4784 2039 4839 Tra-

468 4861 681 4923 ditores,
709 4868 814 4912 etc.
856 4855 1010 4923 Quod
1043 4869 1225 4909 verum
1249 4868 1366 4908 esse
1396 4863 1450 4907 et
1478 4853 1596 4908 sine
1620 4868 1778 4923 causa
1808 4870 2043 4923 expunc-

470 4939 552 4984 tas
588 4930 710 4984 illas
751 4922 972 4981 voculas
1018 4926 1208 4994 quovis
1248 4924 1467 4994 pignore
1506 4922 1898 4994 contenderim.
1935 4926 2042 4979 Ex-

466 4997 739 5068 pungeudi
769 5009 959 5051 autem.
980 4990 1101 5068 haec
1128 4990 1287 5068 causa
1310 4990 1439 5054 fuit,
1469 4990 1610 5068 quod
1649 4991 1932 5068 ridicuium
1965 4996 2043 5048 vi-
2077 5051 2081 5056 ,

470 5061 685 5124 deretur
726 5068 923 5127 librum
964 5066 1030 5119 ab
1071 5066 1137 5119 iis
1188 5066 1442 5131 incipere.
1491 5061 1596 5116 Sed
1643 5077 1746 5116 nou
1796 5063 2042 5119 viderunt

468 5142 568 5194 viri
598 5140 757 5203 docti,
793 5138 952 5193 verba
983 5136 1073 5189 illa
1104 5135 1194 5189 lib.
1230 5150 1279 5195 tv
1312 5151 1323 5185 :
1355 5144 1401 5184 et
1423 5132 1737 5203 intelligendi
1758 5132 1845 5185 tibi
1868 5135 2041 5197 aditus

470 5212 686 5275 clausit;
717 5201 799 5264 vel
829 5208 1003 5277 potius
1035 5206 1144 5271 illa,
1164 5204 1329 5277 uestri
1356 5204 1628 5277 desertores
1655 5201 1721 5255 ad
1749 5219 1839 5257 nos
1876 5206 2042 5258 venire

471 5274 778 5344 viderentur,
822 5274 1087 5347 postrema
1123 5276 1240 5347 libri
1274 5274 1438 5347 verba
1465 5287 1606 5347 esse,
1643 5277 2044 5347 eumque‘clau-

473 5352 618 5405 dere.
665 5343 874 5412 Initium
924 5347 1045 5403 libri
1070 5345 1239 5416 quinti
1271 5345 1472 5399 fecerat
1517 5343 1835 5416 Optatus__tn
1881 5345 2043 5416 istis:

475 5420 738 5489 probatum
765 5428 837 5473 est
876 5435 993 5489 ergo
1023 5412 1200 5471 te'nan
1236 5424 1412 5467 contra
1455 5429 1566 5489 nos,
1606 5423 1708 5467 etc.
1744 5412 1876 5489 Nam
1909 5415 2044 5489 alio-

476 5483 604 5557 quin
634 5504 816 5544 manca
860 5483 1005 5545 esset
1034 5502 1152 5556 quin
1191 5500 1322 5557 mox,
1349 5483 1586 5551 sequitur
1617 5484 1948 5557 superiorum
1979 5485 2044 5557 li;

477 5555 694 5613 Brutum
735 5560 979 5619 recensio
1018 5555 1071 5630 cl
1096 5555 1552 5630 ἀνακεφαλαίῳσις,
1575 5567 1685 5630 qua
1718 5566 1844 5630 cum,
1869 5555 2043 5630 primi,

478 5631 703 5694 secundi,
736 5630 967 5698 tertiique
996 5628 1113 5684 libri
1142 5620 1470 5698 meminerit,
1500 5622 1696 5698 nullam
1726 5620 1854 5698 facit
1870 5620 2049 5692 quarti

479 5690 830 5764 mentionem,
853 5690 954 5757 nisi
987 5698 1069 5753 bis
1106 5690 1303 5759 verbis,
1332 5708 1452 5762 quas
1473 5695 1664 5764 quinto
1689 5690 2042 5764 vindicamus.

485 5763 592 5817 Sed
621 5774 673 5819 et
713 5765 897 5821 confer
933 5766 1262 5834 singulorum
1296 5762 1550 5819 libroruin
1596 5762 1771 5828 initia,
1802 5772 1859 5817 ut
1885 5764 2043 5830 tertii,

2146 4788 2220 4842 Ita
2243 4798 2298 4842 et
2329 4788 2679 4856 reliquorum,
2703 4787 2753 4841 in
2776 4788 2988 4857 quibus,
3020 4787 3194 4842 utboc
3216 4788 3405 4857 quinto
3429 4804 3455 4841 a
3481 4786 3686 4857 proxime

2147 4851 2501 4926 prmcedentis
2546 4851 2863 4927 argumento
2917 4851 3079 4912 sumit
3122 4851 3350 4912 initium.
3404 4851 3617 4920 Eri-oris,
3650 4851 3685 4906 si

2145 4929 2365 4999 qumris,
2401 4927 2536 4999 haec,
2567 4930 2619 4981 ni
2652 4927 2827 4991 fallor,
2867 4942 3027 4982 causa
3061 4928 3179 4999 fuit.
3216 4929 3516 4999 Scripserat
3553 4927 3687 4993 Opta-

2149 5007 2265 5050 tus:
2304 4996 2582 5050 Probulum
2609 5008 2680 5050 est
2706 5014 2846 5067 ergo,
2879 5007 3008 5062 etc.,
3035 4999 3098 5053 de
3122 4998 3234 5052 oleo
3265 5010 3313 5053 et
3332 4996 3575 5067 sacriﬁcio
3594 5010 3686 5066 pec-

2149 5067 2337 5119 catoris
2363 5068 2489 5120 libro
2528 5077 2707 5133 quarto
2739 5066 2835 5135 pro
2864 5067 2991 5121 libro
3015 5077 3218 5136 quarto,
3254 5071 3394 5123 male
3423 5066 3684 5136 descripse-

2145 5146 2228 5189 rat
2278 5135 2472 5204 aliquis
2516 5136 2641 5188 libro
2685 5133 2901 5208 quinto;
2941 5133 3035 5190 aut
3068 5138 3161 5192 lib.
3213 5156 3247 5193 v
3307 5155 3403 5208 pro
3448 5154 3525 5201 tv,
3568 5133 3684 5208 quod

2149 5217 2331 5279 postea
2360 5209 2739 5279 prosequentis
2763 5206 2880 5260 libri
2903 5208 3075 5266 titulo.
3107 5209 3218 5277 qui,
3244 5206 3469 5279 ut‘smpe
3491 5211 3535 5261 iu
3557 5206 3682 5279 MSS.

2150 5276 2381 5348 omissus
2410 5275 2635 5348 fortasse
2665 5274 2859 5342 iuerat,
2890 5274 3168 5348 acceptum
3203 5287 3304 5332 est.
3336 5274 3422 5332 lta'
3440 5281 3586 5348 igitur
3610 5276 3686 5329 de-

2149 5345 2238 5400 bet
2264 5346 2363 5400 hoc
2386 5347 2595 5399 initium
2638 5348 2867 5413 restitui,
2904 5345 3052 5401 Liber
3080 5350 3308 5418 quintus.
3342 5345 3599 5403 Proborum
3620 5354 3681 5398 est

2149 5432 2289 5485 ergo,
2318 5426 2364 5471 te
2389 5434 2489 5469 non
2532 5426 2705 5470 contra
2735 5436 2824 5471 nos
2868 5418 3055 5473 dixisse
3098 5419 3234 5489 quod
3257 5431 3372 5474 ante
3407 5421 3579 5473 dictum
3603 5425 3681 5489 est.

2149 5499 2216 5539 an
2241 5489 2438 5556 potius,
2470 5504 2501 5540 a
2533 5497 2598 5558 te,
2640 5496 2693 5541 ut
2722 5502 2880 5558 supra
2912 5503 3014 5543 non
3055 5485 3220 5545 semel
3248 5508 3262 5543 :
3288 5490 3388 5546 nisi
3415 5494 3511 5547 hoc
3549 5485 3680 5543 nimis

2148 5558 2486 5628 putidum,‘te
2511 5557 2700 5611 dixisse
2720 5557 2852 5628 quad
2881 5574 2912 5611 a
2942 5567 2987 5615 te
3009 5560 3200 5613 dictum
3226 5573 3319 5625 est,
3344 5561 3407 5614 de
3433 5561 3535 5616 alea
3553 5566 3681 5628 etut-

2147 5626 2339 5702 criﬁcio
2364 5628 2642 5695 peccatoris
2670 5625 3018 5702 libroquarto.
3045 5629 3162 5702 Iam
3180 5640 3241 5702 et
3266 5634 3356 5701 qui
3382 5633 3557 5702 fuerint
3575 5625 3675 5702 Tra-

2154 5694 2371 5773 ditares,
2402 5708 2448 5751 et
2479 5707 2705 5773 auctores
2743 5694 3050 5773 scitisrnatis,
3090 5701 3144 5754 in
3168 5694 3298 5755 libro
3331 5694 3510 5773 primo,
3537 5694 3676 5751 matti-

2150 5767 2288 5834 festis
2312 5768 2640 5836 documentis,
2665 5779 2768 5824 etc.
2796 5769 2864 5825 Μ.
2894 5770 3118 5826 Caswa.
