3828 6218
452 283 589 337 1017

452 509 558 547 ιιοιι
599 505 698 557 εει,
752 493 1213 562 ιιιειιᾶιιεὶιιιιιει
1247 503 1330 544 εει
1366 511 1376 544 :
1412 508 1534 546 cum
1585 494 1723 562 apud
1764 494 2031 564 Patripas-

450 584 660 639 sianum
685 594 708 620 η
743 599 847 638 ιιοιι
900 594 982 638 εει
1022 583 1211 647 Filius,
1258 598 1364 637 non
1416 593 1497 636 est
1537 582 1813 647 veritas”;
1845 594 1898 638 et
1944 584 2032 638 ubi

449 679 648 732 veritas
681 691 786 730 non
814 685 918 739 est,
945 676 1016 730 ibi
1043 685 1125 730 est
1145 689 1281 744 aqua
1313 675 1564 729 mendax.
1596 676 1772 742 Quare
1800 675 1882 728 vel
1912 690 2034 731 sero

446 769 633 822 desine
670 767 982 837 conﬁngere
1021 767 1280 836 crimina;
1315 775 1368 821 et
1407 766 1549 836 quod
1597 766 1648 820 in
1681 767 2034 836 Patripassia—

448 874 546 914 nos
570 860 768 914 dictum
808 869 913 924 est,
963 861 1013 912 in
1057 856 1365 912 Catliolicos
1413 859 1521 912 noli
1559 859 1847 914 tranferre.
1883 858 2034 914 Nunc

448 954 700 1022 quoniam
735 953 1018 1008 manifeste
1049 959 1402 1006 monstratum
1433 962 1552 1017 εει,
1597 967 1626 1006 a
1658 952 1813 1007 nobis
1855 962 1909 1007 et
1935 968 2033 1021 pro

448 1044 601 1098 vobis
623 1043 727 1097 dici
758 1043 1019 1112 potuisse,
1052 1042 1192 1110 quod
1220 1042 1287 1096 de
1318 1041 1518 1097 diluvio
1543 1052 1599 1097 et
1622 1043 2032 1099 circumcisione

447 1135 658 1189 locutus
686 1151 744 1190 es
773 1154 785 1186 :
819 1150 1155 1204 consequens
1182 1143 1264 1189 est
1289 1137 1597 1200 ostendere,
1624 1137 1895 1206 quomodo
1921 1138 2036 1193 lau-

447 1227 566 1280 dem
603 1227 937 1294 baptismatis
966 1227 1034 1279 ita
1067 1226 1294 1287 dixeris,
1329 1235 1388 1280 ιιι
1428 1228 1479 1280 in
1512 1242 1572 1282 ea
1611 1228 1775 1280 multa
1801 1244 1900 1298 pro
1932 1244 2032 1284 no-

449 1320 533 1372 bis
561 1329 614 1373 et
643 1334 738 1387 pro
763 1318 934 1380 vobis,
966 1317 1166 1387 aliquid
1197 1327 1378 1373 tamen
1407 1327 1591 1387 contra
1623 1335 1719 1373 vos
1751 1319 1904 1391 :(ll)
1937 1337 2034 1391 pro

445 1410 684 1479 utrisque
707 1409 838 1463 illud
861 1419 966 1475 est,
998 1409 1142 1479 quod
1164 1419 1218 1464 et
1246 1410 1402 1464 nobis
1437 1421 1491 1465 et
1515 1411 1667 1467 vobis
1688 1423 1708 1450 ε
1739 1427 2033 1470 commune

444 1511 561 1556 est:
591 1500 704 1572 (12)
739 1501 860 1556 ideo
889 1509 941 1555 et
971 1502 1148 1567 vobis,
1187 1501 1314 1571 quia
1339 1518 1406 1558 ex
1441 1504 1598 1558 nobis
1627 1504 1840 1559 existis.
1876 1507 2033 1562 Deni-

445 1609 549 1663 que
571 1603 626 1648 et
648 1594 787 1664 apud
812 1609 908 1648 vos
935 1602 989 1648 et
1010 1593 1149 1663 apud
1176 1609 1275 1647 nos
1297 1581 1410 1648 una
1431 1604 1514 1649 est
1536 1595 1898 1652 ecclesiastica
1919 1597 2036 1668 (15)

448 1687 811 1751 conversatio,
843 1685 958 1756 (14)
994 1700 1312 1740 communes
1337 1687 1616 1754 lectiones,
1645 1689 1832 1744 eadem
1875 1689 2030 1758 fides,

1655 281 1899 339 SANCTI
1936 281 2184 340 0PTATI
2227 284 2533 341 EPISCOPI

447 399 623 472 (.loan.
653 415 765 466 xiv,
798 400 852 470 6)
883 418 894 453 :
924 413 1051 468 ergo
1081 398 1245 452 Filius
1287 399 1377 451 Dci
1409 409 1492 452 cst
1517 399 1753 464 veritas;
1784 401 1871 454 tibi
1919 402 2033 469 ipse
2061 403 2111 460 Λ
2138 402 2284 456 vivas
2334 404 2538 457 animas
2594 403 2827 458 edidisse
2875 421 2888 456 :

3587 282 3715 340 1018

2945 401 3199 472 numquid
3253 415 3348 456 sua
3396 407 3590 470 sponte
3633 415 3714 452 eas

2134 511 2392 566 generare
2441 499 2767 566 potuerunt?
2815 496 3070 564 numquid
3127 510 3234 548 non
3285 505 3340 548 et
3395 494 3502 546 illic
3557 491 3715 545 fuerat

2136 597 2243 642 tota
2270 589 2535 642 Trinitas?
2572 589 2750 659 utique
2773 597 2828 643 et
2875 587 2980 642 illic
3018 585 3194 641 fuerat
3231 585 3375 638 Dens
3415 593 3597 653 pater,
3632 583 3714 653 qui

2129 679 2318 750 jubere
2368 680 2614 747 dignatus
2656 687 2776 744 est,
2812 679 2899 748 qui
2955 678 3123 753 dixit:
3176 676 3393 729 educant
3435 689 3583 743 aqua
3628 691 3714 726 na-

2137 770 2297 823 tantia
2322 811 2336 834 ,
2387 769 2652 833 volatilia,
2684 777 2790 823 etc.
2835 766 3048 837 (Genes.
3079 782 3129 832 ι,
3160 765 3285 837 20).
3319 765 3474 833 Quod
3521 765 3564 819 si
3607 765 3714 819 sine

2132 867 2388 929 operante
2415 857 2568 912 lieret
2596 858 2736 928 quod
2766 857 2962 912 factum
2995 867 3113 923 est,
3155 857 3363 911 diceret
3395 856 3538 910 Deus
3563 873 3575 907 :
3602 857 3713 908 edu-

2133 952 2254 1014 cite,
2287 966 2431 1015 aqua'
2457 948 2619 1019 (Ibid.
2651 947 2832 1020 it):ibi
2862 955 2978 1003 erat
3000 962 3126 1018 ergo
3157 946 3327 1002 Filius
3361 947 3455 1001 Dei
3483 946 3572 1016 qui
3597 960 3715 1015 ope-

2134 1043 2354 1098 rabatur
2396 1061 2410 1095 :
2461 1042 2533 1096 ibi
2581 1050 2699 1096 erat
2745 1041 2975 1112 Spiritus
3021 1050 3274 1106 sanctus,
3322 1039 3484 1095 sicuti
3531 1041 3710 1094 lectum

2135 1145 2255 1192 est:
2287 1145 2331 1190 et
2362 1134 2586 1206 Spiritus
2615 1133 2712 1188 Dei
2737 1134 3152 1210 superferebatur
3201 1150 3360 1203 super
3406 1146 3584 1204 aquas.
3625 1131 3710 1186 Ni-

2137 1227 2210 1283 hil
2236 1226 2351 1300 (25)
2375 1227 2484 1283 illic
2508 1228 2665 1282 video
2691 1236 2962 1296 quartum,
2996 1225 3128 1281 nihil
3160 1226 3336 1280 minus
3366 1239 3395 1277 a
3427 1225 3626 1290 tribus;
3663 1233 3713 1278 et

2135 1331 2312 1378 tamen
2346 1332 2526 1376 natum
2557 1319 2577 1358 τ
2610 1331 2694 1376 εει
2717 1320 2859 1391 quod
2881 1319 3115 1374 Trinitas
3139 1325 3361 1388 operata
3387 1303 3507 1372 est:
3538 1326 3591 1372 et
3611 1332 3709 1371 non

2136 1414 2208 1469 ibi
2238 1414 2448 1468 fuistis:
2483 1420 2574 1466 aut
2594 1399 2786 1468 sisine
2814 1411 2966 1466 vobis
2997 1409 3130 1464 nihil
3161 1409 3323 1464 debet
3352 1410 3518 1465 licere
3546 1408 3711 1463 Trini-

2137 1503 2231 1558 tati
2259 1546 2273 1570 ,
2305 1513 2556 1559 revocate
2583 1502 2758 1572 pisces
2789 1503 2841 1556 in
2863 1501 3124 1570 originem
3153 1518 3164 1552 :
3195 1501 3302 1568 jam
3328 1500 3568 1554 volantes
3588 1516 3704 1554 aves

2138 1597 2388 1652 ﬂuctibus
2437 1596 2702 1666 mergite,
2745 1595 2790 1650 si
2835 1594 2988 1650 vobis
3027 1593 3342 1649 absentibus
3388 1592 3518 1647 nihil
3563 1592 3706 1648 debet

2139 1689 2372 1744 Trinitas
2406 1689 2620 1760 operari
2648 1698 2694 1742 κ.

443 1779 563 1850 (15)
619 1780 731 1848 ipsa
782 1779 904 1833 fidei
953 1787 1312 1843 sacramenta,
1353 1778 1469 1851 (16)
1516 1781 1703 1836 eadem
1751 1783 2029 1852 mysteria.
2066 1775 2110 1833 Β
2208 1781 2296 1835 Ill.
2328 1779 2599 1850 Baptisma
2641 1796 2742 1834 non
2785 1795 2894 1833 esse
2936 1777 3246 1832 iterandum.
3273 1808 3331 1817 —
3374 1774 3508 1831 Cum
3536 1773 3702 1846 ergoll

452 1874 598 1928 Bene
641 1872 803 1942 igitur
832 1871 1062 1926 laudasti
1111 1872 1376 1940 baptisma
1407 1890 1422 1926 :
1451 1874 1571 1942 quis
1622 1875 1764 1929 enim
1796 1875 2031 1930 fidelium

440 1964 675 2030 nesciat,
723 1964 993 2032 singulare
1031 1963 1315 2032 baptisma,
1341 1964 1458 2034 (17)
1496 1965 1751 2019 virtutum
1791 1981 1914 2022 esse
1964 1968 2034 2021 vi-

455 2064 584 2120 tam,
635 2055 922 2109 criminum
972 2062 1224 2121 mortem,
1277 2054 1606 2109 nativitatem
1649 2055 2032 2125 immortalem,

451 2145 688 2200 caelestis
726 2146 876 2215 regni
918 2145 1402 2215 comparationem,
1447 2145 1768 2200 innocentiae
1797 2157 2032 2216 portum,

452 2247 797 2306 peccatorum
828 2238 908 2306 (ut
952 2247 1008 2291 et
1055 2245 1112 2291 tu
1145 2238 1353 2308 dixisti)
1403 2237 1756 2309 naufragium.
1791 2239 1899 2295 Has
1946 2257 2035 2296 res

446 2332 738 2399 unicuique
777 2328 1089 2398 credentid,
1139 2347 1242 2385 non
1293 2331 1537 2400 ejusdem
1583 2333 1658 2388 rei
1687 2331 1802 2406 (18)
1839 2348 2032 2404 opera-

446 2423 580 2487 rius,
611 2421 704 2476 sed
733 2423 1006 2476 credentis
1031 2422 1162 2477 fides
1191 2432 1245 2477 et
1268 2422 1500 2476 Trinitas
1529 2432 1765 2492 praestat.

521 2511 582 2565 ll.
617 2511 680 2565 In
706 2512 1005 2580 baptismate
1028 2511 1332 2566 Trinitatem
1349 2554 1364 2578 ,
1396 2528 1497 2566 non
1523 2491 1745 2567 ministri
1769 2491 2036 2583 personam

446 2605 666 2672 operari.
691 2633 764 2644 -—-
791 2603 992 2659 Deinde
1020 2605 1213 2674 quaeris
1233 2646 1246 2669 ,
1271 2603 1397 2674 quid
1432 2604 1483 2658 in
1515 2604 1671 2660 laude
1700 2605 2036 2674 baptismatis

443 2705 629 2760 contra
656 2711 751 2750 vos
769 2691 1012 2750 dixeris?
1038 2696 1160 2750 audi
1184 2713 1197 2761 ;
1232 2696 1326 2751 sed
1353 2696 1499 2766 prius
1519 2707 1600 2752 est
1623 2696 1867 2764 fatearis,
1894 2699 2035 2768 quod

447 2806 632 2846 omnes
678 2805 874 2861 negare
925 2790 1144 2845 minime
1186 2790 1452 2860 poteritis.
1503 2790 1688 2846 Dicitis
1734 2792 1876 2846 enim
1920 2792 2039 2864 (19)

447 2883 761 2938 Trinitatem
796 2897 892 2951 pro
931 2883 1104 2937 nihilo
1141 2883 1361 2948 haberi,
1394 2883 1482 2937 ubi
1529 2899 1634 2938 non
1680 2884 1987 2939 interfuerit
2015 2895 2037 2922 ε

447 2983 626 3030 vestra
657 2975 961 3043 prtesentia.
995 2975 1111 3047 (20)
1139 2974 1195 3029 Si
1227 2974 1382 3029 nobis
1405 2975 1710 3046 derogatis,
1740 2977 1821 3031 vel
1857 2977 2040 3032 Domi-

451 3083 575 3121 num
614 3068 939 3122 reveremini
966 3110 981 3135 ,
1025 3069 1114 3138 qui
1163 3068 1216 3122 in
1269 3068 1533 3146 Trinitate
1578 3071 1726 3140 prior
1771 3081 1901 3128 est:
1951 3074 2040 3143 qui

2137 1873 2338 1928 dixeris
2368 1882 2423 1928 et
2450 1887 2611 1926 unum
2645 1871 2809 1926 fuisse
2839 1871 3095 1924 diluvium
3115 1912 3129 1934 ,
3161 1879 3216 1923 et
3253 1869 3703 1923 circntncisionem

2134 1965 2302 2034 repeti
2333 1980 2440 2018 non
2483 1977 2678 2033 posse;
2715 1971 2769 2016 et
2812 1977 2909 2015 nos
2930 1961 3212 2016 docuimus
3253 1960 3478 2015 cmleste
3531 1974 3704 2012 munus

2136 2055 2420 2123 unicuique
2443 2052 2682 2107 credenti
2716 2067 2746 2106 a
2772 2051 3032 2106 Trinitate
3065 2050 3340 2117 conferri,
3377 2066 3484 2105 non
3514 2051 3579 2104 ab
3617 2051 3702 2104 ho-

2133 2149 2314 2204 mine:
2346 2146 2472 2217 quid
2511 2144 2526 2182 ί
2567 2145 2720 2199 vobis
2768 2143 2940 2198 visum
2980 2152 3100 2208 est,
3141 2158 3248 2198 non
3283 2152 3402 2212 post
3453 2158 3584 2207 nos,
3621 2143 3703 2197 sed

2135 2250 2257 2312 post
2287 2240 2605 2294 Trinitatem
2626 2281 2642 2304 ,
2672 2238 2933 2308 baptisma
2962 2237 3278 2306 geminare?
3323 2236 3476 2305 cujus
3518 2236 3582 2290 de
3625 2251 3702 2290 sa-

2135 2346 2412 2392 cramento
2443 2349 2547 2389 non
2577 2333 2699 2389 leve
2735 2341 3010 2388 certamen
3042 2331 3284 2385 innatum
3315 2338 3399 2384 est
3424 2373 3439 2394 ,
3478 2339 3534 2384 et
3565 2328 3702 2383 dubi-

2139 2439 2320 2496 tatur,
2362 2443 2428 2482 an
2471 2435 2593 2496 post
2631 2425 2949 2480 Trinitatem
2979 2425 3048 2478 *in
3097 2422 3284 2478 eadem
3330 2422 3588 2477 Trinitate
3616 2423 3702 2476 hoc

2139 2505 2333 2575 iterum
2372 2507 2544 2574 liceat
2592 2517 2792 2573 facere.
2846 2518 2952 2572 Vos
2999 2516 3175 2572 dicitis
3199 2557 3214 2580 ,
3253 2515 3421 2570 licet:
3454 2529 3549 2570 nos
3589 2514 3702 2568 dici-

2139 2628 2294 2683 mus,
2333 2626 2444 2666 non
2484 2610 2612 2665 licet
2644 2628 2659 2666 :
2691 2611 2832 2664 inter
2872 2608 3000 2663 licet
3039 2616 3278 2663 vestrum
3305 2650 3319 2673 ,
3362 2617 3418 2662 et
3453 2622 3555 2661 non
3599 2607 3704 2660 licet

2140 2714 2384 2760 nostrum
2403 2744 2418 2768 ,
2443 2709 2633 2756 nutant
2662 2710 2717 2756 et
2741 2701 3004 2769 remigant
3031 2699 3228 2753 anima:
3259 2698 3591 2767 populorum.
3619 2696 3705 2750 Ne-

2141 2789 2232 2852 mo
2271 2795 2423 2850 vobis
2459 2792 2682 2859 credat,
2727 2806 2887 2846 nemo
2928 2790 3126 2845 nobis:
3167 2803 3358 2844 omnes
3406 2788 3703 2843 contentiosi

2142 2887 2390 2942 homines
2432 2900 2634 2940 sumus.
2666 2883 2954 2952 Quierendi
3001 2892 3127 2936 sunt
3167 2881 3423 2951 judices:
3465 2882 3508 2935 si
3548 2879 3706 2935 Chris-

2145 2979 2274 3037 tiani
2299 3020 2313 3045 ,
2345 2978 2412 3032 de
2448 2986 2673 3046 utraque
2700 2985 2848 3045 parte
2884 2973 2997 3028 dari
3044 2988 3148 3028 non
3178 2981 3443 3042 possunt;
3473 2974 3586 3043 quia
3612 2982 3708 3026 stu-

2146 3071 2247 3125 diis
2289 3071 2488 3125 veritas
2536 3067 2846 3138 impeditur.
2871 3065 2949 3120 De
2994 3063 3126 3119 foris
3164 3063 3488 3134 quaerendus
3522 3072 3598 3118 est
3631 3064 3704 3131 ju-

450 3175 572 3214 cum
606 3160 747 3215 Filio
779 3171 832 3216 et
858 3160 1062 3231 Spiritu
1112 3171 1298 3216 sancto
1323 3164 1500 3217 omnia
1540 3175 1794 3233 operatur
1817 3176 1870 3220 et
1895 3181 2042 3223 com.
2078 3157 2122 3221 C
2153 3164 2254 3220 des
2287 3185 2298 3216 :
2329 3163 2372 3217 si
2420 3177 2688 3231 paganus,
2719 3159 2833 3230 (24)
2865 3174 2971 3213 ιιοιι
3017 3165 3193 3228 potest
3223 3156 3529 3212 Christiana
3572 3170 3705 3209 nosse

446 3251 588 3320 plet,
617 3253 780 3306 etiam
813 3260 870 3308 et
903 3253 1012 3306 illic
1052 3253 1138 3307 ubi
1188 3268 1292 3308 non
1338 3253 1495 3309 luerit
1529 3255 1756 3310 humana
1797 3273 2048 3326 persona.

350 3345 352 3347 ’
447 3345 527 3399 Tu
555 3361 714 3412 vero,
751 3348 917 3403 frater
948 3347 1297 3405 Parmeniane
1317 3395 1332 3419 ,
1363 3351 1478 3422 (21)
1510 3353 1560 3407 in
1588 3353 1743 3408 laude
1773 3369 1925 3424 aqua:
1973 3355 2040 3410 de

447 3439 800 3496 Genesiorum
855 3441 1085 3496 lectione
1140 3442 1370 3512 dixisti,
1425 3445 1540 3516 (22)
1591 3462 1755 3517 aquas
1807 3448 2036 3517 primum

2159 3268 2364 3314 secreta
2395 3275 2409 3312 :
2442 3257 2484 3310 si
2513 3253 2731 3317 Judaaus
2754 3295 2770 3318 ,
2810 3251 3057 3306 inimicus
3082 3258 3165 3305 est
3188 3249 3481 3304 Christiani
3530 3248 3704 3318 baptis-

2150 3352 2308 3406 matis
2338 3367 2351 3404 :
2386 3363 2513 3420 ergo
2546 3348 2598 3402 in
2631 3347 2791 3402 terris
2813 3343 2879 3400 de
2904 3343 3004 3398 hac
3033 3357 3093 3398 re
3123 3343 3326 3397 nullum
3359 3341 3548 3411 poterit
3576 3353 3703 3408 repe-

2148 3441 2243 3501 riri
2283 3443 2580 3515 judicium;
2620 3441 2688 3497 de
2728 3439 2866 3497 caelo
2907 3436 3231 3509 qumrendus
3275 3445 3360 3492 est
3402 3436 3577 3506 judex.
3615 3431 3702 3488 Sed

1695 3561 2085 3621 LECTIONES
2124 3560 2546 3617 VARIANTES.

507 3651 534 3714 ξ’
568 3649 736 3714 Inuus.
761 3651 810 3714 S.
842 3650 900 3714 G_.
928 3649 1342 3714 Patripassianos.

504 3711 549 3780 b_
569 3712 625 3760 In
648 3726 760 3780 mss.
787 3713 836 3762 8.
860 3712 918 3780 'l_‘.
943 3711 1144 3764 etPJS.
1179 3727 1278 3780 non
1302 3719 1370 3780 est
1409 3728 1497 3780 nec
1538 3715 1734 3780 veritus,
1774 3718 1902 3779 quod
1927 3732 2035 3767 cum

444 3775 614 3883 dieirius
631 3775 712 3836 sit,
737 3777 894 3824 secuti
915 3789 1083 3826 sumus
1105 3777 1321 3826 codicem
1344 3779 1395 3828 8.
1425 3777 1483 3828 G.
1525 3780 1608 3830 ubi
1631 3775 1778 3830 deest
1795 3775 2036 3844 particula

445 3849 476 3883 η
507 3848 551 3883 c.

445 3848 533 3884 nec
541 3873 551 3883 .

507 3899 531 3927 ο
568 3897 756 3946 Desunt
776 3899 822 3945 in
842 3912 955 3948 mss.
982 3901 1035 3948 S.
1060 3900 1118 3949 T.
1141 3900 1265 3949 etP.
1293 3902 1345 3948 S.

507 3956 534 3996 ἀ
569 3959 744 4009 Addita
771 3967 846 4009 est
868 3960 973 4011 haec
999 3975 1091 4012 vox
1119 3975 1182 4011 ex
1199 3974 1294 4029 ms.
1320 3963 1371 4012 S.
1395 3961 1454 4014 G.

2207 3657 2231 3715 ἒ
2267 3653 2323 3703 In
2340 3665 2431 3702 ms.
2457 3654 2511 3703 8.
2537 3652 2597 3703 G.
2621 3649 2787 3715 fuerit.

2207 3714 2230 3782 ἰ
2268 3717 2595 3782 Deestinmg.
2704 3713 2764 3763 G.
2804 3775 2841 3782 _
2876 3773 2888 3782 _
2926 3771 2956 3782 ,Α
3000 3771 3026 3782 ν,

2208 3781 2233 3818 8
2268 3779 2323 3827 In
2346 3791 2436 3827 ms.
2463 3778 2515 3826 S.
2541 3776 2605 3830 (ἓ.-
2625 3775 2774 3826 licere
2803 3771 3047 3826 Trinitati.

2203 3839 2232 3908 l1
2267 3840 2322 3908 in
2344 3853 2436 3890 ms.
2461 3840 2517 3908 8Δ
2536 3835 2761 3908 G_._eiti_m:
2804 3900 2833 3908 __
2916 3904 2925 3908 _
3018 3897 3030 3908 ,

2212 3905 2228 3942 ι
2267 3902 2323 3952 In
2347 3915 2460 3952 mss.
2487 3903 2540 3952 S.
2562 3901 2621 3952 Τ.
2649 3906 2702 3951 ει
2721 3900 2779 3950 Ρ.
2803 3900 2856 3950 S.
2881 3904 2926 3950 et
2947 3898 3084 3962 quid.

1766 4027 2132 4084 VARIORUM
2160 4027 2392 4085 NOTIE.

515 4133 634 4204 (11)
669 4133 774 4206 Pro
804 4135 1028 4204 utrisque
1061 4137 1193 4190 illud
1221 4147 1326 4197 est,
1357 4138 1492 4206 quod
1516 4147 1562 4190 et
1597 4138 1738 4192 nobis
1771 4149 2034 4193 commune

441 4212 514 4277 est
537 4245 549 4264 ,
577 4212 679 4256 etc.
715 4204 896 4277 Possis
933 4207 1146 4275 legere,
1181 4209 1314 4277 quod
1344 4204 1387 4260 et
1431 4208 1572 4262 nobis
1616 4225 1878 4262 commune
1922 4221 2032 4275 est,

443 4275 558 4348 ideo
583 4285 629 4348 et
658 4274 973 4348 vobisiquia
999 4274 1060 4330 ea:
1088 4274 1250 4330 nobis.
1277 4277 1392 4347 Ego
1417 4287 1594 4333 tamen
1625 4279 1874 4347 Optatum
1909 4274 2035 4348 puto

443 4345 723 4410 scripsisse
755 4363 766 4395 :
803 4346 906 4417 Pro
938 4350 1160 4417 utrisque
1193 4345 1430 4400 illud—est
1453 4389 1466 4410 ,
1494 4350 1628 4417 quod
1657 4345 1702 4402 et
1731 4352 1871 4403 nobis
1898 4345 2032 4403 com-

443 4431 595 4485 mune
624 4426 694 4467 est
723 4426 767 4467 et
794 4416 949 4469 vobis.
985 4415 1112 4470 Ideo
1141 4429 1184 4469 et
1214 4419 1353 4470 vobis
1376 4458 1388 4477 ,
1421 4415 1536 4485 quia
1567 4436 1630 4472 ex
1669 4421 1810 4474 nobis
1835 4422 2030 4475 existis.

445 4484 642 4552 Supra,
684 4487 777 4540 lib.
809 4504 822 4541 ι
858 4505 869 4538 :
911 4486 975 4539 Ut
1001 4489 1123 4548 quid
1145 4506 1174 4541 a
1205 4498 1249 4541 te
1273 4484 1536 4562 memorati
1577 4500 1706 4562 sunt
1734 4493 1854 4554 isti,
1897 4492 2036 4562 apud

443 4572 572 4624 quos
599 4573 698 4608 non
726 4567 845 4610 sunt
871 4570 1186 4610 sacramenta
1205 4601 1218 4622 ,
1249 4574 1361 4625 qum
1390 4558 1532 4610 nobis
1558 4568 1604 4610 et
1631 4560 1765 4612 vobis
1802 4558 2036 4614 videntur

444 4643 552 4679 esse
599 4627 924 4680 communia?
974 4628 1246 4697 Nusquam
1290 4638 1467 4681 autem
1518 4630 1714 4695 scepius
1760 4646 1788 4682 a
1833 4632 2034 4686 Scribis

2217 4139 2338 4211 (l8)
2397 4139 2689 4211 Operantis.
2739 4139 2973 4194 Persona
2995 4139 3269 4209 operanlis
3313 4138 3445 4193 nihil
3494 4135 3690 4192 confert.

3288 4213 3512 4264 Abesse.

2216 4281 2328 4353 (19)
2360 4281 2662 4335 Trinitatem
2710 4296 2803 4353 pro
2849 4279 3032 4335 nihilo.
3061 4280 3377 4336 Trinitatem
3425 4279 3548 4334 nihil
3586 4292 3693 4332 con-

2144 4352 2283 4406 ferre
2313 4354 2366 4406 in
2397 4353 2681 4421 baptismo.
2711 4352 2937 4406 ALBASP.

2216 4423 2332 4492 (20)
2373 4423 2433 4476 Si
2469 4420 2620 4476 nobis
2660 4423 2936 4492 derogatis.
2965 4421 3071 4476 Cur
3099 4420 3278 4475 dicitis
3312 4436 3556 4486 personas
3592 4432 3693 4492 nos:

2147 4488 2257 4547 tra‘s
2287 4488 2548 4563 impedire
2602 4488 2888 4563 quominus
2929 4502 3072 4547 recte
3102 4495 3222 4561 quis
3251 4493 3542 4563 baptizetur
3575 4488 3689 4563 apud

2146 4580 2280 4626 nos;
2322 4560 2441 4618 cum
2490 4560 2635 4619 Deus
2674 4565 2723 4618 in
2757 4565 3020 4627 baptismo
3067 4560 3385 4628 invocetur,
3421 4562 3507 4632 qui
3544 4560 3688 4616 omnia

2147 4636 2404 4701 perlicere
2446 4634 2662 4701 potest?
2694 4637 2916 4689 ALBASP.

443 4707 720 4775 peccatum
769 4714 890 4753 esse
915 4739 930 4764 ,
976 4715 1146 4775 quam
1166 4701 1271 4760 ubi
1324 4699 1743 4775 e:_cdem__voce_s
1789 4703 2032 4775 proxime
2059 4707 2112 4765 D
2151 4699 2157 4701 ⁷
2208 4707 2320 4775 (21)
2351 4705 2416 4758 In
2442 4699 2591 4758 laude
2611 4721 2756 4771 aqua
2776 4707 2838 4758 de
2858 4705 3334 4775 Genesiorum,etc.
3361 4704 3534 4760 Victor
3555 4701 3688 4761 Utic.,

444 4769 686 4840 repetita:
717 4781 840 4840 sunt
882 4777 970 4822 aut
1009 4771 1290 4839 geminatze
1319 4810 1332 4833 ,
1360 4773 1470 4837 jam
1502 4769 1786 4840 aliquoties
1819 4772 2031 4825 monui-

447 4852 586 4903 mus.
618 4838 685 4890 Μ.
715 4839 946 4894 Casum.

515 4908 630 4976 (12)
665 4909 790 4960 Ideo
821 4921 865 4963 et
897 4911 1053 4964 vobis.
1080 4910 1212 4974 Quia
1251 4925 1279 4963 a
1313 4910 1466 4964 vobis
1491 4926 1553 4966 ea
1586 4911 1892 4978 accepistis.

1653 4981 1875 5037 ALBASP.
1923 4997 1932 5006 '

511 5047 632 5116 (l3)
666 5046 1009 5103 Conversatio.
1044 5051 1156 5106 Una
1196 5051 1573 5108 Ecclesiastica
1612 5053 1918 5119 disciplina.

1591 5126 1820 5178 ALBASP.

515 5187 628 5264 (id)
662 5187 962 5264 Communes
993 5191 1247 5245 lectiones.
1283 5193 1488 5250 Eodem
1527 5195 1686 5250 modo
1727 5194 2036 5264 Scripturas

446 5258 798 5324 explicamus.
835 5261 1062 5314 ALBASP.

670 5329 792 5414 ipsa
819 5332 940 5399 ﬁdei
965 5343 1308 5414 sacramenta.
1335 5335 1589 5414 Regulam
1621 5337 1765 5414 ﬁdei.
1800 5337 2029 5414 Abesse.

517 5400 632 5469 (lli)
669 5400 863 5454 Eadem
891 5403 1151 5470 mysteria.
1191 5403 1249 5458 ι).
1284 5400 1608 5472 Augustinus
1638 5406 1916 5472 distinguit
1953 5410 2034 5460 in-

445 5475 527 5520 ter
557 5477 815 5546 mysteria
859 5482 1274 5546 etASacramenta
1306 5491 1316 5526 :
1350 5479 1657 5544 mysterium
1686 5489 1765 5530 est
1808 5478 1857 5530 id
1891 5478 2034 5546 quod

443 5539 717 5594 confertur
761 5554 853 5595 aut
897 5543 1246 5610 significatur;
1272 5539 1660 5598 sacramentum
1693 5562 1778 5600 res
1811 5539 2034 5601 visibilis

441 5622 717 5680 perquam
753 5627 836 5665 res
866 5613 1158 5680 spiritualis
1186 5615 1362 5668 datur.
1391 5617 1616 5669 Areasr.

514 5679 623 5745 (l7)
668 5679 918 5756 Virtutum
937 5685 1121 5756 (vitam.
1162 5685 1294 5751 Quia
1324 5686 1548 5741 virtutes
1579 5688 1693 5741 sine
1722 5688 1890 5756 gratia
1926 5703 2045 5744 non

436 5759 663 5812 possunt
691 5753 888 5816 perlici.
921 5754 1148 5808 ALnAsr.

2145 4776 2236 4828 lib.
2272 4792 2348 4846 tt:
2379 4776 2801 4846 Sttpet'ferebtttur
2839 4775 3064 4843 Spiritus
3097 4774 3194 4829 Dei
3235 4792 3393 4846 super.
3427 4791 3601 4844 aquas,
3625 4781 3688 4824 stt-

2145 4856 2258 4913 pote
2283 4845 2494 4915 Creator
2522 4850 2700 4898 virtute
2726 4847 2962 4915 potentia:
2985 4862 3092 4900 sua:
3125 4845 3389 4901 continens
3413 4857 3686 4915 creaturam).

2145 4926 2198 4966 ut
2227 4932 2286 4967 ex
2312 4914 2391 4966 Itis
2413 4919 2523 4986 viva
2545 4916 2714 4967 omnia
2744 4916 3084 4983 producturus
3105 4917 3214 4986 ipse
3235 4918 3450 4971 rudibus
3475 4914 3688 4986 elementis

2146 4986 2281 5052 ignis
2313 4985 2519 5056 propria
2555 4988 2776 5056 [omenta
2805 4996 3102 5053 praestaret,
3127 4984 3176 5037 et
3197 4989 3313 5056 jam
3344 4999 3462 5040 tunc
3489 4984 3687 5056 mysterio

2146 5056 2393 5107 emicante
2439 5054 2755 5119 baptismatis
2797 5057 3027 5106 virtutem
3063 5054 3476 5121 sanctiﬁcationis
3515 5054 3688 5124 liquoris

2145 5135 2332 5178 natura
2363 5126 2643 5195 perciperet
2665 5164 2678 5181 .
2713 5125 2971 5193 primaque
2997 5125 3063 5177 ad
3083 5125 3236 5177 vitam
3265 5142 3478 5195 corpora
3499 5127 3686 5179 miniata

2142 5195 2463 5265 produceret.
2498 5194 2565 5247 M.
2596 5194 2823 5265 Cassa}.

2213 5264 2327 5334 (22)
2362 5267 2532 5334 Aquas
2559 5265 2715 5317 vivas.
2746 5263 3108 5318 Tertullianus
3148 5263 3218 5318 de
3259 5264 3520 5333 baptismo
3548 5284 3562 5320 :
3594 5263 3682 5317 Pri-

2140 5352 2252 5387 mus
2285 5335 2452 5405 liquor
2479 5335 2615 5405 quod
2640 5336 2820 5388 viveret
2849 5335 3008 5388 edidit
3032 5349 3051 5388 :
3079 5350 3169 5386 nec
3195 5336 3382 5389 mirum
3419 5338 3480 5391 sit
3511 5337 3560 5390 in
3583 5337 3680 5402 bap-

2140 5408 2289 5459 tismo
2311 5450 2324 5465 .
2357 5408 2400 5459 si
2427 5422 2571 5475 aqua:
2597 5407 2824 5458 animare
2848 5415 3114 5475 noverunt.
3149 5408 3377 5460 Aumsr.

2213 5477 2326 5546 (23)
2360 5470 2481 5530 Νοιί
2509 5476 2651 5530 video
2681 5470 2944 5541 quantuni.
2975 5476 3091 5530 Non
3120 5475 3278 5530 viden
3309 5493 3577 5544 personam
3605 5475 3680 5529 ltu-

2143 5563 2350 5600 ntanant
2383 5546 2580 5616 aliquid
2613 5547 2719 5600 illic
2749 5550 2991 5602 cooferre
3017 5565 3029 5600 :
3059 5557 3165 5600 tres
3183 5547 3469 5603 sufllciunt.
3492 5553 3680 5616 dum.

2222 5618 2334 5688 (21)
2370 5618 2419 5670 Ν
2425 5615 2488 5670 on
2521 5628 2684 5686 potest
2712 5635 2856 5672 nosse
2877 5616 3168 5691 Christiana
3192 5630 3405 5672 secreta.
3428 5615 3679 5691 Mysteris_:

2152 5686 2511 5742 Tertullianns
2537 5707 2548 5742 :
2581 5691 2804 5758 sequitur
2826 5699 2880 5744 ut
2905 5689 3131 5743 extranei
3154 5703 3173 5742 :
3196 5699 3247 5742 at
3278 5691 3412 5745 unde
3429 5730 3446 5758 ,
3473 5686 3681 5744 curantis

2153 5759 2374 5813 notitia?
2404 5762 2628 5814 ALBASP.
