3828 6218
178 273 320 329 1019

952 270 1041 325 DE
1084 267 1473 325 SClllSMATE
1513 264 2047 326 DONATISTARUM
2086 266 2285 323 LIBER
2324 266 2645 335 QUINTUS;

3301 269 3437 326 1050

178 400 237 441 ιιι
265 387 391 458 quid
438 385 707 456 pulsamtts
738 385 802 439 ad
841 385 1036 440 coelum
1060 426 1075 451 ,
1108 401 1228 440 cum
1261 385 1551 441 habeamus
1579 384 1667 439 hic
1708 383 1760 438 in
1790 390 1839 446 Α
1867 384 2008 438 liabet
2052 386 2395 440 necessitate»:
2424 390 2610 440 iterum
2630 387 2859 455 lauandi,
2887 388 3010 458 quia
3030 396 3102 444 est
3119 388 3340 443 mundus
3369 400 3445 444 to-

180 479 478 550 Evangelio
519 479 629 549 82
658 487 1038 532 testamentum
1068 477 1133 530 αἳ
1161 476 1293 543 Quia
1338 476 1439 531 hoc
1470 478 1588 530 loco
1620 486 1765 531 recte

177 580 407 642 possunt
430 578 639 625 terrena
665 568 977 645 cmlestihns
1005 568 1305 639 comparari
1333 586 1346 621 :
1376 568 1483 624 tale
1512 575 1596 623 est
1623 568 1764 638 quod

177 663 357 736 quivis
388 662 663 717 hominum
697 660 902 722 habens
945 658 1263 716 nttmerosos
1292 659 1432 716 filios
1454 703 1469 727 ,
1510 653 1763 731 quamdiu

178 763 335 825 pater
365 766 602 823 praesens
639 762 756 819 est,
802 752 916 822 ipse
963 752 1189 820 imperat
1231 750 1494 821 singulis;
1546 765 1651 804 non
1682 758 1768 806 est

178 848 355 902 adhuc
386 846 750 902 necessarium
795 853 1173 900 testamentum
1209 862 1223 900 :
1267 845 1345 899 sic
1387 855 1440 900 et
1473 844 1722 899 Christus
1746 885 1762 909 ,

176 939 436 1009 quamdiu
477 952 717 1009 prasens
758 938 811 992 in
844 936 1002 993 terris
1043 935 1140 992 fuit
1165 935 1431 1007 (quamvis
1475 951 1575 992 nec
1605 936 1797 991 modo.

177 1031 366 1100 desit),
396 1044 495 1101 pro
528 1038 768 1099 tempore
792 1029 1045 1101 quidquid
1076 1030 1443 1086 necessarium
1478 1038 1594 1083 erat
1624 1032 1766 1098 Apo-

175 1120 335 1177 stolis
377 1120 677 1190 imperavit.
714 1119 823 1176 Sed
856 1121 1126 1192 quomodo
1152 1131 1394 1176 terrenus
1423 1128 1607 1191 pater,
1637 1120 1764 1176 dum

175 1226 237 1268 se
264 1213 320 1267 in
350 1211 588 1267 confinio
614 1211 843 1266 senserit
880 1213 1108 1280 mortis,
1141 1214 1336 1268 timens
1367 1228 1433 1267 ne
1468 1222 1589 1284 post
1616 1228 1763 1268 mor-

162 1296 285 1360 tem
336 1319 486 1359 suam
516 1346 531 1369 ,
574 1312 733 1374 rupta
770 1318 940 1373 pace,
986 1305 1195 1377 litigent
1234 1305 1463 1371 fratres,
1509 1306 1765 1363 adhibitis

176 1395 444 1463 testibus,
504 1395 832 1451 voluntatem
883 1412 1037 1452 suam
1084 1398 1153 1453 de
1220 1409 1435 1469 pectore
1506 1402 1765 1455 morituro

177 1484 436 1544 transfert
462 1487 515 1542 in‘
548 1487 759 1541 tabulas
786 1486 877 1542 diu
904 1487 1224 1544 duraturos:
1254 1498 1310 1544 et
1349 1489 1395 1544 si
1426 1489 1587 1546 fuerit
1626 1491 1768 1545 inter

176 1576 380 1632 fratres
411 1587 533 1632 nata
581 1577 891 1644 contentio,
923 1593 1031 1633 non
1079 1578 1187 1633 itur
1225 1580 1289 1633 ad
1336 1581 1596 1635 tumulum
1622 1621 1638 1647 ,
1670 1582 1766 1635 sed

176 1669 442 1741 queritur
470 1677 849 1727 testamentum
878 1687 892 1723 :
925 1680 980 1726 et
1005 1669 1120 1742 (25)
1151 1672 1239 1739 qui
1269 1672 1322 1727 in
1349 1672 1557 1727 tumulo
1584 1674 1764 1744 quies-

1870 485 1950 529 tus
1980 474 2143 547 (Ibid.
2176 476 2263 545 l0)
2292 494 2307 531 :
2341 486 2395 531 et
2420 477 2487 533 de
2529 492 2592 533 eo
2622 479 2834 534 lavacro
2873 480 3273 551 pronuntiavit,
3303 482 3459 551 quod

1868 568 1935 624 de
1960 568 2219 629 Trinitate
2254 570 2635 627 celebrandum
2663 588 2783 630 esse
2818 574 3197 630 mandaverat:
3228 590 3334 629 non
3377 573 3447 630 de

1868 661 2172 719 Judazorum
2214 673 2305 719 aut
2332 664 2739 731 haereticorum,
2771 666 2893 738 qui,
2938 667 3063 723 dum
3091 668 3291 733 lavant,
3328 682 3449 724 sor-

1869 752 2087 820 didant;
2116 753 2209 808 sed
2235 754 2304 809 de
2330 769 2470 827 aqua
2500 764 2711 822 sancta,
2736 770 2856 826 qua:
2885 755 2954 813 de
2981 758 3136 813 trium
3168 758 3443 814 nominum

1869 844 2106 902 fontibus
2145 845 2387 902 inundat.
2425 845 2516 903 Sic
2556 846 2695 901 enim
2739 847 2854 918 ipse
2898 848 3153 904 Dominus
3194 848 3449 919 praecepit

1867 936 2132 992 dicendo:
2163 937 2232 991 ite
2250 977 2266 1002 ,
2298 936 2553 1008 baptiute
2580 953 2751 992 omnes
2792 948 2961 1009 gentes
2981 981 2996 1006 ,
3022 939 3076 993 in
3106 940 3304 994 nomine
3333 939 3446 994 Pa-

1867 1031 1961 1085 tris
1983 1072 1999 1098 ,
2032 1039 2082 1084 et
2122 1027 2281 1095 Filii,
2313 1038 2363 1085 et
2393 1029 2624 1100 Spiritus
2652 1032 2815 1085 sancti
2840 1030 3069 1105 (Matth.
3097 1047 3259 1086 xxvm
3285 1074 3299 1096 ,
3325 1032 3444 1102 29).

1870 1111 2078 1179 De'hoc
2105 1122 2316 1179 lavacro
2345 1121 2518 1179 dixit:
2549 1123 2639 1192 qui
2676 1123 2832 1177 semel
2866 1124 3003 1178 lotus
3030 1132 3138 1187 est,
3165 1139 3266 1178 non
3301 1106 3449 1178 habet

1868 1214 2212 1268 necessitatem
2239 1214 2426 1267 iterum
2447 1213 2653 1268 lavandi
2674 1211 2999 1283 (Joan.xm,
3031 1213 3141 1286 10).
3164 1213 3265 1283 Qui
3282 1214 3447 1270 semel
3528 1242 3531 1247 ι

1867 1303 2032 1370 dixit,
2069 1303 2342 1375 prohibuit
2382 1304 2578 1387 iterum
2610 1304 2726 1361 fieri
2753 1323 2767 1359 :
2795 1313 2850 1359 et
2887 1304 2957 1361 de
2984 1320 3044 1361 re
3088 1305 3299 1360 locutus
3328 1313 3445 1372 est,

1868 1396 1985 1467 (28)
2017 1411 2122 1452 non
2151 1397 2221 1453 de
2262 1412 2535 1469 persona;
2576 1397 2691 1471 (29)
2724 1414 2845 1453 nam
2885 1399 2932 1454 si
2965 1399 3108 1455 eSset
3150 1397 3403 1454 distantia
3427 1439 3445 1464 ,

1868 1488 2109 1543 diceret:
2136 1489 2225 1557 qui
2252 1490 2407 1543 semel
2431 1488 2551 1543 bene
2571 1492 2704 1545 lotus
2726 1490 2911 1561 fuerit;
2941 1488 3039 1545 sed
3063 1488 3190 1545 dum
3218 1503 3325 1544 non
3350 1488 3446 1543 ad-

1868 1578 2005 1634 didit
2032 1578 2289 1644 verbum,
2321 1578 2478 1647 bene,
2506 1579 2702 1635 indicat
2729 1581 2853 1651 quia
2891 1580 3147 1651 quidquid
3187 1580 3239 1635 in
3268 1580 3445 1635 Trini-

1870 1680 1977 1728 tate
2006 1672 2202 1726 factum
2233 1671 2430 1741 fuerit,
2462 1673 2599 1728 bene
2633 1681 2739 1727 est.
2772 1672 2902 1727 lude
2925 1682 3040 1741 est,
3068 1672 3207 1743 quod
3239 1672 3445 1743 simpli-

173 1762 288 1831 cit,
320 1762 516 1819 tacitus
544 1762 614 1817 de
640 1762 836 1818 tabulis
861 1762 1119 1833 loquitor.
1144 1762 1335 1830 Vivus,
1368 1766 1630 1836 eujus.c3t
1658 1775 1763 1821 tes-
1793 1771 1840 1831 B
1866 1765 2003 1820 citer
2037 1780 2065 1818 a
2108 1764 2261 1819 vobis
2290 1763 2563 1835 venientes
2589 1764 2905 1835 excipimus.
2933 1764 3067 1820 Cum
3101 1758 3313 1819 cdicit:
3344 1781 3446 1818 non

174 1866 474 1913 tamentum
495 1899 511 1925 ,
554 1857 607 1911 in
655 1857 795 1913 coelo
823 1868 905 1912 est
935 1876 949 1913 :
992 1873 1121 1929 ergo
1159 1858 1407 1913 voluntas
1434 1860 1550 1928 ejus
1573 1901 1588 1925 ,
1620 1860 1769 1915 velut

173 1944 232 2007 in
266 1940 590 2008 testamento
611 1994 626 2019 ,
675 1954 754 2007 sic
787 1952 838 2008 in
872 1952 1163 2023 Evangelio
1201 1952 1522 2023 requiratur.
1555 1954 1761 2009 Et‘enim

170 2044 244 2101 de
288 2045 627 2116 prmscientia
679 2043 739 2112 δ,
788 2046 907 2116 quae
958 2043 1119 2099 modo
1166 2046 1376 2112 facitis,
1425 2046 1535 2115 jam
1585 2045 1763 2101 futura
1810 2086 1813 2089 λ

170 2148 533 2208 conspexerat
573 2132 842 2195 Christus.
889 2138 1128 2207 Denique
1174 2152 1293 2192 eum
1349 2140 1549 2204 lavaret
1601 2138 1763 2207 pedes

170 2231 453 2301 discipulis
480 2230 631 2297 suis,
672 2231 753 2285 sic
789 2230 864 2284 ait
908 2228 1072 2284 Petro
1106 2228 1274 2288 Filius
1319 2229 1417 2284 Dei
1460 2247 1471 2282 :
1503 2230 1641 2300 quod
1671 2246 1764 2301 ego

169 2324 347 2394 facio,
378 2332 436 2378 tu
462 2323 670 2390 nescis;
698 2325 827 2378 scies
888 2332 1058 2377 autem
1097 2332 1270 2395 postea
1309 2322 1492 2390 (Joan.
1520 2339 1609 2379 xm
1633 2364 1649 2389 ,
1680 2323 1761 2394 8).

169 2415 460 2482 Dicendo,
509 2416 640 2470 scies
685 2423 898 2483 postra,
940 2414 1056 2469 haec
1119 2426 1359 2483 tempora
1404 2414 1761 2484 designabat:

166 2523 302 2579 ergo
347 2509 487 2563 inter
521 2516 747 2563 exteros
773 2506 1102 2562 Testamenti
1132 2506 1347 2572 titulos,
1377 2505 1520 2560 hunc
1548 2505 1761 2560 titulum

165 2602 239 2658 de
288 2617 429 2672 aqua
477 2601 776 2657 constituit.
831 2599 964 2655 Cum
1015 2600 1219 2657 lavaret
1265 2601 1426 2671 pedes
1478 2600 1763 2671 Discipulis

165 2695 308 2764 suis,
343 2692 646 2749 tacentibus
670 2691 908 2756 _c:eteris,
939 2690 985 2746 si
1016 2702 1214 2747 taceret
1244 2703 1297 2747 et
1343 2692 1532 2747 Petrus
1552 2734 1567 2758 ,
1594 2692 1760 2747 solam

166 2789 378 2845 fecerat
416 2787 529 2861 (9.6)
558 2786 785 2842 formam
835 2786 1182 2854 humilitatis,
1216 2786 1346 2840 nihil
1374 2786 1758 2858 pronuntiave-

162 2889 255 2937 rat
300 2881 369 2935 de
408 2889 748 2935 sacramento
776 2877 1136 2948 baptismatis.
1168 2876 1273 2933 Sed
1304 2892 1426 2932 cum
1457 2873 1648 2955 Petrus
1675 2891 1760 2932 re-

160 2983 364 3039 cusat,
411 2989 511 3030 nec
561 2974 726 3045 pedes
760 2971 882 3030 ,sibi
935 2972 1097 3025 lavari
1148 2970 1432 3041 permisit,
1481 2980 1637 3041 negat
1676 2968 1772 3024 illi-

161 3068 417 3124 Christus
459 3081 683 3139 regnum
710 3108 724 3131 ,
755 3066 864 3143 nisi
921 3065 1217 3135 accepisset
1260 3064 1597 3135 obsequium.
1649 3063 1754 3119 Sed

1868 1858 2015 1912 habet
2045 1858 2391 1912 necessitatem
2420 1858 2601 1912 iterum
2634 1848 2847 1912 lavandi
2870 1899 2887 1925 ,
2921 1858 3036 1913 hate
3062 1856 3329 1934 sententia
3352 1870 3447 1927 ge-

1866 1949 2066 2005 neralis
2096 1958 2218 2017 est,
2252 1949 2357 2004 non
2401 1950 2686 2021 speeialis;
2720 1965 2839 2004 nam
2879 1949 2924 2005 si
2970 1949 3130 2005 Petro
3157 1947 3183 1987 ά
3213 1948 3327 2005 haec
3362 1948 3468 2020 di-g

1866 2054 2115 2099 cerentur
2138 2086 2151 2108 ,
2180 2044 2387 2099 diceret
2412 2042 2697 2107 Christus:
2726 2044 2848 2113 quia
2873 2043 3026 2098 semel
3060 2044 3191 2098 lotus
3214 2059 3265 2097 es
3284 2084 3299 2108 ,
3340 2058 3442 2095 non

1866 2136 2021 2192 habes
2047 2138 2396 2192 necessitatem
2419 2120 2602 2191 iterum
2628 2136 2834 2192 lavandi
2854 2135 3042 2208 (lbid.)
3067 2144 3090 2173 ε
3120 2153 3134 2187 :
3166 2134 3286 2190 ideo
3314 2149 3443 2204 quo-

1866 2237 1965 2291 ties
1994 2252 2021 2290 a
2049 2235 2204 2291 vobis
2230 2234 2529 2306 baptizatus
2552 2234 2778 2305 aliquis,
2809 2234 2875 2309 ad
2906 2248 3005 2289 nos
3036 2233 3314 2288 transitum
3346 2246 3443 2286 vo-

1864 2330 2022 2385 luerit
2052 2329 2224 2385 facere
2244 2371 2258 2394 ,
2291 2330 2590 2384 venientem
2617 2328 2721 2383 hoc
2747 2326 3056 2397 magisterio
3098 2334 3150 2381 et
3191 2311 3441 2392 exemplo

1868 2419 1888 2459 τ
1913 2420 2028 2495 (50)
2060 2430 2169 2477 tota
2213 2420 2556 2490 simplicitate
2600 2420 2939 2489 suscipimus.
2971 2418 3123 2473 Absit
3164 2417 3308 2474 enim
3332 2458 3347 2483 ,
3378 2424 3443 2493 ut

1862 2528 2115 2584 umquam
2159 2514 2529 2569 exorcizemus
2572 2495 2763 2567 sanum
2812 2511 3023 2567 fidelem
3053 2518 3079 2556 κ
3114 2527 3129 2564 :
3171 2510 3343 2573 absit,
3386 2517 3443 2564 ut

1855 2604 1963 2676 jam
2005 2607 2170 2661 lotum
2201 2621 2513 2662 revocemus
2549 2606 2615 2660 ad
2661 2605 2858 2660 fontem
2887 2622 2901 2656 :
2933 2604 3108 2671 absit,
3147 2613 3207 2659 ut
3245 2602 3359 2674 (3t)
3387 2604 3441 2660 in

1861 2697 2120 2768 Spiritum
2162 2708 2402 2757 sanctum
2447 2712 2732 2768 peccemus
2775 2684 2989 2768 (Matth.
3021 2697 3156 2766 xu);
3184 2695 3268 2750 cui
3315 2693 3443 2750 faei-

1863 2789 1981 2843 nori
2017 2788 2069 2843 iu
2112 2788 2363 2857 praesenti
2395 2798 2447 2845 et
2477 2788 2653 2843 futuro
2690 2788 2890 2843 saeculo
2918 2786 3243 2857 indulgentia
3262 2784 3441 2842 dene-

1859 2891 2055 2951 gatur:
2085 2880 2257 2945 absit,
2287 2890 2345 2935 ut
2372 2880 2629 2936 iteremus
2649 2920 2663 2942 ,
2694 2879 2833 2949 quod
2864 2879 3027 2934 semel
3068 2886 3181 2943 est,
3214 2887 3303 2931 aut
3340 2876 3443 2931 du.

1860 2975 2121 3045 plieemus
2167 2973 2312 3043 quod
2339 2989 2500 3028 unum
2548 2981 2631 3028 est
2671 2990 2683 3025 :
2724 2972 2802 3026 sic
2839 2972 2980 3026 enim
3021 2971 3277 3041 scriptum
3324 2977 3440 3034 est,
3518 3026 3521 3030 ,

1859 3044 2117 3135 Ᾱβοξῑοιυ
2144 3065 2357 3121 dicente
2382 3083 2395 3118 :
2426 3081 2560 3119 unus
2591 3064 2760 3127 Deus,
2789 3079 2919 3117 unus
2947 3062 3215 3126 Christus,
3246 3076 3350 3115 una
3379 3044 3442 3129 ﬁ;

160 3179 288 3219 cum
320 3162 560 3218 caelestis
585 3159 734 3230 regni
756 3142 965 3213 mentio
993 3157 1176 3223 fieret,
1207 3172 1313 3227 quo
1355 3172 1475 3227 pars
1506 3156 1749 3225 corporis
1777 3142 1821 3204 C
1854 3158 1943 3212 des
1965 3199 1979 3222 ,
2015 3175 2121 3212 una
2162 3159 2339 3212 tinctio
2370 3156 2604 3230 (Ephes.
2653 3172 2735 3223 tv,
2780 3154 2858 3227 5).
2896 3155 3132 3224 Denique
3174 3167 3303 3219 vos,
3349 3152 3440 3222 qui

160 3253 451 3325 petebatur
488 3252 553 3306 ad
600 3251 950 3321 obsequium,
996 3257 1168 3303 totum
1209 3264 1404 3318 corpus
1449 3249 1644 3314 obtulit
1686 3248 1752 3302 ad

160 3345 463 3400 lavacrum.
512 3342 664 3398 Nunc
693 3341 959 3407 adestote,
990 3356 1179 3396 omnes
1222 3332 1389 3395 turba:
1414 3383 1428 3406 ,
1460 3349 1514 3394 et
1560 3328 1755 3411 singuli

156 3438 450 3495 Christiani
486 3436 666 3507 p0puli
695 3453 709 3489 :
740 3434 864 3505 quid
906 3434 1063 3490 liceat
1084 3473 1098 3499 ,
1132 3434 1363 3489 disoite:
1397 3433 1523 3488 dum
1557 3428 1754 3502 provo-

154 3540 249 3587 cat
290 3530 517 3595 Petrus,
564 3525 811 3583 Christus
857 3526 1014 3581 docet
1052 3544 1067 3581 :
1108 3527 1197 3596 qui
1244 3524 1489 3591 dubitat,
1535 3510 1805 3608 discam"

158 3624 276 3699 (27)
308 3622 506 3680 Christi
548 3621 693 3678 enim
725 3635 825 3675 vox
868 3631 951 3676 est
978 3620 1108 3691 :‘qui
1144 3620 1299 3674 semel
1336 3619 1471 3673 lotus
1509 3629 1615 3687 est,
1645 3637 1750 3674 non

1860 3249 2120 3320 baptisma
2148 3249 2300 3320 quasi
2332 3250 2564 3316 libenter
2605 3249 2879 3319 duplicare
2924 3246 3249 3302 contenditis
3276 3287 3291 3311 ,
3331 3245 3440 3320 83

1860 3343 1902 3397 si
1933 3342 2339 3414 datis.alterum
2389 3341 2648 3412 baptisma
2675 3382 2690 3408 ,
2728 3340 2854 3395 date
2902 3340 3122 3394 alteram
3167 3336 3323 3392 ﬁdem
3350 3354 3363 3400 ;
3393 3337 3438 3391 si

1858 3434 1998 3489 datis
2036 3435 2261 3489 alteram
2302 3434 2463 3489 tidem
2487 3476 2501 3501 ,
2530 3433 2654 3488 dare
2692 3433 3005 3487 etalterum
3039 3429 3353 3493 Christum;
3395 3429 3439 3482 si

1857 3527 1997 3583 datis
2022 3528 2246 3583 alterum
2272 3526 2544 3581 Christum
2570 3566 2585 3590 ,
2630 3526 2751 3579 date
2788 3524 3011 3578 alterum
3050 3518 3245 3577 Deum.
3267 3520 3437 3576 Unum

1860 3622 2028 3677 Deum
2070 3634 2191 3675 esse
2235 3633 2429 3689 negare
2472 3634 2575 3673 non
2626 3616 2887 3685 potestis,
2929 3629 2997 3669 ne
3051 3613 3101 3678 in
3154 3612 3438 3667 Marcionis

1423 3739 1804 3798 LECTIONES
1833 3736 2253 3794 VARIANTES.

222 3839 250 3867 ⁸
286 3836 380 3886 Hic
404 3836 634 3885 inseritur
658 3834 705 3883 in
727 3846 842 3884 mss.
865 3834 1070 3884 verbum
1094 3832 1308 3897 inquam,
1348 3832 1475 3899 quod
1500 3837 1555 3882 ut
1577 3844 1752 3894 super-

156 3899 311 3949 fluum
332 3899 655 3947 resecuimus.

219 3957 250 3998 δ
288 3959 361 4009 Ita
400 3961 449 4008 in
489 3959 713 4020 omnibus
736 3970 853 4006 mss.
878 3956 1008 4020 quod
1047 3970 1143 4006 non
1167 3955 1509 4020 intelligentes
1533 3954 1753 4003 editores

156 4022 217 4071 ad
239 4020 485 4072 Christum
506 4019 703 4090 referri,
726 4020 811 4083 qui
829 4019 917 4085 per
945 4021 1298 4083 praeseientiam
1341 4019 1501 4067 futura
1525 4024 1745 4076 noverat,

157 4086 764 4195 Ρ⁰ἒ“ῗ.ἷ“ιὲἒ”ξ⁶⁹⁸ἅ⁷²⁸ἇ⁰υ;η
1148 4124 1151 4125 ί

218 4206 245 4247 d
285 4177 341 4256 ἱέἱ
366 4177 458 4257 ἱῖιέἶ
564 4177 631 4256 ξ’.
648 4177 1047 4267 ’ἑῖἓῖὶυοονρεενα

224 4273 250 4302 ο
284 4267 359 4319 Ita
400 4266 668 4331 legendum
702 4264 832 4317 hunc
870 4266 1024 4316 locum
1066 4271 1120 4317 ut
1158 4266 1368 4316 habetur
1394 4267 1442 4314 in
1482 4278 1568 4315 ms.
1612 4265 1664 4314 S.
1692 4264 1751 4314 (ἶ.

1856 3830 2069 3880 ostendit
2093 3837 2267 3891 scepus
2289 3825 2452 3891 Optati
2474 3841 2484 3875 :
2507 3824 2636 3874 male
2656 3826 2707 3874 in
2723 3834 2836 3874 mss.
2860 3823 2914 3873 8.
2948 3820 3009 3872 Τ.
3034 3829 3086 3872 et
3108 3814 3163 3870 Ρ.
3189 3821 3241 3871 8.
3263 3820 3367 3871 hinc
3385 3822 3437 3871 in

1857 3895 1999 3954 tertia
2022 3890 2227 3954 persona
2252 3890 2586 3954 enuntiantur.
2726 3949 2753 3954 __
2800 3946 2840 3954 m
2931 3924 2940 3954 .

1922 3952 1943 3992 ι
1981 3942 2051 4002 Ιιὶ
2093 3955 2139 4001 in
2176 3965 2265 4001 ms.
2293 3950 2346 4000 S.
2374 3948 2432 4000 ϐ.
2480 3949 2535 3999 Itt
2575 3961 2688 3997 mss.
2723 3949 2776 3997 S.
2800 3946 2858 3997 T.
2895 3953 2947 3995 et
2984 3943 3059 3994 P.‘
3085 3945 3139 3994 S.
3165 3942 3440 4009 magisterio
3506 3978 3509 3981 μ

1857 4016 2093 4077 exemplo,
2117 4015 2292 4063 omissa
2311 4011 2501 4062 scilicet
2515 4011 2878 4077 conjunctione,
2904 4021 3021 4077 qum,
3055 4014 3231 4077 tamen
3260 4019 3437 4077 neces-

1858 4079 1985 4146 saria
1993 4067 2013 4146 ξΔ
2033 4067 2091 4127 ρι’
2102 4089 2247 4146 quam
2264 4087 2363 4146 non
2388 4067 2675 4137 supplettfes
2691 4067 2909 4121 editores
2924 4067 3239 4119 mutavi-runt
3257 4067 3437 4133 Μαρὰ-

1858 4136 2049 4205 ιενξοξξιι
2070 4136 2303 4205 magistri.
2388 4198 2398 4205 _
2454 4136 2459 4137 ⁷
2581 4197 2601 4205 _
2648 4194 2677 4205 Α
2842 4178 2869 4205 ..

1872 4230 1876 4255 ι
1923 4203 1947 4241 8
1981 4200 2097 4251 Haec
2120 4192 2363 4249 habentur
2386 4198 2435 4247 in
2458 4208 2548 4246 ms.
2569 4197 2624 4247 S.
2643 4194 2703 4247 G.
2724 4207 2818 4245 non
2841 4193 2891 4243 in
2910 4192 3033 4257 aliis.

974 4428 975 4431 χ
1507 4342 1864 4426 varubuun
1906 4368 2133 4425 NOTIE.

227 4475 351 4550 (‘25)
386 4472 449 4528 Et
473 4473 558 4550 qui
585 4472 636 4526 in
662 4470 865 4550 tumulo
890 4470 1098 4550 quiescit
1122 4512 1137 4536 ,
1166 4477 1270 4550 etc.
1304 4469 1513 4550 Priores
1554 4469 1744 4550 ed_itio-
1775 4474 1829 4535 1)
1849 4486 1976 4550 nus,
2005 4468 2073 4522 de
2108 4471 2271 4550 (πβρι.
2294 4482 2414 4550 cap.
2460 4466 2527 4521 1‘2
2548 4508 2573 4550 η
2594 4458 3431 4550 plaqc‘similiterIus-us,

155 4541 287 4609 nes,
322 4541 367 4599 et
397 4541 494 4616 qui
511 4544 702 4598 tumulo
730 4543 1151 4616 quiescitqtacitus
1178 4542 1239 4594 de
1262 4541 1744 4616 tabulisloquitur,

154 4629 202 4673 et
241 4622 386 4672 vivus
409 4612 580 4687 'cujus
599 4656 616 4681 ,
642 4624 759 4687 etc.
784 4655 797 4674 ,
827 4614 1016 4687 scribe
1041 4654 1055 4675 ,
1094 4624 1161 4687 et_
1188 4612 1271 4677 qui
1302 4613 1509 4687 tumulo
1537 4612 1748 4687 quiescit

155 4690 381 4752 tacitus,
407 4686 472 4739 de
488 4681 677 4740 tabulis
702 4684 924 4757 loquitur
952 4686 1112 4757 vinus.
1138 4682 1202 4757 Is
1225 4686 1370 4757 cujus
1388 4723 1404 4748 ,
1425 4692 1526 4757 etc.
1552 4681 1744 4757 'l'otum

158 4760 306 4813 hunc
359 4758 535 4819 locum
579 4755 948 4825 quont'odoS.
983 4753 1311 4825 AuguStinus
1358 4753 1743 4825 imitatnsAsit,

157 4828 371 4882 videbis
401 4826 452 4879 iu
490 4823 731 4879 Balduini
774 4824 914 4880 notis
939 4866 954 4892 ,
988 4823 1086 4893 qui
1121 4826 1294 4879 locum
1334 4823 1557 4889 profert.
1594 4823 1745 4888 Quod
1786 4889 1788 4892 ν

158 4902 245 4954 hic
286 4908 465 4950 autem
496 4895 721 4965 Optatos
740 4937 755 4960 ,
791 4896 891 4959 Qui
922 4897 1116 4949 tumulo
1146 4897 1355 4965 quiescit
1384 4896 1567 4947 tacitus
1588 4935 1603 4957 ,
1632 4894 1741 4947 Au-

154 4968 442 5041 gustinus,
478 4967 567 5020 ille
595 4966 714 5021 sine
755 4979 915 5020 sensu
952 4968 1095 5035 jacet
1130 4968 1180 5019 in
1201 4977 1607 5092 ὑιιἛιιιιιθηιο,
1641 4976 1747 5021 etc.

1254 5076 1267 5088 .
1346 5052 1530 5091 ASAUB.

1254 5076 1267 5088 .
1300 5052 1530 5091 ωιςΑυΒ.

226 5110 369 5167 Ibltl.
403 5108 505 5171 Qui
535 5106 587 5159 in
617 5105 814 5158 tumulo
854 5106 1063 5174 quiescit
1086 5146 1099 5167 .
1142 5110 1327 5163 tacitus
1358 5107 1421 5160 de
1458 5108 1646 5160 tabulis
1674 5107 1747 5160 lo-

155 5184 355 5251 quitur.
382 5175 793 5251 Elegantissime
814 5216 828 5236 ,
860 5178 927 5229 de
951 5177 1162 5244 sepulto
1185 5181 1340 5246 cujus
1371 5186 1747 5251 testamentum

156 5245 251 5307 aut
292 5248 525 5305 codicilli
555 5286 569 5309 ,
598 5245 788 5299 oborta
818 5259 849 5299 e
887 5259 946 5299 re
993 5255 1118 5300 nata
1160 5245 1504 5303 contentione
1529 5288 1542 5310 ,
1583 5248 1749 5316 inspi-

157 5325 395 5378 ciuntur.
438 5318 652 5371 lucem.
1386 5357 1392 5363 _

228 5392 349 5466 (26)
404 5388 648 5441 Formam
691 5383 1008 5466 humilitatis.
1052 5385 1107 5466 Si
1158 5385 1347 5466 {atrus
1387 5386 1595 5466 loculus
1639 5400 1746 5466 non

159 5454 350 5518 fuisset
382 5468 437 5513 et
469 5472 572 5511 non
617 5465 915 5509 recusasset
946 5456 1109 5509 lavari
1132 5495 1145 5517 ,
1174 5454 1419 5511 Christus
1449 5457 1515 5510 de
1546 5457 1749 5525 baptis-

159 5552 247 5590 mo
283 5530 413 5587 nihil
443 5528 688 5583 dixisset.
718 5529 943 5578 ALBASP.

229 5604 350 5677 (i7)
380 5599 573 5677 Christi
600 5597 732 5677 enim
758 5610 854 5677 uox
881 5605 987 5677 est_,
1016 5595 1103 5663 qui
1122 5596 1276 5676 semel
1304 5596 1435 5650 lotus
1455 5636 1469 5661 ,
1499 5603 1603 5677 etc.
1629 5596 1746 5677 Non

162 5664 371 5747 primus
400 5669 664 5747 Optatos,
694 5664 911 5747 dubium
954 5667 1005 5721 in
1038 5665 1295 5747 remugis
1316 5681 1406 5747 ‘an
1441 5666 1749 5747 verbisde!-

163 5733 289 5814 ius,
323 5746 425 5803 hoc
450 5733 577 5797 loco
620 5739 695 5813 ita
724 5735 922 5793 abusus
948 5747 1051 5793 est.
1094 5733 1419 5806 iampridem
1460 5736 1747 5793 Tertullia-

1849 4525 1974 4594 nisi
1990 4525 2131 4609 quod
2154 4525 2513 4593 'l‘ertnllianus
2551 4525 2723 4609 (quod,
2747 4544 2921 4587 tamen
2949 4530 3134 4586 eodem
3166 4525 3333 4597 redit)
3362 4529 3432 4609 ita

1856 4598 2058 4664 vertil:
2088 4612 2173 4679 qui
2212 4611 2366 4681 semel
2392 4598 2673 4675 lavitfnon
2706 4608 2850 4681 habet
2891 4618 3091 4681 necesse
3128 4598 3431 4681 rursunr..|tt

1854 4682 1975 4737 aliis
2002 4668 2556 4752 edit'ionibusinteger
2590 4682 2735 4733 locus
2763 4677 2981 4752 τῆσγε-ειη·
3005 4690 3017 4725 ;
3043 4670 3151 4752 Qui
3177 4670 3327 4752 semel
3351 4668 3431 4749 lo-

1856 4762 1937 4804 tns
1967 4762 2073 4816 est,
2108 4770 2206 4807 non
2259 4751 2403 4805 habet
2441 4741 2624 4805 il'erunt
2664 4749 3006 4801 necessitatem
3036 4741 3266 4816 lavandi,
3310 4741 3432 4807 quia

1852 4832 1925 4877 est
1955 4814 2173 4878 mundus
2209 4831 2343 4895 totus
2369 4837 2400 4895 ζ)
2414 4833 2467 4876 et
2490 4821 2689 4895 iVictor
2717 4817 2977 4895 Uticensis
3003 4814 3148 4895 _citat
3168 4820 3430 4895 ‘extretno

1856 4894 2014 4959 libro,
2050 4895 2148 4949 nisi
2179 4894 2319 4964 quod
2351 4893 2439 4947 ille
2480 4892 2675 4955 lavari,
2707 4889 2847 4958 quod
2874 4883 3219 4964 ltic’lat'altdl.

2398 5015 2406 5021 ,
2663 4954 2667 4955 ⁷
2728 4954 2737 4958 ’
2874 4958 2940 5012 Μ.
2971 4954 3201 5010 ΟΑεΑυθ.

1924 5033 2039 5105 (28)
2075 5033 2194 5089 Non
2215 5034 2278 5088 de
2305 5050 2538 5101 persona.
2570 5033 2711 5088 Dixit
2733 5045 2919 5099 aquam
2944 5028 3118 5082 lavare
3136 5065 3150 5089 ,
3180 5039 3281 5078 non
3308 5035 3430 5093 per-

1852 5118 2039 5176 sonant
2073 5106 2440 5176 conferentem
2466 5119 2680 5176 aquam.
2716 5105 2944 5176 AguASP-
3042 5165 3125 5176 η,
3257 5165 3286 5176 λ,
3352 5163 3364 5175 ,
3458 5135 3463 5141 ’

1926 5173 2037 5243 (29)
2072 5173 2209 5227 Nam
2235 5176 2277 5227 si
2308 5185 2435 5227 esset
2463 5165 2723 5227 distantia.
2765 5172 2820 5226 Si
2847 5177 2993 5225 esset
3024 5165 3319 5221 :liﬂ'erenlia
3352 5165 3433 5217 in-

1850 5253 1933 5299 ter
1965 5259 2218 5313 personas
2244 5261 2361 5309 qua:
2389 5245 2678 5313 haptizant.
2713 5246 2937 5296 Messe.

1917 5304 2031 5384 (50)
2065 5312 2191 5366 Tota
2217 5304 2558 5383 simplicitate.
2614 5314 2714 5366 Pro
2758 5312 2894 5365 omni
2937 5309 3104 5384 dixit,
3160 5314 3216 5360 ut
3258 5304 3429 5369 alias,

1813 5425 1820 5434 .
1850 5380 2495 5455 totam'importunitatem,
2528 5383 2661 5455 alias
2691 5380 3187 5455 totautsanctitatent
3210 5419 3223 5435 .
3240 5391 3313 5455 ac
3353 5384 3432 5455 to-

1849 5463 1950 5506 tam
1994 5445 2331 5506 securitatem.
2359 5445 2637 5520 Quomodo
2675 5461 2729 5504 et
2771 5451 3128 5520 Hiemuytuus
3159 5455 3212 5520 et
3240 5445 3433 5520 Vopis.
3486 5488 3489 5497 .

1850 5540 1972 5588 cus,
2006 5532 2224 5577 notante
2262 5516 2443 5577 Isaaeo
2470 5521 2787 5576 Casaubono
2827 5516 3278 5571 excellentissimo
3315 5516 3431 5569 (Iri-

1849 5594 1975 5649 tico.
2011 5594 2225 5647 lucem.
2342 5648 2345 5652 ,
2806 5630 2807 5633 η

1921 5664 2036 5735 (3|)
2081 5662 2144 5735 In
2192 5663 2442 5733 Spiritum
2501 5672 2748 5717 sanctum.
2794 5655 3121 5715 Exoreismis
3170 5655 3420 5709 cumtu-

1849 5733 2042 5804 gando.
2074 5733 2302 5790 Acnssp.
