3828 6218
179 304 322 362 1053

960 298 1049 356 DE
1080 294 1471 358 SCllISMA'I'E
1512 289 2049 353 DONATISTARUM
2084 287 2291 349 LIBER
2321 283 2648 373 QUINTUS.

3304 284 3439 344 id!“

179 422 358 475 rarios
384 434 524 485 esse,
558 433 661 474 non
684 417 953 483 dominos,
980 412 1095 486 88.
1116 422 1169 469 et
1194 420 1528 467 sacramenta
1562 425 1653 481 per
1699 424 1757 464 se
1785 410 1837 471 Α
1862 409 1949 463 tiet
1974 409 2029 462 in
2058 417 2302 463 teternuet
2324 401 2510 473 (Joan‘.
2544 415 2617 468 tv,
2643 399 2754 473 15).
2783 394 2981 470 Aquam
3019 414 3173 467 quam
3217 415 3307 472 ego
3351 402 3438 467 de,

178 526 304 568 esse
327 520 533 576 sancta,
558 526 665 567 non
688 525 783 581 per
812 509 1079 571 homines,
1106 504 1233 573 qttid
1260 511 1345 559 est
1368 544 1381 568 ,
1422 505 1566 572 quod
1606 500 1761 556 vobis

176 612 385 659 tantum
410 602 693 658 vindicatis
710 600 734 654 ?
754 600 881 671 quid
906 606 1008 663 est,
1033 596 1176 667 quod
1206 595 1375 651 Deum
1400 608 1429 649 a
1451 592 1762 648 muneribus

175 696 292 751 suis
314 694 599 751 excludere
627 689 988 748 contenditis?
1014 686 1298 743 concedite
1320 685 1431 741 Deo
1450 725 1467 751 ,
1507 692 1763 754 praestare

178 801 301 856 quae
329 799 423 841 sua
453 793 597 841 sunt.
630 784 745 840 Non
777 785 918 841 enim
952 789 1129 852 potest
1156 780 1209 834 id
1238 791 1433 834 munus
1456 777 1523 833 ah
1546 776 1763 833 homine

177 874 318 941 dari,
349 877 495 947 quod
520 875 765 931 divinum
790 883 892 928 est.
923 872 980 928 Si
1010 872 1088 926 sic
1120 870 1335 939 putatis,
1366 866 1759 938 Prophetarum

177 982 364 1033 voces,
390 978 446 1022 et
478 969 570 1024 Dei
596 956 859 1038 promissa
906 964 1115 1020 inanire
1149 962 1477 1018 contenditis
1500 1002 1516 1028 ,
1566 959 1761 1030 quibus

177 1060 459 1130 probatur,
494 1062 614 1130 quia
642 1061 787 1116 Deus
816 1060 979 1125 lavat,
1020 1075 1124 1113 non
1156 1057 1339 1112 homo.
1378 1055 1551 1134 Adest.
1572 1064 1761 1110 contra

174 1165 270 1206 vos
292 1151 465 1205 David
492 1150 787 1221 Propheta,
811 1152 902 1223 qui
923 1152 996 1205 ait
1026 1152 1077 1205 in
1109 1150 1316 1219 psalmo
1340 1164 1375 1203 ι.
1413 1147 1570 1221 (vers.
1616 1146 1674 1214 9)
1699 1155 1759 1200 αι

180 1245 405 1300 Lavabis
433 1261 515 1299 me
537 1254 585 1299 et
613 1261 765 1314 super
790 1247 956 1300 nivem
993 1243 1306 1299 dealbabor:
1338 1243 1466 1298 item
1492 1241 1545 1296 in
1571 1240 1762 1296 eodem

174 1338 391 1407 psalmo
420 1352 433 1389 :
469 1334 625 1401 Deus,
652 1335 765 1390 lava
780 1351 860 1389 me
890 1335 952 1390 ab
980 1334 1239 1408 injustitia
1264 1348 1399 1399 mea,
1423 1342 1479 1402 et
1497 1348 1528 1385 α
1576 1332 1763 1386 delicto

166 1445 281 1483 meo
308 1429 504 1482 munda
542 1442 619 1484 me
640 1425 831 1499 (ibid,
868 1427 925 1497 4)
950 1444 963 1481 :
990 1428 1101 1481 lava
1127 1442 1229 1493 me,
1262 1424 1431 1491 dixit;
1456 1439 1560 1481 non
1598 1424 1760 1490 dixit,

164 1522 296 1591 elige
320 1536 415 1592 per
436 1535 583 1590 quem
608 1519 746 1573 laver
774 1537 788 1574 :
840 1530 894 1574 et
928 1518 1115 1574 Esaias
1142 1520 1398 1588 propheta
1425 1517 1531 1582 sic;
1582 1516 1718 1572 dixit
1747 1533 1761 1571 :

161 1613 410 1682 quoniam
437 1609 605 1665 abluet
631 1607 884 1664 Dominus
904 1606 931 1646 δ
955 1608 1128 1664 sordes
1160 1619 1182 1649 ο
1204 1609 1430 1677 ﬁliorum
1453 1618 1495 1666 et
1526 1608 1755 1676 ﬁliarum

163 1705 295 1762 Sion
329 1704 499 1777 (Esai.
536 1719 608 1770 tv,
659 1700 737 1775 4).
770 1702 900 1759 Sion
940 1702 1234 1758 Eeclesiam
1266 1716 1386 1757 esse
1428 1701 1482 1756 in
1506 1702 1665 1758 tertio
1704 1700 1768 1757 li-

1865 500 2041 572 inquit
2067 517 2080 554 :
2114 514 2222 553 non
2245 496 2402 561 dixit,
2431 510 2585 564 quam
2634 494 2885 560 dederint,
2926 494 3012 563 qui
3039 510 3093 547 se
3119 502 3324 548 sanctos
3353 506 3446 563 plt-

1864 601 1991 659 tant,
2016 591 2158 646 sicut
2183 586 2339 642 vobis
2360 586 2385 624 ιι
2419 586 2674 640 videmini
2704 602 2721 639 :
2752 586 2846 641 sed
2890 600 2950 641 se
2992 586 3131 640 dixit
3168 585 3441 640 datorum.

1862 682 1983 753 ipso
2005 690 2092 737 est
2116 696 2246 753 ergo
2274 682 2361 751 qui
2416 679 2506 734 dat
2538 696 2551 732 :
2584 679 2748 748 ipsius
2771 689 2877 746 est,
2901 678 3043 748 quod
3077 678 3237 734 datur
3267 695 3283 745 φ
3314 676 3439 748 quid

1862 784 1967 841 est,
1996 773 2139 845 quod
2170 772 2323 829 vobis
2344 779 2458 826 tota
2486 771 2887 842 importunitate
2906 770 3184 827 vindicare
3209 778 3435 826 conten-

1863 867 2033 923 ditis?
3267 882 3271 887 ο

1937 959 2003 1016 γ,
2031 956 2110 1012 De
2132 957 2399 1029 Baptismo
2426 955 2670 1025 Joannis,
2690 933 2897 1028 quando
2935 966 2994 1013 et
3015 974 3106 1013 cur
3125 966 3236 1027 post
3264 958 3432 1027 ipsum

1861 1049 2131 1121 Baptisms
2157 1047 2354 1104 Christi
2370 1049 2634 1103 collatum.
2651 1047 2865 1119 -—Cum
2894 1048 3033 1105 hanc
3058 1064 3171 1115 rem
3195 1049 3438 1103 cumulet

1859 1140 2098 1197 Joannes
2125 1140 2388 1211 Baptista,
2413 1141 2503 1210 qui
2528 1154 2830 1211 praeursor
2852 1150 3084 1199 venerat
3117 1141 3435 1207 Salvatoris,

1861 1248 1988 1292 cum
2009 1234 2207 1289 multos
2238 1228 2467 1302 tingeret
2490 1231 2543 1286 in
2568 1233 3205 1301 pmnitentiaetremis‘sa
3246 1221 3439 1302 pecea-

1864 1341 2061 1397 torum,
2102 1329 2374 1384 nuntiavit
2404 1328 2600 1389 Filium
2641 1327 2735 1383 Dei
2770 1343 2894 1385 esse
2924 1338 3246 1394 venturum;
3284 1327 3437 1397 cujus

1862 1424 2025 1480 verba
2049 1424 2165 1479 hate
2190 1432 2315 1479 sunt
2339 1440 2355 1476 :
2380 1439 2494 1477 ecce
2514 1422 2643 1477 venit
2669 1422 2759 1491 qui
2787 1437 2872 1476 vos
2916 1420 3137 1488 baptizet
3178 1420 3359 1487 (Joan.
3394 1435 3433 1487 ι,

1863 1518 1958 1585 53)
1985 1537 1999 1573 :
2029 1529 2083 1573 et
2113 1530 2293 1574 tamen
2321 1524 2428 1573 non
2451 1517 2678 1588 legimus
2704 1525 2820 1585 post
2858 1514 3116 1570 Joannem
3150 1514 3434 1573 Christum

1864 1610 2093 1680 aliquem
2121 1608 2486 1681 rebaptizasse
2514 1626 2529 1663 :
2560 1610 2699 1679 quod
2724 1623 2854 1679 ergo
2884 1608 3053 1664 dixit:
3082 1610 3170 1679 qui
3195 1624 3283 1662 uos
3308 1608 3435 1673 bap-

1863 1704 2009 1768 tizet,
2068 1704 2290 1758 veniens
2320 1700 2567 1757 Christus
2606 1701 2699 1756 illo
2752 1710 2992 1771 tempore
3018 1710 3134 1772 post
3179 1698 3435 1754 Joannem

163 1799 261 1853 bro
283 1796 632 1869 probavimus
666 1814 678 1850 :
713 1811 841 1865 ergo
865 1796 1004 1852 Deus
1029 1797 1173 1851 lavat
1205 1794 1343 1850 ﬁlios
1389 1804 1444 1849 et
1488 1795 1625 1849 tilias
1661 1795 1759 1850 Ec-
1788 1796 1834 1857 B
1863 1798 2041 1853 tinxit.
2072 1798 2401 1852 Promissum
2433 1807 2549 1852 erat
2581 1794 2910 1865 temporibus
2946 1793 3171 1857 nostris,
3217 1801 3276 1847 ut
3322 1791 3436 1860 ipse

160 1892 344 1948 clesite
367 1890 417 1948 ά.
451 1891 566 1947 Νοη
591 1890 765 1945 dixit:
800 1890 932 1944 taval
952 1897 1041 1944 ‘sut
1061 1890 1096 1942 ii
1124 1898 1172 1955 θ,
1216 1889 1304 1956 qui
1337 1904 1392 1943 se
1433 1898 1637 1942 sanctos
1664 1905 1759 1957 pu-

171 1995 299 2041 tant.
336 1986 635 2056 Dignamini
668 1993 719 2038 ut
745 1984 827 2039 vel
862 1982 1136 2053 prOpbetaa
1162 1996 1259 2037 vos
1280 1983 1534 2047 vincant,
1564 1982 1645 2037 vel
1679 1982 1756 2037 sic

169 2074 473 2147 agnoscite,
501 2078 621 2145 quia
647 2091 751 2130 non
785 2074 923 2129 lavat
944 2074 1125 2141 homo,
1170 2073 1264 2127 scd
1307 2073 1463 2126 Deus.
1488 2073 1751 2139 Quamdiu

168 2169 350 2223 dicitis
384 2185 397 2221 :
430 2167 542 2237 (49)
572 2168 660 2238 qui
686 2183 787 2221 non
812 2167 959 2220 habet
985 2166 1117 2233 quod
1142 2165 1245 2229 det,
1274 2166 1525 2235 quomodo
1569 2166 1653 2218 dat
1685 2166 1700 2204 ί
1729 2166 1751 2220 ?

166 2262 347 2318 videte
410 2262 687 2316 Dominum
747 2274 867 2315 esse
936 2259 1175 2316 datorem
1222 2268 1288 2312 8:
1348 2259 1525 2313 videte
1582 2258 1748 2314 Deum

165 2368 607 2423 unumquemque
632 2352 933 2407 mundare:
983 2351 1170 2407 sordes
1223 2351 1363 2406 enim
1409 2360 1461 2405 et
1513 2353 1750 2405 maculas

166 2448 363 2502 mentis
391 2447 569 2501 lavare
594 2460 699 2499 non
730 2454 924 2515 potest,
958 2445 1059 2500 nisi
1102 2444 1241 2501 Deus
1269 2444 1359 2513 qui
1386 2444 1628 2513 ejusdem
1669 2444 1745 2497 fa-

166 2537 407 2595 bricator
448 2544 530 2592 est
561 2536 777 2592 mentis.
810 2537 917 2591 Aut
940 2537 983 2589 si
1007 2536 1209 2606 putatis
1233 2575 1248 2601 ,
1303 2536 1427 2605 quia
1480 2537 1746 2591 lavacrum

164 2637 408 2682 vestrum
439 2636 541 2693 est,
573 2626 764 2693 dicite,
790 2627 964 2697 qualis
986 2638 1070 2684 est
1118 2632 1232 2696 ipsa
1256 2642 1409 2682 mens
1437 2644 1451 2693 ;
1494 2642 1612 2697 quze
1653 2644 1749 2699 per

163 2732 366 2789 corpus
391 2718 753 2781 lavatur;aut
782 2731 940 2788 quam
980 2718 1138 2773 habet
1187 2717 1594 2781 formam;‘aut
1641 2733 1748 2787 quo

163 2810 283 2866 loco
309 2812 368 2865 in
394 2809 616 2875 homine
642 2809 882 2867 habitet:
929 2808 1033 2865 hoc
1073 2808 1280 2865 homini
1320 2809 1465 2865 scire
1501 2820 1747 2879 negatum

163 2912 262 2959 est.
296 2904 443 2974 Ergo
472 2904 743 2973 quomodo
769 2913 948 2975 putas.
974 2902 1097 2974 quia
1124 2904 1290 2969 lavas,
1316 2904 1405 2974 qui
1429 2904 1603 2958 nescis
1618 2918 1748 2973 qua-

164 2997 213 3053 le
240 2999 312 3054 sit
338 2997 482 3068 quod
505 2997 691 3053 lavas?
721 2998 816 3053 Dei
840 2994 867 3039 h
890 3006 974 3053 est
994 2997 1275 3063 mundare,
1319 3010 1423 3051 non
1474 2996 1705 3052 hominis
1731 3014 1744 3051 :

162 3088 278 3159 ipse
300 3090 449 3146 enim
478 3106 573 3163 per
602 3090 917 3161 prophetam
950 3088 1163 3146 ESaiam
1210 3090 1456 3169 promisit
1504 3106 1565 3147 se
1607 3091 1748 3146 lotu-

1858 1891 2051 1957 daret,
2105 1890 2247 1960 quod
2308 1889 2469 1944 hodie
2523 1887 2723 1954 datur;
2780 1884 3077 1941 secndum
3132 1882 3271 1955 quod
3317 1883 3432 1936 ait:

1853 2000 2038 2047 aquam
2063 2000 2215 2053 quam
2241 1999 2333 2054 ego
2367 1982 2432 2035 do
2452 1968 2543 2051 qui
2570 1981 2771 2045 biberit,
2799 1995 2903 2033 non
2928 1980 3066 2033 sitiet
3104 1979 3157 2032 in
3193 1986 3435 2032 reternum

1853 2074 2033 2143 (Joan.
2066 2091 2137 2140 tv,
2173 2075 2283 2144 i5).
2306 2074 2440 2129 Nam
2468 2085 2523 2129 et
2545 2072 2791 2141 discipuli
2823 2070 3065 2135 Joannis,
3098 2084 3217 2123 cum
3278 2068 3430 2123 diee-

1853 2180 1972 2229 rent
1996 2152 2251 2239 magistro
2283 2183 2380 2223 suo
2411 2185 2422 2219 :
2474 2183 2585 2221 ecce
2608 2182 2753 2236 quem
2777 2164 3049 2233 baptizasti
3078 2179 3096 2217 :
3128 2161 3430 2232 haptizahat

1851 2264 2064 2333 quidem
2096 2282 2111 2329 ;
2141 2264 2236 2319 sed
2261 2280 2353 2333 per
2391 2278 2578 2317 manus
2606 2261 3006 2330 Apostolorum,
3044 2256 3238 2327 quibus
3289 2257 3430 2325 leges
3476 2320 3485 2327 1

1852 2355 2184 2425 baptismatis
2209 2356 2453 2411 dederat.
2494 2354 2733 2422 Denique
2754 2353 2951 2406 lectum
2994 2360 3072 2405 est
3118 2347 3223 2401 alio
3264 2347 3428 2402 loco:

1849 2464 1970 2501 nam
2024 2449 2137 2520 ipse
2180 2448 2429 2501 nemiuem
2491 2446 2805 2515 baptizavit,
2872 2443 2961 2497 sed
3006 2441 3244 2513 discipuli
3294 2444 3427 2513 ejus.

1853 2541 2030 2612 (1·οαη.
2062 2558 2142 2606 ill,
2171 2542 2251 2613 6.)
2281 2538 2337 2597 in
2368 2542 2467 2596 hac
2490 2555 2551 2595 re
2578 2552 2767 2593 omnes
2793 2537 3041 2606 discipuli
3068 2536 3187 2604 ejus
3216 2547 3423 2601 sumus,

1850 2644 1905 2687 ut
1932 2648 2027 2687 nos
2056 2648 2362 2703 operemur,
2394 2640 2453 2687 ut
2481 2631 2571 2686 ille
2616 2629 2709 2685 det
2752 2628 2845 2698 qui
2896 2643 2954 2682 se
3001 2626 3254 2681 daturum
3306 2640 3428 2681 esse

1849 2728 2095 2795 promisit
2126 2742 2139 2778 :
2172 2737 2225 2779 et
2250 2738 2427 2780 tamen
2458 2740 2577 2782 cum
2609 2723 2849 2779 Joannes
2879 2722 3085 2776 inﬁnita
3131 2719 3299 2775 millia
3332 2720 3430 2774 lto-

1850 2817 2055 2870 miuum
2089 2812 2557 2888 baptizaret,‘(50)
2580 2815 2692 2884 jam
2719 2813 2940 2869 Christo
2991 2811 3259 2883 praesente
3302 2824 3433 2880 ope-

1850 2907 2069 2962 rabatur
2098 2922 2305 2972 servus,
2336 2916 2391 2961 et
2416 2907 2639 2961 vacabat
2662 2904 2920 2959 Dominus
2943 2912 3233 2972 antequam
3257 2900 3432 2972 bapti-

1849 2998 2004 3054 zandi
2057 2998 2212 3053 daret
2262 2997 2487 3051 formam
2520 2994 2564 3049 ι.
2614 2995 2898 3051 Peractum
2930 3002 2972 3031 ω
3012 3008 3118 3047 non
3164 2992 3431 3047 modicum

1851 3102 2062 3163 tempus
2092 3092 2257 3146 millia
2289 3091 2563 3146 hominum
2592 3090 2645 3145 in
2683 3086 2997 3159 pmnitentia
3025 3096 3079 3143 et
3110 3085 3429 3141 remissione

162 3197 299 3248 rum,
329 3181 458 3235 dum
486 3183 562 3236 ait
587 3199 600 3235 :
630 3192 674 3236 et
701 3183 745 3237 si
766 3184 957 3251 fuerint
998 3192 1205 3254 peccata
1252 3193 1417 3237 vestra
1457 3186 1589 3238 velut
1632 3202 1747 3240 eoe-
1771 3174 1815 3238 C
1850 3184 2010 3238 tincta
2041 3190 2169 3238 sunt
2198 3190 2563 3252 peccatorum.
2593 3180 2697 3235 Sed
2746 3194 2905 3235 nemo
2934 3178 3132 3233 tinctas
3175 3176 3346 3232 fuerat
3374 3176 3428 3230 itt

159 3261 289 3341 cum,
320 3283 377 3328 ut
410 3275 570 3328 nivem
592 3275 828 3333 inalbabo
869 3273 1041 3348 (Esai.
1069 3291 1107 3340 t,
1143 3273 1273 3347 18).
1302 3274 1545 3330 Inulbubo
1584 3276 1742 3343 dixit,

158 3381 261 3420 non
293 3368 484 3436 faciam
514 3368 753 3422 inalbari.
788 3369 843 3425 Si
872 3367 973 3423 hoc
1003 3369 1142 3423 Deus
1160 3370 1426 3438 promisit,
1456 3386 1624 3441 quare
1648 3385 1742 3425 vos

157 3460 316 3514 vultis
339 3460 589 3528 reddere,
622 3462 763 3532 quod
797 3463 945 3517 vobis
977 3478 1075 3517 nec
1099 3464 1413 3532 promittere
1450 3460 1606 3527 licet,
1643 3477 1745 3519 nec

156 3550 381 3606 reddere
412 3594 425 3615 ,
460 3567 558 3607 nec
582 3552 821 3609 habere?
865 3568 991 3609 ecce
1036 3554 1089 3613 in
1138 3554 1293 3608 Esaia
1340 3569 1400 3609 se
1445 3554 1734 3625 promisiti

157 3641 293 3698 Deus
322 3644 567 3700 inalbare
594 3646 826 3717 peccatis
848 3645 1069 3703 affectos
1103 3647 1151 3709 i,
1187 3660 1290 3699 non
1322 3661 1415 3712 per
1442 3645 1731 3701 hominem.

154 3730 505 3788 Revertintini
526 3734 593 3788 ad
626 3734 1013 3803 Evangelium:
1054 3734 1249 3798 videte,
1276 3734 1405 3806 quid
1428 3736 1477 3788 in
1506 3737 1730 3799 salutem

149 3825 360 3891 generis
404 3824 618 3877 humani
663 3825 733 3879 sit
790 3824 1063 3893 pollicitus
1114 3823 1361 3885 ChriStus
1406 3842 1418 3877 :
1476 3828 1559 3883 cui
1609 3842 1730 3882 cunt

151 3915 343 3968 mulier
371 3913 708 3969 Samaritana
736 3928 929 3983 aquam
961 3923 1203 3983 negaret,
1240 3926 1364 3970 tunc
1394 3932 1422 3968 a
1455 3915 1595 3970 Filio
1640 3917 1731 3971 Dei

148 4003 345 4057 dictum
369 4013 469 4068 est,
499 4004 639 4074 quod
694 4006 1009 4074 praescribat
1056 4007 1561 4077 prtesumptionibus
1611 4023 1731 4063 ves-

148 4094 241 4150 tris
264 4113 278 4149 :
301 4111 511 4165 aquam,
538 4096 735 4167 inquit,
764 4085 917 4167 quam
944 4114 1035 4169 ego
1064 4097 1152 4165 do,
1185 4100 1273 4170 qui
1305 4099 1507 4165 biberit,
1534 4116 1637 4155 non
1656 4102 1731 4155 si-

1847 3277 2110 3341 Trinitate
2144 3294 2155 3330 :
2188 3292 2347 3331 nemo
2369 3272 2784 3352 adltuc'noverat
2806 3272 3078 3327 Christum
3106 3290 3119 3324 :
3149 3282 3306 3327 nemo
3330 3287 3423 3324 au-

1842 3369 2019 3425 dierat
2045 3385 2165 3424 esse
2185 3368 2448 3439 Spiritum
2477 3375 2744 3421 sanctum.
2796 3367 2863 3420 At
2896 3364 2989 3419 ubi
3038 3363 3181 3419 venit
3218 3372 3428 3432 tempus

1842 3462 2213 3532 plenitudinis,
2250 3469 2401 3517 certo
2444 3470 2685 3529 tempore
2705 3457 2852 3512 dedit
2888 3456 3031 3525 leges
3074 3454 3424 3531 baptismatis

1842 3556 2010 3611 Filius
2037 3556 2130 3611 Dei
2156 3573 2170 3621 ;
2204 3562 2259 3609 et
2282 3554 2429 3608 dedit
2458 3552 2621 3616 viam,
2646 3567 2744 3620 qua
2778 3551 2950 3606 iretur
2994 3547 3065 3604 ad
3118 3562 3280 3616 regna
3311 3561 3422 3601 cos-

1838 3648 2013 3701 lorum
2042 3665 2054 3699 :
2088 3648 2247 3712 etiam
2284 3656 2408 3710 tunc
2440 3642 2691 3713 prmeepit
2720 3641 2905 3695 dicens
2935 3657 2948 3692 :
2978 3639 3076 3703 lle,
3109 3638 3281 3692 docete
3309 3654 3417 3690 om-

1838 3755 1924 3793 nes
1952 3750 2138 3808 gentes,
2169 3737 2484 3807 baptizantes
2507 3751 2591 3791 eos
2617 3735 2669 3787 in
2700 3734 2902 3793 nomine
2933 3730 3106 3786 Patris
3138 3742 3185 3784 et
3222 3726 3349 3784 Filii
3371 3728 3419 3784 et

1838 3828 2064 3896 Spiritus
2094 3830 2256 3881 sancti
2283 3826 2495 3896 (Matth.
2528 3838 2714 3889 nun,
2763 3825 2875 3892 t9).
2912 3824 2987 3877 Ex
3018 3837 3079 3876 ea
3111 3821 3200 3876 die
3251 3836 3411 3890 opor-

1834 3921 1935 3976 tuit
1959 3920 2071 3979 ﬁeri
2090 3920 2229 3991 quod
2246 3919 2552 3979 mandatum
2572 3916 2681 3990 85
2702 3924 2820 3972 est:
2850 3921 2973 3969 ante
3003 3920 3211 3983 tempus
3242 3912 3414 3967 noluit

1831 4012 2123 4068 emendare
2153 4014 2291 4081 quod
2312 4014 2597 4081 operatum
2621 4019 2725 4072 est,
2754 4022 2823 4062 ne
2859 4006 3128 4061 licentiam
3160 4005 3402 4074 reliaptio

1832 4103 1986 4159 zandl
2008 4103 2201 4169 daret;
2227 4104 2470 4173 quamvis
2500 4102 2728 4156 alterum
2763 4099 2924 4155 fuerit
2950 4097 3211 4168 baptisma
3242 4094 3404 4152 Joan-

1369 4253 1750 4316 LECTIONES
1792 4234 2199 4339 VARIANTES.

203 4389 229 4457 ξ’
262 4383 321 4457 in
343 4388 612 4457 σωθῇ.
629 4395 691 4457 et
712 4389 776 4457 Ρ.
791 4390 849 4457 81
864 4390 1045 4457 psalmo
1067 4404 1201 4454 xttx.

200 4450 228 4491 ι)
262 4447 321 4501 ln'
342 4464 435 4500 ms.
460 4446 512 4502 S.
537 4451 595 4502 (ἰ.
622 4452 794 4504 lavavit
816 4446 964 4504 Deus.

200 4517 223 4545 ε
259 4513 312 4562 In
336 4525 429 4562 ms.
454 4514 508 4563 S.
534 4514 592 4565 T.
619 4516 826 4565 sordem.
1210 4558 1213 4559 ν

142 4575 380 4687 ωῗῠὲωα
398 4574 662 4638 adiecimus
684 4591 744 4627 ex
767 4589 859 4631 ms.
898 4579 951 4628 8.
978 4576 1035 4628 G.
1055 4589 1165 4641 quae
1188 4577 1367 4628 desunt
1388 4576 1435 4627 in
1460 4579 1566 4631 aliis
1590 4584 1641 4632 et
1666 4583 1715 4631 tn

201 4653 313 4771 ξιιῗῆ
333 4712 448 4747 mss.
626 4705 676 4771 et

137 4759 314 4872 dofd‘I':
330 4775 447 4811 mss.
468 4763 518 4812 8.
540 4762 599 4812 Τ.
630 4770 682 4812 et
702 4761 759 4811 Ρ.
780 4764 833 4813 8.
854 4760 937 4828 qui
954 4775 1047 4814 non
1064 4761 1224 4827 habet,
1263 4764 1390 4827 ριιοά
1408 4764 1543 4819 ἀείδει
1565 4778 1718 4834 (Ιυαη-

197 4884 223 4924 ε
254 4884 373 4935 Haec
391 4884 580 4957 adjecta
601 4889 713 4938 sum
732 4899 798 4936 ex
819 4897 909 4937 ms.
929 4885 982 4936 S.
1010 4887 1068 4939 G.

1888 4394 1921 4461 tt
1950 4391 2006 4461 tu
2028 4384 2303 4461 mss._S.:I‘,
2327 4398 2378 4445 et
2398 4389 2458 4461 ι’,
2481 4392 2536 4443 s.
2562 4388 2771 4455 Domini
2874 4449 2898 4461 ,.
2930 4446 2942 4461 .

1892 4454 1909 4523 ξ
1951 4456 2004 4523 in
2026 4470 2113 4507 ms.
2142 4458 2199 4523 8.
2223 4452 2282 4523 ς’.
2298 4450 2416 4523 ’βεδε
2428 4453 2537 4519 jam
2555 4449 2641 4517 per
2666 4466 2719 4515 se
2742 4449 2977 4517 promisit.

1892 4518 2492 4587 ίὲιιπιε-ἓ-(ἓέέπίὶιοέ
2562 4576 2574 4587 .
2643 4582 2655 4587 Α
2844 4574 2886 4587 ..
2950 4574 2972 4587 .
3148 4575 3179 4587 ,.
3224 4571 3256 4587 η
3318 4572 3349 4587 ί.

1884 4586 1911 4623 ι
1946 4580 1999 4629 In
2016 4594 2138 4647 mss._
2158 4582 2211 4631 S.
2233 4579 2291 4631 Τ.
2318 4571 2370 4630 ἔι
2386 4580 2441 4629 Ρ.
2462 4579 2513 4630 8.
2531 4576 2755 4647 sicuteos
2778 4574 2925 4628 vobis.
2950 4574 3007 4625 In
3030 4586 3121 4625 ms.
3146 4575 3197 4625 S.
3223 4571 3281 4623 G.
3305 4572 3403 4623 sie-

1814 4650 1867 4696 ut
1886 4656 2012 4694 nunc
2036 4642 2181 4697 vobis.

1743 4708 1793 4770 Ι)
1856 4707 1908 4777 ,ξ
1944 4696 2063 4757 Haec
2105 4704 2440 4770 supplet/imus
2477 4716 2537 4754 ex
2568 4715 2660 4752 ms.
2707 4702 2759 4751 S.
2802 4699 2859 4751 Θ.
2884 4711 2994 4777 qua
3020 4699 3192 4749 omissa
3215 4703 3328 4747 sunt
3350 4696 3400 4744 in

1825 4768 2015 4882 ³1Ιέ’ξἸιι
2034 4828 2293 4882 mss:S.T.
2320 4836 2374 4880 et
2392 4826 2449 4878 Ρ.
2470 4826 2522 4878 S.
2548 4829 2647 4878 Per
2671 4830 2933 4889 acceptum.

1443 5020 1806 5082 VARIURUM
1843 5024 2067 5083 NOTE.

135 5147 289 5233 Pege,
320 5152 630 5233 nequeenim
661 5155 983 5233 unus_hon_to
1001 5165 1097 5233 est,
1128 5157 1431 5233 quiqsentper
1454 5170 1503 5215 et
1526 5163 1709 5231 ubique

134 5218 369 5303 baptism.
397 5218 463 5277 In
491 5222 586 5303 hoc
620 5240 772 5303 opere
790 5218 1100 5303 jamdudum
1140 5218 1232 5303 alii
1274 5218 1478 5298 fuerunt
1504 5275 1517 5299 ,
1558 5218 1706 5288 modo

132 5291 239 5357 alii,
285 5303 461 5364 postea
490 5296 580 5348 alii
612 5291 940 5374 Qiltttjbttlll.
976 5299 1213 5367 Operarii
1241 5291 1429 5360 mutari
1468 5291 1702 5374 possunt,

129 5376 463 5429 sacramenta,
495 5377 598 5420 elo.
629 5366 699 5420 M.
724 5365 954 5422 Casaun.
1021 5365 1028 5367 “
1136 5376 1149 5411 ἰ

197 5432 309 5503 (i9)
334 5434 435 5500 Qui
484 5452 585 5509 non
631 5436 793 5509 habet
822 5440 957 5507 quod
1010 5440 1113 5503 det,
1161 5442 1707 5509 quomododat1Hoc

131 5515 503 5574 argumentum
551 5507 603 5561 itt
646 5508 877 5563 concilio
926 5509 986 5561 D.
1036 5507 1285 5580 Cypriani
1321 5512 1567 5566 habetur.

1075 5628 1083 5635 .
1300 5587 1527 5635 ALBASP.

222 5642 333 5716 (50)
362 5642 481 5716 J_am
531 5644 731 5697 Christo
761 5656 1025 5716 premente,
1055 5658 1156 5701 etc.
1189 5649 1290 5716 Pro
1321 5651 1527 5705 vocabat
1574 5658 1725 5716 putet

162 5710 354 5797 aliquis
379 5713 624 5797 fortasse,
654 5710 859 5797 vacabat
878 5757 893 5783 ,
917 5710 1035 5797 esse
1064 5714 1451 5797 reponendum‘
1494 5710 1647 5797 qubd
1668 5734 1723 5795 et

163 5777 369 5839 hic'non
392 5784 533 5841 male
559 5777 849 5843 convenire
878 5777 1173 5859 'videatur',
1217 5798 1271 5846 et
1316 5777 1720 5869 postha'sazplus

1810 5165 2031 5251 ingerat,
2058 5158 2297 5251 imponit“
2298 5166 2455 5247 etiam
2472 5171 2546 5238 τῷ
2563 5162 2783 5251 operari,
2810 5162 2952 5231 quod
2978 5157 3067 5217 hic
3090 5176 3107 5225 ;
3148 5167 3203 5251 et
3221 5168 3276 5214 ut
3315 5173 3399 5214 os-

1811 5232 2030 5289 tenderet
2060 5232 2225 5299 Filius
2253 5233 2349 5288 Dei
2369 5252 2420 5295 se
2437 5232 2663 5294 vacasse.
2699 5234 2855 5303 ﬁdem
2884 5232 3235 5303 tantummodo
3270 5248 3358 5297 opt

1808 5316 1970 5358 ratam
2010 5321 2135 5369 esse,
2165 5314 2267 5359 etc.
2302 5306 2482 5360 Potest
2502 5314 2680 5359 tamen
2700 5301 2930 5360 retineri
2960 5302 3100 5371 quod
3157 5301 3242 5372 hic
3290 5310 3398 5368 est,

1809 5392 1929 5429 cum
1962 5375 2087 5428 illttd
2116 5392 2325 5446 quoque
2375 5378 2661 5431 Sententia:
2695 5376 2918 5444 locoque
2952 5374 3085 5446 bene
3117 5381 3401 5446 congruat,

1810 5446 2054 5516 idemque
2086 5438 2190 5500 alio
2222 5438 2341 5516 l'ttco
2395 5456 2647 5516 repetere
2700 5438 2942 5503 videatur
2999 5442 3120 5503 aliis
3170 5438 3395 5495 verbis:

1812 5514 1905 5569 Cui
1928 5517 2155 5589 creditur
2185 5514 2293 5588 ipse
2340 5514 2471 5585 dat,
2493 5518 2630 5589 quod
2676 5517 2935 5589 creditur,
2969 5527 3069 5563 non
3099 5526 3204 5589 'per
3253 5526 3398 5577 quem

1821 5585 2092 5659 creditur;
2123 5579 2282 5642 etiam
2309 5579 2565 5659 operan'di
2594 5588 2761 5659 verho
2815 5591 3071 5651 usurpato
3097 5579 3147 5631 in
3177 5593 3403 5659 seque":

1822 5652 1958 5721 tibus
1989 5675 2000 5709 :
2035 5641 2839 5741 Operantibnisrunetishumana
2859 5641 2972 5709 suu't
2996 5666 3169 5727 opera,
3192 5641 3280 5707 sed
3302 5641 3401 5709 Hei

1819 5737 1937 5807 sunt
1972 5726 2199 5808 munera.
2235 5726 2303 5815 lit.
2332 5733 2585 5801 ῼΑεΑυθρ
