3828 6218
142 313 265 368 1057

901 315 990 372 DE
1027 314 1415 408 SCIIIShIATE
1456 313 1988 375 DONATISTABUM
2028 315 2230 375 LIBER
2255 314 2565 384 QUINTUS.

3235 319 3369 390 loss

139 437 305 482 \‘03II‘0
338 429 622 500 tingantur.
652 428 984 495 Erubescite,
1023 430 1180 484 beato
1211 430 1374 483 Paulo
1400 430 1650 484 clamanti
1681 471 1694 495 ,
1722 436 1771 495 Α
1802 429 2150 486 tecbumenus
2203 431 2254 486 in
2295 428 2505 485 ﬁdelem
2550 438 2606 484 εἰς
2659 429 2839 502 utique
2887 428 3014 485 dum
3047 430 3228 502 incipit
3253 447 3373 490 esse

141 533 189 576 et
213 538 360 576 suam
389 524 807 594 gratulationem.
825 522 1092 591 profitenti
1115 539 1128 574 :
1155 521 1401 591 numquid
1428 522 1479 574 in
1502 523 1702 575 nomine

138 629 241 667 meo
289 615 526 685 baptizati
572 617 690 670 estis
721 614 768 684 (Ι
795 613 913 669 Cor.
961 629 1000 678 ι,
1047 613 1126 682 3)?
1168 613 1260 666 Ille
1302 612 1517 681 gaudet,
1561 612 1703 682 quod

139 704 265 761 duos
293 707 435 762 solos
465 717 518 762 et
546 723 702 760 unam
733 705 952 760 domum
981 702 1332 773 baptizaverit
1357 720 1369 755 :
1402 712 1458 758 et
1479 717 1576 757 vos
1604 716 1702 773 po-

139 799 284 869 pulos
327 799 659 870 rebaptizare
703 796 1074 861 centenditis;
1123 805 1176 850 et
1223 808 1473 865 peccasse
1513 808 1612 849 vos
1650 803 1704 848 et

139 907 355 962 peccare
376 893 639 964 gaudetis,
666 891 941 945 dicentes:
973 906 992 940 ι
1029 887 1156 959 quid
1195 888 1305 956 dat,
1337 888 1423 958 qui
1470 902 1573 943 non
1606 889 1701 941 ha-

140 987 222 1042 bet
242 989 384 1059 quod
406 987 532 1043 det?
566 1003 586 1038 ι
619 984 704 1040 cui
733 982 970 1039 creditur
999 983 1112 1052 ipse
1139 981 1232 1037 dat
1256 981 1398 1051 quod
1422 981 1660 1036 creditur
1679 1021 1698 1046 ,
1736 970 1738 972 ’

143 1096 240 1134 uon
264 1096 360 1149 per
388 1093 545 1148 quem
571 1076 832 1132 creditur.
882 1074 1116 1141 Denique
1141 1073 1241 1128 sub
1267 1074 1472 1129 Joanne
1499 1073 1704 1128 infinita

142 1169 421 1226 multitudo
443 1166 715 1222 hominum
739 1164 1000 1235 baptizata
1027 1173 1130 1231 est,
1156 1163 1270 1237 (56)
1303 1165 1524 1236 probate
1540 1165 1704 1220 Joan-

145 1275 256 1314 nem
287 1267 381 1312 aut
407 1258 679 1327 accepisse
709 1265 799 1310 aut
839 1255 1087 1310 habuisse
1115 1256 1254 1326 quod
1290 1256 1459 1310 daret.
1489 1255 1589 1310 Illo
1613 1270 1706 1309 au-

146 1359 243 1405 tem
273 1348 393 1421 (57)
418 1357 674 1418 operante
715 1345 878 1400 dabat
900 1346 1074 1410 Deus,
1122 1346 1210 1415 qui
1248 1345 1424 1400 dando
1449 1359 1554 1400 non
1583 1345 1706 1400 defi-

143 1442 242 1506 cit;
268 1451 327 1497 et
352 1455 492 1495 nunc
517 1440 858 1509 operantibus
873 1441 1078 1493 cunctis
1105 1438 1333 1493 humana
1355 1448 1480 1494 sunt
1502 1435 1667 1509 opera
1684 1479 1703 1508 ,

145 1534 230 1589 sed
255 1533 348 1588 Dei
378 1543 502 1588 sunt
531 1547 772 1597 munera.

212 1625 319 1680 VII.
341 1624 592 1696 Baptismi
617 1626 853 1698 gratiam,
875 1623 971 1678 Dei
983 1625 1193 1690 donum,
1211 1640 1314 1678 esse
1339 1639 1438 1677 non
1465 1623 1704 1689 hominis,

144 1717 221 1787 qui
250 1717 513 1787 operarius
540 1725 736 1768 tantum
755 1731 864 1768 esse
884 1715 1144 1786 probatur.
1167 1713 1363 1768 ——Jam
1392 1714 1520 1768 illud
1546 1728 1706 1783 quam

1803 523 1946 593 quod
1975 539 2077 577 non
2107 531 2241 587 erat,
2270 523 2464 578 desiuit
2491 538 2608 589 esse
2635 523 2775 595 quod
2807 523 2999 580 fuerat.
3030 524 3175 579 Lana
3202 535 3256 579 et
3284 539 3375 581 co-

1805 615 1970 670 lorem
2012 625 2179 671 mutat
2205 624 2259 670 et
2287 630 2480 670 nomen
2509 633 2523 669 :
2567 627 2620 671 et
2649 620 2808 673 homo
2835 628 2889 673 et
2917 618 3030 691 (65)
3060 619 3375 674 vocabulum

1804 715 1972 760 mutat
2000 704 2112 779 (64)
2162 715 2214 762 et
2259 717 2515 772 mentem,
2561 708 2946 765 consideranda
2993 719 3119 765 sunt
3146 710 3374 778 effecta,

1804 796 2136 852 retractanda
2181 805 2306 850 sunt
2352 796 2661 852 efficientia.
2705 800 2840 855 Dicis
2871 816 2902 856 a
2932 809 2983 856 te
3019 801 3200 856 datum
3231 814 3374 867 esse,

1805 886 1944 955 quod
1978 873 2136 941 homo
2162 887 2336 944 ﬁdelis
2362 887 2583 944 effectus
2612 897 2731 945 est:
2783 891 2828 945 si
2881 891 2983 957 hoc
3015 903 3181 948 towm
3228 903 3376 948 tuum

1807 984 1910 1041 est,
1941 975 2084 1030 dicat
2108 980 2462 1046 et'Operarius
2489 979 2676 1033 artifex
2708 995 2977 1050 purpurae,
3006 983 3146 1052 quod
3179 985 3376 1052 pretio-

1805 1081 1923 1122 sum
1948 1067 2185 1123 colorem
2215 1069 2268 1123 in
2299 1069 2411 1124 suis
2439 1071 2684 1126 manibus
2710 1071 2924 1142 haheat,
2961 1080 3016 1128 et
3054 1090 3158 1128 non
3186 1090 3377 1145 procu-

1804 1167 1888 1214 ret
1916 1160 2155 1228 pretiosa
2178 1158 2291 1229 (65)
2323 1161 2592 1230 pigmenta
2632 1177 2697 1217 ex
2728 1163 2943 1217 Oceano
2972 1164 3152 1218 multis
3173 1166 3374 1235 ignota,

1806 1250 2001 1322 quibus
2028 1252 2187 1306 tincta
2232 1252 2450 1317 vellera,
2495 1269 2588 1323 per
2626 1254 2861 1310 colorem
2886 1263 3301 1325 promoveantur.
3323 1258 3379 1311 in

1807 1342 2177 1398 admirabilem
2206 1343 2518 1414 dignitatem
2551 1363 2565 1399 :
2600 1361 2703 1400 non
2733 1346 2971 1402 admixto
2993 1347 3249 1418 sanguine
3272 1347 3380 1418 pis-

1807 1434 1903 1499 cis,
1937 1450 2222 1505 purpuram
2254 1435 2528 1513 solota‘ctu
2553 1437 2824 1492 conficiat.
2857 1439 2914 1493 Si
2949 1449 2971 1474 ε
2996 1437 3159 1508 igitur
3185 1453 3380 1523 opera-

1808 1527 1918 1581 rius
1945 1528 2046 1582 iste
2077 1537 2170 1597 per
2197 1536 2394 1583 tactum
2423 1530 2594 1584 solum
2620 1529 2747 1584 dare
2778 1531 3014 1586 colorem
3043 1545 3148 1585 non
3181 1539 3376 1600 potest,

1808 1616 1888 1672 sic
1923 1633 2024 1673 nec
2059 1621 2333 1687 Operarius
2375 1620 2741 1688 baptismatis,
2773 1636 2834 1676 ex
2881 1636 2940 1676 se
2970 1622 3088 1677 sine
3115 1621 3380 1677 Trinitate

1809 1707 1936 1762 dare
1958 1709 2154 1778 aliquid
2189 1718 2379 1778 potest.
2409 1711 2537 1765 Tale
2564 1719 2647 1766 est
2672 1711 2878 1777 ethoc,
2910 1711 3054 1769 unde
3084 1713 3242 1767 modo
3260 1728 3380 1768 cer-

144 1809 422 1864 ridiculum
445 1816 548 1874 est,
577 1808 716 1878 quod
743 1809 892 1877 quasi
920 1807 985 1861 ad
1006 1807 1226 1876 gloriam
1253 1815 1483 1861 vestram
1506 1820 1535 1860 a
1561 1805 1709 1859 vobis
1738 1814 1786 1873 Β
1813 1808 1986 1856 tamen
2012 1810 2112 1856 est.
2143 1800 2274 1856 Nam
2308 1803 2358 1856 in
2388 1818 2493 1871 quo
2521 1804 2922 1872 baptizarentur
2949 1815 3138 1875 gentes
3160 1847 3174 1872 ,
3199 1823 3228 1860 a
3261 1807 3378 1861 Sal-

147 1916 354 1972 sempcr
381 1900 594 1955 auditur
624 1916 637 1954 :
667 1917 686 1950 ‹
727 1903 826 1954 hoc
853 1913 1046 1954 munus
1076 1898 1407 1965 baptismatis
1433 1910 1553 1952 esse
1575 1896 1707 1966 dan-

146 1993 230 2058 tis,
261 1992 737 2061 non'accipientis:
773 2011 790 2044 ι
823 2000 877 2046 et
916 1993 1111 2046 utinam
1140 1990 1240 2044 hoc
1269 1990 1335 2045 de
1360 1989 1468 2044 Deo
1496 1989 1705 2044 dicere-

147 2087 232 2152 tis,
273 2085 362 2154 qui
396 2084 552 2154 hujus
601 2084 675 2140 rei
705 2082 862 2137 dator
899 2092 999 2138 est.
1043 2081 1147 2136 Sed
1186 2079 1328 2150 quod
1358 2080 1577 2134 stultum
1606 2088 1707 2145 est,

146 2191 236 2232 vos
263 2175 442 2231 dicitis
491 2189 611 2230 esse
637 2174 874 2229 datores.
905 2172 963 2228 Si
994 2173 1064 2226 ita
1091 2181 1195 2236 est,
1224 2179 1280 2224 et
1317 2183 1413 2224 nos
1441 2179 1493 2223 et
1515 2184 1611 2223 vos
1636 2178 1712 2222 te-

148 2281 366 2322 neamus
394 2266 630 2336 singulos
655 2264 909 2335 gentiles:
931 2277 1026 2317 vos
1051 2263 1138 2332 qui
1163 2275 1257 2316 vos
1278 2268 1493 2315 sanctos
1512 2259 1709 2325 dicitis,

148 2357 473 2427 interrogate
519 2370 642 2411 eum
670 2370 828 2424 quem
859 2353 1076 2419 tenetis,
1109 2367 1178 2406 an
1205 2351 1475 2406 renuntiet
1499 2349 1714 2404 diabolo

147 2435 695 2512 ctcredatDomino;
740 2455 794 2502 et
824 2446 912 2501 ille
939 2446 1101 2510 dicat,
1152 2444 1294 2497 nolo.
1347 2443 1568 2506 Contra,
1618 2457 1716 2496 nos

152 2551 459 2613 peccatores
500 2540 583 2611 (ut
625 2538 809 2609 vultis)
860 2539 1247 2607 interrogemus
1290 2536 1518 2590 alterum
1546 2536 1718 2604 genti-

152 2635 275 2700 lem,
307 2649 375 2687 an
405 2633 677 2686 renuntiet
707 2628 921 2684 diabolo
950 2637 1004 2683 et
1031 2627 1214 2683 credat
1246 2625 1374 2690 Deo,
1401 2635 1530 2693 etc.,
1558 2633 1612 2680 et
1636 2624 1717 2678 di-

151 2734 252 2789 cat,
296 2722 546 2778 renuntio
572 2727 627 2775 et
651 2718 834 2784 credo,
861 2728 987 2782 etc.,
1033 2727 1143 2772 tum
1175 2731 1270 2771 vos
1299 2715 1510 2786 tingatis
1534 2715 1718 2769 nolen-

153 2823 276 2880 tcm,
327 2827 429 2868 nos
465 2811 769 2866 volentem:
813 2808 1054 2874 dicatur,
1097 2809 1214 2877 quis
1245 2822 1429 2880 eorum
1458 2806 1624 2875 possit
1651 2806 1718 2860 ad

154 2905 244 2959 Dei
281 2903 510 2972 gratiam
542 2890 829 2971 pertinere.
881 2893 1080 2967 Utique
1104 2899 1218 2956 sine
1256 2896 1416 2950 dubio
1457 2896 1546 2949 ille
1577 2904 1601 2931 α
1627 2895 1717 2964 qui

152 2994 395 3060 crcditb,
428 3009 533 3049 non
580 2991 712 3059 ille,’
736 3006 832 3060 pro
879 2990 1031 3060 cujus
1074 2989 1344 3044 voluntate
1394 2990 1473 3056 (ut
1518 2986 1715 3056 dicitis)

154 3089 411 3143 sanctitas
440 3096 613 3140 vestra
637 3082 894 3138 succedit.
918 3082 1204 3153 Operarios
1229 3097 1324 3135 vos
1351 3095 1489 3146 esse,
1519 3080 1602 3133 vel
1634 3095 1718 3134 sc-

1811 1903 1995 1948 vatore
2017 1894 2326 1949 mandatum
2352 1904 2431 1949 est
2458 1912 2470 1948 :
2498 1911 2592 1966 per
2611 1911 2766 1966 quem
2790 1896 3210 1965 baptizarentur,
3238 1898 3384 1952 nulla

1811 1987 2162 2055 exceptione,
2213 1986 2503 2042 discretum
2557 1998 2656 2043 est.
2707 1988 2822 2044 Non
2855 1990 2988 2056 dixit
3033 1980 3385 2060 Apostolus:

1809 2094 1896 2131 vos
1924 2078 2095 2147 facite,
2125 2078 2214 2130 alii
2244 2094 2343 2131 non
2370 2079 2558 2147 faciant
2584 2080 2868 2149 aquisquis
2893 2081 2945 2134 in
2968 2081 3183 2136 nomine
3210 2081 3382 2138 Patris

1810 2179 1864 2222 et
1893 2168 2010 2222 Filii
2034 2177 2084 2222 et
2115 2167 2346 2236 Spiritus
2375 2168 2548 2223 sancti
2573 2168 2928 2236 baptizaverit
2949 2211 2965 2237 ,
2993 2171 3380 2239 Apostolorum

1811 2274 1947 2328 opus
1977 2258 2237 2328 implevit.
2268 2258 2527 2328 Denique
2577 2260 2774 2314 lectum
2821 2267 2907 2314 est
2950 2259 3001 2315 in
3047 2261 3337 2332 Evangelio
3364 2303 3381 2330 ,

1812 2348 2018 2404 Joanne
2043 2348 2291 2404 dicente:
2329 2349 2592 2419 Magister,
2636 2352 2851 2407 vidimus
2896 2353 3162 2423 quemdam
3205 2355 3260 2409 in
3297 2372 3388 2409 no-

1815 2440 1948 2493 mine
1971 2450 2057 2493 tua
2097 2441 2426 2511 expellentem
2453 2441 2705 2496 dtemonia
2727 2484 2742 2508 ,
2786 2452 2832 2497 et
2861 2444 3206 2514 prohibuimus
3232 2463 3344 2501 eum
3368 2487 3384 2512 ,

1815 2533 1931 2601 quia
1954 2549 2054 2586 non
2081 2534 2305 2601 sequitur
2328 2534 2583 2588 nobiscum
2604 2553 2624 2589 :
2665 2537 2742 2590 sic
2781 2535 3023 2593 Christus
3062 2539 3138 2592 ait
3166 2557 3192 2609 τε
3226 2541 3386 2594 nolite

1815 2622 2076 2693 prohibere
2102 2637 2121 2677 :
2150 2625 2235 2692 qui
2263 2624 2393 2677 enim
2420 2641 2521 2679 non
2566 2635 2637 2679 est
2676 2636 2853 2681 contra
2883 2643 3000 2694 vos,
3032 2645 3122 2696 pro
3153 2629 3289 2683 vobis
3315 2639 3388 2684 est

1823 2711 1998 2781 (Luca:
2020 2728 2072 2766 ix
2095 2752 2109 2778 ,
2141 2712 2249 2783 37).
2292 2713 2425 2768 Nam
2455 2723 2508 2768 et
2539 2715 2667 2785 ipsis
2713 2716 2793 2771 sic
2833 2718 3136 2773 mandatum
3184 2729 3300 2788 est,
3330 2728 3390 2776 ut

1817 2819 1952 2874 Opus
1973 2814 2118 2859 esset
2148 2805 2357 2860 illorum
2383 2847 2397 2872 ,
2429 2808 2783 2865 sanctificatio
2826 2810 3140 2878 Trinitatis;
3186 2827 3288 2869 nec
3334 2814 3389 2870 in

1820 2896 2035 2952 nomine
2064 2914 2161 2953 suo
2192 2898 2480 2968 tingerent;
2512 2900 2603 2954 sed
2635 2901 2685 2955 in
2718 2903 2935 2958 nomine
2968 2903 3139 2960 Patris
3184 2914 3239 2961 et
3269 2904 3389 2962 Filii

1765 3018 1773 3027 κ
1819 2997 1874 3043 ct
1895 2988 2123 3058 Spiritus
2146 2991 2314 3045 sancti
2345 3011 2357 3043 :
2388 3007 2516 3060 ergo
2544 3007 2736 3048 nomen
2769 3004 2851 3049 est
2875 2995 3016 3065 quod
3042 2996 3344 3079 sanctificat
3371 3039 3388 3065 ,

1821 3099 1927 3136 non
1953 3093 2086 3151 opus
2118 3079 2160 3136 ί.
2207 3081 2489 3153 lutclligite
2528 3085 2636 3155 87
2675 3101 2800 3150 vos,
2841 3087 2927 3142 vel
2952 3102 3092 3156 sero,
3121 3091 3396 3159 operarios

153 3197 210 3236 ro
237 3180 546 3251 cognoscite
570 3196 583 3230 :
616 3186 706 3230 aut
729 3177 771 3230 si
801 3176 852 3228 in
879 3175 1125 3245 cperario
1151 3183 1233 3228 est
1263 3188 1346 3227 res
1371 3173 1508 3241 ipsa,
1540 3182 1712 3227 etnon
1741 3173 1785 3236 C
1817 3186 1934 3227 esse
1957 3213 1971 3235 ,
2002 3188 2103 3225 non
2126 3171 2401 3228 dominos:
2423 3176 2534 3229 etsi
2555 3176 2792 3231 Ecclesia
2810 3178 2962 3239 vinea
2979 3178 3232 3244 est,vites
3268 3190 3397 3236 sunt

153 3273 201 3327 in
228 3287 286 3326 se
313 3288 328 3336 ;
362 3272 466 3324 hoc
490 3268 591 3324 sibi
618 3266 890 3320 vindicent
910 3263 1069 3334 aliqui
1100 3263 1344 3316 homines
1376 3262 1485 3333 (58)
1512 3263 1564 3316 in
1592 3263 1718 3316 arti-

155 3366 247 3417 bus
267 3361 404 3427 suis,
431 3370 484 3414 ut
512 3361 632 3429 quia
661 3358 735 3411 sic
759 3356 1081 3425 provocatis,
1105 3356 1168 3407 ad
1197 3369 1280 3408 res
1307 3354 1534 3417 divinas,
1559 3353 1717 3407 etiam

155 3463 294 3509 artes
315 3464 691 3521 comparemus
723 3448 1015 3502 humanas:
1048 3442 1161 3516 (59)
1191 3460 1310 3499 cum
1343 3445 1608 3513 pretiosus
1640 3445 1722 3497 in-

156 3545 322 3599 ficitur
343 3543 514 3606 color,
548 3548 734 3594 natura
762 3553 905 3607 smpe
934 3536 1281 3599 convertitur,
1310 3535 1422 3605 (60)
1445 3535 1568 3588 dum
1596 3549 1723 3589 con-

156 3637 386 3692 fectione
418 3646 439 3672 ο
465 3634 632 3688 vellus
657 3629 937 3684 candidum
964 3628 1298 3697 purpurascit
1326 3643 1338 3680 :
1364 3624 1477 3696 (GI)
1505 3626 1581 3680 sic
1603 3627 1722 3681 alba

157 3729 272 3783 lana
291 3726 528 3798 regalem
560 3723 749 3778 transit
777 3726 830 3776 in
862 3735 1166 3792 purpuram,
1194 3717 1309 3792 (δὲ)
1337 3719 1604 3789 quomodo
1634 3733 1722 3772 ca-

1775 3271 1778 3275 '
1819 3261 2063 3318 homines
2094 3272 2148 3318 et
2175 3265 2402 3319 ordinati
2435 3267 2700 3334 cultores,
2734 3269 2858 3339 quid
2883 3269 2934 3322 in
2966 3268 3260 3326 dominium
3302 3288 3393 3342 pa-

1823 3354 2146 3409 trislamilias
2182 3355 2423 3411 irruitis?
2463 3359 2590 3428 quid
2632 3359 2810 3422 vobis,
2842 3360 2981 3429 quod
3017 3359 3109 3416 Dei
3143 3370 3254 3428 est,
3285 3362 3396 3417 vin-

1822 3445 2046 3501 dicatis?
2095 3448 2218 3516 quid
2267 3449 2425 3504 vultis
2462 3460 2699 3504 vestrum
2747 3467 2867 3506 esse
2911 3460 3114 3519 totum,
3162 3453 3250 3509 ubi
3294 3469 3397 3511 nec

1826 3548 2028 3606 partem
2060 3537 2256 3594 habere
2287 3541 2544 3608 potestis?
2577 3557 2694 3595 nam
2731 3553 2945 3611 propter
2975 3555 3233 3600 tumorem
3277 3559 3396 3600 ves-

1825 3636 1999 3692 trum,
2031 3644 2134 3698 quo
2173 3629 2223 3686 in
2263 3644 2360 3684 nos
2397 3631 2777 3699 intumescitis,
2817 3633 3052 3702 increpat
3091 3632 3394 3697 Corinthios

1826 3719 2162 3775 beatissimus
2199 3719 2393 3774 Paulus
2432 3738 2444 3774 :
2487 3721 2537 3774 in
2577 3736 2636 3776 se
2673 3729 2727 3776 et
2764 3722 2953 3792 Apollo
2990 3734 3143 3779 actus
3185 3732 3394 3793 tempo-

1377 3836 1751 3912 LECTIONES
1791 3855 2196 3912 mammas.

217 3982 243 4010 ⁸
278 3980 330 4030 In
355 3991 474 4028 mss.
493 3976 545 4024 S.
568 3973 624 4024 T.
653 3979 705 4022 et
725 3972 781 4033 Ρ.
801 3973 851 4033 S.
867 3969 960 4020 Hic
980 3970 1215 4032 adjicitur,
1237 3966 1555 4033 consequitur.

215 4043 240 4080 ιι
270 4043 322 4090 In
342 4055 434 4089 ms.
462 4038 514 4087 S.
539 4037 596 4086 G.
621 4032 845 4084 credidit.

216 4107 238 4135 °
265 4105 336 4152 Ita
378 4104 429 4150 in
475 4111 590 4149 mss.
634 4099 687 4150 S.
732 4095 792 4146 Τ.
834 4101 886 4145 et
928 4094 980 4143 S.
1029 4093 1087 4144 G.
1132 4091 1256 4141 Male
1301 4093 1350 4140 in
1389 4091 1563 4154 editis,
1612 4103 1726 4141 con-

157 4164 382 4216 vcetione.

1893 3966 1920 4033 ti
1941 3967 1994 4033 In
2015 3971 2100 4017 ms.
2123 3969 2174 4033 S.
2199 3969 2254 4018 Τ.
2281 3968 2505 4033 inﬁdelis.

1894 4032 1917 4059 °
1940 4031 2093 4079 Deest
2116 4032 2207 4080 ista
2233 4031 2394 4082 vox‘in
2415 4047 2503 4082 ms.
2530 4034 2580 4080 S.
2597 4033 2653 4083 Τ.
2675 4035 2761 4083 sed
2786 4035 2993 4087 habetur
3017 4038 3064 4085 in
3084 4050 3174 4086 ms.
3196 4038 3247 4088 S.
3271 4038 3331 4087 G.

1897 4089 2173 4159 f_Su_ppleta
2192 4099 2302 4159 sunt
2313 4094 2429 4159 Διιεῑξιῖ
2450 4108 2621 4159 exums.
2645 4097 2699 4146 S.
2725 4096 2785 4147 G.
2810 4111 2917 4159 qua)
2936 4099 3116 4149 desunt
3134 4101 3182 4149 in
3200 4100 3393 4159 mss._S.

1831 4151 1888 4202 T.
1909 4153 1962 4201 P.
1989 4151 2115 4203 SL'et
2131 4154 2182 4203 in
2201 4155 2448 4217 plerisque
2468 4156 2626 4207 editis.
2827 4151 2841 4159 ’
3322 4155 3335 4163 ’

1473 4255 1830 4314 VARIORUM
1866 4258 2092 4314 NOTAE.

225 4388 341 4459 (56)
372 4382 596 4459 Probate
619 4378 869 4459 Joannem
915 4374 1166 4459 habuisse.
1217 4370 1440 4459 Probate
1467 4369 1723 4424 Joannem

159 4445 408 4514 habuisse
437 4450 805 4520 remissionem
829 4445 1456 4520 peccatorum._A-Lm‘sp.‘
1500 4512 1521 4520 _
1558 4512 1570 4520 .

229 4510 344 4598 (Si?)
374 4525 482 4598 Illo
507 4528 738 4592 operante
763 4510 1211 4598 dabat'Deuswui
1228 4510 1728 4598 darido-deﬁgcit.‘ln‘i-

159 4579 438 4668 pia-plane
464 4579 575 4668 haec
603 4600 685 4644 est
714 4587 978 4668 sententia
1009 4579 1575 4668 nisi-interpretatione
1603 4579 1729 4668 sub:

158 4649 628 4728 ieni‘as.iDe/icere
671 4672 797 4726 ergo
843 4655 1009 4708 dando
1053 4662 1163 4728 est,
1198 4649 1407 4728 Acessare
1455 4651 1594 4703 dare.
1627 4649 1732 4728 .Sic

158 4720 352 4792 cessare
383 4720 557 4786 dando
588 4720 758 4801 dicitf
782 4741 888 4780 non
936 4723 1075 4792 quod
1122 4721 1388 4801 defectum
1441 4720 1728 4801 potentia),

158 4808 245 4861 scd
281 4803 574 4858 voluntatis
606 4799 656 4850 in
678 4806 895 4849 auctore
923 4802 1196 4862 agnoscat.
1229 4793 1438 4845 lucem.

1834 4388 2034 4451 puram,
2065 4375 2718 4451 quomodohcatechumenus
2749 4378 2800 4451 in
2824 4380 3044 4447 ﬁdelem.
3079 4381 3258 4451 Utique
3277 4384 3398 4436 dum

1832 4443 2042 4509 incipit,
2069 4453 2173 4498 etc.
2204 4443 2272 4499 Μ.
2299 4443 2527 4501 Casaun.
2560 4445 2643 4502 Ita
2673 4443 2951 4504 restitutum
2979 4468 3040 4505 ea:
3065 4443 3183 4506 mu:

1906 4513 2016 4592 (66)
2051 4512 2184 4592 Dum
2231 4519 2568 4572 conversione.
2599 4518 2786 4575 Nescio
2815 4537 2880 4573 an
2930 4521 3207 4592 legendum
3251 4537 3398 4577 com-

1756 4593 1810 4652 1)
1835 4584 2110 4638 mixtione.
2141 4589 2365 4641 Messe.

1905 4654 2038 4730 Ibid.
2064 4653 2199 4730 Dum
2227 4658 2542 4730 convectione
2572 4658 2730 4713 vellus
2753 4659 3023 4714 candidum
3051 4663 3392 4730 purpurascit.

1833 4721 2074 4778 Pessime
2101 4723 2236 4778 ullus
2263 4728 2381 4799 ἀντὶᾼ
2399 4735 2490 4783 τοῦ
2522 4729 2679 4782 veilus
2707 4721 3091 4796 circumfertur,
3137 4721 3276 4799 quod
3313 4733 3398 4788 vel

1833 4809 1978 4869 ceco
2027 4805 2298 4869 appareat.
2352 4796 2524 4862 Quare
2577 4799 2908 4853 continctionc
2954 4800 3079 4869 legit
3125 4796 3395 4859 Barthius.

226 4876 342 4947 (53)
370 4873 440 4926 In
471 4868 661 4922 artibus
689 4867 816 4920 suis.
843 4865 1088 4947 Colores,
1115 4862 1735 4947 nonhominespmutant
1834 4862 2130 4935 Contingere
2176 4865 2530 4922 anretianun
2597 4879 2678 4922 est
2714 4885 2728 4921 :
2779 4869 2912 4947 forte
2957 4862 3290 4940 confectione.

159 4929 338 5007 Iau‘asi
367 4944 441 4996 ita
476 4951 751 5007 aqua,non
784 4949 1008 5004 persona
1039 4931 1377 4999 baptizantis,
1410 4937 1574 4983 mutat
1600 4929 1733 4998 bap-

161 5019 396 5069 tizatum.
434 5013 675 5064 Amsr;

228 5086 343 5152 (59)
371 5081 516 5152 Cant
532 5077 776 5149 pretiosus
805 5074 1029 5152 inﬁcitur
1058 5071 1195 5151 color
1213 5112 1226 5131 ,
1245 5079 1348 5151 etc.
1372 5069 1485 5152 Ῥινο
1523 5085 1726 5152 οοηυρςέ

161 5141 290 5210 tione
323 5141 610 5221 legendum
650 5161 768 5221 esse
813 5144 1119 5214 confectione
1158 5141 1729 5221 jampridemnmonuit

161 5210 479 5294 Railulphus
511 5216 834 5294 Fornierius,
869 5210 1427 5294 rerumquotidianar.
1458 5211 1545 5262 lib.
1576 5224 1642 5269 ιι.
1675 5224 1724 5288 c.

163 5299 212 5351 6.
239 5282 394 5361 Quod
425 5290 530 5345 etsi
551 5286 895 5361 improprium
925 5285 991 5361 sit
1013 5325 1027 5349 ,
1046 5282 1188 5361 infici
1215 5282 1502 5361 ellilll‘Iltllll.
1518 5282 1727 5361 proprie

163 5349 372 5426 dicﬁur,
416 5375 528 5414 non
578 5349 759 5422 conﬁci
780 5397 793 5419 ,
826 5353 964 5420 quod
1011 5351 1149 5403 aliud
1180 5358 1261 5404 est
1290 5368 1301 5402 :
1333 5349 1503 5416 Optati
1550 5357 1725 5428 tamen

164 5449 277 5489 esse
298 5427 661 5486 certissimum
690 5431 801 5482 est.
820 5438 950 5492 lcum
994 5430 1173 5488 postea
1205 5431 1618 5492 quoquepancis
1647 5433 1726 5492 i_n-

164 5486 398 5568 terjectis
429 5504 721 5568 repetatur.
770 5486 958 5568 Totum
996 5486 1178 5567 autem
1226 5486 1396 5568 hunc,
1428 5486 1600 5568 locum
1628 5488 1722 5568 lita

165 5555 287 5642 pilio
317 5555 795 5638 distinguendum:
849 5558 976 5642 Cu‘m
1022 5559 1264 5642 pretiosus
1317 5555 1534 5642 in/tc‘i'tur
1561 5555 1723 5642 δοιοί,

167 5623 344 5692 natura
371 5623 517 5702 ια’ρὲ
544 5623 1346 5702 εοηυενιὶιηνε.άιι-ηιτοηίεςιίοηε
1365 5623 1724 5702 velluscandi-

168 5711 290 5764 dum
318 5693 670 5778 purpurascit.
702 5699 788 5754 Sic
813 5696 926 5749 alba
953 5695 1287 5764 laitaz'egalcm
1322 5695 1495 5746 transit
1519 5693 1572 5744 in
1594 5709 1721 5760 pur-

1903 5003 2134 5080 (6I)_Sic
2163 5006 2277 5058 alba
2305 5006 2422 5058 lana
2448 4937 3242 5080 regalemtransiingzspmpuram.
3269 5011 3404 5070 Boe-

1833 5073 1938 5129 tius
1964 5091 1977 5127 :
2006 5075 2167 5145 Reges
2192 5091 2416 5144 purpura
2445 5073 2708 5129 ministrat.
2744 5073 2955 5133 luce:an

1903 5164 2016 5234 (62)
2058 5164 2319 5229 Quomodo
2345 5163 2746 5221 catechumenus.
2773 5168 3001 5240 Elegans
3044 5175 3398 5241 comparatio.

1901 5303 2011 5375 (65)
2045 5301 2368 5356 Vocabulum.
2403 5303 2480 5358 Ex
2534 5304 2748 5378 Pagano
2804 5312 2861 5364 lit
2904 5243 3258 5366 Chriaigtizz:

3025 5383 3252 5436 ALBASP.

1899 5462 2012 5532 (64)
2045 5461 2110 5515 Et
2151 5475 2383 5539 mentem.
2415 5466 2549 5534 Quia
2585 5470 2904 5536 renascitur,
2937 5480 2983 5525 et
3029 5465 3140 5539 ejus
3172 5486 3322 5528 mens
3351 5481 3405 5528 et

1833 5542 2016 5587 natura
2038 5540 2305 5588 mutantur
2336 5538 2384 5588 in
2417 5539 2590 5606 aquis.
2625 5541 2855 5594 ALBASP.‘

1899 5622 2012 5694 (65)
2053 5621 2321 5701 Pigmenla
2349 5645 2410 5701 ea:
2437 5628 2654 5681 Oceano.
2700 5629 2864 5683 Piscis
2891 5628 3196 5698 sanguinem
3227 5631 3316 5701 qui
3351 5632 3402 5690 in

1828 5694 2038 5749 Oceano
2066 5694 2287 5766 capitur.
2334 5699 2554 5752 ΑιυΑιι».
