3828 6218
455 152 595 254 1065

1637 197 1879 255 SANCTI
1920 198 2169 256 ΟΡΤΑΊἹ
2207 199 2508 258 EPISCOPI

3559 202 3674 260 1064

451 310 678 365 familias
711 309 847 365 Deus
872 309 922 363 in
954 321 1055 362 suo
1090 309 1336 384 convivio
1378 321 1670 381 agnoscat,
1711 329 1831 367 cum
1877 328 2017 382 ριγη-
2046 315 2098 373 Α
2124 313 2258 379 bolo,
2285 324 2331 368 et
2349 315 2416 368 ad
2440 332 2518 369 me
2544 330 2813 372 conversus
2830 318 3032 389 lucrm;
3059 325 3108 372 et
3136 317 3375 371 dederam
3410 317 3497 371 tibi
3515 328 3674 371 vestem

446 402 621 458 sentia
653 411 677 438 ιι
709 402 992 455 multorum
1021 399 1280 468 gaudeat,
1311 408 1366 454 ct
1393 401 1461 455 de
1497 402 1798 472 aliquorum
1829 403 2024 456 absen-
2071 471 2074 473 ἓ

449 492 524 547 tia
549 491 909 547 contristetur.
960 489 1025 542 Et
1051 486 1078 550 ξ’
1109 489 1309 551 [nullos
1339 490 1482 544 dicat
1525 499 1745 548 vocatos
1766 531 1782 555 ,
1824 495 2024 561 paucos

447 600 575 642 vero
597 585 829 648 electos;
855 581 985 636 nihil
1012 581 1113 636 erit
1133 622 1146 646 ,
1184 582 1325 652 quod
1355 582 1624 638 irascatur
1657 591 1856 638 vestem
1885 599 2021 652 nup-

445 675 623 731 tialem
647 689 752 729 non
776 674 1013 741 habenti,
1039 673 1153 747 (75)
1178 689 1301 730 cum
1320 673 1491 731 Filius
1515 676 1610 731 Dei
1635 677 1748 744 ipse
1771 676 2022 731 Christus

442 768 760 836 sitsponsus
782 765 995 836 (Matth.
1045 767 1180 837 xm)
1214 783 1227 819 :
1259 775 1315 822 et
1342 769 1508 822 vestis
1535 776 1590 824 et
1620 769 1795 823 tunica
1833 778 2022 823 natans
2055 765 2068 772 ”

441 857 494 912 in
514 872 670 927 aqua,
694 871 813 927 qua:
839 858 1038 912 multos
1058 858 1324 914 vestiatet
1346 859 1586 926 infinitos
1607 868 1904 930 exspectet,
1923 872 2023 913 nec

438 947 718 1003 vestienda
762 948 995 1005 deficiat.
1045 947 1151 1005 Sed
1183 965 1252 1005 ne
1280 949 1404 1022 quis
1430 950 1609 1016 dicat,
1644 960 1848 1004 temere
1878 964 1907 1002 a
1935 962 2020 1002 me

439 1038 633 1094 Filium
664 1038 764 1095 Dei
796 1048 997 1096 vestem
1024 1054 1146 1095 esse
1174 1041 1399 1101 dictum.
1430 1041 1572 1109 legat
1601 1039 1913 1108 Apost‘olum
1940 1037 2020 1091 di-

435 1139 650 1187 centem
683 1141 971 1203 :-quotquot
1013 1133 1069 1185 in
1103 1118 1319 1186 nomine
1357 1129 1546 1186 Christi
1577 1131 1817 1200 baptizati
1862 1129 2014 1192 estis,

437 1223 699 1279 Christum
723 1225 962 1279 induistis
995 1235 1018 1264 °
1049 1221 1247 1296 (Galat.
1282 1237 1371 1288 ut,
1415 1221 1531 1294 27).
1577 1221 1621 1276 Ο
1652 1222 1829 1276 tunica
1869 1235 2016 1276 sem-

437 1333 533 1389 per
558 1333 660 1372 nna
691 1326 743 1372 et
769 1317 886 1390 (76)
909 1317 1287 1371 immutabilis!
1315 1330 1435 1384 quin
1459 1314 1716 1370 decenter
1745 1313 1940 1371 vestiat
1963 1321 2019 1368 et

435 1425 623 1484 omnes
661 1418 848 1464 aetates
889 1417 945 1464 et
965 1408 1200 1475 formas,
1231 1423 1330 1463 nec
1359 1408 1411 1462 in
1445 1406 1738 1463 infantibus
1777 1405 1891 1479 (77)
1922 1422 2013 1462 ru-

432 1514 610 1575 gatur,
637 1517 737 1559 nec
757 1504 812 1558 in
827 1501 1118 1571 juvenibus
1140 1502 1396 1570 tenditur,
1425 1516 1525 1557 nec
1550 1499 1666 1572 (78)
1694 1501 1748 1556 in
1782 1499 2017 1556 fmminis

434 1595 766 1650 immutatur.
815 1593 1004 1650 Aderit
1047 1589 1292 1662 profecto
1339 1591 1431 1647 ille
1477 1591 1631 1658 dies,
1667 1601 1729 1646 ut
1764 1592 2016 1647 crelestes

2127 406 2410 474 nuptialem
2443 423 2461 460 :
2489 417 2546 460 ut
2585 408 2708 475 quid
2735 409 2809 462 sic
2846 408 3026 461 venisti
3067 423 3164 459 non
3205 405 3398 460 habens
3435 407 3562 476 quod
3603 407 3676 460 tibi

2127 498 2294 552 dedi?
2323 499 2426 554 hoc
2472 500 2812 555 estdicere:
2845 512 3009 569 quare
3038 512 3143 552 non
3199 496 3368 552 habes
3422 497 3554 567 quod
3600 498 3672 553 tibi

2125 589 2289 645 dedi?
2309 586 2476 646 Nemo
2499 591 2639 645 enim
2667 598 2845 658 potest
2864 589 3016 642 irasci
3041 603 3147 642 non
3173 585 3395 642 babenti
3423 604 3553 653 rem,
3575 605 3675 660 qua:

2125 682 2246 736 data
2267 696 2372 735 non
2397 681 2487 736 sit.
2517 681 2726 734 Vestem
2755 677 3045 747 nuptialem
3074 678 3216 734 inter
3233 679 3365 734 istos
3394 694 3672 751 acceperas,

2125 780 2180 826 et
2207 770 2352 825 solus
2373 784 2477 822 non
2503 767 2668 822 habes
2684 767 2707 819 ?
2723 781 2890 835 quare
2918 767 3092 822 nudus
3118 777 3173 824 et
3197 768 3440 839 lugubris
3464 770 3636 825 venisti
3657 772 3674 823 ἲ

2123 860 2240 929 quis
2286 859 2378 912 tibi
2425 858 2656 912 detraxit
2701 857 2912 925 spolia?
2942 873 3074 928 quas
3129 859 3498 915 fraudulentas
3539 859 3674 914 adisti

2121 951 2340 1006 fauces?
2385 965 2522 1020 quos
2576 947 2850 1005 incurristi
2898 949 3179 1007 latrones?
3234 934 3508 1022 Quotquot
3559 953 3675 1008 tales

2120 1041 2328 1096 venturi
2371 1037 2582 1107 sunt“,
2618 1041 2794 1095 locum
2840 1041 2893 1096 in
2937 1041 3030 1098 illo
3071 1043 3320 1099 convivio
3359 1055 3476 1098 non
3532 1043 3675 1099 liabe-

2117 1134 2254 1190 bunt
2284 1144 2332 1188 ο.
2593 1133 2602 1140 “

2189 1224 2281 1279 XI.
2314 1223 2440 1280 Cum
2477 1233 2705 1280 mortuos
2746 1227 2971 1298 infantes
3021 1227 3342 1296 rebaptizare
3372 1245 3472 1283 non
3508 1235 3678 1301 possint

2119 1317 2429 1385 Donatistw,
2460 1336 2552 1372 cur
2579 1321 2795 1374 viventes
2817 1320 3172 1391 rebaptizant.’
3198 1352 3269 1362 —
3302 1323 3364 1377 Et
3391 1331 3448 1377 ut
3472 1324 3550 1377 vel
3573 1338 3679 1378 sero

2118 1411 2492 1481 compendium
2529 1411 2740 1477 faciam,
2769 1413 2933 1468 credo
2953 1413 3116 1468 etiam
3154 1413 3259 1470 hoc
3281 1414 3558 1478 sufficere;
3590 1415 3676 1469 etsi

2118 1511 2200 1559 tot
2216 1505 2569 1574 probationes
2593 1505 2814 1561 minime
2833 1505 3169 1561 diceremus:
3189 1505 3342 1561 vobis
3365 1506 3674 1572 absentibus,

2120 1597 2482 1652 verbo-tenus
2522 1599 2774 1668 baptizati
2816 1606 2944 1654 sunt
2983 1599 3170 1654 mille:
3199 1586 3382 1654 ex‘liis
3426 1607 3563 1653 sorte
3598 1612 3677 1652 sua

433 1687 632 1762 nuptize
663 1685 918 1757 incipiant
956 1685 1258 1742 celebrari:
1283 1685 1390 1740 illic
1415 1686 1507 1755 qui
1539 1676 1802 1754 baptisma
1830 1681 2017 1754 singii-
2122 1687 2358 1744 defuncti
2390 1698 2516 1746 sunt
2555 1699 2796 1746 centum.
2846 1690 3127 1747 Abstinete
3175 1691 3462 1768 paulisper.
3489 1691 3553 1744 ab
3592 1691 3678 1744 hoc

431 1780 546 1834 lare
569 1778 923 1844 servaverint,
946 1777 1121 1833 securi
1145 1775 1507 1832 discumbent.
1531 1774 1671 1830 Nam
1693 1775 2017 1844 quicumque

432 1887 465 1927 a
483 1864 631 1929 vobis
651 1887 711 1928 se
735 1872 1055 1942 rebaptizari
1082 1867 1446 1934 consenserit,
1474 1867 1784 1937 liujusmodi
1805 1865 2012 1922 homini

433 1981 539 2021 non
571 1965 865 2036 denegatur
901 1948 1262 2027 resurrectio,
1291 1960 1416 2030 quia
1459 1959 1692 2015 credidit
1735 1961 1786 2014 in
1832 1974 2014 2018 resur-

431 2058 724 2123 rectionem
747 2057 924 2112 earnis
947 2073 962 2122 ;
989 2048 1233 2125 resurget
1259 2054 1477 2125 quidem
1499 2094 1514 2121 ,
1544 2053 1640 2110 sed
1672 2053 1871 2108 nudus.
1902 2051 2009 2108 Sed

427 2151 551 2222 quia
579 2149 801 2220 nuptiali
822 2160 970 2205 veste
994 2163 1025 2203 a
1047 2147 1200 2202 vobis
1219 2162 1280 2203 se
1299 2147 1558 2225 expoliari
1582 2147 1846 2218 permisit,
1871 2147 2006 2203 hanc

429 2241 828 2314 patrisfamilias
855 2240 1132 2296 auditurus
1163 2248 1246 2296 est
1271 2255 1458 2295 vocem
1492 2257 1505 2294 :
1536 2238 1655 2312 (79)
1683 2240 1874 2303 Amice,
1903 2240 2007 2296 hoc

2115 1782 2323 1838 scelere
2353 1797 2562 1837 manus.
2613 1781 2918 1845 Sanctitas,
2961 1789 3020 1836 ut
3045 1781 3256 1846 dicitis,
3291 1790 3497 1845 vestra,
3528 1785 3677 1851 primo

2113 1876 2398 1930 resuscitet
2427 1875 2702 1943 sepultos;
2731 1873 3018 1941 emendet,
3065 1873 3112 1927 si
3169 1882 3379 1943 potest,
3416 1883 3674 1935 mortuos;

2113 1974 2167 2020 et
2193 1966 2272 2020 sic
2297 1974 2601 2020 revertatur
2637 1965 2703 2018 ad
2734 1966 2903 2019 vivos.
2939 1964 2993 2019 Si
3025 1965 3555 2019 mortuossuscitare
3579 1980 3670 2017 non

2111 2057 2336 2127 potestis
2360 2097 2374 2120 ,
2409 2066 2464 2109 ut
2489 2056 2612 2124 quid
2637 2055 2942 2110 viventibus
2963 2053 3235 2109 conamini
3259 2069 3452 2131 manus
3473 2052 3675 2108 inferre?

2111 2148 2212 2204 nisi
2243 2157 2298 2202 ut
2324 2148 2661 2216 compleatur
2687 2146 2829 2217 quod
2862 2163 2956 2218 per
2974 2145 3326 2202 "Ezechielem
3367 2147 3670 2217 Prophetam

2108 2238 2321 2294 locutus
2344 2247 2428 2293 est
2453 2237 2594 2292 Deus
2613 2281 2628 2304 ,
2659 2237 2846 2291 dicens
2878 2253 2892 2291 :
2926 2246 2981 2290 ut
3002 2237 3291 2292 occiderent
3323 2237 3535 2305 animas,
3564 2255 3674 2308 quas

427 2342 514 2391 est
540 2335 743 2405 dicere,
769 2347 1004 2406 agnosco
1031 2340 1119 2400 te;
1147 2331 1428 2402 aliquando
1452 2333 1841 2387 renuntiaveras
1870 2329 2002 2385 Dia-
2105 2349 2206 2386 non
2231 2331 2457 2400 oportuit
2487 2332 2615 2384 mori
2641 2328 2857 2400 (Ezech.
2887 2345 2982 2385 χιιι
3003 2369 3019 2397 ,
3049 2329 3165 2402 19).

745 2445 753 2452 ’
1655 2446 1952 2505 LECTION
1959 2445 2044 2504 ES
2075 2445 2488 2503 VARIANTES.

487 2569 516 2600 ⁸
551 2567 604 2618 in
625 2580 714 2617 ms.
739 2566 792 2615 S.
811 2566 872 2617 (ἱ.
892 2565 958 2616 ad
975 2565 1281 2628 praesentiam

484 2630 512 2671 ι’
555 2630 611 2681 In
633 2645 722 2681 ms.
745 2628 797 2678 S.
825 2628 884 2679 G.
911 2630 989 2678 Ut.

485 2695 511 2724 °
547 2693 602 2742 In
624 2705 712 2742 uis.
732 2692 782 2741 S.
819 2690 877 2740 G.
901 2704 981 2740 vos
1003 2688 1221 2741 vestistis.

487 2751 515 2794 ἀ
549 2754 600 2803 In
620 2767 710 2804 ms.
737 2753 790 2803 S.
817 2753 875 2804 G.
897 2752 1104 2810 additur,
1126 2749 1214 2801 hoc
1237 2748 1476 2812 exemplo.

549 2816 638 2868 Hic
654 2816 813 2867 linitur
834 2816 1031 2878 quintus
1056 2814 1182 2864 liber
1206 2816 1255 2863 in
1276 2813 1501 2864 omnibus
1521 2823 1640 2862 mss.
1680 2819 1733 2862 et
1771 2811 1998 2873 habetur,

2013 2567 2016 2570 '
2110 2558 2323 2623 Explicit
2342 2557 2460 2607 liber
2477 2557 2684 2623 quintus.
2704 2555 2834 2623 Quae
2848 2565 3135 2623 sequuntur,

3205 2558 3280 2606 uia
3299 2557 3357 2607 ad
3376 2558 3500 2608 hunc
3516 2558 3670 2607 librum

2111 2618 2733 2685 pertinent,_vlilenturque
2753 2618 3032 2685 hujuslibri
3059 2618 3322 2685 conclusio,
3347 2621 3600 2681 adiecimus
3616 2634 3670 2685 ex

2109 2682 2278 2795 egdice
2298 2682 2437 2756 S."G.
2458 2683 2506 2730 in
2523 2695 2620 2745 quo
2635 2683 2862 2743 superius
2899 2686 3040 2731 erant
3078 2683 3233 2745 posita
3258 2682 3365 2732 loco
3396 2695 3489 2731 non
3511 2696 3609 2743 suo,
3628 2683 3672 2731 ut

2108 2759 2138 2796 ο
2175 2756 2501 2795 servavnnus.

1753 2914 2117 2998 VARIORUM
2156 2915 2384 2972 norm.

500 3016 617 3088 (75)
638 3014 784 3088 Cum
811 3013 980 3068 Filius
997 3011 1232 3088 _Dei_ipse
1253 3011 1501 3088 Christus_
1525 3009 1591 3064 sit
1630 3019 1873 3088 sponsus,
1895 3018 1998 3065 etc.

422 3081 564 3142 Cave
597 3081 687 3143 tibi
716 3087 956 3155 impOnat
996 3083 1123 3155 illud
1146 3125 1160 3145 .
1187 3097 1308 3138 cum
1350 3081 1505 3155 quasi
1541 3096 1716 3155 causa:
1748 3081 1998 3155 praeiret,

397 3174 531 3222 Jion
575 3159 718 3212 enim
763 3151 977 3210 causam
1017 3153 1192 3208 reddit
1237 3153 1574 3222 superiorum
1617 3153 1874 3222 Optatos,
1907 3151 1998 3206 sed

2105 3025 2296 3091 recens
2324 3008 2620 3091 baptizatos
2649 3009 3154 3091 cingere_et.tegere
3185 3022 3304 3063 mos
3344 3006 3470 3091 _oli_m
3497 3023 3669 3090 .‘men-

2108 3082 2306 3136 tionem
2350 3079 2538 3144 faciat,
2570 3094 2689 3149 qua:
2719 3088 2775 3133 et
2815 3077 2881 3133 ad
2918 3077 3160 3148 ejusdem
3209 3079 3478 3149 parabolae
3516 3079 3667 3134 inter-

2106 3151 2456 3227 pretationem
2493 3152 2765 3218 pertinere
2795 3149 3064 3205 videntur.
3095 3149 3163 3204 Μ.
3197 3149 3423 3227 ΟΑεΑυιιτ
3466 3149 3621 3204 Locus
3642 3166 3669 3202 a

424 3218 567 3284 idem
593 3223 1167 3298 prosequitur,Aaddita
1189 3218 1366 3298 obiter
1396 3224 1560 3298 vestis
1589 3218 1730 3298 illius
1759 3221 1999 3298 descrip-
2027 3218 2072 3280 C
2106 3218 2553 3298 nobis‘rcstitutus.

425 3292 671 3363 tionc,'ct
698 3292 915 3368 inistica
943 3295 1330 3368 designatione,
1348 3309 1467 3368 quas
1491 3292 1743 3368 nimirum
1759 3293 2004 3368 Christus

424 3359 701 3438 ipse,’etc.
733 3359 806 3422 fta
835 3377 1012 3422 autem
1041 3359 1168 3436 puto
1192 3359 1477 3438 legendum
1502 3381 1514 3417 :
1548 3361 1698 3438 Nihil
1719 3374 1824 3417 erat
1848 3359 2004 3438 quod

423 3434 673 3494 irascatur
710 3448 892 3494 vestem
935 3434 1211 3508 nuptialem
1253 3453 1354 3489 non
1391 3434 1639 3508 habenti:
1686 3450 1798 3508 cum
1837 3434 2004 3488 Filius

338 3511 344 3516 ’
423 3509 520 3564 Dei
539 3512 647 3580 ipse
671 3510 734 3564 sit
755 3505 1077 3580 sponsus,'.et
1098 3509 1242 3561 vestis
1265 3547 1279 3572 ,
1310 3516 1357 3580 et
1389 3505 1582 3571 tunica,
1610 3514 1754 3558 natos
1779 3506 1834 3556 in
1872 3521 2005 3574 aqua

423 3581 507 3650 (id
545 3577 658 3644 est,
690 3577 970 3646 baptizatos
995 3619 1010 3646 ,
1051 3587 1109 3633 ut
1150 3591 1270 3634 mox
1315 3577 1740 3650 interpretatur:
1771 3589 1906 3644 quos
1936 3585 2006 3650 _et

423 3645 568 3707 natos
589 3692 604 3718 ,
636 3645 761 3706 alibi
790 3645 1002 3719 qucque
1035 3665 1139 3703 non
1181 3648 1347 3702 semel
1455 3661 1569 3716 qua:
1601 3647 1786 3719 mullos
1821 3645 2002 3719 vestiat

423 3733 471 3777 et
492 3714 621 3794 inﬂ,
643 3732 746 3794 etc.
772 3714 847 3777 Ita
881 3714 1075 3794 printer
1109 3720 1245 3794 alios
1287 3714 1555 3794 loquitur,
1586 3729 1638 3794 et
1670 3716 1852 3794 Victor
1884 3714 2000 3794 [lti-

424 3785 708 3860 cens'.,'de
752 3785 958 3862 persec.
995 3790 1273 3862 YAandalgic.
1306 3785 1410 3862 lib.
1468 3802 1557 3862 in,
1602 3785 2003 3862 de‘Elpidoforo

423 3857 651 3934 quodam
684 3857 924 3934 apostata
949 3878 962 3913 :
988 3859 1096 3934 Hic
1119 3860 1253 3934 enim
1281 3859 1497 3934 dudum,
1537 3857 1709 3925 inquit
1737 3857 1848 3920 ille,
1889 3857 2004 3924 [ue-

425 3928 503 3988 rat
523 3936 662 4002 apud
683 3928 772 3986 nos
794 3934 847 3985 in
877 3931 1104 3985 Ecclesia
1130 3928 1313 4002 Fausti
1344 3930 1653 4002 baptizatus,
1684 3944 1834 3996 quem
1853 3943 2002 3980 vene-

424 3999 599 4059 rabilis
623 4003 881 4058 Macarius
909 4003 1155 4055 diaconus
1181 4001 1243 4053 de
1262 3999 1399 4052 alveo
1431 3999 1585 4066 fontis
1611 4008 1897 4066 susceperat
1920 4015 2006 4066 ge-

426 4087 675 4128 neratum.
725 4073 890 4142 Cujus
936 4087 1000 4126 eo
1049 4071 1298 4142 libentius
1329 4068 1583 4142 memini,
1625 4068 1766 4136 quod
1812 4068 2001 4142 vellem

2185 3293 2298 3364 (76)
2340 3290 2792 3364 Innumerabilem.
2816 3290 3104 3360 Eleganter
3122 3307 3285 3347 unum
3318 3290 3508 3347 Christi
3537 3291 3653 3346 tuni-

2108 3362 2224 3418 cam
2257 3363 2408 3417 dicit.
2441 3362 2656 3416 lucem.

2180 3434 2294 3504 (77)
2339 3433 2588 3504 (iugatur.
2625 3431 2792 3504 Nimis
2824 3431 2967 3487 laxa.
2995 3432 3227 3504 Attus».

2180 3501 2293 3576 (78)
2333 3503 2400 3576 η
2425 3501 2644 3576 [amittis
2678 3503 2996 3576 immutatur.
3033 3501 3294 3559 Convenit
3324 3510 3377 3558 et
3397 3503 3555 3574 aptari
3583 3517 3662 3574 po-

2113 3572 2214 3630 test
2242 3572 2555 3628 mulieribus
2581 3581 2636 3626 et
2663 3573 2816 3627 viris.
2847 3572 3074 3628 ALBASP.

2183 3647 2298 3714 (79)
2339 3644 2530 3710 Amice,
2566 3644 2660 3697 hoc
2687 3654 2793 3708 est,
2826 3645 2991 3699 dicere
3026 3660 3274 3714 cognosco
3301 3655 3386 3711 te,
3416 3656 3516 3699 etc.
3538 3642 3658 3697 Nihil

2108 3713 2385 3771 confusius
2407 3716 2610 3783 aliquot
2649 3714 2794 3768 hisce
2835 3715 2990 3769 lineis
3036 3713 3099 3768 ut
3127 3713 3215 3770 hic
3245 3715 3403 3769 edita:
3431 3724 3577 3777 sunt,
3616 3721 3660 3766 et

2112 3787 2271 3856 vulgo
2300 3786 2546 3856 eduntur.
2580 3785 2685 3840 Sed
2709 3792 2761 3838 et
2792 3786 2986 3839 mendo
3013 3799 3119 3839 non
3143 3795 3348 3856 carent.
3375 3785 3550 3840 Scribe
3570 3783 3653 3853 igi-

2108 3855 2222 3919 tur,
2251 3872 2334 3911 me
2361 3855 2681 3925 spondente,
2711 3856 2872 3908 amice
2894 3873 2912 3909 :
2935 3858 3030 3910 hoc
3051 3863 3121 3909 est
3149 3855 3337 3919 dicere,
3366 3870 3592 3924 cognosco
3613 3862 3652 3925 te

2109 3926 2272 3996 (ideo
2297 3936 2351 3981 et
2374 3923 2608 3980 amicum
2654 3927 2920 3994 compello
2944 3966 2960 3991 ,
2991 3927 3230 3994 scilicet)
3259 3943 3374 3979 cum
3409 3923 3656 3994 aliquando

2108 3999 2492 4050 renuntiaveras
2535 3996 2750 4050 Diabolo
2777 4037 2791 4059 ,
2837 4006 2883 4050 et
2910 3996 2976 4048 ad
3004 4013 3083 4050 me
3113 4012 3383 4050 conversus
3405 3998 3590 4062 fueras,
3620 4002 3658 4043 et

2109 4067 2350 4137 dederam
2381 4067 2471 4120 tibi
2497 4077 2676 4120 vestem
2705 4067 2986 4137 nuptialem
3011 4105 3026 4130 ,
3056 4077 3108 4120 ut
3134 4068 3257 4134 quid
3282 4069 3355 4120 sic
3377 4065 3546 4119 venisti
3571 4078 3654 4114 non

2108 4136 2292 4190 habens
2323 4147 2507 4190 vestem
2551 4136 2869 4206 nuptialem?
2913 4139 3004 4190 hoc
3033 4147 3104 4190 est
3145 4138 3348 4202 dicere,
3391 4151 3540 4206 quare
3575 4148 3658 4206 non

2105 4208 2255 4261 habes
2278 4207 2411 4277 quod
2433 4209 2522 4260 tibi
2552 4208 2704 4260 dedi?
2734 4205 2900 4260 Nemo
2928 4208 3060 4260 enim
3091 4208 3246 4260 irasci
3283 4202 3437 4274 potest
3467 4221 3558 4260 non
3581 4202 3658 4253 hn-

2105 4278 2236 4349 benti
2267 4294 2371 4331 rem
2392 4318 2407 4342 ,
2443 4292 2556 4349 qua:
2595 4277 2714 4329 data
2754 4293 2854 4331 non
2881 4279 2965 4349 sit.
2989 4277 3203 4349 Vestem
3242 4278 3541 4349 nuptialem,
3566 4283 3654 4327 elc.

2100 4348 2170 4402 M.
2196 4347 2426 4403 CASAUB.
2459 4348 2739 4402 Restitutus
2760 4364 2789 4399 a
2811 4347 2955 4402 nobis
2977 4348 3142 4402 locus.

425 4145 543 4213 ejus
571 4145 731 4200 verba
768 4139 888 4197 cum
924 4139 1392 4213 0ptato_confe_rri
1423 4179 1436 4202 ,
1482 4153 1601 4213 cum
1650 4152 1753 4191 non
1786 4139 1998 4213 gemina

426 4207 623 4282 solum,
647 4230 710 4269 ac
740 4207 1267 4281 amplior—parabolae
1300 4209 1443 4282 illius
1473 4208 1551 4282 de_
1571 4217 1719 4262 veste
1748 4207 1996 4282 nuptiali,

426 4303 544 4355 qua:
573 4278 694 4341 mox
732 4286 784 4339 in
810 4278 1011 4354 Optato
1029 4282 1271 4355 sequitur
1307 4279 1631 4355 explicatio,
1659 4279 1817 4346 apud
1848 4278 1994 4355 illum

425 4350 632 4422 exetet;
665 4355 758 4412 sed
791 4350 1204 4418 etsabanorum,
1229 4353 1341 4407 sive
1373 4350 1775 4416 linteaininum,
1802 4350 1994 4419 quibus

454 4517 3629 4554 ~———-———-——————————-——-————_——-‘

1482 4647 1592 4718 90
1642 4649 1965 4722 LIBER
2040 4647 2485 4722 SEXTUS.

430 4821 498 4875 ιη
527 4820 619 4873 hoc
646 4825 782 4874 serto
811 4813 938 4869 libro
957 4810 1239 4868 ostenditur
1267 4816 1294 4845 α
1321 4808 1582 4881 episcOpos
1612 4806 1772 4875 partis
1811 4802 2000 4858 Donati
2039 4813 2215 4858 contra
2242 4804 2400 4876 legem
2429 4805 2640 4876 fregisse
2678 4804 2862 4859 altaria
2883 4845 2896 4869 ,
2925 4813 2972 4859 et
3011 4805 3383 4862 inconsiderate
3417 4805 3653 4874 con/lassa,

501 4923 548 4966 et
576 4911 759 4980 passim
787 4907 1064 4962 vendidisse
1090 4919 1210 4957 vasa
1234 4897 1508 4966 dominica,
1548 4907 1596 4951 et
1635 4896 1815 4950 lavisse
1851 4910 1963 4966 qua:
1993 4896 2213 4948 lavanda
2234 4910 2336 4948 non
2370 4905 2541 4961 erant,
2574 4906 2620 4949 et
2648 4896 2868 4951 mitellas
2897 4897 3081 4966 puellis
3104 4907 3354 4966 mutasse,
3402 4898 3460 4953 de
3497 4894 3655 4967 quibus

500 4999 652 5058 nulla
677 5000 924 5068 scriptura
952 4997 1153 5068 legitur.

503 5136 544 5191 Ι.
587 5132 750 5203 Impie
793 5145 851 5183 ac
900 5127 1048 5182 stulte
1096 5125 1393 5179 Donatistas
1434 5122 1621 5178 altaria
1670 5120 1883 5192 fregisse
1927 5117 2003 5172 vel
2032 5119 2083 5178 D
2108 5116 2225 5173 Jam
2257 5116 2343 5172 illa
2372 5118 2703 5174 ostendenda
2754 5130 2915 5188 sunt,
2942 5138 3062 5193 qua:
3107 5122 3396 5203 crudeliter
3419 5137 3480 5177 ac
3510 5115 3653 5176 stulte

430 5230 635 5284 rasisse.
662 5196 733 5264 ζ-
759 5221 829 5278 Ut
859 5219 986 5273 mihi
1015 5216 1220 5271 videtur
1246 5214 1274 5252 b
1299 5256 1312 5280 ,
1341 5215 1543 5285 liquido
1573 5213 1998 5274 demonstratum
2107 5225 2204 5265 vos
2235 5211 2444 5275 fecisse,
2479 5227 2673 5283 negare
2700 5214 2919 5283 minime
2945 5213 3212 5284 poteritis.
3240 5196 3375 5283 Quid
3400 5214 3530 5270 enim
3557 5219 3650 5263 tam

432 5335 544 5393 est,
595 5325 648 5378 in
687 5315 881 5376 divinis
925 5311 1276 5370 sacranienlis
1317 5312 1440 5380 quid
1487 5310 1690 5366 nefarie
1739 5309 1994 5364 feceritis.
2107 5302 2428 5372 sacrilegum
2466 5346 2480 5369 ,
2529 5321 2687 5375 quam
2709 5306 2892 5360 altaria
2923 5306 3013 5362 Dei
3040 5307 3130 5378 (in
3155 5308 3346 5378 quibus
3371 5315 3421 5361 et
3454 5317 3541 5360 vos
3567 5301 3650 5355 ali-

1661 5419 2034 5478 LECTIONES
2073 5399 2488 5475 VARIANTES.

496 5535 523 5564 ⁸
556 5531 608 5581 In
632 5541 746 5579 mss.
777 5526 834 5574 Β.
859 5522 915 5571 'l‘.
945 5525 996 5568 et
1014 5519 1073 5581 Ρ,
1098 5517 1150 5565 S.
1177 5511 1438 5581 continetur
1459 5512 1544 5581 hoc
1569 5519 1654 5573 est,
1680 5513 1734 5562 in
1752 5511 1912 5562 ms.S.
1941 5510 2000 5561 G.

2121 5508 2301 5581 ἱρείη
2325 5509 2843 5581 editiandubitanter
2867 5512 3070 5581 liquido.

436 5569 1149 5648 oszeiiiitiiiﬁf391:;ngch
1171 5583 1266 5648 est,
1284 5573 1525 5646 Episcopi.
1642 5569 1651 5573 ⁷
1720 5637 1748 5648 Π
1792 5636 1829 5648 m
1911 5639 1920 5648 .
1945 5634 1981 5648 ﬂ
2167 5571 2190 5600 ο
2225 5569 2280 5619 In
2304 5584 2394 5620 ms.
2420 5569 2549 5624 S.’G.
2573 5576 2761 5626 additur
2785 5577 2862 5628 hic
2878 5569 3140 5629 admissum
3161 5574 3240 5630 sit.

501 5634 808 5706 ιζ”ἰὶῖἰὶῐίιιέέ
830 5649 882 5698 S.
907 5645 964 5697 G.
990 5634 1138 5705 longe
1157 5634 1334 5690 melius
1349 5634 1491 5699 quam
1515 5639 1565 5687 in
1582 5649 1696 5685 mss.
1720 5637 1770 5685 S.
1792 5636 1849 5685 T.
1877 5639 1927 5683 et
1945 5634 2001 5684 P.
2808 5672 2810 5674 _
