  <div class='ocr_page' id='page_1' title='image "/cluster/home/n/w/nwhite01/storage/ocr_20150623/11/uva.x000826576/545.png"; bbox 0 0 3828 6218; ppageno 0'>
   <div class='ocr_carea' id='block_1_1' title="bbox 343 375 473 436">
    <p class='ocr_par' dir='ltr' id='par_1_1' title="bbox 343 375 473 436">
     <span class='ocr_line' id='line_1_1' title="bbox 343 375 473 436; baseline -0.046 0"><span class='ocrx_word' id='word_1_1' title='bbox 343 375 473 436; x_wconf 74' lang='grc'><strong>1071</strong></span> 
     </span>
    </p>
   </div>
   <div class='ocr_carea' id='block_1_2' title="bbox 1441 360 2416 422">
    <p class='ocr_par' dir='ltr' id='par_1_2' title="bbox 1441 360 2416 422">
     <span class='ocr_line' id='line_1_2' title="bbox 1441 360 2416 422; baseline -0.004 -1"><span class='ocrx_word' id='word_1_2' title='bbox 1441 370 1449 376; x_wconf 88' lang='grc'><em>’</em></span> <span class='ocrx_word' id='word_1_3' title='bbox 1541 362 1784 422; x_wconf 81' lang='lat' dir='ltr'><strong>SANCTI</strong></span> <span class='ocrx_word' id='word_1_4' title='bbox 1822 361 2073 421; x_wconf 77' lang='lat' dir='ltr'><strong>OPTATI</strong></span> <span class='ocrx_word' id='word_1_5' title='bbox 2110 360 2416 420; x_wconf 80' lang='lat' dir='ltr'><strong>EPISCOPI</strong></span> 
     </span>
    </p>
   </div>
   <div class='ocr_carea' id='block_1_3' title="bbox 3473 357 3634 414">
    <p class='ocr_par' dir='ltr' id='par_1_3' title="bbox 3473 357 3634 414">
     <span class='ocr_line' id='line_1_3' title="bbox 3473 357 3634 414; baseline -0.019 0"><span class='ocrx_word' id='word_1_6' title='bbox 3473 357 3634 414; x_wconf 68' lang='lat'><strong>1072</strong></span> 
     </span>
    </p>
   </div>
   <div class='ocr_carea' id='block_1_4' title="bbox 345 471 3627 564">
    <p class='ocr_par' dir='ltr' id='par_1_4' title="bbox 345 471 3627 564">
     <span class='ocr_line' id='line_1_4' title="bbox 345 471 3627 564; baseline -0.008 -16"><span class='ocrx_word' id='word_1_7' title='bbox 345 491 658 564; x_wconf 80' lang='lat' dir='ltr'><strong>prophetam</strong></span> <span class='ocrx_word' id='word_1_8' title='bbox 687 500 844 560; x_wconf 83' lang='lat' dir='ltr'><strong>posse</strong></span> <span class='ocrx_word' id='word_1_9' title='bbox 888 485 1247 542; x_wconf 81' lang='lat' dir='ltr'><strong>succurrere?</strong></span> <span class='ocrx_word' id='word_1_10' title='bbox 1277 480 1389 556; x_wconf 80' lang='grc'><strong>(45)</strong></span> <span class='ocrx_word' id='word_1_11' title='bbox 1438 482 1604 554; x_wconf 90' lang='lat' dir='ltr'><strong>Igitur</strong></span> <span class='ocrx_word' id='word_1_12' title='bbox 1630 483 1816 537; x_wconf 89' lang='lat' dir='ltr'><strong>altaria</strong></span> <span class='ocrx_word' id='word_1_13' title='bbox 1867 488 1920 536; x_wconf 90' lang='lat' dir='ltr'><strong>et</strong></span> <span class='ocrx_word' id='word_1_14' title='bbox 1947 482 1996 541; x_wconf 78' lang='grc' dir='ltr'><strong>Α</strong></span> <span class='ocrx_word' id='word_1_15' title='bbox 2025 497 2188 534; x_wconf 86' lang='lat' dir='ltr'><strong>meum</strong></span> <span class='ocrx_word' id='word_1_16' title='bbox 2226 481 2332 534; x_wconf 86' lang='lat' dir='ltr'><strong>illic</strong></span> <span class='ocrx_word' id='word_1_17' title='bbox 2372 479 2659 533; x_wconf 80' lang='lat' dir='ltr'><strong>invocatum</strong></span> <span class='ocrx_word' id='word_1_18' title='bbox 2686 485 2758 529; x_wconf 87' lang='lat' dir='ltr'><strong>est</strong></span> <span class='ocrx_word' id='word_1_19' title='bbox 2777 515 2791 541; x_wconf 95' lang='lat'><strong>,</strong></span> <span class='ocrx_word' id='word_1_20' title='bbox 2821 473 2942 528; x_wconf 88' lang='lat' dir='ltr'><strong>dicit</strong></span> <span class='ocrx_word' id='word_1_21' title='bbox 2961 471 3112 528; x_wconf 87' lang='lat' dir='ltr'><strong>&#39;Deus</strong></span> <span class='ocrx_word' id='word_1_22' title='bbox 3135 471 3154 546; x_wconf 97' lang='lat'><strong>(</strong></span> <span class='ocrx_word' id='word_1_23' title='bbox 3179 471 3340 526; x_wconf 84' lang='lat' dir='ltr'><strong>Num&#39;</strong></span> <span class='ocrx_word' id='word_1_24' title='bbox 3369 487 3489 536; x_wconf 77' lang='lat' dir='ltr'><strong>xvi,</strong></span> <span class='ocrx_word' id='word_1_25' title='bbox 3527 472 3627 536; x_wconf 71' lang='lat'><strong>37,</strong></span> 
     </span>
    </p>
   </div>
   <div class='ocr_carea' id='block_1_5' title="bbox 342 565 3634 653">
    <p class='ocr_par' dir='ltr' id='par_1_5' title="bbox 342 565 3634 653">
     <span class='ocr_line' id='line_1_5' title="bbox 342 565 3634 653; baseline -0.007 -13"><span class='ocrx_word' id='word_1_26' title='bbox 342 601 472 642; x_wconf 81' lang='lat' dir='ltr'><strong>vasa</strong></span> <span class='ocrx_word' id='word_1_27' title='bbox 500 595 527 622; x_wconf 73' lang='grc' dir='ltr'><strong><em>ι</em></strong></span> <span class='ocrx_word' id='word_1_28' title='bbox 564 599 722 653; x_wconf 85' lang='lat' dir='ltr'><strong>supra</strong></span> <span class='ocrx_word' id='word_1_29' title='bbox 750 589 1069 647; x_wconf 88' lang='lat' dir='ltr'><strong>memorata,</strong></span> <span class='ocrx_word' id='word_1_30' title='bbox 1103 587 1158 635; x_wconf 91' lang='lat' dir='ltr'><strong>et</strong></span> <span class='ocrx_word' id='word_1_31' title='bbox 1202 581 1255 634; x_wconf 92' lang='lat' dir='ltr'><strong>in</strong></span> <span class='ocrx_word' id='word_1_32' title='bbox 1289 578 1537 633; x_wconf 86' lang='lat' dir='ltr'><strong>manibus</strong></span> <span class='ocrx_word' id='word_1_33' title='bbox 1567 578 1760 634; x_wconf 89' lang='lat' dir='ltr'><strong>vestris</strong></span> <span class='ocrx_word' id='word_1_34' title='bbox 1787 577 1925 647; x_wconf 78' lang='lat' dir='ltr'><strong>jam-</strong></span> <span class='ocrx_word' id='word_1_35' title='bbox 2026 573 2119 645; x_wconf 76' lang='grc'><strong>58)</strong></span> <span class='ocrx_word' id='word_1_36' title='bbox 2155 594 2169 627; x_wconf 89' lang='lat'><strong>:</strong></span> <span class='ocrx_word' id='word_1_37' title='bbox 2205 581 2258 629; x_wconf 90' lang='lat' dir='ltr'><strong>et</strong></span> <span class='ocrx_word' id='word_1_38' title='bbox 2284 571 2466 642; x_wconf 92' lang='lat' dir='ltr'><strong>utique</strong></span> <span class='ocrx_word' id='word_1_39' title='bbox 2484 570 2602 640; x_wconf 91' lang='lat' dir='ltr'><strong>plus</strong></span> <span class='ocrx_word' id='word_1_40' title='bbox 2632 576 2716 624; x_wconf 88' lang='lat' dir='ltr'><strong>est</strong></span> <span class='ocrx_word' id='word_1_41' title='bbox 2763 578 2978 638; x_wconf 87' lang='lat' dir='ltr'><strong>portare</strong></span> <span class='ocrx_word' id='word_1_42' title='bbox 3020 581 3179 636; x_wconf 88' lang='lat' dir='ltr'><strong>quam</strong></span> <span class='ocrx_word' id='word_1_43' title='bbox 3208 565 3634 636; x_wconf 83' lang='lat' dir='ltr'><strong>tangere.Ergo</strong></span> 
     </span>
    </p>
   </div>
   <div class='ocr_carea' id='block_1_6' title="bbox 345 653 3634 742">
    <p class='ocr_par' dir='ltr' id='par_1_6' title="bbox 345 653 3634 742">
     <span class='ocr_line' id='line_1_6' title="bbox 345 653 3634 742; baseline -0.008 -8"><span class='ocrx_word' id='word_1_44' title='bbox 345 677 546 734; x_wconf 86' lang='lat' dir='ltr'><strong>dudum</strong></span> <span class='ocrx_word' id='word_1_45' title='bbox 575 675 814 742; x_wconf 82' lang='lat' dir='ltr'><strong>fuerant,</strong></span> <span class='ocrx_word' id='word_1_46' title='bbox 844 681 899 727; x_wconf 90' lang='lat' dir='ltr'><strong>et</strong></span> <span class='ocrx_word' id='word_1_47' title='bbox 933 672 984 727; x_wconf 89' lang='lat' dir='ltr'><strong>in</strong></span> <span class='ocrx_word' id='word_1_48' title='bbox 1013 671 1213 727; x_wconf 85' lang='lat' dir='ltr'><strong>nostris</strong></span> <span class='ocrx_word' id='word_1_49' title='bbox 1247 671 1328 726; x_wconf 89' lang='lat' dir='ltr'><strong>:si</strong></span> <span class='ocrx_word' id='word_1_50' title='bbox 1370 669 1398 708; x_wconf 67' lang='grc' dir='ltr'><strong>ὶ)</strong></span> <span class='ocrx_word' id='word_1_51' title='bbox 1428 669 1698 725; x_wconf 76' lang='lat' dir='ltr'><strong>infamatis</strong></span> <span class='ocrx_word' id='word_1_52' title='bbox 1738 683 1925 723; x_wconf 87' lang='lat' dir='ltr'><strong>manus</strong></span> <span class='ocrx_word' id='word_1_53' title='bbox 2023 667 2133 737; x_wconf 88' lang='lat' dir='ltr'><strong>jam</strong></span> <span class='ocrx_word' id='word_1_54' title='bbox 2183 665 2381 736; x_wconf 91' lang='lat' dir='ltr'><strong>liquido</strong></span> <span class='ocrx_word' id='word_1_55' title='bbox 2429 668 2687 733; x_wconf 81' lang='lat' dir='ltr'><strong>apparet,</strong></span> <span class='ocrx_word' id='word_1_56' title='bbox 2734 675 2797 716; x_wconf 78' lang='lat' dir='ltr'><strong>ex</strong></span> <span class='ocrx_word' id='word_1_57' title='bbox 2843 658 3181 714; x_wconf 78' lang='lat' dir='ltr'><strong>invocatione</strong></span> <span class='ocrx_word' id='word_1_58' title='bbox 3234 657 3473 713; x_wconf 81' lang='lat' dir='ltr'><strong>nominis</strong></span> <span class='ocrx_word' id='word_1_59' title='bbox 3534 653 3634 710; x_wconf 88' lang='lat' dir='ltr'><strong>Dei</strong></span> 
     </span>
    </p>
   </div>
   <div class='ocr_carea' id='block_1_7' title="bbox 343 760 1926 836">
    <p class='ocr_par' dir='ltr' id='par_1_7' title="bbox 343 760 1926 836">
     <span class='ocr_line' id='line_1_7' title="bbox 343 760 1926 836; baseline -0.007 -11"><span class='ocrx_word' id='word_1_60' title='bbox 343 777 560 825; x_wconf 84' lang='lat' dir='ltr'><strong>nostras</strong></span> <span class='ocrx_word' id='word_1_61' title='bbox 584 807 598 832; x_wconf 92' lang='lat'><strong>,</strong></span> <span class='ocrx_word' id='word_1_62' title='bbox 631 780 797 836; x_wconf 89' lang='lat' dir='ltr'><strong>quare</strong></span> <span class='ocrx_word' id='word_1_63' title='bbox 823 763 933 818; x_wconf 90' lang='lat' dir='ltr'><strong>illic</strong></span> <span class='ocrx_word' id='word_1_64' title='bbox 955 763 1223 828; x_wconf 77' lang='lat' dir='ltr'><strong>damnatis</strong></span> <span class='ocrx_word' id='word_1_65' title='bbox 1253 771 1307 818; x_wconf 91' lang='lat' dir='ltr'><strong>et</strong></span> <span class='ocrx_word' id='word_1_66' title='bbox 1332 760 1586 816; x_wconf 87' lang='lat' dir='ltr'><strong>vestras?</strong></span> <span class='ocrx_word' id='word_1_67' title='bbox 1616 760 1721 818; x_wconf 91' lang='lat' dir='ltr'><strong>Sed</strong></span> <span class='ocrx_word' id='word_1_68' title='bbox 1750 760 1926 814; x_wconf 80' lang='lat' dir='ltr'><strong>dicitis</strong></span> 
     </span>
    </p>
   </div>
   <div class='ocr_carea' id='block_1_8' title="bbox 345 855 1927 928">
    <p class='ocr_par' dir='ltr' id='par_1_8' title="bbox 345 855 1927 928">
     <span class='ocr_line' id='line_1_8' title="bbox 345 855 1927 928; baseline -0.006 -12"><span class='ocrx_word' id='word_1_69' title='bbox 345 862 540 919; x_wconf 89' lang='lat' dir='ltr'><strong>lectum</strong></span> <span class='ocrx_word' id='word_1_70' title='bbox 570 873 688 914; x_wconf 87' lang='lat' dir='ltr'><strong>esse</strong></span> <span class='ocrx_word' id='word_1_71' title='bbox 722 876 735 912; x_wconf 90' lang='lat'><strong>:</strong></span> <span class='ocrx_word' id='word_1_72' title='bbox 773 856 924 926; x_wconf 82' lang='lat' dir='ltr'><strong>Quod</strong></span> <span class='ocrx_word' id='word_1_73' title='bbox 952 857 1170 928; x_wconf 76' lang='lat' dir='ltr'><strong>tetigerit</strong></span> <span class='ocrx_word' id='word_1_74' title='bbox 1209 856 1436 928; x_wconf 85' lang='lat' dir='ltr'><strong>pollutus</strong></span> <span class='ocrx_word' id='word_1_75' title='bbox 1460 895 1475 921; x_wconf 94' lang='lat'><strong>,</strong></span> <span class='ocrx_word' id='word_1_76' title='bbox 1507 855 1761 925; x_wconf 85' lang='lat' dir='ltr'><strong>pollutum</strong></span> <span class='ocrx_word' id='word_1_77' title='bbox 1808 861 1880 908; x_wconf 86' lang='lat' dir='ltr'><strong>est</strong></span> <span class='ocrx_word' id='word_1_78' title='bbox 1907 868 1927 906; x_wconf 91' lang='lat'><strong><em>:</em></strong></span> 
     </span>
    </p>
   </div>
   <div class='ocr_carea' id='block_1_9' title="bbox 341 947 1928 1022">
    <p class='ocr_par' dir='ltr' id='par_1_9' title="bbox 341 947 1928 1022">
     <span class='ocr_line' id='line_1_9' title="bbox 341 947 1928 1022; baseline -0.006 -13"><span class='ocrx_word' id='word_1_79' title='bbox 341 953 428 1010; x_wconf 85' lang='lat' dir='ltr'><strong>fac</strong></span> <span class='ocrx_word' id='word_1_80' title='bbox 474 952 705 1022; x_wconf 84' lang='lat' dir='ltr'><strong>aliquem</strong></span> <span class='ocrx_word' id='word_1_81' title='bbox 737 950 998 1020; x_wconf 90' lang='lat' dir='ltr'><strong>pollutum</strong></span> <span class='ocrx_word' id='word_1_82' title='bbox 1045 964 1202 1016; x_wconf 89' lang='lat' dir='ltr'><strong>esse,</strong></span> <span class='ocrx_word' id='word_1_83' title='bbox 1237 956 1296 1003; x_wconf 90' lang='lat' dir='ltr'><strong>ut</strong></span> <span class='ocrx_word' id='word_1_84' title='bbox 1320 947 1525 1018; x_wconf 90' lang='lat' dir='ltr'><strong>possint</strong></span> <span class='ocrx_word' id='word_1_85' title='bbox 1560 947 1629 1001; x_wconf 87' lang='lat' dir='ltr'><strong>ab</strong></span> <span class='ocrx_word' id='word_1_86' title='bbox 1673 961 1737 1001; x_wconf 90' lang='lat' dir='ltr'><strong>eo</strong></span> <span class='ocrx_word' id='word_1_87' title='bbox 1787 953 1928 1000; x_wconf 88' lang='lat' dir='ltr'><strong>tacta</strong></span> 
     </span>
    </p>
   </div>
   <div class='ocr_carea' id='block_1_10' title="bbox 336 1041 1928 1117">
    <p class='ocr_par' dir='ltr' id='par_1_10' title="bbox 336 1041 1928 1117">
     <span class='ocr_line' id='line_1_10' title="bbox 336 1041 1928 1117; baseline -0.006 -16"><span class='ocrx_word' id='word_1_88' title='bbox 336 1044 518 1109; x_wconf 74' lang='lat' dir='ltr'><strong>videri</strong></span> <span class='ocrx_word' id='word_1_89' title='bbox 541 1044 658 1117; x_wconf 85' lang='grc'><strong>(46)</strong></span> <span class='ocrx_word' id='word_1_90' title='bbox 685 1044 888 1116; x_wconf 90' lang='lat' dir='ltr'><strong>polluta</strong></span> <span class='ocrx_word' id='word_1_91' title='bbox 921 1052 1074 1099; x_wconf 89' lang='lat' dir='ltr'><strong>:esto</strong></span> <span class='ocrx_word' id='word_1_92' title='bbox 1111 1043 1154 1098; x_wconf 90' lang='lat' dir='ltr'><strong>si</strong></span> <span class='ocrx_word' id='word_1_93' title='bbox 1187 1043 1333 1098; x_wconf 87' lang='lat' dir='ltr'><strong>solus</strong></span> <span class='ocrx_word' id='word_1_94' title='bbox 1378 1041 1449 1096; x_wconf 86' lang='lat' dir='ltr'><strong>sit</strong></span> <span class='ocrx_word' id='word_1_95' title='bbox 1500 1048 1674 1095; x_wconf 89' lang='lat' dir='ltr'><strong>tactus</strong></span> <span class='ocrx_word' id='word_1_96' title='bbox 1700 1081 1714 1106; x_wconf 96' lang='lat'><strong>,</strong></span> <span class='ocrx_word' id='word_1_97' title='bbox 1742 1048 1795 1094; x_wconf 91' lang='lat' dir='ltr'><strong>et</strong></span> <span class='ocrx_word' id='word_1_98' title='bbox 1822 1054 1928 1093; x_wconf 89' lang='lat' dir='ltr'><strong>non</strong></span> 
     </span>
    </p>
   </div>
   <div class='ocr_carea' id='block_1_11' title="bbox 334 1133 1969 1204">
    <p class='ocr_par' dir='ltr' id='par_1_11' title="bbox 334 1133 1969 1204">
     <span class='ocr_line' id='line_1_11' title="bbox 334 1133 1969 1204; baseline -0.007 -7"><span class='ocrx_word' id='word_1_99' title='bbox 334 1141 669 1196; x_wconf 83' lang='lat' dir='ltr'><strong>interveniat</strong></span> <span class='ocrx_word' id='word_1_100' title='bbox 715 1139 981 1194; x_wconf 84' lang='lat' dir='ltr'><strong>invocatio</strong></span> <span class='ocrx_word' id='word_1_101' title='bbox 1016 1137 1248 1192; x_wconf 91' lang='lat' dir='ltr'><strong>nominis</strong></span> <span class='ocrx_word' id='word_1_102' title='bbox 1278 1135 1410 1199; x_wconf 90' lang='lat' dir='ltr'><strong>Dei,</strong></span> <span class='ocrx_word' id='word_1_103' title='bbox 1438 1137 1574 1204; x_wconf 73' lang='lat' dir='ltr'><strong>’quae</strong></span> <span class='ocrx_word' id='word_1_104' title='bbox 1614 1143 1668 1189; x_wconf 88' lang='lat' dir='ltr'><strong>et</strong></span> <span class='ocrx_word' id='word_1_105' title='bbox 1694 1133 1930 1202; x_wconf 79' lang='lat' dir='ltr'><strong>tetigerit</strong></span> <span class='ocrx_word' id='word_1_106' title='bbox 1967 1191 1969 1194; x_wconf 54' lang='grc'><em>,</em></span> 
     </span>
    </p>
   </div>
   <div class='ocr_carea' id='block_1_12' title="bbox 340 1227 1930 1306">
    <p class='ocr_par' dir='ltr' id='par_1_12' title="bbox 340 1227 1930 1306">
     <span class='ocr_line' id='line_1_12' title="bbox 340 1227 1930 1306; baseline -0.006 -15"><span class='ocrx_word' id='word_1_107' title='bbox 340 1235 584 1306; x_wconf 84' lang='lat' dir='ltr'><strong>pollutus</strong></span> <span class='ocrx_word' id='word_1_108' title='bbox 609 1276 622 1301; x_wconf 90' lang='lat'><strong>,</strong></span> <span class='ocrx_word' id='word_1_109' title='bbox 653 1233 859 1306; x_wconf 84' lang='lat' dir='ltr'><strong>polluta</strong></span> <span class='ocrx_word' id='word_1_110' title='bbox 883 1242 1075 1298; x_wconf 89' lang='lat' dir='ltr'><strong>erunt,</strong></span> <span class='ocrx_word' id='word_1_111' title='bbox 1108 1229 1374 1302; x_wconf 84' lang='lat' dir='ltr'><strong>inquinari</strong></span> <span class='ocrx_word' id='word_1_112' title='bbox 1407 1239 1629 1300; x_wconf 86' lang='lat' dir='ltr'><strong>possunt</strong></span> <span class='ocrx_word' id='word_1_113' title='bbox 1653 1228 1697 1283; x_wconf 91' lang='lat' dir='ltr'><strong>si</strong></span> <span class='ocrx_word' id='word_1_114' title='bbox 1724 1227 1792 1283; x_wconf 90' lang='lat' dir='ltr'><strong>de</strong></span> <span class='ocrx_word' id='word_1_115' title='bbox 1820 1227 1930 1282; x_wconf 91' lang='lat' dir='ltr'><strong>Deo</strong></span> 
     </span>
    </p>
   </div>
   <div class='ocr_carea' id='block_1_13' title="bbox 344 1320 1934 1392">
    <p class='ocr_par' dir='ltr' id='par_1_13' title="bbox 344 1320 1934 1392">
     <span class='ocr_line' id='line_1_13' title="bbox 344 1320 1934 1392; baseline -0.005 -10"><span class='ocrx_word' id='word_1_116' title='bbox 344 1335 607 1382; x_wconf 85' lang='lat' dir='ltr'><strong>taceatur.</strong></span> <span class='ocrx_word' id='word_1_117' title='bbox 635 1324 765 1380; x_wconf 82' lang='lat' dir='ltr'><strong>Nam</strong></span> <span class='ocrx_word' id='word_1_118' title='bbox 791 1325 835 1381; x_wconf 87' lang='lat' dir='ltr'><strong>si</strong></span> <span class='ocrx_word' id='word_1_119' title='bbox 866 1325 936 1380; x_wconf 92' lang='lat' dir='ltr'><strong>sit</strong></span> <span class='ocrx_word' id='word_1_120' title='bbox 975 1323 1243 1379; x_wconf 84' lang='lat' dir='ltr'><strong>invocatio</strong></span> <span class='ocrx_word' id='word_1_121' title='bbox 1283 1322 1515 1376; x_wconf 88' lang='lat' dir='ltr'><strong>nominis</strong></span> <span class='ocrx_word' id='word_1_122' title='bbox 1545 1320 1676 1386; x_wconf 91' lang='lat' dir='ltr'><strong>Dei,</strong></span> <span class='ocrx_word' id='word_1_123' title='bbox 1702 1321 1817 1392; x_wconf 92' lang='lat' dir='ltr'><strong>ipsa</strong></span> <span class='ocrx_word' id='word_1_124' title='bbox 1853 1320 1934 1374; x_wconf 93' lang='lat' dir='ltr'><strong>in-</strong></span> 
     </span>
    </p>
   </div>
   <div class='ocr_carea' id='block_1_14' title="bbox 346 1414 1929 1488">
    <p class='ocr_par' dir='ltr' id='par_1_14' title="bbox 346 1414 1929 1488">
     <span class='ocr_line' id='line_1_14' title="bbox 346 1414 1929 1488; baseline -0.005 -12"><span class='ocrx_word' id='word_1_125' title='bbox 346 1420 564 1476; x_wconf 81' lang='lat' dir='ltr'><strong>vocatio</strong></span> <span class='ocrx_word' id='word_1_126' title='bbox 585 1418 882 1475; x_wconf 84' lang='lat' dir='ltr'><strong>sanctificat</strong></span> <span class='ocrx_word' id='word_1_127' title='bbox 909 1425 965 1472; x_wconf 91' lang='lat' dir='ltr'><strong>et</strong></span> <span class='ocrx_word' id='word_1_128' title='bbox 983 1416 1126 1488; x_wconf 92' lang='lat' dir='ltr'><strong>quod</strong></span> <span class='ocrx_word' id='word_1_129' title='bbox 1153 1416 1412 1487; x_wconf 91' lang='lat' dir='ltr'><strong>pollutum</strong></span> <span class='ocrx_word' id='word_1_130' title='bbox 1435 1414 1555 1471; x_wconf 74' lang='lat' dir='ltr'><strong>esSe</strong></span> <span class='ocrx_word' id='word_1_131' title='bbox 1575 1414 1857 1470; x_wconf 85' lang='lat' dir='ltr'><strong>videbatur</strong></span> <span class='ocrx_word' id='word_1_132' title='bbox 1879 1425 1929 1468; x_wconf 79' lang='grc' dir='ltr'><strong>ο.</strong></span> 
     </span>
    </p>
   </div>
   <div class='ocr_carea' id='block_1_15' title="bbox 345 1505 1930 1588">
    <p class='ocr_par' dir='ltr' id='par_1_15' title="bbox 345 1505 1930 1588">
     <span class='ocr_line' id='line_1_15' title="bbox 345 1505 1930 1588; baseline -0.005 -20"><span class='ocrx_word' id='word_1_133' title='bbox 345 1512 591 1588; x_wconf 76' lang='lat' dir='ltr'><strong>Denique</strong></span> <span class='ocrx_word' id='word_1_134' title='bbox 646 1525 766 1566; x_wconf 93' lang='lat' dir='ltr'><strong>cum</strong></span> <span class='ocrx_word' id='word_1_135' title='bbox 821 1509 1050 1563; x_wconf 89' lang='lat' dir='ltr'><strong>ducenta</strong></span> <span class='ocrx_word' id='word_1_136' title='bbox 1089 1515 1143 1563; x_wconf 90' lang='lat' dir='ltr'><strong>et</strong></span> <span class='ocrx_word' id='word_1_137' title='bbox 1194 1506 1575 1578; x_wconf 80' lang='lat' dir='ltr'><strong>quinquaginta</strong></span> <span class='ocrx_word' id='word_1_138' title='bbox 1626 1505 1930 1572; x_wconf 88' lang='lat' dir='ltr'><strong>tburibula,</strong></span> 
     </span>
    </p>
   </div>
   <div class='ocr_carea' id='block_1_16' title="bbox 347 1599 1938 1678">
    <p class='ocr_par' dir='ltr' id='par_1_16' title="bbox 347 1599 1938 1678">
     <span class='ocr_line' id='line_1_16' title="bbox 347 1599 1938 1678; baseline -0.003 -19"><span class='ocrx_word' id='word_1_139' title='bbox 347 1619 470 1674; x_wconf 61' lang='lat' dir='ltr'><strong>qua</strong></span> <span class='ocrx_word' id='word_1_140' title='bbox 494 1603 875 1673; x_wconf 83' lang='lat' dir='ltr'><strong>sacrilegorum</strong></span> <span class='ocrx_word' id='word_1_141' title='bbox 902 1610 959 1656; x_wconf 89' lang='lat' dir='ltr'><strong>et</strong></span> <span class='ocrx_word' id='word_1_142' title='bbox 988 1610 1332 1678; x_wconf 79' lang='lat' dir='ltr'><strong>peccatorum</strong></span> <span class='ocrx_word' id='word_1_143' title='bbox 1354 1599 1605 1655; x_wconf 85' lang='lat' dir='ltr'><strong>manibus</strong></span> <span class='ocrx_word' id='word_1_144' title='bbox 1653 1599 1938 1670; x_wconf 86' lang='lat' dir='ltr'><strong>portaban-</strong></span> 
     </span>
    </p>
   </div>
   <div class='ocr_carea' id='block_1_17' title="bbox 351 1691 1940 1763">
    <p class='ocr_par' dir='ltr' id='par_1_17' title="bbox 351 1691 1940 1763">
     <span class='ocr_line' id='line_1_17' title="bbox 351 1691 1940 1763; baseline -0.003 -11"><span class='ocrx_word' id='word_1_145' title='bbox 351 1704 461 1762; x_wconf 89' lang='lat' dir='ltr'><strong>tur,</strong></span> <span class='ocrx_word' id='word_1_146' title='bbox 512 1710 635 1750; x_wconf 89' lang='lat' dir='ltr'><strong>cum</strong></span> <span class='ocrx_word' id='word_1_147' title='bbox 661 1693 880 1750; x_wconf 90' lang='lat' dir='ltr'><strong>eosdem</strong></span> <span class='ocrx_word' id='word_1_148' title='bbox 924 1701 1236 1763; x_wconf 83' lang='lat' dir='ltr'><strong>peccatores</strong></span> <span class='ocrx_word' id='word_1_149' title='bbox 1285 1691 1600 1748; x_wconf 85' lang='lat' dir='ltr'><strong>absorberet</strong></span> <span class='ocrx_word' id='word_1_150' title='bbox 1645 1699 1788 1746; x_wconf 77' lang='lat' dir='ltr'><strong>terra</strong></span> <span class='ocrx_word' id='word_1_151' title='bbox 1815 1733 1828 1758; x_wconf 92' lang='lat'><strong>,</strong></span> <span class='ocrx_word' id='word_1_152' title='bbox 1851 1705 1940 1747; x_wconf 87' lang='lat' dir='ltr'><strong>re—</strong></span> 
     </span>
    </p>
   </div>
   <div class='ocr_carea' id='block_1_18' title="bbox 347 1781 1940 1846">
    <p class='ocr_par' dir='ltr' id='par_1_18' title="bbox 347 1781 1940 1846">
     <span class='ocr_line' id='line_1_18' title="bbox 347 1781 1940 1846; baseline -0.004 -2"><span class='ocrx_word' id='word_1_153' title='bbox 347 1794 679 1844; x_wconf 86' lang='lat' dir='ltr'><strong>manserunt.</strong></span> <span class='ocrx_word' id='word_1_154' title='bbox 701 1785 768 1841; x_wconf 89' lang='lat' dir='ltr'><strong>de</strong></span> <span class='ocrx_word' id='word_1_155' title='bbox 796 1785 1046 1840; x_wconf 88' lang='lat' dir='ltr'><strong>manibus</strong></span> <span class='ocrx_word' id='word_1_156' title='bbox 1071 1799 1259 1840; x_wconf 91' lang='lat' dir='ltr'><strong>eorum</strong></span> <span class='ocrx_word' id='word_1_157' title='bbox 1291 1798 1520 1839; x_wconf 81' lang='lat' dir='ltr'><strong>excussa</strong></span> <span class='ocrx_word' id='word_1_158' title='bbox 1551 1781 1844 1846; x_wconf 86' lang='lat' dir='ltr'><strong>thuribula.</strong></span> <span class='ocrx_word' id='word_1_159' title='bbox 1873 1782 1940 1837; x_wconf 83' lang='lat' dir='ltr'><strong>Et</strong></span> 
     </span>
    </p>
   </div>
   <div class='ocr_carea' id='block_1_19' title="bbox 2029 748 3638 829">
    <p class='ocr_par' dir='ltr' id='par_1_19' title="bbox 2029 748 3638 829">
     <span class='ocr_line' id='line_1_19' title="bbox 2029 748 3638 829; baseline -0.008 -14"><span class='ocrx_word' id='word_1_160' title='bbox 2029 774 2189 829; x_wconf 84' lang='lat' dir='ltr'><strong>posse</strong></span> <span class='ocrx_word' id='word_1_161' title='bbox 2208 753 2766 827; x_wconf 85' lang='lat' dir='ltr'><strong>aliquid‘sanctilicari</strong></span> <span class='ocrx_word' id='word_1_162' title='bbox 2789 794 2803 820; x_wconf 96' lang='lat'><strong>,</strong></span> <span class='ocrx_word' id='word_1_163' title='bbox 2825 753 2987 808; x_wconf 87' lang='lat' dir='ltr'><strong>etiam</strong></span> <span class='ocrx_word' id='word_1_164' title='bbox 3020 750 3138 822; x_wconf 84' lang='grc'><strong>(47)</strong></span> <span class='ocrx_word' id='word_1_165' title='bbox 3181 752 3225 806; x_wconf 91' lang='lat' dir='ltr'><strong>si</strong></span> <span class='ocrx_word' id='word_1_166' title='bbox 3255 760 3517 822; x_wconf 85' lang='lat' dir='ltr'><strong>peccator</strong></span> <span class='ocrx_word' id='word_1_167' title='bbox 3547 748 3638 803; x_wconf 92' lang='lat' dir='ltr'><strong>in-</strong></span> 
     </span>
    </p>
   </div>
   <div class='ocr_carea' id='block_1_20' title="bbox 2028 843 3636 916">
    <p class='ocr_par' dir='ltr' id='par_1_20' title="bbox 2028 843 3636 916">
     <span class='ocr_line' id='line_1_20' title="bbox 2028 843 3636 916; baseline -0.005 -10"><span class='ocrx_word' id='word_1_168' title='bbox 2028 859 2186 907; x_wconf 88' lang='lat' dir='ltr'><strong>vocet</strong></span> <span class='ocrx_word' id='word_1_169' title='bbox 2225 850 2423 914; x_wconf 88' lang='lat' dir='ltr'><strong>Deum;</strong></span> <span class='ocrx_word' id='word_1_170' title='bbox 2477 863 2584 903; x_wconf 93' lang='lat' dir='ltr'><strong>non</strong></span> <span class='ocrx_word' id='word_1_171' title='bbox 2615 847 2758 902; x_wconf 90' lang='lat' dir='ltr'><strong>enim</strong></span> <span class='ocrx_word' id='word_1_172' title='bbox 2808 854 3007 901; x_wconf 85' lang='lat' dir='ltr'><strong>tantam</strong></span> <span class='ocrx_word' id='word_1_173' title='bbox 3039 845 3148 900; x_wconf 87' lang='lat' dir='ltr'><strong>vim</strong></span> <span class='ocrx_word' id='word_1_174' title='bbox 3181 853 3361 916; x_wconf 77' lang='lat' dir='ltr'><strong>potest</strong></span> <span class='ocrx_word' id='word_1_175' title='bbox 3421 843 3636 898; x_wconf 79' lang='lat' dir='ltr'><strong>habere</strong></span> 
     </span>
    </p>
   </div>
   <div class='ocr_carea' id='block_1_21' title="bbox 2031 937 3639 1012">
    <p class='ocr_par' dir='ltr' id='par_1_21' title="bbox 2031 937 3639 1012">
     <span class='ocr_line' id='line_1_21' title="bbox 2031 937 3639 1012; baseline -0.003 -16"><span class='ocrx_word' id='word_1_176' title='bbox 2031 940 2148 1012; x_wconf 84' lang='grc'><strong>(48)</strong></span> <span class='ocrx_word' id='word_1_177' title='bbox 2177 949 2347 996; x_wconf 88' lang='lat' dir='ltr'><strong>tactus</strong></span> <span class='ocrx_word' id='word_1_178' title='bbox 2375 983 2388 1007; x_wconf 91' lang='lat'><strong>,</strong></span> <span class='ocrx_word' id='word_1_179' title='bbox 2428 949 2684 1011; x_wconf 89' lang='lat' dir='ltr'><strong>quantam</strong></span> <span class='ocrx_word' id='word_1_180' title='bbox 2729 939 2891 994; x_wconf 86' lang='lat' dir='ltr'><strong>habet</strong></span> <span class='ocrx_word' id='word_1_181' title='bbox 2937 937 3110 994; x_wconf 89' lang='lat' dir='ltr'><strong>divini</strong></span> <span class='ocrx_word' id='word_1_182' title='bbox 3137 937 3374 993; x_wconf 89' lang='lat' dir='ltr'><strong>nominis</strong></span> <span class='ocrx_word' id='word_1_183' title='bbox 3400 937 3639 992; x_wconf 80' lang='lat' dir='ltr'><strong>invoca-</strong></span> 
     </span>
    </p>
   </div>
   <div class='ocr_carea' id='block_1_22' title="bbox 2035 1028 3638 1108">
    <p class='ocr_par' dir='ltr' id='par_1_22' title="bbox 2035 1028 3638 1108">
     <span class='ocr_line' id='line_1_22' title="bbox 2035 1028 3638 1108; baseline -0.005 -19"><span class='ocrx_word' id='word_1_184' title='bbox 2035 1035 2108 1090; x_wconf 93' lang='lat' dir='ltr'><strong>tio</strong></span> <span class='ocrx_word' id='word_1_185' title='bbox 2140 1051 2153 1087; x_wconf 86' lang='lat'><strong>:</strong></span> <span class='ocrx_word' id='word_1_186' title='bbox 2186 1049 2307 1088; x_wconf 89' lang='lat' dir='ltr'><strong>nam</strong></span> <span class='ocrx_word' id='word_1_187' title='bbox 2331 1041 2386 1088; x_wconf 90' lang='lat' dir='ltr'><strong>et</strong></span> <span class='ocrx_word' id='word_1_188' title='bbox 2409 1047 2534 1098; x_wconf 90' lang='lat' dir='ltr'><strong>vos,</strong></span> <span class='ocrx_word' id='word_1_189' title='bbox 2557 1031 2649 1108; x_wconf 84' lang='lat' dir='ltr'><strong>qui</strong></span> <span class='ocrx_word' id='word_1_190' title='bbox 2676 1031 2829 1087; x_wconf 87' lang='lat' dir='ltr'><strong>vobis</strong></span> <span class='ocrx_word' id='word_1_191' title='bbox 2853 1029 2922 1086; x_wconf 89' lang='lat' dir='ltr'><strong>de</strong></span> <span class='ocrx_word' id='word_1_192' title='bbox 2947 1039 3125 1087; x_wconf 88' lang='lat' dir='ltr'><strong>vestra</strong></span> <span class='ocrx_word' id='word_1_193' title='bbox 3145 1028 3438 1086; x_wconf 78' lang='lat' dir='ltr'><strong>sanctitate</strong></span> <span class='ocrx_word' id='word_1_194' title='bbox 3487 1042 3638 1098; x_wconf 74' lang='lat' dir='ltr'><strong>pra:-</strong></span> 
     </span>
    </p>
   </div>
   <div class='ocr_carea' id='block_1_23' title="bbox 2032 1123 3634 1198">
    <p class='ocr_par' dir='ltr' id='par_1_23' title="bbox 2032 1123 3634 1198">
     <span class='ocr_line' id='line_1_23' title="bbox 2032 1123 3634 1198; baseline -0.004 -14"><span class='ocrx_word' id='word_1_195' title='bbox 2032 1128 2244 1184; x_wconf 85' lang='lat' dir='ltr'><strong>sumitis</strong></span> <span class='ocrx_word' id='word_1_196' title='bbox 2272 1171 2284 1192; x_wconf 94' lang='lat'><strong>,</strong></span> <span class='ocrx_word' id='word_1_197' title='bbox 2314 1127 2478 1181; x_wconf 90' lang='lat' dir='ltr'><strong>dicite</strong></span> <span class='ocrx_word' id='word_1_198' title='bbox 2506 1169 2521 1194; x_wconf 92' lang='lat'><strong>,</strong></span> <span class='ocrx_word' id='word_1_199' title='bbox 2547 1127 2592 1181; x_wconf 89' lang='lat' dir='ltr'><strong>si</strong></span> <span class='ocrx_word' id='word_1_200' title='bbox 2624 1133 2797 1181; x_wconf 90' lang='lat' dir='ltr'><strong>tactus</strong></span> <span class='ocrx_word' id='word_1_201' title='bbox 2841 1124 3142 1198; x_wconf 75' lang='lat' dir='ltr'><strong>sanctificat</strong></span> <span class='ocrx_word' id='word_1_202' title='bbox 3190 1133 3283 1180; x_wconf 88' lang='lat' dir='ltr'><strong>aut</strong></span> <span class='ocrx_word' id='word_1_203' title='bbox 3313 1123 3634 1189; x_wconf 83' lang='lat' dir='ltr'><strong>invocatio;</strong></span> 
     </span>
    </p>
   </div>
   <div class='ocr_carea' id='block_1_24' title="bbox 2035 1205 3640 1290">
    <p class='ocr_par' dir='ltr' id='par_1_24' title="bbox 2035 1205 3640 1290">
     <span class='ocr_line' id='line_1_24' title="bbox 2035 1205 3640 1290; baseline -0.004 -15"><span class='ocrx_word' id='word_1_204' title='bbox 2035 1219 2219 1290; x_wconf 90' lang='lat' dir='ltr'><strong>utique</strong></span> <span class='ocrx_word' id='word_1_205' title='bbox 2264 1218 2568 1285; x_wconf 84' lang='lat' dir='ltr'><strong>invocatio,</strong></span> <span class='ocrx_word' id='word_1_206' title='bbox 2594 1231 2700 1273; x_wconf 93' lang='lat' dir='ltr'><strong>non</strong></span> <span class='ocrx_word' id='word_1_207' title='bbox 2755 1225 2972 1272; x_wconf 88' lang='lat' dir='ltr'><strong>tactus:</strong></span> <span class='ocrx_word' id='word_1_208' title='bbox 3002 1224 3096 1272; x_wconf 88' lang='lat' dir='ltr'><strong>aut</strong></span> <span class='ocrx_word' id='word_1_209' title='bbox 3129 1216 3176 1271; x_wconf 91' lang='lat' dir='ltr'><strong>si</strong></span> <span class='ocrx_word' id='word_1_210' title='bbox 3220 1209 3291 1271; x_wconf 87' lang='lat' dir='ltr'><strong>de</strong></span> <span class='ocrx_word' id='word_1_211' title='bbox 3333 1215 3456 1270; x_wconf 88' lang='lat' dir='ltr'><strong>solo</strong></span> <span class='ocrx_word' id='word_1_212' title='bbox 3485 1205 3640 1270; x_wconf 70' lang='lat' dir='ltr'><strong>tactu</strong></span> 
     </span>
    </p>
   </div>
   <div class='ocr_carea' id='block_1_25' title="bbox 2037 1292 3644 1386">
    <p class='ocr_par' dir='ltr' id='par_1_25' title="bbox 2037 1292 3644 1386">
     <span class='ocr_line' id='line_1_25' title="bbox 2037 1292 3644 1386; baseline -0.004 -16"><span class='ocrx_word' id='word_1_213' title='bbox 2037 1313 2397 1386; x_wconf 80' lang='lat' dir='ltr'><strong>praesumitis,</strong></span> <span class='ocrx_word' id='word_1_214' title='bbox 2434 1311 2640 1384; x_wconf 87' lang='lat' dir='ltr'><strong>tangite‘</strong></span> <span class='ocrx_word' id='word_1_215' title='bbox 2688 1310 2821 1384; x_wconf 83' lang='grc'><strong>(49)</strong></span> <span class='ocrx_word' id='word_1_216' title='bbox 2868 1292 3144 1379; x_wconf 75' lang='lat' dir='ltr'><strong>tabulam,</strong></span> <span class='ocrx_word' id='word_1_217' title='bbox 3198 1309 3473 1381; x_wconf 83' lang='lat' dir='ltr'><strong>lapidem,</strong></span> <span class='ocrx_word' id='word_1_218' title='bbox 3540 1322 3644 1363; x_wconf 79' lang='lat' dir='ltr'><strong>ve—</strong></span> 
     </span>
    </p>
   </div>
   <div class='ocr_carea' id='block_1_26' title="bbox 2037 1392 3678 1475">
    <p class='ocr_par' dir='ltr' id='par_1_26' title="bbox 2037 1392 3678 1475">
     <span class='ocr_line' id='line_1_26' title="bbox 2037 1392 3678 1475; baseline -0.005 -11"><span class='ocrx_word' id='word_1_219' title='bbox 2037 1416 2174 1465; x_wconf 88' lang='lat' dir='ltr'><strong>stem</strong></span> <span class='ocrx_word' id='word_1_220' title='bbox 2207 1423 2223 1462; x_wconf 88' lang='lat'><strong>:</strong></span> <span class='ocrx_word' id='word_1_221' title='bbox 2253 1405 2530 1463; x_wconf 86' lang='lat' dir='ltr'><strong>videamus</strong></span> <span class='ocrx_word' id='word_1_222' title='bbox 2559 1419 2626 1460; x_wconf 90' lang='lat' dir='ltr'><strong>an</strong></span> <span class='ocrx_word' id='word_1_223' title='bbox 2666 1411 2851 1460; x_wconf 86' lang='lat' dir='ltr'><strong>sancta</strong></span> <span class='ocrx_word' id='word_1_224' title='bbox 2878 1418 3002 1459; x_wconf 86' lang='lat' dir='ltr'><strong>esse</strong></span> <span class='ocrx_word' id='word_1_225' title='bbox 3054 1403 3265 1475; x_wconf 90' lang='lat' dir='ltr'><strong>possint</strong></span> <span class='ocrx_word' id='word_1_226' title='bbox 3295 1444 3310 1472; x_wconf 91' lang='lat'><strong>,</strong></span> <span class='ocrx_word' id='word_1_227' title='bbox 3339 1402 3385 1458; x_wconf 91' lang='lat' dir='ltr'><strong>si</strong></span> <span class='ocrx_word' id='word_1_228' title='bbox 3413 1402 3484 1458; x_wconf 89' lang='lat' dir='ltr'><strong>de</strong></span> <span class='ocrx_word' id='word_1_229' title='bbox 3518 1399 3641 1456; x_wconf 86' lang='lat' dir='ltr'><strong>Deo</strong></span> <span class='ocrx_word' id='word_1_230' title='bbox 3663 1392 3678 1408; x_wconf 84' lang='grc'><strong>’</strong></span> 
     </span>
    </p>
   </div>
   <div class='ocr_carea' id='block_1_27' title="bbox 2039 1509 3160 1558">
    <p class='ocr_par' dir='ltr' id='par_1_27' title="bbox 2039 1509 3160 1558">
     <span class='ocr_line' id='line_1_27' title="bbox 2039 1509 3160 1558; baseline -0.004 -2"><span class='ocrx_word' id='word_1_231' title='bbox 2039 1509 2299 1558; x_wconf 89' lang='lat' dir='ltr'><strong>taceatur.</strong></span> <span class='ocrx_word' id='word_1_232' title='bbox 3157 1549 3160 1551; x_wconf 68' lang='grc'>.</span> 
     </span>
    </p>
   </div>
   <div class='ocr_carea' id='block_1_28' title="bbox 2094 1589 3642 1668">
    <p class='ocr_par' dir='ltr' id='par_1_28' title="bbox 2094 1589 3642 1668">
     <span class='ocr_line' id='line_1_28' title="bbox 2094 1589 3642 1668; baseline -0.003 -18"><span class='ocrx_word' id='word_1_233' title='bbox 2094 1594 2200 1650; x_wconf 62' lang='grc' dir='ltr'><strong>κΠ.</strong></span> <span class='ocrx_word' id='word_1_234' title='bbox 2233 1593 2467 1668; x_wconf 82' lang='lat' dir='ltr'><strong>Virgines</strong></span> <span class='ocrx_word' id='word_1_235' title='bbox 2489 1592 2595 1648; x_wconf 78' lang='lat' dir='ltr'><strong>Deo</strong></span> <span class='ocrx_word' id='word_1_236' title='bbox 2627 1599 2854 1648; x_wconf 84' lang='lat' dir='ltr'><strong>sacratas</strong></span> <span class='ocrx_word' id='word_1_237' title='bbox 2882 1608 2915 1646; x_wconf 90' lang='lat' dir='ltr'><strong>a</strong></span> <span class='ocrx_word' id='word_1_238' title='bbox 2942 1589 3227 1646; x_wconf 68' lang='lat' dir='ltr'><strong>Donatistis</strong></span> <span class='ocrx_word' id='word_1_239' title='bbox 3247 1590 3497 1646; x_wconf 82' lang='lat' dir='ltr'><strong>immerito</strong></span> <span class='ocrx_word' id='word_1_240' title='bbox 3528 1590 3642 1644; x_wconf 73' lang='lat' dir='ltr'><strong>vir—</strong></span> 
     </span>
    </p>
   </div>
   <div class='ocr_carea' id='block_1_29' title="bbox 2041 1682 3641 1761">
    <p class='ocr_par' dir='ltr' id='par_1_29' title="bbox 2041 1682 3641 1761">
     <span class='ocr_line' id='line_1_29' title="bbox 2041 1682 3641 1761; baseline -0.003 -18"><span class='ocrx_word' id='word_1_241' title='bbox 2041 1689 2269 1761; x_wconf 85' lang='lat' dir='ltr'><strong>ginitatis</strong></span> <span class='ocrx_word' id='word_1_242' title='bbox 2295 1697 2593 1742; x_wconf 83' lang='lat' dir='ltr'><strong>ornamento</strong></span> <span class='ocrx_word' id='word_1_243' title='bbox 2626 1687 2892 1759; x_wconf 84' lang='lat' dir='ltr'><strong>spoliatas.</strong></span> <span class='ocrx_word' id='word_1_244' title='bbox 2916 1684 3104 1742; x_wconf 81' lang='lat' dir='ltr'><strong>—Jam</strong></span> <span class='ocrx_word' id='word_1_245' title='bbox 3135 1684 3267 1741; x_wconf 86' lang='lat' dir='ltr'><strong>illud</strong></span> <span class='ocrx_word' id='word_1_246' title='bbox 3297 1700 3457 1756; x_wconf 86' lang='lat' dir='ltr'><strong>quam</strong></span> <span class='ocrx_word' id='word_1_247' title='bbox 3488 1682 3641 1740; x_wconf 80' lang='lat' dir='ltr'><strong>stul-</strong></span> 
     </span>
    </p>
   </div>
   <div class='ocr_carea' id='block_1_30' title="bbox 2044 1778 3646 1853">
    <p class='ocr_par' dir='ltr' id='par_1_30' title="bbox 2044 1778 3646 1853">
     <span class='ocr_line' id='line_1_30' title="bbox 2044 1778 3646 1853; baseline -0.004 -16"><span class='ocrx_word' id='word_1_248' title='bbox 2044 1792 2195 1849; x_wconf 93' lang='lat' dir='ltr'><strong>tum,</strong></span> <span class='ocrx_word' id='word_1_249' title='bbox 2255 1797 2413 1853; x_wconf 90' lang='lat' dir='ltr'><strong>quam</strong></span> <span class='ocrx_word' id='word_1_250' title='bbox 2457 1796 2650 1836; x_wconf 88' lang='lat' dir='ltr'><strong>vanum</strong></span> <span class='ocrx_word' id='word_1_251' title='bbox 2695 1790 2814 1848; x_wconf 89' lang='lat' dir='ltr'><strong>est,</strong></span> <span class='ocrx_word' id='word_1_252' title='bbox 2859 1778 3002 1850; x_wconf 89' lang='lat' dir='ltr'><strong>quod</strong></span> <span class='ocrx_word' id='word_1_253' title='bbox 3049 1778 3116 1834; x_wconf 88' lang='lat' dir='ltr'><strong>ad</strong></span> <span class='ocrx_word' id='word_1_254' title='bbox 3170 1778 3538 1843; x_wconf 88' lang='lat' dir='ltr'><strong>voluntatem,</strong></span> <span class='ocrx_word' id='word_1_255' title='bbox 3588 1784 3646 1832; x_wconf 87' lang='lat' dir='ltr'><strong>et</strong></span> 
     </span>
    </p>
   </div>
   <div class='ocr_carea' id='block_1_31' title="bbox 347 1855 3640 1947">
    <p class='ocr_par' dir='ltr' id='par_1_31' title="bbox 347 1855 3640 1947">
     <span class='ocr_line' id='line_1_31' title="bbox 347 1855 3640 1947; baseline -0.004 -11"><span class='ocrx_word' id='word_1_256' title='bbox 347 1883 479 1936; x_wconf 90' lang='lat' dir='ltr'><strong>dum</strong></span> <span class='ocrx_word' id='word_1_257' title='bbox 510 1878 780 1935; x_wconf 86' lang='lat' dir='ltr'><strong>dubitaret</strong></span> <span class='ocrx_word' id='word_1_258' title='bbox 812 1877 993 1933; x_wconf 83' lang='lat' dir='ltr'><strong>Aaron</strong></span> <span class='ocrx_word' id='word_1_259' title='bbox 1023 1886 1242 1932; x_wconf 90' lang='lat' dir='ltr'><strong>sanctus</strong></span> <span class='ocrx_word' id='word_1_260' title='bbox 1271 1863 1524 1932; x_wconf 85' lang='lat' dir='ltr'><strong>sacerdos</strong></span> <span class='ocrx_word' id='word_1_261' title='bbox 1551 1915 1564 1939; x_wconf 92' lang='lat'><strong>,</strong></span> <span class='ocrx_word' id='word_1_262' title='bbox 1591 1873 1844 1944; x_wconf 88' lang='lat' dir='ltr'><strong>quidnam</strong></span> <span class='ocrx_word' id='word_1_263' title='bbox 1871 1873 1940 1930; x_wconf 87' lang='lat' dir='ltr'><strong>de</strong></span> <span class='ocrx_word' id='word_1_264' title='bbox 1969 1855 2016 1916; x_wconf 77' lang='grc' dir='ltr'><strong>Β</strong></span> <span class='ocrx_word' id='word_1_265' title='bbox 2045 1876 2198 1947; x_wconf 86' lang='lat' dir='ltr'><strong>quasi</strong></span> <span class='ocrx_word' id='word_1_266' title='bbox 2253 1877 2319 1931; x_wconf 88' lang='lat' dir='ltr'><strong>ad</strong></span> <span class='ocrx_word' id='word_1_267' title='bbox 2374 1874 2690 1947; x_wconf 86' lang='lat' dir='ltr'><strong>dignitatem</strong></span> <span class='ocrx_word' id='word_1_268' title='bbox 2754 1866 2989 1928; x_wconf 72' lang='lat' dir='ltr'><strong>vestram</strong></span> <span class='ocrx_word' id='word_1_269' title='bbox 3017 1917 3021 1920; x_wconf 91' lang='lat'><strong>.</strong></span> <span class='ocrx_word' id='word_1_270' title='bbox 3045 1886 3301 1928; x_wconf 88' lang='lat' dir='ltr'><strong>revocare</strong></span> <span class='ocrx_word' id='word_1_271' title='bbox 3348 1869 3599 1925; x_wconf 82' lang='lat' dir='ltr'><strong>voluistis</strong></span> <span class='ocrx_word' id='word_1_272' title='bbox 3623 1911 3640 1935; x_wconf 87' lang='lat'><strong>,</strong></span> 
     </span>
    </p>
   </div>
   <div class='ocr_carea' id='block_1_32' title="bbox 347 1968 1938 2039">
    <p class='ocr_par' dir='ltr' id='par_1_32' title="bbox 347 1968 1938 2039">
     <span class='ocr_line' id='line_1_32' title="bbox 347 1968 1938 2039; baseline -0.003 -11"><span class='ocrx_word' id='word_1_273' title='bbox 347 1973 417 2030; x_wconf 88' lang='lat' dir='ltr'><strong>iis</strong></span> <span class='ocrx_word' id='word_1_274' title='bbox 465 1973 662 2029; x_wconf 88' lang='lat' dir='ltr'><strong>faceret</strong></span> <span class='ocrx_word' id='word_1_275' title='bbox 682 2014 698 2039; x_wconf 95' lang='lat'><strong>,</strong></span> <span class='ocrx_word' id='word_1_276' title='bbox 726 1971 929 2026; x_wconf 89' lang='lat' dir='ltr'><strong>audivit</strong></span> <span class='ocrx_word' id='word_1_277' title='bbox 952 1985 1137 2026; x_wconf 86' lang='lat' dir='ltr'><strong>vocem</strong></span> <span class='ocrx_word' id='word_1_278' title='bbox 1166 1970 1263 2025; x_wconf 91' lang='lat' dir='ltr'><strong>Dei</strong></span> <span class='ocrx_word' id='word_1_279' title='bbox 1291 1969 1517 2026; x_wconf 90' lang='lat' dir='ltr'><strong>dicentis</strong></span> <span class='ocrx_word' id='word_1_280' title='bbox 1547 1986 1561 2022; x_wconf 89' lang='lat'><strong>:</strong></span> <span class='ocrx_word' id='word_1_281' title='bbox 1597 1968 1740 2023; x_wconf 69' lang='lat' dir='ltr'><strong>Tulle</strong></span> <span class='ocrx_word' id='word_1_282' title='bbox 1768 1969 1938 2024; x_wconf 78' lang='lat' dir='ltr'><strong>Aaron</strong></span> 
     </span>
    </p>
   </div>
   <div class='ocr_carea' id='block_1_33' title="bbox 349 2063 1940 2138">
    <p class='ocr_par' dir='ltr' id='par_1_33' title="bbox 349 2063 1940 2138">
     <span class='ocr_line' id='line_1_33' title="bbox 349 2063 1940 2138; baseline -0.002 -18"><span class='ocrx_word' id='word_1_283' title='bbox 349 2067 461 2120; x_wconf 77' lang='lat' dir='ltr'><strong>lucc</strong></span> <span class='ocrx_word' id='word_1_284' title='bbox 489 2083 609 2120; x_wconf 81' lang='lat' dir='ltr'><strong>vasa</strong></span> <span class='ocrx_word' id='word_1_285' title='bbox 626 2074 718 2130; x_wconf 79' lang='lat' dir='ltr'><strong>,et</strong></span> <span class='ocrx_word' id='word_1_286' title='bbox 739 2065 821 2138; x_wconf 77' lang='lat' dir='ltr'><strong>[ac</strong></span> <span class='ocrx_word' id='word_1_287' title='bbox 850 2064 968 2118; x_wconf 89' lang='lat' dir='ltr'><strong>inde</strong></span> <span class='ocrx_word' id='word_1_288' title='bbox 995 2063 1244 2130; x_wconf 80' lang='lat' dir='ltr'><strong>laminas,</strong></span> <span class='ocrx_word' id='word_1_289' title='bbox 1277 2072 1323 2116; x_wconf 88' lang='lat' dir='ltr'><strong>et</strong></span> <span class='ocrx_word' id='word_1_290' title='bbox 1349 2065 1478 2134; x_wconf 85' lang='lat' dir='ltr'><strong>pbne</strong></span> <span class='ocrx_word' id='word_1_291' title='bbox 1495 2063 1549 2116; x_wconf 91' lang='lat' dir='ltr'><strong>in</strong></span> <span class='ocrx_word' id='word_1_292' title='bbox 1579 2063 1780 2135; x_wconf 87' lang='lat' dir='ltr'><strong>angulis</strong></span> <span class='ocrx_word' id='word_1_293' title='bbox 1805 2078 1940 2117; x_wconf 74' lang='lat' dir='ltr'><strong>arcte</strong></span> 
     </span>
    </p>
   </div>
   <div class='ocr_carea' id='block_1_34' title="bbox 353 2155 1941 2227">
    <p class='ocr_par' dir='ltr' id='par_1_34' title="bbox 353 2155 1941 2227">
     <span class='ocr_line' id='line_1_34' title="bbox 353 2155 1941 2227; baseline -0.001 -14"><span class='ocrx_word' id='word_1_294' title='bbox 353 2158 640 2213; x_wconf 71' lang='lat' dir='ltr'><strong>testamenti</strong></span> <span class='ocrx_word' id='word_1_295' title='bbox 665 2155 902 2223; x_wconf 89' lang='lat' dir='ltr'><strong>Domini,</strong></span> <span class='ocrx_word' id='word_1_296' title='bbox 928 2157 1168 2226; x_wconf 84' lang='lat' dir='ltr'><strong>quoniam</strong></span> <span class='ocrx_word' id='word_1_297' title='bbox 1189 2155 1306 2210; x_wconf 84' lang='lat' dir='ltr'><strong>licet</strong></span> <span class='ocrx_word' id='word_1_298' title='bbox 1327 2156 1406 2210; x_wconf 86' lang='lat' dir='ltr'><strong>illi</strong></span> <span class='ocrx_word' id='word_1_299' title='bbox 1437 2155 1751 2227; x_wconf 79' lang='lat' dir='ltr'><strong>peccaverint</strong></span> <span class='ocrx_word' id='word_1_300' title='bbox 1774 2157 1861 2224; x_wconf 82' lang='lat' dir='ltr'><strong>qui</strong></span> <span class='ocrx_word' id='word_1_301' title='bbox 1880 2173 1941 2211; x_wconf 89' lang='lat' dir='ltr'><strong>ea</strong></span> 
     </span>
    </p>
   </div>
   <div class='ocr_carea' id='block_1_35' title="bbox 353 2247 1941 2322">
    <p class='ocr_par' dir='ltr' id='par_1_35' title="bbox 353 2247 1941 2322">
     <span class='ocr_line' id='line_1_35' title="bbox 353 2247 1941 2322; baseline -0.001 -17"><span class='ocrx_word' id='word_1_302' title='bbox 353 2250 613 2322; x_wconf 81' lang='lat' dir='ltr'><strong>ferebant;</strong></span> <span class='ocrx_word' id='word_1_303' title='bbox 668 2260 834 2303; x_wconf 83' lang='lat' dir='ltr'><strong>tamen</strong></span> <span class='ocrx_word' id='word_1_304' title='bbox 885 2265 1007 2304; x_wconf 79' lang='lat' dir='ltr'><strong>vasa</strong></span> <span class='ocrx_word' id='word_1_305' title='bbox 1043 2247 1134 2303; x_wconf 84' lang='lat' dir='ltr'><strong>illa</strong></span> <span class='ocrx_word' id='word_1_306' title='bbox 1183 2257 1362 2302; x_wconf 80' lang='lat' dir='ltr'><strong>sancta</strong></span> <span class='ocrx_word' id='word_1_307' title='bbox 1401 2257 1555 2315; x_wconf 83' lang='lat' dir='ltr'><strong>sunt,</strong></span> <span class='ocrx_word' id='word_1_308' title='bbox 1601 2248 1722 2319; x_wconf 84' lang='lat' dir='ltr'><strong>quia</strong></span> <span class='ocrx_word' id='word_1_309' title='bbox 1759 2264 1941 2303; x_wconf 81' lang='lat' dir='ltr'><strong>nomen</strong></span> 
     </span>
    </p>
   </div>
   <div class='ocr_carea' id='block_1_36' title="bbox 2047 1959 3643 2042">
    <p class='ocr_par' dir='ltr' id='par_1_36' title="bbox 2047 1959 3643 2042">
     <span class='ocr_line' id='line_1_36' title="bbox 2047 1959 3643 2042; baseline -0.007 -16"><span class='ocrx_word' id='word_1_310' title='bbox 2047 1968 2480 2042; x_wconf 82' lang='lat' dir='ltr'><strong>(50)utvirgines</strong></span> <span class='ocrx_word' id='word_1_311' title='bbox 2493 1967 2586 2022; x_wconf 93' lang='lat' dir='ltr'><strong>Dei</strong></span> <span class='ocrx_word' id='word_1_312' title='bbox 2608 1981 2766 2036; x_wconf 86' lang='lat' dir='ltr'><strong>agere</strong></span> <span class='ocrx_word' id='word_1_313' title='bbox 2780 1965 3147 2033; x_wconf 67' lang='lat' dir='ltr'><strong>paenitentiam</strong></span> <span class='ocrx_word' id='word_1_314' title='bbox 3162 1959 3604 2033; x_wconf 62' lang='lat' dir='ltr'><strong>(51)diseerentd</strong></span> <span class='ocrx_word' id='word_1_315' title='bbox 3628 1979 3643 2016; x_wconf 89' lang='lat'><strong>:</strong></span> 
     </span>
    </p>
   </div>
   <div class='ocr_carea' id='block_1_37' title="bbox 2046 2055 3644 2134">
    <p class='ocr_par' dir='ltr' id='par_1_37' title="bbox 2046 2055 3644 2134">
     <span class='ocr_line' id='line_1_37' title="bbox 2046 2055 3644 2134; baseline -0.009 -12"><span class='ocrx_word' id='word_1_316' title='bbox 2046 2062 2158 2134; x_wconf 63' lang='grc'><strong>94</strong></span> <span class='ocrx_word' id='word_1_317' title='bbox 2179 2072 2237 2122; x_wconf 86' lang='lat' dir='ltr'><strong>ut</strong></span> <span class='ocrx_word' id='word_1_318' title='bbox 2261 2061 2375 2134; x_wconf 73' lang='grc'><strong>(52)</strong></span> <span class='ocrx_word' id='word_1_319' title='bbox 2397 2059 2710 2130; x_wconf 86' lang='lat' dir='ltr'><strong>jamdudum</strong></span> <span class='ocrx_word' id='word_1_320' title='bbox 2745 2058 3020 2127; x_wconf 63' lang='lat' dir='ltr'><strong>professae,</strong></span> <span class='ocrx_word' id='word_1_321' title='bbox 3045 2058 3191 2126; x_wconf 86' lang='lat' dir='ltr'><strong>signa</strong></span> <span class='ocrx_word' id='word_1_322' title='bbox 3232 2055 3518 2110; x_wconf 87' lang='lat' dir='ltr'><strong>voluntatis</strong></span> <span class='ocrx_word' id='word_1_323' title='bbox 3545 2069 3644 2109; x_wconf 80' lang='lat' dir='ltr'><strong>ca-</strong></span> 
     </span>
    </p>
   </div>
   <div class='ocr_carea' id='block_1_38' title="bbox 2047 2145 3647 2226">
    <p class='ocr_par' dir='ltr' id='par_1_38' title="bbox 2047 2145 3647 2226">
     <span class='ocr_line' id='line_1_38' title="bbox 2047 2145 3647 2226; baseline -0.007 -17"><span class='ocrx_word' id='word_1_324' title='bbox 2047 2155 2249 2226; x_wconf 87' lang='lat' dir='ltr'><strong>pitibus</strong></span> <span class='ocrx_word' id='word_1_325' title='bbox 2269 2195 2284 2220; x_wconf 90' lang='lat'><strong>,</strong></span> <span class='ocrx_word' id='word_1_326' title='bbox 2309 2162 2496 2224; x_wconf 90' lang='lat' dir='ltr'><strong>postea</strong></span> <span class='ocrx_word' id='word_1_327' title='bbox 2519 2149 2672 2205; x_wconf 89' lang='lat' dir='ltr'><strong>vobis</strong></span> <span class='ocrx_word' id='word_1_328' title='bbox 2690 2147 3002 2220; x_wconf 80' lang='lat' dir='ltr'><strong>iubentibus</strong></span> <span class='ocrx_word' id='word_1_329' title='bbox 3023 2149 3403 2210; x_wconf 83' lang='lat' dir='ltr'><strong>immutarem;</strong></span> <span class='ocrx_word' id='word_1_330' title='bbox 3435 2145 3550 2218; x_wconf 74' lang='lat'><strong>(53)</strong></span> <span class='ocrx_word' id='word_1_331' title='bbox 3586 2150 3647 2199; x_wconf 91' lang='lat' dir='ltr'><strong>ut</strong></span> 
     </span>
    </p>
   </div>
   <div class='ocr_carea' id='block_1_39' title="bbox 2049 2239 3642 2316">
    <p class='ocr_par' dir='ltr' id='par_1_39' title="bbox 2049 2239 3642 2316">
     <span class='ocr_line' id='line_1_39' title="bbox 2049 2239 3642 2316; baseline -0.006 -14"><span class='ocrx_word' id='word_1_332' title='bbox 2049 2246 2286 2302; x_wconf 87' lang='lat' dir='ltr'><strong>mitellas</strong></span> <span class='ocrx_word' id='word_1_333' title='bbox 2313 2242 2427 2316; x_wconf 79' lang='grc'><strong>(54)</strong></span> <span class='ocrx_word' id='word_1_334' title='bbox 2460 2244 2636 2299; x_wconf 59' lang='lat' dir='ltr'><strong>alias?</strong></span> <span class='ocrx_word' id='word_1_335' title='bbox 2661 2241 3016 2313; x_wconf 81' lang='lat' dir='ltr'><strong>projicercnt,</strong></span> <span class='ocrx_word' id='word_1_336' title='bbox 3047 2249 3106 2296; x_wconf 88' lang='lat' dir='ltr'><strong>et-</strong></span> <span class='ocrx_word' id='word_1_337' title='bbox 3129 2239 3265 2295; x_wconf 89' lang='lat' dir='ltr'><strong>alias</strong></span> <span class='ocrx_word' id='word_1_338' title='bbox 3313 2242 3642 2310; x_wconf 85' lang='lat' dir='ltr'><strong>acciperent.</strong></span> 
     </span>
    </p>
   </div>
   <div class='ocr_carea' id='block_1_40' title="bbox 1587 2357 2471 2418">
    <p class='ocr_par' dir='ltr' id='par_1_40' title="bbox 1587 2357 2471 2418">
     <span class='ocr_line' id='line_1_40' title="bbox 1587 2357 2471 2418; baseline -0.003 -5"><span class='ocrx_word' id='word_1_339' title='bbox 1587 2357 1972 2418; x_wconf 83' lang='lat' dir='ltr'><strong>LECTIONES</strong></span> <span class='ocrx_word' id='word_1_340' title='bbox 2011 2357 2425 2418; x_wconf 78' lang='lat' dir='ltr'><strong>VARIANTES.</strong></span> <span class='ocrx_word' id='word_1_341' title='bbox 2466 2362 2471 2366; x_wconf 69' lang='lat'><strong>‘</strong></span> 
     </span>
    </p>
   </div>
   <div class='ocr_carea' id='block_1_41' title="bbox 416 2416 1944 2512">
    <p class='ocr_par' dir='ltr' id='par_1_41' title="bbox 416 2416 1944 2512">
     <span class='ocr_line' id='line_1_41' title="bbox 416 2416 1944 2512; baseline -0.004 -6"><span class='ocrx_word' id='word_1_342' title='bbox 416 2459 444 2487; x_wconf 78' lang='grc' dir='ltr'>ι</span> <span class='ocrx_word' id='word_1_343' title='bbox 475 2454 732 2506; x_wconf 83' lang='lat' dir='ltr'><strong>Habentur</strong></span> <span class='ocrx_word' id='word_1_344' title='bbox 769 2453 874 2504; x_wconf 65' lang='lat' dir='ltr'><strong>hac</strong></span> <span class='ocrx_word' id='word_1_345' title='bbox 910 2453 958 2500; x_wconf 86' lang='lat' dir='ltr'><strong>in</strong></span> <span class='ocrx_word' id='word_1_346' title='bbox 995 2416 1189 2502; x_wconf 60' lang='lat' dir='ltr'><strong>mssC.</strong></span> <span class='ocrx_word' id='word_1_347' title='bbox 1216 2454 1270 2501; x_wconf 88' lang='lat' dir='ltr'><strong>et</strong></span> <span class='ocrx_word' id='word_1_348' title='bbox 1291 2450 1346 2501; x_wconf 92' lang='lat' dir='ltr'><strong>S.</strong></span> <span class='ocrx_word' id='word_1_349' title='bbox 1383 2449 1442 2502; x_wconf 67' lang='grc' dir='ltr'><strong>(ἰ.</strong></span> <span class='ocrx_word' id='word_1_350' title='bbox 1468 2448 1526 2500; x_wconf 89' lang='lat' dir='ltr'><strong>In</strong></span> <span class='ocrx_word' id='word_1_351' title='bbox 1552 2449 1688 2512; x_wconf 81' lang='lat' dir='ltr'><strong>aliis,</strong></span> <span class='ocrx_word' id='word_1_352' title='bbox 1717 2456 1829 2501; x_wconf 88' lang='lat' dir='ltr'><strong>tua:</strong></span> <span class='ocrx_word' id='word_1_353' title='bbox 1853 2449 1944 2500; x_wconf 88' lang='lat' dir='ltr'><strong>sed</strong></span> 
     </span>
    </p>
   </div>
   <div class='ocr_carea' id='block_1_42' title="bbox 353 2521 1204 2645">
    <p class='ocr_par' dir='ltr' id='par_1_42' title="bbox 353 2521 1204 2645">
     <span class='ocr_line' id='line_1_42' title="bbox 353 2521 1204 2645; baseline 0.002 -23"><span class='ocrx_word' id='word_1_354' title='bbox 353 2521 600 2645; x_wconf 38' lang='lat' dir='ltr'><strong>minimc</strong></span> <span class='ocrx_word' id='word_1_355' title='bbox 621 2576 802 2629; x_wconf 84' lang='lat' dir='ltr'><strong>desunt</strong></span> <span class='ocrx_word' id='word_1_356' title='bbox 830 2576 882 2627; x_wconf 91' lang='lat' dir='ltr'><strong>in</strong></span> <span class='ocrx_word' id='word_1_357' title='bbox 902 2588 994 2625; x_wconf 87' lang='lat' dir='ltr'><strong>ms.</strong></span> <span class='ocrx_word' id='word_1_358' title='bbox 1019 2574 1072 2625; x_wconf 90' lang='lat' dir='ltr'><strong>S.</strong></span> <span class='ocrx_word' id='word_1_359' title='bbox 1097 2573 1157 2625; x_wconf 86' lang='grc' dir='ltr'><strong>Τ.</strong></span> <span class='ocrx_word' id='word_1_360' title='bbox 1192 2639 1204 2644; x_wconf 23' lang='grc' dir='ltr'><strong><em>ί</em></strong></span> 
     </span>
    </p>
   </div>
   <div class='ocr_carea' id='block_1_43' title="bbox 2113 2445 3572 2510">
    <p class='ocr_par' dir='ltr' id='par_1_43' title="bbox 2113 2445 3572 2510">
     <span class='ocr_line' id='line_1_43' title="bbox 2113 2445 3572 2510; baseline 0.003 -11"><span class='ocrx_word' id='word_1_361' title='bbox 2113 2453 2138 2483; x_wconf 70' lang='grc' dir='ltr'><strong><em>ο</em></strong></span> <span class='ocrx_word' id='word_1_362' title='bbox 2173 2450 2230 2500; x_wconf 89' lang='lat' dir='ltr'><strong>In</strong></span> <span class='ocrx_word' id='word_1_363' title='bbox 2250 2448 2366 2500; x_wconf 80' lang='lat' dir='ltr'><strong>mss.</strong></span> <span class='ocrx_word' id='word_1_364' title='bbox 2391 2449 2444 2501; x_wconf 87' lang='lat' dir='ltr'><strong>C.</strong></span> <span class='ocrx_word' id='word_1_365' title='bbox 2470 2449 2527 2500; x_wconf 77' lang='lat' dir='ltr'><strong>&#39;et</strong></span> <span class='ocrx_word' id='word_1_366' title='bbox 2551 2450 2603 2500; x_wconf 88' lang='lat' dir='ltr'><strong>S.</strong></span> <span class='ocrx_word' id='word_1_367' title='bbox 2639 2449 2697 2499; x_wconf 88' lang='lat' dir='ltr'><strong>G.</strong></span> <span class='ocrx_word' id='word_1_368' title='bbox 2723 2445 2993 2510; x_wconf 73' lang='lat' dir='ltr'><strong>putabatur.</strong></span> <span class='ocrx_word' id='word_1_369' title='bbox 3153 2507 3163 2510; x_wconf 92' lang='lat'>_</span> <span class='ocrx_word' id='word_1_370' title='bbox 3269 2508 3279 2510; x_wconf 76' lang='lat'><strong><em>_</em></strong></span> <span class='ocrx_word' id='word_1_371' title='bbox 3415 2508 3442 2510; x_wconf 77' lang='lat'><strong>__</strong></span> <span class='ocrx_word' id='word_1_372' title='bbox 3561 2495 3572 2504; x_wconf 89' lang='lat'><strong>.</strong></span> 
     </span>
    </p>
   </div>
   <div class='ocr_carea' id='block_1_44' title="bbox 2117 2507 3642 2574">
    <p class='ocr_par' dir='ltr' id='par_1_44' title="bbox 2117 2507 3642 2574">
     <span class='ocr_line' id='line_1_44' title="bbox 2117 2507 3642 2574; baseline -0.002 -12"><span class='ocrx_word' id='word_1_373' title='bbox 2117 2512 2145 2551; x_wconf 70' lang='grc' dir='ltr'><strong>τι</strong></span> <span class='ocrx_word' id='word_1_374' title='bbox 2180 2513 2233 2562; x_wconf 87' lang='lat' dir='ltr'><strong>In</strong></span> <span class='ocrx_word' id='word_1_375' title='bbox 2257 2527 2374 2563; x_wconf 91' lang='lat' dir='ltr'><strong>mss.</strong></span> <span class='ocrx_word' id='word_1_376' title='bbox 2407 2513 2458 2562; x_wconf 89' lang='lat' dir='ltr'><strong>S.</strong></span> <span class='ocrx_word' id='word_1_377' title='bbox 2483 2511 2542 2563; x_wconf 85' lang='lat'><strong>&#39;1‘.</strong></span> <span class='ocrx_word' id='word_1_378' title='bbox 2572 2507 2782 2574; x_wconf 25' lang='lat' dir='ltr'><strong>etiPr&#39;S.</strong></span> <span class='ocrx_word' id='word_1_379' title='bbox 2818 2515 3014 2574; x_wconf 80' lang='lat' dir='ltr'><strong>agerent</strong></span> <span class='ocrx_word' id='word_1_380' title='bbox 3035 2507 3360 2573; x_wconf 68' lang='lat' dir='ltr'><strong>paenitentiam</strong></span> <span class='ocrx_word' id='word_1_381' title='bbox 3389 2508 3642 2562; x_wconf 67' lang='lat' dir='ltr'><strong>ditem.</strong></span> 
     </span>
    </p>
   </div>
   <div class='ocr_carea' id='block_1_45' title="bbox 2118 2573 2979 2626">
    <p class='ocr_par' dir='ltr' id='par_1_45' title="bbox 2118 2573 2979 2626">
     <span class='ocr_line' id='line_1_45' title="bbox 2118 2573 2979 2626; baseline -0.002 -2"><span class='ocrx_word' id='word_1_382' title='bbox 2118 2578 2142 2606; x_wconf 83' lang='lat'><strong><em>°</em></strong></span> <span class='ocrx_word' id='word_1_383' title='bbox 2176 2574 2233 2624; x_wconf 89' lang='lat' dir='ltr'><strong>In</strong></span> <span class='ocrx_word' id='word_1_384' title='bbox 2257 2587 2370 2626; x_wconf 86' lang='lat' dir='ltr'><strong>mss.</strong></span> <span class='ocrx_word' id='word_1_385' title='bbox 2397 2575 2448 2625; x_wconf 92' lang='lat' dir='ltr'><strong>S.</strong></span> <span class='ocrx_word' id='word_1_386' title='bbox 2474 2574 2532 2625; x_wconf 89' lang='grc' dir='ltr'><strong>Τ.</strong></span> <span class='ocrx_word' id='word_1_387' title='bbox 2562 2579 2614 2624; x_wconf 87' lang='lat' dir='ltr'><strong>et</strong></span> <span class='ocrx_word' id='word_1_388' title='bbox 2630 2573 2687 2624; x_wconf 89' lang='lat' dir='ltr'><strong>P.</strong></span> <span class='ocrx_word' id='word_1_389' title='bbox 2711 2573 2762 2624; x_wconf 93' lang='lat' dir='ltr'><strong>S.</strong></span> <span class='ocrx_word' id='word_1_390' title='bbox 2788 2573 2979 2622; x_wconf 72' lang='lat' dir='ltr'><strong>aureas.</strong></span> 
     </span>
    </p>
   </div>
   <div class='ocr_carea' id='block_1_46' title="bbox 1598 2664 2456 2756">
    <p class='ocr_par' dir='ltr' id='par_1_46' title="bbox 1598 2664 2456 2756">
     <span class='ocr_line' id='line_1_46' title="bbox 1598 2664 2456 2756; baseline 0.006 -22"><span class='ocrx_word' id='word_1_391' title='bbox 1598 2665 1601 2668; x_wconf 84' lang='grc'><em>’</em></span> <span class='ocrx_word' id='word_1_392' title='bbox 1651 2664 2046 2741; x_wconf 62' lang='grc' dir='ltr'><strong>ινΑηιῡΒῠη</strong></span> <span class='ocrx_word' id='word_1_393' title='bbox 2079 2681 2304 2739; x_wconf 62' lang='lat' dir='ltr'><strong>NOTJE.</strong></span> <span class='ocrx_word' id='word_1_394' title='bbox 2406 2713 2456 2756; x_wconf 35' lang='grc' dir='ltr'><strong>-λ</strong></span> 
     </span>
    </p>
   </div>
   <div class='ocr_carea' id='block_1_47' title="bbox 432 2773 1945 2854">
    <p class='ocr_par' dir='ltr' id='par_1_47' title="bbox 432 2773 1945 2854">
     <span class='ocr_line' id='line_1_47' title="bbox 432 2773 1945 2854; baseline -0.003 -18"><span class='ocrx_word' id='word_1_395' title='bbox 432 2776 550 2854; x_wconf 88' lang='grc'><strong>(45)</strong></span> <span class='ocrx_word' id='word_1_396' title='bbox 581 2778 748 2854; x_wconf 82' lang='lat' dir='ltr'><strong>Igitur</strong></span> <span class='ocrx_word' id='word_1_397' title='bbox 768 2774 1256 2854; x_wconf 29' lang='lat' dir='ltr'><strong>aitaria‘tuaiupra</strong></span> <span class='ocrx_word' id='word_1_398' title='bbox 1285 2781 1589 2854; x_wconf 74' lang='lat' dir='ltr'><strong>memorata.</strong></span> <span class='ocrx_word' id='word_1_399' title='bbox 1614 2773 1849 2830; x_wconf 85' lang='lat' dir='ltr'><strong>Emenda</strong></span> <span class='ocrx_word' id='word_1_400' title='bbox 1877 2791 1945 2850; x_wconf 58' lang='lat' dir='ltr'><strong>es</strong></span> 
     </span>
    </p>
   </div>
   <div class='ocr_carea' id='block_1_48' title="bbox 358 2843 1947 2922">
    <p class='ocr_par' dir='ltr' id='par_1_48' title="bbox 358 2843 1947 2922">
     <span class='ocr_line' id='line_1_48' title="bbox 358 2843 1947 2922; baseline -0.007 -13"><span class='ocrx_word' id='word_1_401' title='bbox 358 2843 655 2922; x_wconf 68' lang='lat' dir='ltr'><strong>integriore</strong></span> <span class='ocrx_word' id='word_1_402' title='bbox 688 2853 750 2922; x_wconf 71' lang='grc' dir='ltr'><strong>1σέ</strong></span> <span class='ocrx_word' id='word_1_403' title='bbox 790 2846 1041 2922; x_wconf 80' lang='lat' dir='ltr'><strong>Balduini</strong></span> <span class='ocrx_word' id='word_1_404' title='bbox 1060 2843 1201 2901; x_wconf 88' lang='lat' dir='ltr'><strong>libro</strong></span> <span class='ocrx_word' id='word_1_405' title='bbox 1244 2861 1282 2911; x_wconf 88' lang='grc' dir='ltr'><strong>ι,</strong></span> <span class='ocrx_word' id='word_1_406' title='bbox 1312 2845 1499 2898; x_wconf 85' lang='lat' dir='ltr'><strong>altaria</strong></span> <span class='ocrx_word' id='word_1_407' title='bbox 1544 2853 1591 2899; x_wconf 89' lang='lat' dir='ltr'><strong>et</strong></span> <span class='ocrx_word' id='word_1_408' title='bbox 1620 2862 1742 2922; x_wconf 77' lang='lat' dir='ltr'><strong>vasa</strong></span> <span class='ocrx_word' id='word_1_409' title='bbox 1788 2843 1947 2914; x_wconf 78' lang='lat' dir='ltr'><strong>supra</strong></span> 
     </span>
    </p>
   </div>
   <div class='ocr_carea' id='block_1_49' title="bbox 360 2917 1946 2987">
    <p class='ocr_par' dir='ltr' id='par_1_49' title="bbox 360 2917 1946 2987">
     <span class='ocr_line' id='line_1_49' title="bbox 360 2917 1946 2987; baseline -0.006 -8"><span class='ocrx_word' id='word_1_410' title='bbox 360 2917 660 2980; x_wconf 64' lang='lat' dir='ltr'><strong>merueram.</strong></span> <span class='ocrx_word' id='word_1_411' title='bbox 721 2919 852 2987; x_wconf 72' lang='lat' dir='ltr'><strong>Qua:</strong></span> <span class='ocrx_word' id='word_1_412' title='bbox 895 2917 1157 2973; x_wconf 86' lang='lat' dir='ltr'><strong>continuo</strong></span> <span class='ocrx_word' id='word_1_413' title='bbox 1196 2925 1494 2987; x_wconf 77' lang='lat' dir='ltr'><strong>sequuntur</strong></span> <span class='ocrx_word' id='word_1_414' title='bbox 1543 2917 1730 2971; x_wconf 89' lang='lat' dir='ltr'><strong>mutila</strong></span> <span class='ocrx_word' id='word_1_415' title='bbox 1784 2924 1946 2982; x_wconf 90' lang='lat' dir='ltr'><strong>sunt,</strong></span> 
     </span>
    </p>
   </div>
   <div class='ocr_carea' id='block_1_50' title="bbox 362 2985 1953 3058">
    <p class='ocr_par' dir='ltr' id='par_1_50' title="bbox 362 2985 1953 3058">
     <span class='ocr_line' id='line_1_50' title="bbox 362 2985 1953 3058; baseline -0.007 -7"><span class='ocrx_word' id='word_1_416' title='bbox 362 2996 592 3051; x_wconf 85' lang='lat' dir='ltr'><strong>restitue</strong></span> <span class='ocrx_word' id='word_1_417' title='bbox 633 3008 702 3046; x_wconf 82' lang='lat' dir='ltr'><strong>ex</strong></span> <span class='ocrx_word' id='word_1_418' title='bbox 728 2985 917 3045; x_wconf 76' lang='lat' dir='ltr'><strong>eodem</strong></span> <span class='ocrx_word' id='word_1_419' title='bbox 941 2988 1129 3043; x_wconf 88' lang='lat' dir='ltr'><strong>codice</strong></span> <span class='ocrx_word' id='word_1_420' title='bbox 1154 3004 1168 3040; x_wconf 91' lang='lat'><strong>:</strong></span> <span class='ocrx_word' id='word_1_421' title='bbox 1193 2985 1365 3058; x_wconf 82' lang='lat' dir='ltr'><strong>Igitur</strong></span> <span class='ocrx_word' id='word_1_422' title='bbox 1394 2988 1583 3040; x_wconf 85' lang='lat' dir='ltr'><strong>altaria</strong></span> <span class='ocrx_word' id='word_1_423' title='bbox 1609 2996 1658 3040; x_wconf 86' lang='lat' dir='ltr'><strong>et</strong></span> <span class='ocrx_word' id='word_1_424' title='bbox 1705 3002 1826 3040; x_wconf 79' lang='lat' dir='ltr'><strong>rasa</strong></span> <span class='ocrx_word' id='word_1_425' title='bbox 1867 3005 1953 3041; x_wconf 86' lang='lat' dir='ltr'><strong>su-</strong></span> 
     </span>
    </p>
   </div>
   <div class='ocr_carea' id='block_1_51' title="bbox 362 3058 1951 3138">
    <p class='ocr_par' dir='ltr' id='par_1_51' title="bbox 362 3058 1951 3138">
     <span class='ocr_line' id='line_1_51' title="bbox 362 3058 1951 3138; baseline -0.004 -20"><span class='ocrx_word' id='word_1_426' title='bbox 362 3082 461 3138; x_wconf 77' lang='lat' dir='ltr'><strong>pra</strong></span> <span class='ocrx_word' id='word_1_427' title='bbox 490 3059 1174 3138; x_wconf 77' lang='lat' dir='ltr'><strong>nternorata_et_in_manibus</strong></span> <span class='ocrx_word' id='word_1_428' title='bbox 1214 3058 1389 3112; x_wconf 81' lang='lat' dir='ltr'><strong>vestris</strong></span> <span class='ocrx_word' id='word_1_429' title='bbox 1405 3058 1720 3130; x_wconf 86' lang='lat' dir='ltr'><strong>jamdudum</strong></span> <span class='ocrx_word' id='word_1_430' title='bbox 1750 3060 1951 3138; x_wconf 70' lang='lat' dir='ltr'><strong>fuerant</strong></span> 
     </span>
    </p>
   </div>
   <div class='ocr_carea' id='block_1_52' title="bbox 364 3130 1952 3199">
    <p class='ocr_par' dir='ltr' id='par_1_52' title="bbox 364 3130 1952 3199">
     <span class='ocr_line' id='line_1_52' title="bbox 364 3130 1952 3199; baseline -0.006 -7"><span class='ocrx_word' id='word_1_431' title='bbox 364 3130 415 3192; x_wconf 70' lang='lat' dir='ltr'><strong>et</strong></span> <span class='ocrx_word' id='word_1_432' title='bbox 443 3138 498 3190; x_wconf 90' lang='lat' dir='ltr'><strong>in</strong></span> <span class='ocrx_word' id='word_1_433' title='bbox 524 3135 730 3190; x_wconf 86' lang='lat' dir='ltr'><strong>nostris.</strong></span> <span class='ocrx_word' id='word_1_434' title='bbox 760 3132 825 3188; x_wconf 90' lang='lat' dir='ltr'><strong>Si</strong></span> <span class='ocrx_word' id='word_1_435' title='bbox 850 3131 1115 3197; x_wconf 48' lang='lat' dir='ltr'><strong>infamatis.</strong></span> <span class='ocrx_word' id='word_1_436' title='bbox 1141 3145 1318 3184; x_wconf 85' lang='lat' dir='ltr'><strong>manus</strong></span> <span class='ocrx_word' id='word_1_437' title='bbox 1370 3141 1600 3193; x_wconf 89' lang='lat' dir='ltr'><strong>nostras,</strong></span> <span class='ocrx_word' id='word_1_438' title='bbox 1632 3145 1790 3199; x_wconf 84' lang='lat' dir='ltr'><strong>quare</strong></span> <span class='ocrx_word' id='word_1_439' title='bbox 1843 3130 1952 3183; x_wconf 90' lang='lat' dir='ltr'><strong>illic</strong></span> 
     </span>
    </p>
   </div>
   <div class='ocr_carea' id='block_1_53' title="bbox 367 3203 1184 3262">
    <p class='ocr_par' dir='ltr' id='par_1_53' title="bbox 367 3203 1184 3262">
     <span class='ocr_line' id='line_1_53' title="bbox 367 3203 1184 3262; baseline -0.012 0"><span class='ocrx_word' id='word_1_440' title='bbox 367 3207 624 3262; x_wconf 83' lang='lat' dir='ltr'><strong>damnatis</strong></span> <span class='ocrx_word' id='word_1_441' title='bbox 652 3215 696 3260; x_wconf 89' lang='lat' dir='ltr'><strong>et</strong></span> <span class='ocrx_word' id='word_1_442' title='bbox 716 3203 946 3258; x_wconf 59' lang='lat' dir='ltr'><strong>uestra)?</strong></span> <span class='ocrx_word' id='word_1_443' title='bbox 965 3203 1184 3256; x_wconf 69' lang='lat' dir='ltr'><strong>lucem.</strong></span> 
     </span>
    </p>
   </div>
   <div class='ocr_carea' id='block_1_54' title="bbox 443 3269 1947 3350">
    <p class='ocr_par' dir='ltr' id='par_1_54' title="bbox 443 3269 1947 3350">
     <span class='ocr_line' id='line_1_54' title="bbox 443 3269 1947 3350; baseline -0.005 -18"><span class='ocrx_word' id='word_1_444' title='bbox 443 3277 559 3350; x_wconf 77' lang='grc'><strong>(46)</strong></span> <span class='ocrx_word' id='word_1_445' title='bbox 600 3275 811 3350; x_wconf 78' lang='lat' dir='ltr'><strong>Polluta</strong></span> <span class='ocrx_word' id='word_1_446' title='bbox 858 3272 1084 3350; x_wconf 30' lang='lat' dir='ltr'><strong>si‘soius</strong></span> <span class='ocrx_word' id='word_1_447' title='bbox 1109 3281 1290 3350; x_wconf 57' lang='lat' dir='ltr'><strong>tactus,</strong></span> <span class='ocrx_word' id='word_1_448' title='bbox 1322 3269 1466 3325; x_wconf 89' lang='lat' dir='ltr'><strong>Idem</strong></span> <span class='ocrx_word' id='word_1_449' title='bbox 1501 3269 1637 3325; x_wconf 90' lang='lat' dir='ltr'><strong>liber</strong></span> <span class='ocrx_word' id='word_1_450' title='bbox 1672 3287 1684 3322; x_wconf 95' lang='lat'>:</span> <span class='ocrx_word' id='word_1_451' title='bbox 1716 3270 1947 3340; x_wconf 86' lang='lat' dir='ltr'><strong>polluta,</strong></span> 
     </span>
    </p>
   </div>
   <div class='ocr_carea' id='block_1_55' title="bbox 369 3342 1833 3414">
    <p class='ocr_par' dir='ltr' id='par_1_55' title="bbox 369 3342 1833 3414">
     <span class='ocr_line' id='line_1_55' title="bbox 369 3342 1833 3414; baseline -0.017 -10"><span class='ocrx_word' id='word_1_452' title='bbox 369 3342 508 3414; x_wconf 84' lang='lat' dir='ltr'><strong>esto,</strong></span> <span class='ocrx_word' id='word_1_453' title='bbox 541 3342 864 3402; x_wconf 73' lang='lat' dir='ltr'><strong>solustactus</strong></span> <span class='ocrx_word' id='word_1_454' title='bbox 892 3345 977 3398; x_wconf 84' lang='lat' dir='ltr'><strong>sit.</strong></span> <span class='ocrx_word' id='word_1_455' title='bbox 1008 3344 1223 3398; x_wconf 73' lang='lat' dir='ltr'><strong>lncznr.</strong></span> <span class='ocrx_word' id='word_1_456' title='bbox 1279 3342 1288 3355; x_wconf 84' lang='lat'><em>&#39;</em></span> <span class='ocrx_word' id='word_1_457' title='bbox 1664 3411 1675 3414; x_wconf 69' lang='lat'>_</span> <span class='ocrx_word' id='word_1_458' title='bbox 1717 3413 1729 3414; x_wconf 19' lang='grc' dir='ltr'><em>γ</em></span> <span class='ocrx_word' id='word_1_459' title='bbox 1830 3369 1833 3371; x_wconf 92' lang='grc'>.</span> 
     </span>
    </p>
   </div>
   <div class='ocr_carea' id='block_1_56' title="bbox 443 3411 1954 3492">
    <p class='ocr_par' dir='ltr' id='par_1_56' title="bbox 443 3411 1954 3492">
     <span class='ocr_line' id='line_1_56' title="bbox 443 3411 1954 3492; baseline -0.003 -21"><span class='ocrx_word' id='word_1_460' title='bbox 443 3411 558 3492; x_wconf 81' lang='grc'><strong>(47)</strong></span> <span class='ocrx_word' id='word_1_461' title='bbox 584 3417 642 3473; x_wconf 90' lang='lat' dir='ltr'><strong>Si</strong></span> <span class='ocrx_word' id='word_1_462' title='bbox 680 3425 928 3492; x_wconf 72' lang='lat' dir='ltr'><strong>peccator.</strong></span> <span class='ocrx_word' id='word_1_463' title='bbox 951 3415 1008 3471; x_wconf 88' lang='lat' dir='ltr'><strong>Si</strong></span> <span class='ocrx_word' id='word_1_464' title='bbox 1036 3414 1082 3470; x_wconf 91' lang='lat' dir='ltr'><strong>is</strong></span> <span class='ocrx_word' id='word_1_465' title='bbox 1109 3415 1200 3484; x_wconf 89' lang='lat' dir='ltr'><strong>qui</strong></span> <span class='ocrx_word' id='word_1_466' title='bbox 1231 3420 1563 3492; x_wconf 83' lang='lat' dir='ltr'><strong>sacramenta</strong></span> <span class='ocrx_word' id='word_1_467' title='bbox 1595 3411 1855 3480; x_wconf 87' lang='lat' dir='ltr'><strong>celebrat,</strong></span> <span class='ocrx_word' id='word_1_468' title='bbox 1885 3413 1954 3468; x_wconf 92' lang='lat' dir='ltr'><strong>sit</strong></span> 
     </span>
    </p>
   </div>
   <div class='ocr_carea' id='block_1_57' title="bbox 375 3487 1527 3563">
    <p class='ocr_par' dir='ltr' id='par_1_57' title="bbox 375 3487 1527 3563">
     <span class='ocr_line' id='line_1_57' title="bbox 375 3487 1527 3563; baseline -0.003 -18"><span class='ocrx_word' id='word_1_469' title='bbox 375 3487 649 3563; x_wconf 63' lang='lat' dir='ltr'><strong>peccator.</strong></span> <span class='ocrx_word' id='word_1_470' title='bbox 683 3487 910 3563; x_wconf 68' lang='lat' dir='ltr'><strong>ALaAsP.</strong></span> <span class='ocrx_word' id='word_1_471' title='bbox 938 3556 950 3563; x_wconf 91' lang='lat'><strong>_</strong></span> <span class='ocrx_word' id='word_1_472' title='bbox 1081 3556 1146 3563; x_wconf 90' lang='lat'>__</span> <span class='ocrx_word' id='word_1_473' title='bbox 1293 3556 1304 3563; x_wconf 90' lang='lat'>_</span> <span class='ocrx_word' id='word_1_474' title='bbox 1419 3556 1430 3563; x_wconf 87' lang='lat'>_</span> <span class='ocrx_word' id='word_1_475' title='bbox 1522 3489 1527 3493; x_wconf 86' lang='grc'><em>’</em></span> 
     </span>
    </p>
   </div>
   <div class='ocr_carea' id='block_1_58' title="bbox 470 3556 1630 3630">
    <p class='ocr_par' dir='ltr' id='par_1_58' title="bbox 470 3556 1630 3630">
     <span class='ocr_line' id='line_1_58' title="bbox 470 3556 1630 3630; baseline -0.005 -17"><span class='ocrx_word' id='word_1_476' title='bbox 470 3559 562 3630; x_wconf 91' lang='grc'><strong>48)</strong></span> <span class='ocrx_word' id='word_1_477' title='bbox 591 3559 802 3612; x_wconf 87' lang='lat' dir='ltr'><strong>Tactus.</strong></span> <span class='ocrx_word' id='word_1_478' title='bbox 836 3556 989 3630; x_wconf 80' lang='lat' dir='ltr'><strong>Aetio</strong></span> <span class='ocrx_word' id='word_1_479' title='bbox 1014 3556 1355 3630; x_wconf 87' lang='lat' dir='ltr'><strong>celebrantis.</strong></span> <span class='ocrx_word' id='word_1_480' title='bbox 1405 3556 1630 3610; x_wconf 71' lang='lat' dir='ltr'><strong>Acessr.</strong></span> 
     </span>
    </p>
   </div>
   <div class='ocr_carea' id='block_1_59' title="bbox 469 3624 1953 3698">
    <p class='ocr_par' dir='ltr' id='par_1_59' title="bbox 469 3624 1953 3698">
     <span class='ocr_line' id='line_1_59' title="bbox 469 3624 1953 3698; baseline -0.005 -11"><span class='ocrx_word' id='word_1_481' title='bbox 469 3624 562 3698; x_wconf 81' lang='grc'><strong>49)</strong></span> <span class='ocrx_word' id='word_1_482' title='bbox 594 3628 1001 3684; x_wconf 85' lang='lat' dir='ltr'><strong>Tabulam.Aras</strong></span> <span class='ocrx_word' id='word_1_483' title='bbox 1021 3628 1412 3684; x_wconf 83' lang='lat' dir='ltr'><strong>censecrabant</strong></span> <span class='ocrx_word' id='word_1_484' title='bbox 1431 3637 1487 3698; x_wconf 84' lang='lat' dir='ltr'><strong>et</strong></span> <span class='ocrx_word' id='word_1_485' title='bbox 1502 3634 1698 3680; x_wconf 85' lang='lat' dir='ltr'><strong>vestes.</strong></span> <span class='ocrx_word' id='word_1_486' title='bbox 1725 3624 1953 3680; x_wconf 67' lang='lat' dir='ltr'><strong>Messe.</strong></span> 
     </span>
    </p>
   </div>
   <div class='ocr_carea' id='block_1_60' title="bbox 445 3697 1958 3773">
    <p class='ocr_par' dir='ltr' id='par_1_60' title="bbox 445 3697 1958 3773">
     <span class='ocr_line' id='line_1_60' title="bbox 445 3697 1958 3773; baseline -0.004 -16"><span class='ocrx_word' id='word_1_487' title='bbox 445 3697 562 3772; x_wconf 83' lang='lat'><strong>(50)</strong></span> <span class='ocrx_word' id='word_1_488' title='bbox 589 3700 656 3756; x_wconf 88' lang='lat' dir='ltr'><strong>Ut</strong></span> <span class='ocrx_word' id='word_1_489' title='bbox 685 3701 924 3773; x_wconf 81' lang='lat' dir='ltr'><strong>virgines.</strong></span> <span class='ocrx_word' id='word_1_490' title='bbox 959 3699 1217 3773; x_wconf 81' lang='lat' dir='ltr'><strong>Loquitur</strong></span> <span class='ocrx_word' id='word_1_491' title='bbox 1245 3697 1311 3751; x_wconf 90' lang='lat' dir='ltr'><strong>de</strong></span> <span class='ocrx_word' id='word_1_492' title='bbox 1358 3697 1688 3773; x_wconf 79' lang='lat' dir='ltr'><strong>virginibus,</strong></span> <span class='ocrx_word' id='word_1_493' title='bbox 1722 3704 1840 3764; x_wconf 75' lang='lat' dir='ltr'><strong>qua:</strong></span> <span class='ocrx_word' id='word_1_494' title='bbox 1869 3712 1958 3751; x_wconf 87' lang='lat' dir='ltr'><strong>es-</strong></span> 
     </span>
    </p>
   </div>
   <div class='ocr_carea' id='block_1_61' title="bbox 375 3769 1962 3842">
    <p class='ocr_par' dir='ltr' id='par_1_61' title="bbox 375 3769 1962 3842">
     <span class='ocr_line' id='line_1_61' title="bbox 375 3769 1962 3842; baseline -0.006 -11"><span class='ocrx_word' id='word_1_495' title='bbox 375 3769 500 3831; x_wconf 82' lang='lat' dir='ltr'><strong>sent</strong></span> <span class='ocrx_word' id='word_1_496' title='bbox 521 3769 806 3842; x_wconf 73' lang='lat' dir='ltr'><strong>baptizata:</strong></span> <span class='ocrx_word' id='word_1_497' title='bbox 826 3780 952 3842; x_wconf 76' lang='lat' dir='ltr'><strong>ante</strong></span> <span class='ocrx_word' id='word_1_498' title='bbox 979 3771 1214 3842; x_wconf 68' lang='lat' dir='ltr'><strong>scltisrna</strong></span> <span class='ocrx_word' id='word_1_499' title='bbox 1234 3809 1249 3832; x_wconf 92' lang='lat'><strong>,</strong></span> <span class='ocrx_word' id='word_1_500' title='bbox 1273 3776 1367 3823; x_wconf 92' lang='lat' dir='ltr'><strong>aut</strong></span> <span class='ocrx_word' id='word_1_501' title='bbox 1391 3769 1460 3822; x_wconf 91' lang='lat' dir='ltr'><strong>de</strong></span> <span class='ocrx_word' id='word_1_502' title='bbox 1490 3769 1554 3842; x_wconf 90' lang='lat' dir='ltr'><strong>iis</strong></span> <span class='ocrx_word' id='word_1_503' title='bbox 1577 3782 1695 3836; x_wconf 77' lang='lat' dir='ltr'><strong>qua:</strong></span> <span class='ocrx_word' id='word_1_504' title='bbox 1726 3776 1962 3842; x_wconf 72' lang='lat' dir='ltr'><strong>postre-</strong></span> 
     </span>
    </p>
   </div>
   <div class='ocr_carea' id='block_1_62' title="bbox 376 3837 1962 3913">
    <p class='ocr_par' dir='ltr' id='par_1_62' title="bbox 376 3837 1962 3913">
     <span class='ocr_line' id='line_1_62' title="bbox 376 3837 1962 3913; baseline -0.004 -12"><span class='ocrx_word' id='word_1_505' title='bbox 376 3837 794 3913; x_wconf 80' lang='lat' dir='ltr'><strong>baptizaiionem</strong></span> <span class='ocrx_word' id='word_1_506' title='bbox 858 3840 926 3895; x_wconf 86' lang='lat' dir='ltr'><strong>ad</strong></span> <span class='ocrx_word' id='word_1_507' title='bbox 975 3839 1282 3913; x_wconf 66' lang='lat' dir='ltr'><strong>(iatholicos</strong></span> <span class='ocrx_word' id='word_1_508' title='bbox 1337 3838 1726 3913; x_wconf 86' lang='lat' dir='ltr'><strong>_transieran_t,</strong></span> <span class='ocrx_word' id='word_1_509' title='bbox 1768 3837 1962 3913; x_wconf 68' lang='lat' dir='ltr'><strong>quibus</strong></span> 
     </span>
    </p>
   </div>
   <div class='ocr_carea' id='block_1_63' title="bbox 377 3909 1964 3987">
    <p class='ocr_par' dir='ltr' id='par_1_63' title="bbox 377 3909 1964 3987">
     <span class='ocr_line' id='line_1_63' title="bbox 377 3909 1964 3987; baseline -0.004 -16"><span class='ocrx_word' id='word_1_510' title='bbox 377 3909 748 3987; x_wconf 63' lang='lat' dir='ltr'><strong>painitentiam</strong></span> <span class='ocrx_word' id='word_1_511' title='bbox 782 3911 1130 3987; x_wconf 82' lang='lat' dir='ltr'><strong>imponebant</strong></span> <span class='ocrx_word' id='word_1_512' title='bbox 1164 3909 1452 3987; x_wconf 81' lang='lat' dir='ltr'><strong>Donatistae</strong></span> <span class='ocrx_word' id='word_1_513' title='bbox 1478 3949 1493 3973; x_wconf 91' lang='lat'><strong>,</strong></span> <span class='ocrx_word' id='word_1_514' title='bbox 1525 3909 1669 3979; x_wconf 89' lang='lat' dir='ltr'><strong>quod</strong></span> <span class='ocrx_word' id='word_1_515' title='bbox 1713 3924 1832 3964; x_wconf 90' lang='lat' dir='ltr'><strong>cum</strong></span> <span class='ocrx_word' id='word_1_516' title='bbox 1864 3909 1964 3964; x_wconf 83' lang='lat' dir='ltr'><strong>Ca-</strong></span> 
     </span>
    </p>
   </div>
   <div class='ocr_carea' id='block_1_64' title="bbox 377 3982 1392 4043">
    <p class='ocr_par' dir='ltr' id='par_1_64' title="bbox 377 3982 1392 4043">
     <span class='ocr_line' id='line_1_64' title="bbox 377 3982 1392 4043; baseline -0.009 -2"><span class='ocrx_word' id='word_1_517' title='bbox 377 3982 593 4043; x_wconf 80' lang='lat' dir='ltr'><strong>ibolicis</strong></span> <span class='ocrx_word' id='word_1_518' title='bbox 628 3983 1134 4040; x_wconf 87' lang='lat' dir='ltr'><strong>communicassent.</strong></span> <span class='ocrx_word' id='word_1_519' title='bbox 1167 3982 1392 4034; x_wconf 72' lang='lat' dir='ltr'><strong>ALBASP.</strong></span> 
     </span>
    </p>
   </div>
   <div class='ocr_carea' id='block_1_65' title="bbox 451 4047 1786 4173">
    <p class='ocr_par' dir='ltr' id='par_1_65' title="bbox 451 4047 1786 4173">
     <span class='ocr_line' id='line_1_65' title="bbox 451 4047 1786 4173; baseline -0.009 -59"><span class='ocrx_word' id='word_1_520' title='bbox 451 4056 567 4130; x_wconf 81' lang='grc'><strong>(51)</strong></span> <span class='ocrx_word' id='word_1_521' title='bbox 593 4060 659 4112; x_wconf 85' lang='grc' dir='ltr'><strong>Τὸ</strong></span> <span class='ocrx_word' id='word_1_522' title='bbox 685 4055 940 4110; x_wconf 85' lang='lat' dir='ltr'><strong>Discentes</strong></span> <span class='ocrx_word' id='word_1_523' title='bbox 959 4051 1124 4121; x_wconf 69' lang='lat' dir='ltr'><strong>eiecit</strong></span> <span class='ocrx_word' id='word_1_524' title='bbox 1149 4047 1242 4105; x_wconf 68' lang='lat' dir='ltr'><strong>Frl</strong></span> <span class='ocrx_word' id='word_1_525' title='bbox 1274 4049 1519 4173; x_wconf 64' lang='lat' dir='ltr'><strong>Bsilduini</strong></span> <span class='ocrx_word' id='word_1_526' title='bbox 1548 4048 1712 4104; x_wconf 88' lang='lat' dir='ltr'><strong>editio</strong></span> <span class='ocrx_word' id='word_1_527' title='bbox 1730 4048 1786 4102; x_wconf 70' lang='grc'><strong>2.</strong></span> 
     </span>
     <span class='ocr_line' id='line_1_66' title="bbox 1349 4135 1539 4173; baseline -0.005 0"><span class='ocrx_word' id='word_1_528' title='bbox 1349 4135 1539 4173; x_wconf 68' lang='lat' dir='ltr'><strong>aesar.</strong></span> 
     </span>
    </p>
   </div>
   <div class='ocr_carea' id='block_1_66' title="bbox 1349 4135 1539 4175">
    <p class='ocr_par' dir='ltr' id='par_1_66' title="bbox 1349 4135 1539 4175">
     <span class='ocr_line' id='line_1_67' title="bbox 1349 4135 1539 4175; baseline -0.011 -1"><span class='ocrx_word' id='word_1_529' title='bbox 1349 4135 1539 4175; x_wconf 71' lang='lat' dir='ltr'><strong>NCERT.</strong></span> 
     </span>
    </p>
   </div>
   <div class='ocr_carea' id='block_1_67' title="bbox 460 4190 1968 4273">
    <p class='ocr_par' dir='ltr' id='par_1_67' title="bbox 460 4190 1968 4273">
     <span class='ocr_line' id='line_1_68' title="bbox 460 4190 1968 4273; baseline -0.007 -19"><span class='ocrx_word' id='word_1_530' title='bbox 460 4197 575 4273; x_wconf 72' lang='lat'><strong>(52)</strong></span> <span class='ocrx_word' id='word_1_531' title='bbox 611 4196 679 4252; x_wconf 89' lang='lat' dir='ltr'><strong>Ut</strong></span> <span class='ocrx_word' id='word_1_532' title='bbox 699 4193 1012 4273; x_wconf 64' lang='lat' dir='ltr'><strong>jamdudum</strong></span> <span class='ocrx_word' id='word_1_533' title='bbox 1037 4195 1280 4273; x_wconf 62' lang='lat' dir='ltr'><strong>professa:</strong></span> <span class='ocrx_word' id='word_1_534' title='bbox 1304 4232 1322 4256; x_wconf 89' lang='lat'><strong>,</strong></span> <span class='ocrx_word' id='word_1_535' title='bbox 1342 4190 1968 4273; x_wconf 37' lang='lat' dir='ltr'><strong>signaroluniatislcapi-</strong></span> 
     </span>
    </p>
   </div>
   <div class='ocr_carea' id='block_1_68' title="bbox 386 4261 1973 4336">
    <p class='ocr_par' dir='ltr' id='par_1_68' title="bbox 386 4261 1973 4336">
     <span class='ocr_line' id='line_1_69' title="bbox 386 4261 1973 4336; baseline -0.008 -10"><span class='ocrx_word' id='word_1_536' title='bbox 386 4261 518 4336; x_wconf 75' lang='lat' dir='ltr'><strong>tibus</strong></span> <span class='ocrx_word' id='word_1_537' title='bbox 538 4261 567 4336; x_wconf 83' lang='grc'><strong>,’</strong></span> <span class='ocrx_word' id='word_1_538' title='bbox 595 4261 716 4322; x_wconf 51' lang='lat' dir='ltr'><strong>etc.’</strong></span> <span class='ocrx_word' id='word_1_539' title='bbox 729 4265 907 4321; x_wconf 84' lang='lat' dir='ltr'><strong>Fallor</strong></span> <span class='ocrx_word' id='word_1_540' title='bbox 953 4277 1020 4336; x_wconf 82' lang='lat' dir='ltr'><strong>an</strong></span> <span class='ocrx_word' id='word_1_541' title='bbox 1048 4261 1275 4336; x_wconf 78' lang='lat' dir='ltr'><strong>Optatus</strong></span> <span class='ocrx_word' id='word_1_542' title='bbox 1293 4261 1549 4336; x_wconf 75' lang='lat' dir='ltr'><strong>scripsit,</strong></span> <span class='ocrx_word' id='word_1_543' title='bbox 1577 4271 1641 4336; x_wconf 78' lang='lat' dir='ltr'><strong>ut</strong></span> <span class='ocrx_word' id='word_1_544' title='bbox 1661 4261 1973 4336; x_wconf 76' lang='lat' dir='ltr'><strong>jamdudum</strong></span> 
     </span>
    </p>
   </div>
   <div class='ocr_carea' id='block_1_69' title="bbox 427 4331 1973 4412">
    <p class='ocr_par' dir='ltr' id='par_1_69' title="bbox 427 4331 1973 4412">
     <span class='ocr_line' id='line_1_70' title="bbox 427 4331 1973 4412; baseline -0.006 -18"><span class='ocrx_word' id='word_1_545' title='bbox 427 4331 659 4412; x_wconf 64' lang='lat' dir='ltr'><strong>infestae,</strong></span> <span class='ocrx_word' id='word_1_546' title='bbox 707 4337 854 4408; x_wconf 83' lang='lat' dir='ltr'><strong>signa</strong></span> <span class='ocrx_word' id='word_1_547' title='bbox 885 4331 1159 4412; x_wconf 58' lang='lat' dir='ltr'><strong>uoluntatis</strong></span> <span class='ocrx_word' id='word_1_548' title='bbox 1187 4331 1437 4412; x_wconf 24' lang='lat' dir='ltr'><strong>cupit-ibus</strong></span> <span class='ocrx_word' id='word_1_549' title='bbox 1462 4331 1698 4412; x_wconf 60' lang='lat' dir='ltr'><strong>imposita</strong></span> <span class='ocrx_word' id='word_1_550' title='bbox 1726 4332 1973 4412; x_wconf 61' lang='lat' dir='ltr'><strong>vobisju-</strong></span> 
     </span>
    </p>
   </div>
   <div class='ocr_carea' id='block_1_70' title="bbox 421 4353 1974 4473">
    <p class='ocr_par' dir='ltr' id='par_1_70' title="bbox 421 4353 1974 4473">
     <span class='ocr_line' id='line_1_71' title="bbox 421 4353 1973 4412; baseline -0.006 -18"><span class='ocrx_word' id='word_1_551' title='bbox 421 4353 659 4412; x_wconf 68' lang='lat' dir='ltr'><strong>rotessw.</strong></span> <span class='ocrx_word' id='word_1_552' title='bbox 707 4353 854 4408; x_wconf 78' lang='lat' dir='ltr'><strong>stgna</strong></span> <span class='ocrx_word' id='word_1_553' title='bbox 885 4353 1159 4387; x_wconf 78' lang='lat' dir='ltr'><strong>uatuntatts</strong></span> <span class='ocrx_word' id='word_1_554' title='bbox 1187 4353 1437 4400; x_wconf 76' lang='lat' dir='ltr'><strong>capuwas</strong></span> <span class='ocrx_word' id='word_1_555' title='bbox 1462 4353 1698 4402; x_wconf 74' lang='lat' dir='ltr'><strong>impastus</strong></span> <span class='ocrx_word' id='word_1_556' title='bbox 1726 4353 1863 4386; x_wconf 73' lang='lat' dir='ltr'><strong>vanis</strong></span> <span class='ocrx_word' id='word_1_557' title='bbox 1914 4353 1973 4385; x_wconf 84' lang='lat' dir='ltr'><strong>u-</strong></span> 
     </span>
     <span class='ocr_line' id='line_1_72' title="bbox 421 4353 1974 4473; baseline -0.005 -8"><span class='ocrx_word' id='word_1_558' title='bbox 421 4411 614 4466; x_wconf 84' lang='lat' dir='ltr'><strong>entibus</strong></span> <span class='ocrx_word' id='word_1_559' title='bbox 636 4409 980 4461; x_wconf 87' lang='lat' dir='ltr'><strong>immutarent.</strong></span> <span class='ocrx_word' id='word_1_560' title='bbox 1010 4403 1141 4457; x_wconf 81' lang='lat' dir='ltr'><strong>Nam</strong></span> <span class='ocrx_word' id='word_1_561' title='bbox 1172 4399 1402 4473; x_wconf 80' lang='lat' dir='ltr'><strong>proﬁteri</strong></span> <span class='ocrx_word' id='word_1_562' title='bbox 1433 4411 1480 4454; x_wconf 73' lang='lat' dir='ltr'><strong>et</strong></span> <span class='ocrx_word' id='word_1_563' title='bbox 1505 4402 1748 4473; x_wconf 67' lang='lat' dir='ltr'><strong>professa!</strong></span> <span class='ocrx_word' id='word_1_564' title='bbox 1799 4353 1974 4472; x_wconf 52' lang='lat' dir='ltr'><strong>anis;</strong></span> 
     </span>
    </p>
   </div>
   <div class='ocr_carea' id='block_1_71' title="bbox 383 4471 1973 4553">
    <p class='ocr_par' dir='ltr' id='par_1_71' title="bbox 383 4471 1973 4553">
     <span class='ocr_line' id='line_1_73' title="bbox 383 4471 1973 4553; baseline -0.006 -17"><span class='ocrx_word' id='word_1_565' title='bbox 383 4485 607 4553; x_wconf 83' lang='lat' dir='ltr'><strong>vulgare</strong></span> <span class='ocrx_word' id='word_1_566' title='bbox 635 4486 718 4534; x_wconf 87' lang='lat' dir='ltr'><strong>est</strong></span> <span class='ocrx_word' id='word_1_567' title='bbox 740 4519 753 4540; x_wconf 92' lang='lat'><strong>,</strong></span> <span class='ocrx_word' id='word_1_568' title='bbox 782 4476 874 4530; x_wconf 88' lang='lat' dir='ltr'><strong>sed</strong></span> <span class='ocrx_word' id='word_1_569' title='bbox 902 4477 1066 4542; x_wconf 85' lang='lat' dir='ltr'><strong>capite</strong></span> <span class='ocrx_word' id='word_1_570' title='bbox 1087 4471 1316 4553; x_wconf 65' lang='lat' dir='ltr'><strong>proﬁteri</strong></span> <span class='ocrx_word' id='word_1_571' title='bbox 1337 4473 1486 4553; x_wconf 70' lang='lat' dir='ltr'><strong>signa</strong></span> <span class='ocrx_word' id='word_1_572' title='bbox 1515 4471 1817 4553; x_wconf 69' lang='lat' dir='ltr'><strong>uoluntatis,</strong></span> <span class='ocrx_word' id='word_1_573' title='bbox 1841 4473 1973 4527; x_wconf 84' lang='lat' dir='ltr'><strong>mihi</strong></span> 
     </span>
    </p>
   </div>
   <div class='ocr_carea' id='block_1_72' title="bbox 386 4542 1970 4627">
    <p class='ocr_par' dir='ltr' id='par_1_72' title="bbox 386 4542 1970 4627">
     <span class='ocr_line' id='line_1_74' title="bbox 386 4542 1970 4627; baseline -0.006 -21"><span class='ocrx_word' id='word_1_574' title='bbox 386 4542 509 4627; x_wconf 67' lang='lat' dir='ltr'><strong>noti</strong></span> <span class='ocrx_word' id='word_1_575' title='bbox 557 4552 895 4627; x_wconf 73' lang='lat' dir='ltr'><strong>observatum</strong></span> <span class='ocrx_word' id='word_1_576' title='bbox 921 4542 1759 4627; x_wconf 28' lang='lat' dir='ltr'><strong>quemquam-iiii&#39;Iloqui.£apiti</strong></span> <span class='ocrx_word' id='word_1_577' title='bbox 1792 4555 1970 4600; x_wconf 85' lang='lat' dir='ltr'><strong>autem</strong></span> 
     </span>
    </p>
   </div>
   <div class='ocr_carea' id='block_1_73' title="bbox 387 4611 1977 4695">
    <p class='ocr_par' dir='ltr' id='par_1_73' title="bbox 387 4611 1977 4695">
     <span class='ocr_line' id='line_1_75' title="bbox 387 4611 1977 4695; baseline -0.004 -19"><span class='ocrx_word' id='word_1_578' title='bbox 387 4625 684 4695; x_wconf 81' lang='lat' dir='ltr'><strong>imponere,</strong></span> <span class='ocrx_word' id='word_1_579' title='bbox 717 4618 783 4695; x_wconf 82' lang='lat' dir='ltr'><strong>de</strong></span> <span class='ocrx_word' id='word_1_580' title='bbox 831 4616 914 4670; x_wconf 91' lang='lat' dir='ltr'><strong>his</strong></span> <span class='ocrx_word' id='word_1_581' title='bbox 939 4611 1068 4695; x_wconf 79' lang='lat' dir='ltr'><strong>ipsis</strong></span> <span class='ocrx_word' id='word_1_582' title='bbox 1107 4611 1339 4695; x_wconf 57' lang='lat' dir='ltr'><strong>mitellis</strong></span> <span class='ocrx_word' id='word_1_583' title='bbox 1362 4613 1554 4695; x_wconf 76' lang='lat' dir='ltr'><strong>iterum</strong></span> <span class='ocrx_word' id='word_1_584' title='bbox 1581 4611 1818 4695; x_wconf 36' lang='lat' dir='ltr'><strong>thatus.</strong></span> <span class='ocrx_word' id='word_1_585' title='bbox 1852 4623 1977 4695; x_wconf 83' lang='lat' dir='ltr'><strong>post</strong></span> 
     </span>
    </p>
   </div>
   <div class='ocr_carea' id='block_1_74' title="bbox 386 4682 1974 4755">
    <p class='ocr_par' dir='ltr' id='par_1_74' title="bbox 386 4682 1974 4755">
     <span class='ocr_line' id='line_1_76' title="bbox 386 4682 1974 4755; baseline -0.007 -5"><span class='ocrx_word' id='word_1_586' title='bbox 386 4682 552 4750; x_wconf 73' lang='lat' dir='ltr'><strong>unam</strong></span> <span class='ocrx_word' id='word_1_587' title='bbox 578 4682 678 4746; x_wconf 78' lang='lat' dir='ltr'><strong>aut</strong></span> <span class='ocrx_word' id='word_1_588' title='bbox 699 4690 922 4744; x_wconf 87' lang='lat' dir='ltr'><strong>alteram</strong></span> <span class='ocrx_word' id='word_1_589' title='bbox 952 4682 1215 4755; x_wconf 77' lang='lat' dir='ltr'><strong>paginam.</strong></span> <span class='ocrx_word' id='word_1_590' title='bbox 1247 4683 1498 4755; x_wconf 80' lang='lat' dir='ltr'><strong>Sequitur</strong></span> <span class='ocrx_word' id='word_1_591' title='bbox 1528 4684 1580 4736; x_wconf 91' lang='lat' dir='ltr'><strong>in</strong></span> <span class='ocrx_word' id='word_1_592' title='bbox 1609 4682 1708 4755; x_wconf 87' lang='lat' dir='ltr'><strong>hac</strong></span> <span class='ocrx_word' id='word_1_593' title='bbox 1736 4684 1974 4740; x_wconf 88' lang='lat' dir='ltr'><strong>editione</strong></span> 
     </span>
    </p>
   </div>
   <div class='ocr_carea' id='block_1_75' title="bbox 388 4754 1972 4825">
    <p class='ocr_par' dir='ltr' id='par_1_75' title="bbox 388 4754 1972 4825">
     <span class='ocr_line' id='line_1_77' title="bbox 388 4754 1972 4825; baseline -0.008 -4"><span class='ocrx_word' id='word_1_594' title='bbox 388 4763 741 4822; x_wconf 85' lang='lat' dir='ltr'><strong>Balduiniaua</strong></span> <span class='ocrx_word' id='word_1_595' title='bbox 763 4801 778 4825; x_wconf 91' lang='lat'><strong>,</strong></span> <span class='ocrx_word' id='word_1_596' title='bbox 809 4767 864 4811; x_wconf 82' lang='lat' dir='ltr'><strong>ut</strong></span> <span class='ocrx_word' id='word_1_597' title='bbox 885 4754 1130 4810; x_wconf 76' lang='lat' dir='ltr'><strong>mitrellas</strong></span> <span class='ocrx_word' id='word_1_598' title='bbox 1164 4754 1627 4825; x_wconf 65' lang='lat' dir='ltr'><strong>aliasprojicerent</strong></span> <span class='ocrx_word' id='word_1_599' title='bbox 1658 4754 1790 4806; x_wconf 84' lang='lat' dir='ltr'><strong>alias</strong></span> <span class='ocrx_word' id='word_1_600' title='bbox 1821 4796 1834 4819; x_wconf 93' lang='lat'><strong>,</strong></span> <span class='ocrx_word' id='word_1_601' title='bbox 1867 4765 1972 4810; x_wconf 91' lang='lat' dir='ltr'><strong>etc.</strong></span> 
     </span>
    </p>
   </div>
   <div class='ocr_carea' id='block_1_76' title="bbox 393 4823 1976 4906">
    <p class='ocr_par' dir='ltr' id='par_1_76' title="bbox 393 4823 1976 4906">
     <span class='ocr_line' id='line_1_78' title="bbox 393 4823 1976 4906; baseline -0.008 -16"><span class='ocrx_word' id='word_1_602' title='bbox 393 4834 536 4906; x_wconf 74' lang='lat' dir='ltr'><strong>quod</strong></span> <span class='ocrx_word' id='word_1_603' title='bbox 560 4840 716 4887; x_wconf 87' lang='lat' dir='ltr'><strong>antea</strong></span> <span class='ocrx_word' id='word_1_604' title='bbox 747 4823 1041 4906; x_wconf 78' lang='lat' dir='ltr'><strong>legebatur,</strong></span> <span class='ocrx_word' id='word_1_605' title='bbox 1071 4834 1126 4879; x_wconf 92' lang='lat' dir='ltr'><strong>ut</strong></span> <span class='ocrx_word' id='word_1_606' title='bbox 1156 4823 1373 4906; x_wconf 65' lang='lat' dir='ltr'><strong>miteiias</strong></span> <span class='ocrx_word' id='word_1_607' title='bbox 1401 4823 1582 4906; x_wconf 65' lang='lat' dir='ltr'><strong>aureas</strong></span> <span class='ocrx_word' id='word_1_608' title='bbox 1629 4825 1935 4906; x_wconf 68' lang='lat' dir='ltr'><strong>proﬁcerent</strong></span> <span class='ocrx_word' id='word_1_609' title='bbox 1957 4857 1976 4890; x_wconf 74' lang='lat'><strong>,</strong></span> 
     </span>
    </p>
   </div>
   <div class='ocr_carea' id='block_1_77' title="bbox 391 4893 1969 4969">
    <p class='ocr_par' dir='ltr' id='par_1_77' title="bbox 391 4893 1969 4969">
     <span class='ocr_line' id='line_1_79' title="bbox 391 4893 1969 4969; baseline -0.007 -9"><span class='ocrx_word' id='word_1_610' title='bbox 391 4893 524 4960; x_wconf 64' lang='lat' dir='ltr'><strong>a&#39;lias</strong></span> <span class='ocrx_word' id='word_1_611' title='bbox 546 4946 560 4969; x_wconf 89' lang='lat'><strong>,</strong></span> <span class='ocrx_word' id='word_1_612' title='bbox 586 4913 692 4959; x_wconf 90' lang='lat' dir='ltr'><strong>etc.</strong></span> <span class='ocrx_word' id='word_1_613' title='bbox 725 4893 864 4968; x_wconf 78' lang='lat' dir='ltr'><strong>quod</strong></span> <span class='ocrx_word' id='word_1_614' title='bbox 887 4907 940 4969; x_wconf 83' lang='lat' dir='ltr'><strong>et</strong></span> <span class='ocrx_word' id='word_1_615' title='bbox 985 4895 1203 4969; x_wconf 70' lang='lat' dir='ltr'><strong>nuperis</strong></span> <span class='ocrx_word' id='word_1_616' title='bbox 1232 4893 1529 4969; x_wconf 70' lang='lat' dir='ltr'><strong>editoribus</strong></span> <span class='ocrx_word' id='word_1_617' title='bbox 1573 4893 1743 4969; x_wconf 68' lang='lat' dir='ltr'><strong>magis</strong></span> <span class='ocrx_word' id='word_1_618' title='bbox 1772 4896 1969 4969; x_wconf 79' lang='lat' dir='ltr'><strong>arrisit.</strong></span> 
     </span>
    </p>
   </div>
   <div class='ocr_carea' id='block_1_78' title="bbox 391 4963 1974 5041">
    <p class='ocr_par' dir='ltr' id='par_1_78' title="bbox 391 4963 1974 5041">
     <span class='ocr_line' id='line_1_80' title="bbox 391 4963 1974 5041; baseline -0.027 -4"><span class='ocrx_word' id='word_1_619' title='bbox 391 4963 559 5039; x_wconf 41' lang='lat' dir='ltr'><strong>Sane&#39;</strong></span> <span class='ocrx_word' id='word_1_620' title='bbox 588 4963 1105 5041; x_wconf 62' lang='lat' dir='ltr'><strong>purpureasluisse</strong></span> <span class='ocrx_word' id='word_1_621' title='bbox 1137 4964 1367 5041; x_wconf 81' lang='lat' dir='ltr'><strong>mitellas</strong></span> <span class='ocrx_word' id='word_1_622' title='bbox 1409 4963 1529 5018; x_wconf 86' lang='lat' dir='ltr'><strong>illas</strong></span> <span class='ocrx_word' id='word_1_623' title='bbox 1556 4986 1568 5025; x_wconf 66' lang='grc' dir='ltr'><em>ε</em></span> <span class='ocrx_word' id='word_1_624' title='bbox 1599 4963 1823 5041; x_wconf 19' lang='grc' dir='ltr'><strong>Οριέιῇυε</strong></span> <span class='ocrx_word' id='word_1_625' title='bbox 1862 4965 1974 5041; x_wconf 49' lang='lat' dir='ltr'><strong>ipse</strong></span> 
     </span>
    </p>
   </div>
   <div class='ocr_carea' id='block_1_79' title="bbox 393 5035 1974 5110">
    <p class='ocr_par' dir='ltr' id='par_1_79' title="bbox 393 5035 1974 5110">
     <span class='ocr_line' id='line_1_81' title="bbox 393 5035 1974 5110; baseline -0.008 -8"><span class='ocrx_word' id='word_1_626' title='bbox 393 5035 552 5102; x_wconf 81' lang='lat' dir='ltr'><strong>docet</strong></span> <span class='ocrx_word' id='word_1_627' title='bbox 576 5035 631 5098; x_wconf 78' lang='lat' dir='ltr'><strong>in</strong></span> <span class='ocrx_word' id='word_1_628' title='bbox 661 5035 1028 5110; x_wconf 74' lang='lat' dir='ltr'><strong>sequentibus.</strong></span> <span class='ocrx_word' id='word_1_629' title='bbox 1075 5036 1180 5110; x_wconf 77' lang='lat' dir='ltr'><strong>sed</strong></span> <span class='ocrx_word' id='word_1_630' title='bbox 1231 5049 1414 5110; x_wconf 76' lang='lat' dir='ltr'><strong>aureas</strong></span> <span class='ocrx_word' id='word_1_631' title='bbox 1444 5049 1671 5110; x_wconf 79' lang='lat' dir='ltr'><strong>quoque</strong></span> <span class='ocrx_word' id='word_1_632' title='bbox 1696 5035 1860 5110; x_wconf 86' lang='lat' dir='ltr'><strong>fuisse</strong></span> <span class='ocrx_word' id='word_1_633' title='bbox 1891 5037 1974 5090; x_wconf 84' lang='lat' dir='ltr'><strong>vix</strong></span> 
     </span>
    </p>
   </div>
   <div class='ocr_carea' id='block_1_80' title="bbox 391 5105 1974 5186">
    <p class='ocr_par' dir='ltr' id='par_1_80' title="bbox 391 5105 1974 5186">
     <span class='ocr_line' id='line_1_82' title="bbox 391 5105 1974 5186; baseline -0.009 -12"><span class='ocrx_word' id='word_1_634' title='bbox 391 5119 493 5186; x_wconf 86' lang='lat' dir='ltr'><strong>ipsi</strong></span> <span class='ocrx_word' id='word_1_635' title='bbox 524 5115 715 5184; x_wconf 87' lang='lat' dir='ltr'><strong>Optato</strong></span> <span class='ocrx_word' id='word_1_636' title='bbox 737 5105 1079 5186; x_wconf 57' lang='lat' dir='ltr'><strong>crediderim:</strong></span> <span class='ocrx_word' id='word_1_637' title='bbox 1108 5106 1261 5186; x_wconf 79' lang='lat' dir='ltr'><strong>Quod</strong></span> <span class='ocrx_word' id='word_1_638' title='bbox 1287 5105 1372 5158; x_wconf 89' lang='lat' dir='ltr'><strong>bic</strong></span> <span class='ocrx_word' id='word_1_639' title='bbox 1397 5113 1573 5186; x_wconf 79' lang='lat' dir='ltr'><strong>autem</strong></span> <span class='ocrx_word' id='word_1_640' title='bbox 1605 5106 1890 5186; x_wconf 39' lang='lat' dir='ltr'><strong>mitra-llas,</strong></span> <span class='ocrx_word' id='word_1_641' title='bbox 1921 5110 1974 5161; x_wconf 95' lang='lat' dir='ltr'><strong>in</strong></span> 
     </span>
    </p>
   </div>
   <div class='ocr_carea' id='block_1_81' title="bbox 393 5177 1977 5253">
    <p class='ocr_par' dir='ltr' id='par_1_81' title="bbox 393 5177 1977 5253">
     <span class='ocr_line' id='line_1_83' title="bbox 393 5177 1977 5253; baseline -0.007 -11"><span class='ocrx_word' id='word_1_642' title='bbox 393 5177 514 5242; x_wconf 68' lang='lat' dir='ltr'><strong>aliis</strong></span> <span class='ocrx_word' id='word_1_643' title='bbox 570 5177 736 5253; x_wconf 72' lang='lat' dir='ltr'><strong>inagis</strong></span> <span class='ocrx_word' id='word_1_644' title='bbox 765 5181 954 5236; x_wconf 86' lang='lat' dir='ltr'><strong>Latine</strong></span> <span class='ocrx_word' id='word_1_645' title='bbox 1007 5177 1264 5253; x_wconf 62' lang='lat' dir='ltr'><strong>mitella&#39;s,‘</strong></span> <span class='ocrx_word' id='word_1_646' title='bbox 1296 5177 1538 5244; x_wconf 85' lang='lat' dir='ltr'><strong>quamvis</strong></span> <span class='ocrx_word' id='word_1_647' title='bbox 1584 5185 1652 5253; x_wconf 80' lang='lat' dir='ltr'><strong>e_t_</strong></span> <span class='ocrx_word' id='word_1_648' title='bbox 1682 5177 1920 5253; x_wconf 51' lang='lat' dir='ltr'><strong>niitrulas</strong></span> <span class='ocrx_word' id='word_1_649' title='bbox 1947 5192 1977 5231; x_wconf 89' lang='lat' dir='ltr'><strong>a</strong></span> 
     </span>
    </p>
   </div>
   <div class='ocr_carea' id='block_1_82' title="bbox 390 5246 1938 5318">
    <p class='ocr_par' dir='ltr' id='par_1_82' title="bbox 390 5246 1938 5318">
     <span class='ocr_line' id='line_1_84' title="bbox 390 5246 1938 5318; baseline -0.009 -5"><span class='ocrx_word' id='word_1_650' title='bbox 390 5258 536 5313; x_wconf 78' lang='lat' dir='ltr'><strong>Julio</strong></span> <span class='ocrx_word' id='word_1_651' title='bbox 561 5246 750 5310; x_wconf 74' lang='lat' dir='ltr'><strong>Solino</strong></span> <span class='ocrx_word' id='word_1_652' title='bbox 772 5254 1057 5306; x_wconf 80' lang='lat' dir='ltr'><strong>formatum</strong></span> <span class='ocrx_word' id='word_1_653' title='bbox 1101 5263 1206 5302; x_wconf 91' lang='lat' dir='ltr'><strong>non</strong></span> <span class='ocrx_word' id='word_1_654' title='bbox 1237 5249 1566 5318; x_wconf 78' lang='lat' dir='ltr'><strong>ignaramus.</strong></span> <span class='ocrx_word' id='word_1_655' title='bbox 1603 5247 1675 5318; x_wconf 35' lang='lat' dir='ltr'><strong>Mi</strong></span> <span class='ocrx_word' id='word_1_656' title='bbox 1707 5246 1938 5318; x_wconf 72' lang='lat' dir='ltr'><strong>CASAUB.</strong></span> 
     </span>
    </p>
   </div>
   <div class='ocr_carea' id='block_1_83' title="bbox 466 5317 1979 5398">
    <p class='ocr_par' dir='ltr' id='par_1_83' title="bbox 466 5317 1979 5398">
     <span class='ocr_line' id='line_1_85' title="bbox 466 5317 1979 5398; baseline -0.009 -14"><span class='ocrx_word' id='word_1_657' title='bbox 466 5327 584 5398; x_wconf 81' lang='grc'><strong>(55)</strong></span> <span class='ocrx_word' id='word_1_658' title='bbox 620 5325 688 5380; x_wconf 90' lang='lat' dir='ltr'><strong>Ut</strong></span> <span class='ocrx_word' id='word_1_659' title='bbox 717 5322 967 5398; x_wconf 19' lang='lat' dir='ltr'><strong>Aniitellair</strong></span> <span class='ocrx_word' id='word_1_660' title='bbox 1011 5317 1586 5398; x_wconf 53' lang='lat' dir='ltr'><strong>aureasmprojicerent.</strong></span> <span class='ocrx_word' id='word_1_661' title='bbox 1619 5317 1840 5398; x_wconf 71' lang='lat' dir='ltr'><strong>Eadem</strong></span> <span class='ocrx_word' id='word_1_662' title='bbox 1862 5359 1877 5384; x_wconf 93' lang='lat'><strong>,</strong></span> <span class='ocrx_word' id='word_1_663' title='bbox 1926 5326 1979 5370; x_wconf 89' lang='lat' dir='ltr'><strong>ut</strong></span> 
     </span>
    </p>
   </div>
   <div class='ocr_carea' id='block_1_84' title="bbox 396 5389 1878 5463">
    <p class='ocr_par' dir='ltr' id='par_1_84' title="bbox 396 5389 1878 5463">
     <span class='ocr_line' id='line_1_86' title="bbox 396 5389 1878 5463; baseline -0.009 -10"><span class='ocrx_word' id='word_1_664' title='bbox 396 5389 645 5460; x_wconf 79' lang='lat' dir='ltr'><strong>ntitrellas</strong></span> <span class='ocrx_word' id='word_1_665' title='bbox 673 5396 802 5448; x_wconf 86' lang='lat' dir='ltr'><strong>alias</strong></span> <span class='ocrx_word' id='word_1_666' title='bbox 835 5392 1156 5463; x_wconf 85' lang='lat' dir='ltr'><strong>projicerent.</strong></span> <span class='ocrx_word' id='word_1_667' title='bbox 1190 5389 1444 5457; x_wconf 76' lang='lat' dir='ltr'><strong>Virgilius</strong></span> <span class='ocrx_word' id='word_1_668' title='bbox 1476 5389 1528 5442; x_wconf 92' lang='lat' dir='ltr'><strong>in</strong></span> <span class='ocrx_word' id='word_1_669' title='bbox 1547 5389 1824 5444; x_wconf 87' lang='lat' dir='ltr'><strong>catalectis</strong></span> <span class='ocrx_word' id='word_1_670' title='bbox 1866 5405 1878 5440; x_wconf 85' lang='lat'><strong>:</strong></span> 
     </span>
    </p>
   </div>
   <div class='ocr_carea' id='block_1_85' title="bbox 489 5476 1626 5552">
    <p class='ocr_par' dir='ltr' id='par_1_85' title="bbox 489 5476 1626 5552">
     <span class='ocr_line' id='line_1_87' title="bbox 489 5476 1626 5552; baseline -0.013 -13"><span class='ocrx_word' id='word_1_671' title='bbox 489 5489 616 5552; x_wconf 76' lang='lat' dir='ltr'><strong>00pa</strong></span> <span class='ocrx_word' id='word_1_672' title='bbox 640 5487 828 5550; x_wconf 79' lang='lat' dir='ltr'><strong>Syrisca</strong></span> <span class='ocrx_word' id='word_1_673' title='bbox 854 5487 997 5545; x_wconf 88' lang='lat' dir='ltr'><strong>caput</strong></span> <span class='ocrx_word' id='word_1_674' title='bbox 1021 5485 1154 5545; x_wconf 85' lang='lat' dir='ltr'><strong>grata</strong></span> <span class='ocrx_word' id='word_1_675' title='bbox 1177 5478 1399 5528; x_wconf 87' lang='lat' dir='ltr'><strong>redimita</strong></span> <span class='ocrx_word' id='word_1_676' title='bbox 1422 5476 1626 5527; x_wconf 88' lang='lat' dir='ltr'><strong>mitella.</strong></span> 
     </span>
    </p>
   </div>
   <div class='ocr_carea' id='block_1_86' title="bbox 397 5559 1981 5640">
    <p class='ocr_par' dir='ltr' id='par_1_86' title="bbox 397 5559 1981 5640">
     <span class='ocr_line' id='line_1_88' title="bbox 397 5559 1981 5640; baseline -0.009 -13"><span class='ocrx_word' id='word_1_677' title='bbox 397 5571 585 5627; x_wconf 88' lang='lat' dir='ltr'><strong>Cicero</strong></span> <span class='ocrx_word' id='word_1_678' title='bbox 625 5585 721 5640; x_wconf 90' lang='lat' dir='ltr'><strong>pro</strong></span> <span class='ocrx_word' id='word_1_679' title='bbox 749 5566 967 5622; x_wconf 83' lang='lat' dir='ltr'><strong>Rabirio</strong></span> <span class='ocrx_word' id='word_1_680' title='bbox 996 5564 1312 5640; x_wconf 67' lang='lat' dir='ltr'><strong>Posiliumio</strong></span> <span class='ocrx_word' id='word_1_681' title='bbox 1343 5578 1355 5613; x_wconf 75' lang='grc' dir='ltr'>ε</span> <span class='ocrx_word' id='word_1_682' title='bbox 1389 5559 1710 5640; x_wconf 68' lang='lat' dir='ltr'><strong>Deliciarum</strong></span> <span class='ocrx_word' id='word_1_683' title='bbox 1734 5577 1915 5640; x_wconf 36' lang='lat' dir='ltr'><strong>causa.</strong></span> <span class='ocrx_word' id='word_1_684' title='bbox 1935 5569 1981 5613; x_wconf 86' lang='lat' dir='ltr'><strong>et</strong></span> 
     </span>
    </p>
   </div>
   <div class='ocr_carea' id='block_1_87' title="bbox 396 5631 1979 5711">
    <p class='ocr_par' dir='ltr' id='par_1_87' title="bbox 396 5631 1979 5711">
     <span class='ocr_line' id='line_1_89' title="bbox 396 5631 1979 5711; baseline -0.008 -15"><span class='ocrx_word' id='word_1_685' title='bbox 396 5631 669 5711; x_wconf 73' lang='lat' dir='ltr'><strong>voluptatis</strong></span> <span class='ocrx_word' id='word_1_686' title='bbox 694 5681 708 5704; x_wconf 93' lang='lat'><strong>,</strong></span> <span class='ocrx_word' id='word_1_687' title='bbox 740 5655 842 5692; x_wconf 89' lang='lat' dir='ltr'><strong>non</strong></span> <span class='ocrx_word' id='word_1_688' title='bbox 894 5635 1046 5711; x_wconf 86' lang='lat' dir='ltr'><strong>modo</strong></span> <span class='ocrx_word' id='word_1_689' title='bbox 1073 5631 1201 5711; x_wconf 50' lang='lat' dir='ltr'><strong>civis</strong></span> <span class='ocrx_word' id='word_1_690' title='bbox 1235 5632 1496 5711; x_wconf 62' lang='lat' dir='ltr'><strong>Romanos</strong></span> <span class='ocrx_word' id='word_1_691' title='bbox 1553 5641 1599 5685; x_wconf 86' lang='lat' dir='ltr'><strong>et</strong></span> <span class='ocrx_word' id='word_1_692' title='bbox 1627 5631 1818 5686; x_wconf 87' lang='lat' dir='ltr'><strong>nobiles</strong></span> <span class='ocrx_word' id='word_1_693' title='bbox 1848 5631 1979 5711; x_wconf 77' lang='lat' dir='ltr'><strong>ado-</strong></span> 
     </span>
    </p>
   </div>
   <div class='ocr_carea' id='block_1_88' title="bbox 395 5701 1979 5773">
    <p class='ocr_par' dir='ltr' id='par_1_88' title="bbox 395 5701 1979 5773">
     <span class='ocr_line' id='line_1_90' title="bbox 395 5701 1979 5773; baseline -0.007 -8"><span class='ocrx_word' id='word_1_694' title='bbox 395 5701 767 5773; x_wconf 27' lang='lat' dir='ltr'><strong>lescentem-et</strong></span> <span class='ocrx_word' id='word_1_695' title='bbox 809 5706 1056 5773; x_wconf 82' lang='lat' dir='ltr'><strong>quosdam</strong></span> <span class='ocrx_word' id='word_1_696' title='bbox 1104 5703 1256 5757; x_wconf 87' lang='lat' dir='ltr'><strong>etiam</strong></span> <span class='ocrx_word' id='word_1_697' title='bbox 1304 5701 1578 5773; x_wconf 74' lang='lat' dir='ltr'><strong>Senatores</strong></span> <span class='ocrx_word' id='word_1_698' title='bbox 1618 5718 1817 5773; x_wconf 65' lang='lat' dir='ltr'><strong>summa</strong></span> <span class='ocrx_word' id='word_1_699' title='bbox 1866 5703 1979 5755; x_wconf 87' lang='lat' dir='ltr'><strong>loco</strong></span> 
     </span>
    </p>
   </div>
   <div class='ocr_carea' id='block_1_89' title="bbox 395 5770 1977 5845">
    <p class='ocr_par' dir='ltr' id='par_1_89' title="bbox 395 5770 1977 5845">
     <span class='ocr_line' id='line_1_91' title="bbox 395 5770 1977 5845; baseline -0.005 -11"><span class='ocrx_word' id='word_1_700' title='bbox 395 5792 541 5834; x_wconf 82' lang='lat' dir='ltr'><strong>notos</strong></span> <span class='ocrx_word' id='word_1_701' title='bbox 564 5822 578 5845; x_wconf 89' lang='lat'><strong>,</strong></span> <span class='ocrx_word' id='word_1_702' title='bbox 600 5770 706 5833; x_wconf 83' lang='lat' dir='ltr'><strong>non</strong></span> <span class='ocrx_word' id='word_1_703' title='bbox 732 5780 787 5831; x_wconf 87' lang='lat' dir='ltr'><strong>in</strong></span> <span class='ocrx_word' id='word_1_704' title='bbox 814 5770 975 5828; x_wconf 72' lang='lat' dir='ltr'><strong>hortis</strong></span> <span class='ocrx_word' id='word_1_705' title='bbox 1001 5784 1047 5840; x_wconf 80' lang='lat' dir='ltr'><strong>et</strong></span> <span class='ocrx_word' id='word_1_706' title='bbox 1073 5773 1326 5845; x_wconf 69' lang='lat' dir='ltr'><strong>suburbiis</strong></span> <span class='ocrx_word' id='word_1_707' title='bbox 1353 5772 1457 5825; x_wconf 87' lang='lat' dir='ltr'><strong>suis</strong></span> <span class='ocrx_word' id='word_1_708' title='bbox 1478 5812 1515 5845; x_wconf 88' lang='lat'><strong>,_</strong></span> <span class='ocrx_word' id='word_1_709' title='bbox 1545 5772 1633 5845; x_wconf 78' lang='lat' dir='ltr'><strong>sed</strong></span> <span class='ocrx_word' id='word_1_710' title='bbox 1675 5770 1727 5824; x_wconf 86' lang='grc' dir='ltr'><strong><em>Ν</em></strong></span> <span class='ocrx_word' id='word_1_711' title='bbox 1733 5773 1977 5845; x_wconf 64' lang='lat' dir='ltr'><strong>capolim</strong></span> 
     </span>
    </p>
   </div>
   <div class='ocr_carea' id='block_1_90' title="bbox 398 5841 1971 5917">
    <p class='ocr_par' dir='ltr' id='par_1_90' title="bbox 398 5841 1971 5917">
     <span class='ocr_line' id='line_1_92' title="bbox 398 5841 1971 5917; baseline -0.005 -13"><span class='ocrx_word' id='word_1_712' title='bbox 398 5841 718 5905; x_wconf 78' lang='lat' dir='ltr'><strong>celeberrimo</strong></span> <span class='ocrx_word' id='word_1_713' title='bbox 742 5846 932 5917; x_wconf 86' lang='lat' dir='ltr'><strong>oppido</strong></span> <span class='ocrx_word' id='word_1_714' title='bbox 952 5861 1068 5899; x_wconf 85' lang='lat' dir='ltr'><strong>cum</strong></span> <span class='ocrx_word' id='word_1_715' title='bbox 1092 5842 1286 5899; x_wconf 86' lang='lat' dir='ltr'><strong>mitella</strong></span> <span class='ocrx_word' id='word_1_716' title='bbox 1315 5857 1451 5910; x_wconf 71' lang='lat' dir='ltr'><strong>stupe</strong></span> <span class='ocrx_word' id='word_1_717' title='bbox 1472 5841 1712 5897; x_wconf 79' lang='lat' dir='ltr'><strong>videmus.</strong></span> <span class='ocrx_word' id='word_1_718' title='bbox 1746 5841 1848 5898; x_wconf 86' lang='lat' dir='ltr'><strong>Ubi</strong></span> <span class='ocrx_word' id='word_1_719' title='bbox 1871 5843 1971 5897; x_wconf 82' lang='lat' dir='ltr'><strong>alia</strong></span> 
     </span>
    </p>
   </div>
   <div class='ocr_carea' id='block_1_91' title="bbox 2051 2771 3646 2846">
    <p class='ocr_par' dir='ltr' id='par_1_91' title="bbox 2051 2771 3646 2846">
     <span class='ocr_line' id='line_1_93' title="bbox 2051 2771 3646 2846; baseline -0.003 -14"><span class='ocrx_word' id='word_1_720' title='bbox 2051 2772 2389 2846; x_wconf 82' lang='lat' dir='ltr'><strong>exemplaria</strong></span> <span class='ocrx_word' id='word_1_721' title='bbox 2417 2776 2609 2846; x_wconf 81' lang='lat' dir='ltr'><strong>habent</strong></span> <span class='ocrx_word' id='word_1_722' title='bbox 2630 2817 2644 2840; x_wconf 95' lang='lat'><strong>,</strong></span> <span class='ocrx_word' id='word_1_723' title='bbox 2677 2774 2921 2829; x_wconf 85' lang='lat' dir='ltr'><strong>mitrella.</strong></span> <span class='ocrx_word' id='word_1_724' title='bbox 2945 2772 3204 2846; x_wconf 79' lang='lat' dir='ltr'><strong>Cornelio</strong></span> <span class='ocrx_word' id='word_1_725' title='bbox 3226 2771 3390 2846; x_wconf 77' lang='lat' dir='ltr'><strong>Celso</strong></span> <span class='ocrx_word' id='word_1_726' title='bbox 3417 2787 3646 2846; x_wconf 70' lang='lat' dir='ltr'><strong>summa:</strong></span> 
     </span>
    </p>
   </div>
   <div class='ocr_carea' id='block_1_92' title="bbox 2052 2844 3643 2918">
    <p class='ocr_par' dir='ltr' id='par_1_92' title="bbox 2052 2844 3643 2918">
     <span class='ocr_line' id='line_1_94' title="bbox 2052 2844 3643 2918; baseline -0.003 -15"><span class='ocrx_word' id='word_1_727' title='bbox 2052 2844 2330 2918; x_wconf 67' lang='lat' dir='ltr'><strong>elegantia:</strong></span> <span class='ocrx_word' id='word_1_728' title='bbox 2355 2844 2584 2910; x_wconf 88' lang='lat' dir='ltr'><strong>medico,</strong></span> <span class='ocrx_word' id='word_1_729' title='bbox 2614 2846 2707 2918; x_wconf 87' lang='lat' dir='ltr'><strong>lib.</strong></span> <span class='ocrx_word' id='word_1_730' title='bbox 2737 2862 2851 2914; x_wconf 79' lang='lat' dir='ltr'><strong>vin,</strong></span> <span class='ocrx_word' id='word_1_731' title='bbox 2892 2862 2941 2900; x_wconf 90' lang='lat' dir='ltr'><strong>c.</strong></span> <span class='ocrx_word' id='word_1_732' title='bbox 2967 2845 3063 2897; x_wconf 73' lang='lat'><strong>10:</strong></span> <span class='ocrx_word' id='word_1_733' title='bbox 3095 2844 3288 2898; x_wconf 85' lang='lat' dir='ltr'><strong>mitella</strong></span> <span class='ocrx_word' id='word_1_734' title='bbox 3309 2845 3643 2918; x_wconf 69' lang='lat' dir='ltr'><strong>estlinteuni</strong></span> 
     </span>
    </p>
   </div>
   <div class='ocr_carea' id='block_1_93' title="bbox 2053 2915 3647 2993">
    <p class='ocr_par' dir='ltr' id='par_1_93' title="bbox 2053 2915 3647 2993">
     <span class='ocr_line' id='line_1_95' title="bbox 2053 2915 3647 2993; baseline -0.001 -21"><span class='ocrx_word' id='word_1_735' title='bbox 2053 2915 2256 2993; x_wconf 75' lang='lat' dir='ltr'><strong>inquo</strong></span> <span class='ocrx_word' id='word_1_736' title='bbox 2288 2918 2600 2993; x_wconf 84' lang='lat' dir='ltr'><strong>brachium__</strong></span> <span class='ocrx_word' id='word_1_737' title='bbox 2620 2917 2842 2972; x_wconf 87' lang='lat' dir='ltr'><strong>fraetum</strong></span> <span class='ocrx_word' id='word_1_738' title='bbox 2890 2918 3156 2993; x_wconf 32' lang='lat' dir='ltr'><strong>laesumve‘</strong></span> <span class='ocrx_word' id='word_1_739' title='bbox 3181 2915 3555 2993; x_wconf 59' lang='lat' dir='ltr'><strong>suspenditur&quot;</strong></span> <span class='ocrx_word' id='word_1_740' title='bbox 3579 2915 3647 2971; x_wconf 83' lang='lat' dir='ltr'><strong>ad</strong></span> 
     </span>
    </p>
   </div>
   <div class='ocr_carea' id='block_1_94' title="bbox 2053 2987 3644 3060">
    <p class='ocr_par' dir='ltr' id='par_1_94' title="bbox 2053 2987 3644 3060">
     <span class='ocr_line' id='line_1_96' title="bbox 2053 2987 3644 3060; baseline -0.002 -17"><span class='ocrx_word' id='word_1_741' title='bbox 2053 2987 2273 3045; x_wconf 83' lang='lat' dir='ltr'><strong>collum.</strong></span> <span class='ocrx_word' id='word_1_742' title='bbox 2307 2992 2531 3060; x_wconf 82' lang='lat' dir='ltr'><strong>Optatus</strong></span> <span class='ocrx_word' id='word_1_743' title='bbox 2560 2987 2868 3060; x_wconf 85' lang='lat' dir='ltr'><strong>Nonnarum</strong></span> <span class='ocrx_word' id='word_1_744' title='bbox 2897 2988 3010 3041; x_wconf 91' lang='lat' dir='ltr'><strong>sive</strong></span> <span class='ocrx_word' id='word_1_745' title='bbox 3052 2987 3644 3060; x_wconf 52' lang='lat' dir='ltr'><strong>saeiarumnvirginum</strong></span> 
     </span>
    </p>
   </div>
   <div class='ocr_carea' id='block_1_95' title="bbox 2027 3055 3641 3128">
    <p class='ocr_par' dir='ltr' id='par_1_95' title="bbox 2027 3055 3641 3128">
     <span class='ocr_line' id='line_1_97' title="bbox 2027 3055 3641 3128; baseline 0 -18"><span class='ocrx_word' id='word_1_746' title='bbox 2027 3062 2216 3116; x_wconf 80' lang='lat' dir='ltr'><strong>.vittas</strong></span> <span class='ocrx_word' id='word_1_747' title='bbox 2236 3055 2486 3116; x_wconf 44' lang='lat' dir='ltr'><strong>sive—vela</strong></span> <span class='ocrx_word' id='word_1_748' title='bbox 2510 3060 2674 3128; x_wconf 75' lang='lat' dir='ltr'><strong>(unde</strong></span> <span class='ocrx_word' id='word_1_749' title='bbox 2699 3058 2872 3128; x_wconf 78' lang='lat' dir='ltr'><strong>Belgis</strong></span> <span class='ocrx_word' id='word_1_750' title='bbox 2895 3058 3093 3112; x_wconf 88' lang='lat' dir='ltr'><strong>nostris</strong></span> <span class='ocrx_word' id='word_1_751' title='bbox 3127 3055 3315 3122; x_wconf 82' lang='lat' dir='ltr'><strong>Wiele,</strong></span> <span class='ocrx_word' id='word_1_752' title='bbox 3345 3056 3641 3122; x_wconf 78' lang='lat' dir='ltr'><strong>Wiedoeclt,</strong></span> 
     </span>
    </p>
   </div>
   <div class='ocr_carea' id='block_1_96' title="bbox 2055 3127 3644 3203">
    <p class='ocr_par' dir='ltr' id='par_1_96' title="bbox 2055 3127 3644 3203">
     <span class='ocr_line' id='line_1_98' title="bbox 2055 3127 3644 3203; baseline -0.004 -17"><span class='ocrx_word' id='word_1_753' title='bbox 2055 3131 2307 3203; x_wconf 75' lang='lat' dir='ltr'><strong>etWiile)</strong></span> <span class='ocrx_word' id='word_1_754' title='bbox 2339 3132 2592 3185; x_wconf 83' lang='lat' dir='ltr'><strong>Mitrellas</strong></span> <span class='ocrx_word' id='word_1_755' title='bbox 2622 3141 2773 3203; x_wconf 77' lang='lat' dir='ltr'><strong>vocat</strong></span> <span class='ocrx_word' id='word_1_756' title='bbox 2794 3127 2814 3194; x_wconf 58' lang='grc' dir='ltr'><strong><em>ζ</em></strong></span> <span class='ocrx_word' id='word_1_757' title='bbox 2835 3127 2986 3203; x_wconf 84' lang='lat' dir='ltr'><strong>quasi</strong></span> <span class='ocrx_word' id='word_1_758' title='bbox 3000 3129 3438 3203; x_wconf 65' lang='lat' dir='ltr'><strong>parv_as__mitra_s</strong></span> <span class='ocrx_word' id='word_1_759' title='bbox 3463 3128 3644 3203; x_wconf 3' lang='lat' dir='ltr'><strong>(dicas.</strong></span> 
     </span>
    </p>
   </div>
   <div class='ocr_carea' id='block_1_97' title="bbox 1980 3189 3644 3270">
    <p class='ocr_par' dir='ltr' id='par_1_97' title="bbox 1980 3189 3644 3270">
     <span class='ocr_line' id='line_1_99' title="bbox 1980 3189 3644 3270; baseline 0.001 -17"><span class='ocrx_word' id='word_1_760' title='bbox 1980 3189 2024 3253; x_wconf 86' lang='lat' dir='ltr'><strong>C</strong></span> <span class='ocrx_word' id='word_1_761' title='bbox 2059 3201 2219 3257; x_wconf 83' lang='lat' dir='ltr'><strong>Mitra</strong></span> <span class='ocrx_word' id='word_1_762' title='bbox 2245 3189 2465 3257; x_wconf 73' lang='lat' dir='ltr'><strong>verbum</strong></span> <span class='ocrx_word' id='word_1_763' title='bbox 2493 3215 2614 3256; x_wconf 90' lang='lat' dir='ltr'><strong>esse</strong></span> <span class='ocrx_word' id='word_1_764' title='bbox 2656 3189 2936 3270; x_wconf 77' lang='lat' dir='ltr'><strong>Syriacum</strong></span> <span class='ocrx_word' id='word_1_765' title='bbox 2965 3189 3162 3270; x_wconf 62' lang='lat' dir='ltr'><strong>(Grieci</strong></span> <span class='ocrx_word' id='word_1_766' title='bbox 3189 3198 3376 3270; x_wconf 82' lang='lat' dir='ltr'><strong>dicunt</strong></span> <span class='ocrx_word' id='word_1_767' title='bbox 3394 3197 3644 3270; x_wconf 73' lang='grc' dir='ltr'><strong>διάδημα,</strong></span> 
     </span>
    </p>
   </div>
   <div class='ocr_carea' id='block_1_98' title="bbox 2054 3268 3649 3340">
    <p class='ocr_par' dir='ltr' id='par_1_98' title="bbox 2054 3268 3649 3340">
     <span class='ocr_line' id='line_1_100' title="bbox 2054 3268 3649 3340; baseline -0.003 -12"><span class='ocrx_word' id='word_1_768' title='bbox 2054 3273 2229 3328; x_wconf 90' lang='lat' dir='ltr'><strong>Latini</strong></span> <span class='ocrx_word' id='word_1_769' title='bbox 2262 3273 2494 3338; x_wconf 84' lang='lat' dir='ltr'><strong>vittam).</strong></span> <span class='ocrx_word' id='word_1_770' title='bbox 2535 3268 3199 3340; x_wconf 9' lang='lat' dir='ltr'><strong>monueruntjamdudumr</strong></span> <span class='ocrx_word' id='word_1_771' title='bbox 3237 3268 3338 3322; x_wconf 90' lang='lat' dir='ltr'><strong>viri</strong></span> <span class='ocrx_word' id='word_1_772' title='bbox 3375 3268 3558 3340; x_wconf 79' lang='lat' dir='ltr'><strong>docti,</strong></span> <span class='ocrx_word' id='word_1_773' title='bbox 3593 3277 3649 3325; x_wconf 89' lang='lat' dir='ltr'><strong>et</strong></span> 
     </span>
    </p>
   </div>
   <div class='ocr_carea' id='block_1_99' title="bbox 2057 3339 3644 3415">
    <p class='ocr_par' dir='ltr' id='par_1_99' title="bbox 2057 3339 3644 3415">
     <span class='ocr_line' id='line_1_101' title="bbox 2057 3339 3644 3415; baseline -0.004 -16"><span class='ocrx_word' id='word_1_774' title='bbox 2057 3345 2273 3415; x_wconf 84' lang='lat' dir='ltr'><strong>praprie</strong></span> <span class='ocrx_word' id='word_1_775' title='bbox 2304 3344 2569 3415; x_wconf 79' lang='lat' dir='ltr'><strong>signiﬁcat</strong></span> <span class='ocrx_word' id='word_1_776' title='bbox 2592 3342 2860 3397; x_wconf 88' lang='lat' dir='ltr'><strong>vinculum</strong></span> <span class='ocrx_word' id='word_1_777' title='bbox 2881 3339 2985 3395; x_wconf 89' lang='lat' dir='ltr'><strong>aut</strong></span> <span class='ocrx_word' id='word_1_778' title='bbox 3012 3339 3408 3395; x_wconf 89' lang='lat' dir='ltr'><strong>redimiculum.</strong></span> <span class='ocrx_word' id='word_1_779' title='bbox 3436 3339 3604 3395; x_wconf 85' lang='lat' dir='ltr'><strong>Poéta</strong></span> <span class='ocrx_word' id='word_1_780' title='bbox 3629 3356 3644 3392; x_wconf 91' lang='lat'><strong>:</strong></span> 
     </span>
    </p>
   </div>
   <div class='ocr_carea' id='block_1_100' title="bbox 2073 3430 3456 3495">
    <p class='ocr_par' dir='ltr' id='par_1_100' title="bbox 2073 3430 3456 3495">
     <span class='ocr_line' id='line_1_102' title="bbox 2073 3430 3456 3495; baseline -0.007 -3"><span class='ocrx_word' id='word_1_781' title='bbox 2073 3483 2078 3492; x_wconf 94' lang='lat'><strong>.</strong></span> <span class='ocrx_word' id='word_1_782' title='bbox 2151 3437 2214 3488; x_wconf 87' lang='lat' dir='ltr'><strong>Et</strong></span> <span class='ocrx_word' id='word_1_783' title='bbox 2238 3437 2414 3487; x_wconf 69' lang='lat' dir='ltr'><strong>tunicae</strong></span> <span class='ocrx_word' id='word_1_784' title='bbox 2438 3432 2668 3495; x_wconf 85' lang='lat' dir='ltr'><strong>manicas,</strong></span> <span class='ocrx_word' id='word_1_785' title='bbox 2695 3439 2748 3484; x_wconf 89' lang='lat' dir='ltr'><strong>et</strong></span> <span class='ocrx_word' id='word_1_786' title='bbox 2770 3433 2952 3482; x_wconf 88' lang='lat' dir='ltr'><strong>habent</strong></span> <span class='ocrx_word' id='word_1_787' title='bbox 2971 3430 3260 3481; x_wconf 86' lang='lat' dir='ltr'><strong>redimicula</strong></span> <span class='ocrx_word' id='word_1_788' title='bbox 3283 3434 3456 3483; x_wconf 72' lang='lat' dir='ltr'><strong>mitrae.</strong></span> 
     </span>
    </p>
   </div>
   <div class='ocr_carea' id='block_1_101' title="bbox 2059 3514 3648 3585">
    <p class='ocr_par' dir='ltr' id='par_1_101' title="bbox 2059 3514 3648 3585">
     <span class='ocr_line' id='line_1_103' title="bbox 2059 3514 3648 3585; baseline -0.003 -11"><span class='ocrx_word' id='word_1_789' title='bbox 2059 3517 2196 3574; x_wconf 83' lang='lat' dir='ltr'><strong>Vide</strong></span> <span class='ocrx_word' id='word_1_790' title='bbox 2226 3518 2296 3573; x_wconf 90' lang='lat' dir='ltr'><strong>ibi</strong></span> <span class='ocrx_word' id='word_1_791' title='bbox 2325 3518 2593 3573; x_wconf 85' lang='lat' dir='ltr'><strong>Servium.</strong></span> <span class='ocrx_word' id='word_1_792' title='bbox 2624 3515 2841 3575; x_wconf 65' lang='lat' dir='ltr'><strong>lacent.</strong></span> <span class='ocrx_word' id='word_1_793' title='bbox 2876 3514 3088 3568; x_wconf 80' lang='lat' dir='ltr'><strong>Inutilis</strong></span> <span class='ocrx_word' id='word_1_794' title='bbox 3116 3524 3238 3568; x_wconf 87' lang='lat' dir='ltr'><strong>nota</strong></span> <span class='ocrx_word' id='word_1_795' title='bbox 3266 3524 3382 3585; x_wconf 83' lang='lat' dir='ltr'><strong>post</strong></span> <span class='ocrx_word' id='word_1_796' title='bbox 3409 3515 3648 3570; x_wconf 78' lang='lat' dir='ltr'><strong>emenda-</strong></span> 
     </span>
    </p>
   </div>
   <div class='ocr_carea' id='block_1_102' title="bbox 2063 3589 3286 3644">
    <p class='ocr_par' dir='ltr' id='par_1_102' title="bbox 2063 3589 3286 3644">
     <span class='ocr_line' id='line_1_104' title="bbox 2063 3589 3286 3644; baseline -0.002 -2"><span class='ocrx_word' id='word_1_797' title='bbox 2063 3589 2253 3644; x_wconf 85' lang='lat' dir='ltr'><strong>tionem</strong></span> <span class='ocrx_word' id='word_1_798' title='bbox 2283 3599 2531 3644; x_wconf 84' lang='lat' dir='ltr'><strong>nostram.</strong></span> <span class='ocrx_word' id='word_1_799' title='bbox 2756 3612 2770 3623; x_wconf 78' lang='lat'><strong>-</strong></span> <span class='ocrx_word' id='word_1_800' title='bbox 3268 3597 3286 3607; x_wconf 76' lang='lat'><strong>‘</strong></span> 
     </span>
    </p>
   </div>
   <div class='ocr_carea' id='block_1_103' title="bbox 2136 3657 3648 3731">
    <p class='ocr_par' dir='ltr' id='par_1_103' title="bbox 2136 3657 3648 3731">
     <span class='ocr_line' id='line_1_105' title="bbox 2136 3657 3648 3731; baseline -0.002 -17"><span class='ocrx_word' id='word_1_801' title='bbox 2136 3659 2250 3731; x_wconf 82' lang='grc'><strong>(54)</strong></span> <span class='ocrx_word' id='word_1_802' title='bbox 2283 3659 2526 3714; x_wconf 80' lang='lat' dir='ltr'><strong>Mitellas.</strong></span> <span class='ocrx_word' id='word_1_803' title='bbox 2568 3659 2719 3713; x_wconf 78' lang='lat' dir='ltr'><strong>Mitra</strong></span> <span class='ocrx_word' id='word_1_804' title='bbox 2769 3672 2866 3731; x_wconf 84' lang='lat' dir='ltr'><strong>seu</strong></span> <span class='ocrx_word' id='word_1_805' title='bbox 2906 3658 3108 3714; x_wconf 79' lang='lat' dir='ltr'><strong>Mitella</strong></span> <span class='ocrx_word' id='word_1_806' title='bbox 3159 3657 3648 3731; x_wconf 69' lang='lat' dir='ltr'><strong>generatim__vittaz</strong></span> 
     </span>
    </p>
   </div>
   <div class='ocr_carea' id='block_1_104' title="bbox 2064 3727 3648 3800">
    <p class='ocr_par' dir='ltr' id='par_1_104' title="bbox 2064 3727 3648 3800">
     <span class='ocr_line' id='line_1_106' title="bbox 2064 3727 3648 3800; baseline -0.003 -13"><span class='ocrx_word' id='word_1_807' title='bbox 2064 3727 2160 3787; x_wconf 84' lang='lat' dir='ltr'><strong>seu</strong></span> <span class='ocrx_word' id='word_1_808' title='bbox 2189 3731 2367 3786; x_wconf 70' lang='lat' dir='ltr'><strong>fasciae</strong></span> <span class='ocrx_word' id='word_1_809' title='bbox 2387 3745 2558 3800; x_wconf 81' lang='lat' dir='ltr'><strong>genus</strong></span> <span class='ocrx_word' id='word_1_810' title='bbox 2585 3744 2689 3798; x_wconf 88' lang='lat' dir='ltr'><strong>quo</strong></span> <span class='ocrx_word' id='word_1_811' title='bbox 2717 3728 3000 3784; x_wconf 87' lang='lat' dir='ltr'><strong>redimitur</strong></span> <span class='ocrx_word' id='word_1_812' title='bbox 3021 3727 3220 3800; x_wconf 89' lang='lat' dir='ltr'><strong>aliquid</strong></span> <span class='ocrx_word' id='word_1_813' title='bbox 3239 3772 3254 3796; x_wconf 93' lang='lat'><strong>,</strong></span> <span class='ocrx_word' id='word_1_814' title='bbox 3283 3727 3420 3800; x_wconf 81' lang='lat' dir='ltr'><strong>apud</strong></span> <span class='ocrx_word' id='word_1_815' title='bbox 3452 3727 3648 3783; x_wconf 78' lang='lat' dir='ltr'><strong>Home-</strong></span> 
     </span>
    </p>
   </div>
   <div class='ocr_carea' id='block_1_105' title="bbox 2064 3798 3644 3870">
    <p class='ocr_par' dir='ltr' id='par_1_105' title="bbox 2064 3798 3644 3870">
     <span class='ocr_line' id='line_1_107' title="bbox 2064 3798 3644 3870; baseline -0.001 -14"><span class='ocrx_word' id='word_1_816' title='bbox 2064 3817 2185 3856; x_wconf 90' lang='lat' dir='ltr'><strong>rum</strong></span> <span class='ocrx_word' id='word_1_817' title='bbox 2207 3798 2496 3868; x_wconf 81' lang='lat' dir='ltr'><strong>usurpatur</strong></span> <span class='ocrx_word' id='word_1_818' title='bbox 2528 3816 2625 3870; x_wconf 87' lang='lat' dir='ltr'><strong>pro</strong></span> <span class='ocrx_word' id='word_1_819' title='bbox 2651 3798 3147 3869; x_wconf 81' lang='lat' dir='ltr'><strong>cingulomilitari,</strong></span> <span class='ocrx_word' id='word_1_820' title='bbox 3181 3814 3290 3870; x_wconf 91' lang='lat' dir='ltr'><strong>quo</strong></span> <span class='ocrx_word' id='word_1_821' title='bbox 3318 3798 3408 3853; x_wconf 87' lang='lat' dir='ltr'><strong>ilia</strong></span> <span class='ocrx_word' id='word_1_822' title='bbox 3428 3811 3644 3870; x_wconf 75' lang='lat' dir='ltr'><strong>etven-</strong></span> 
     </span>
    </p>
   </div>
   <div class='ocr_carea' id='block_1_106' title="bbox 2069 3869 3642 3943">
    <p class='ocr_par' dir='ltr' id='par_1_106' title="bbox 2069 3869 3642 3943">
     <span class='ocr_line' id='line_1_108' title="bbox 2069 3869 3642 3943; baseline -0.003 -16"><span class='ocrx_word' id='word_1_823' title='bbox 2069 3880 2150 3927; x_wconf 89' lang='lat' dir='ltr'><strong>ter</strong></span> <span class='ocrx_word' id='word_1_824' title='bbox 2198 3869 2567 3943; x_wconf 85' lang='lat' dir='ltr'><strong>cingebantur.</strong></span> <span class='ocrx_word' id='word_1_825' title='bbox 2644 3870 2801 3943; x_wconf 78' lang='lat' dir='ltr'><strong>Apud</strong></span> <span class='ocrx_word' id='word_1_826' title='bbox 2867 3869 3233 3939; x_wconf 58' lang='lat' dir='ltr'><strong>Herodotum,</strong></span> <span class='ocrx_word' id='word_1_827' title='bbox 3289 3869 3642 3943; x_wconf 78' lang='lat' dir='ltr'><strong>Euripidem,</strong></span> 
     </span>
    </p>
   </div>
   <div class='ocr_carea' id='block_1_107' title="bbox 2067 3939 3644 4023">
    <p class='ocr_par' dir='ltr' id='par_1_107' title="bbox 2067 3939 3644 4023">
     <span class='ocr_line' id='line_1_109' title="bbox 2067 3939 3644 4023; baseline -0.002 -26"><span class='ocrx_word' id='word_1_828' title='bbox 2067 3939 2344 3998; x_wconf 77' lang='lat' dir='ltr'><strong>Mosc-buin</strong></span> <span class='ocrx_word' id='word_1_829' title='bbox 2365 3985 2381 4011; x_wconf 95' lang='lat'><strong>,</strong></span> <span class='ocrx_word' id='word_1_830' title='bbox 2399 3942 2648 4023; x_wconf 69' lang='lat' dir='ltr'><strong>aliosque</strong></span> <span class='ocrx_word' id='word_1_831' title='bbox 2676 3939 2893 4023; x_wconf 64' lang='lat' dir='ltr'><strong>Graecos</strong></span> <span class='ocrx_word' id='word_1_832' title='bbox 2912 3947 3077 4023; x_wconf 60' lang='grc' dir='ltr'><strong>μίῖρα</strong></span> <span class='ocrx_word' id='word_1_833' title='bbox 3097 3943 3326 4023; x_wconf 79' lang='lat' dir='ltr'><strong>sumitur</strong></span> <span class='ocrx_word' id='word_1_834' title='bbox 3356 3955 3453 4023; x_wconf 77' lang='lat' dir='ltr'><strong>pro</strong></span> <span class='ocrx_word' id='word_1_835' title='bbox 3483 3940 3644 4023; x_wconf 71' lang='lat' dir='ltr'><strong>fascia</strong></span> 
     </span>
    </p>
   </div>
   <div class='ocr_carea' id='block_1_108' title="bbox 2067 4011 3641 4140">
    <p class='ocr_par' dir='ltr' id='par_1_108' title="bbox 2067 4011 3641 4140">
     <span class='ocr_line' id='line_1_110' title="bbox 2067 4011 3641 4140; baseline -0.003 -72"><span class='ocrx_word' id='word_1_836' title='bbox 2067 4029 2189 4140; x_wconf 57' lang='grc' dir='ltr'><strong>ἓᾳαξ</strong></span> <span class='ocrx_word' id='word_1_837' title='bbox 2215 4023 2376 4084; x_wconf 90' lang='lat' dir='ltr'><strong>caput</strong></span> <span class='ocrx_word' id='word_1_838' title='bbox 2399 4011 2719 4096; x_wconf 66' lang='lat' dir='ltr'><strong>involvebat.</strong></span> <span class='ocrx_word' id='word_1_839' title='bbox 2753 4011 2956 4095; x_wconf 63' lang='lat' dir='ltr'><strong>Latinis</strong></span> <span class='ocrx_word' id='word_1_840' title='bbox 2988 4011 3130 4068; x_wconf 77' lang='lat' dir='ltr'><strong>idem</strong></span> <span class='ocrx_word' id='word_1_841' title='bbox 3161 4013 3324 4068; x_wconf 89' lang='lat' dir='ltr'><strong>etiam</strong></span> <span class='ocrx_word' id='word_1_842' title='bbox 3355 4018 3436 4066; x_wconf 85' lang='lat' dir='ltr'><strong>est</strong></span> <span class='ocrx_word' id='word_1_843' title='bbox 3465 4013 3641 4093; x_wconf 79' lang='lat' dir='ltr'><strong>mitra.</strong></span> 
     </span>
     <span class='ocr_line' id='line_1_111' title="bbox 2115 4081 3641 4140; baseline -0.003 -2"><span class='ocrx_word' id='word_1_844' title='bbox 2115 4100 2257 4140; x_wconf 79' lang='lat' dir='ltr'><strong>icero</strong></span> <span class='ocrx_word' id='word_1_845' title='bbox 2275 4100 2372 4140; x_wconf 78' lang='lat' dir='ltr'><strong>pro</strong></span> <span class='ocrx_word' id='word_1_846' title='bbox 2401 4084 2644 4139; x_wconf 76' lang='lat' dir='ltr'><strong>Rabirio:</strong></span> <span class='ocrx_word' id='word_1_847' title='bbox 2667 4081 2981 4137; x_wconf 76' lang='lat' dir='ltr'><strong>Deliciarum</strong></span> <span class='ocrx_word' id='word_1_848' title='bbox 3005 4101 3160 4138; x_wconf 86' lang='lat' dir='ltr'><strong>causa</strong></span> <span class='ocrx_word' id='word_1_849' title='bbox 3181 4093 3227 4136; x_wconf 74' lang='lat' dir='ltr'><strong>et</strong></span> <span class='ocrx_word' id='word_1_850' title='bbox 3252 4083 3526 4140; x_wconf 74' lang='lat' dir='ltr'><strong>uoluptatis</strong></span> <span class='ocrx_word' id='word_1_851' title='bbox 3549 4096 3641 4133; x_wconf 78' lang='lat' dir='ltr'><strong>non</strong></span> 
     </span>
    </p>
   </div>
   <div class='ocr_carea' id='block_1_109' title="bbox 2115 4081 3651 4154">
    <p class='ocr_par' dir='ltr' id='par_1_109' title="bbox 2115 4081 3651 4154">
     <span class='ocr_line' id='line_1_112' title="bbox 2115 4081 3651 4154; baseline -0.003 -16"><span class='ocrx_word' id='word_1_852' title='bbox 2115 4086 2257 4140; x_wconf 91' lang='lat' dir='ltr'><strong>icero</strong></span> <span class='ocrx_word' id='word_1_853' title='bbox 2275 4081 2372 4154; x_wconf 82' lang='lat' dir='ltr'><strong>pro</strong></span> <span class='ocrx_word' id='word_1_854' title='bbox 2401 4084 2644 4139; x_wconf 81' lang='lat' dir='ltr'><strong>Rabirio:</strong></span> <span class='ocrx_word' id='word_1_855' title='bbox 2667 4081 2981 4137; x_wconf 75' lang='lat' dir='ltr'><strong>Deliciarum</strong></span> <span class='ocrx_word' id='word_1_856' title='bbox 3005 4101 3160 4154; x_wconf 84' lang='lat' dir='ltr'><strong>causa</strong></span> <span class='ocrx_word' id='word_1_857' title='bbox 3181 4093 3227 4136; x_wconf 74' lang='lat' dir='ltr'><strong>et</strong></span> <span class='ocrx_word' id='word_1_858' title='bbox 3252 4082 3526 4151; x_wconf 80' lang='lat' dir='ltr'><strong>uoluptatis</strong></span> <span class='ocrx_word' id='word_1_859' title='bbox 3549 4096 3651 4154; x_wconf 77' lang='lat' dir='ltr'><strong>non</strong></span> 
     </span>
    </p>
   </div>
   <div class='ocr_carea' id='block_1_110' title="bbox 2071 4151 3652 4221">
    <p class='ocr_par' dir='ltr' id='par_1_110' title="bbox 2071 4151 3652 4221">
     <span class='ocr_line' id='line_1_113' title="bbox 2071 4151 3652 4221; baseline -0.003 -13"><span class='ocrx_word' id='word_1_860' title='bbox 2071 4155 2222 4210; x_wconf 82' lang='lat' dir='ltr'><strong>modo</strong></span> <span class='ocrx_word' id='word_1_861' title='bbox 2232 4151 2362 4209; x_wconf 67' lang='lat' dir='ltr'><strong>cities</strong></span> <span class='ocrx_word' id='word_1_862' title='bbox 2383 4155 2641 4220; x_wconf 81' lang='lat' dir='ltr'><strong>Romanos</strong></span> <span class='ocrx_word' id='word_1_863' title='bbox 2665 4162 2713 4207; x_wconf 87' lang='lat' dir='ltr'><strong>et</strong></span> <span class='ocrx_word' id='word_1_864' title='bbox 2739 4154 2930 4207; x_wconf 85' lang='lat' dir='ltr'><strong>nobiles</strong></span> <span class='ocrx_word' id='word_1_865' title='bbox 2949 4153 3291 4208; x_wconf 84' lang='lat' dir='ltr'><strong>adolescentes</strong></span> <span class='ocrx_word' id='word_1_866' title='bbox 3336 4162 3383 4206; x_wconf 88' lang='lat' dir='ltr'><strong>et</strong></span> <span class='ocrx_word' id='word_1_867' title='bbox 3407 4151 3652 4221; x_wconf 71' lang='lat' dir='ltr'><strong>quosdam</strong></span> 
     </span>
    </p>
   </div>
   <div class='ocr_carea' id='block_1_111' title="bbox 2073 4222 3652 4281">
    <p class='ocr_par' dir='ltr' id='par_1_111' title="bbox 2073 4222 3652 4281">
     <span class='ocr_line' id='line_1_114' title="bbox 2073 4222 3652 4281; baseline -0.004 -1"><span class='ocrx_word' id='word_1_868' title='bbox 2073 4226 2227 4280; x_wconf 84' lang='lat' dir='ltr'><strong>etiam</strong></span> <span class='ocrx_word' id='word_1_869' title='bbox 2257 4226 2530 4281; x_wconf 85' lang='lat' dir='ltr'><strong>Senatores</strong></span> <span class='ocrx_word' id='word_1_870' title='bbox 2559 4240 2755 4278; x_wconf 84' lang='lat' dir='ltr'><strong>summa</strong></span> <span class='ocrx_word' id='word_1_871' title='bbox 2782 4224 2894 4278; x_wconf 86' lang='lat' dir='ltr'><strong>loco</strong></span> <span class='ocrx_word' id='word_1_872' title='bbox 2921 4233 3067 4278; x_wconf 87' lang='lat' dir='ltr'><strong>natos</strong></span> <span class='ocrx_word' id='word_1_873' title='bbox 3088 4240 3189 4278; x_wconf 89' lang='lat' dir='ltr'><strong>non</strong></span> <span class='ocrx_word' id='word_1_874' title='bbox 3211 4226 3266 4279; x_wconf 88' lang='lat' dir='ltr'><strong>in</strong></span> <span class='ocrx_word' id='word_1_875' title='bbox 3279 4224 3438 4278; x_wconf 77' lang='lat' dir='ltr'><strong>hortis</strong></span> <span class='ocrx_word' id='word_1_876' title='bbox 3461 4233 3507 4276; x_wconf 85' lang='lat' dir='ltr'><strong>et</strong></span> <span class='ocrx_word' id='word_1_877' title='bbox 3534 4222 3652 4275; x_wconf 73' lang='lat' dir='ltr'><strong>sub-</strong></span> 
     </span>
    </p>
   </div>
   <div class='ocr_carea' id='block_1_112' title="bbox 2073 4294 3651 4364">
    <p class='ocr_par' dir='ltr' id='par_1_112' title="bbox 2073 4294 3651 4364">
     <span class='ocr_line' id='line_1_115' title="bbox 2073 4294 3651 4364; baseline -0.004 -14"><span class='ocrx_word' id='word_1_878' title='bbox 2073 4296 2236 4350; x_wconf 80' lang='lat' dir='ltr'><strong>urbiis</strong></span> <span class='ocrx_word' id='word_1_879' title='bbox 2283 4297 2391 4354; x_wconf 83' lang='lat' dir='ltr'><strong>suis</strong></span> <span class='ocrx_word' id='word_1_880' title='bbox 2416 4337 2430 4360; x_wconf 89' lang='lat'><strong>,</strong></span> <span class='ocrx_word' id='word_1_881' title='bbox 2476 4296 2564 4350; x_wconf 82' lang='lat' dir='ltr'><strong>sed</strong></span> <span class='ocrx_word' id='word_1_882' title='bbox 2601 4294 2820 4363; x_wconf 82' lang='lat' dir='ltr'><strong>Neapoli</strong></span> <span class='ocrx_word' id='word_1_883' title='bbox 2849 4296 2902 4348; x_wconf 87' lang='lat' dir='ltr'><strong>in</strong></span> <span class='ocrx_word' id='word_1_884' title='bbox 2942 4295 3269 4349; x_wconf 85' lang='lat' dir='ltr'><strong>celeberrimo</strong></span> <span class='ocrx_word' id='word_1_885' title='bbox 3313 4294 3502 4364; x_wconf 80' lang='lat' dir='ltr'><strong>Oppido</strong></span> <span class='ocrx_word' id='word_1_886' title='bbox 3539 4308 3651 4345; x_wconf 74' lang='lat' dir='ltr'><strong>eunt</strong></span> 
     </span>
    </p>
   </div>
   <div class='ocr_carea' id='block_1_113' title="bbox 2075 4364 3653 4435">
    <p class='ocr_par' dir='ltr' id='par_1_113' title="bbox 2075 4364 3653 4435">
     <span class='ocr_line' id='line_1_116' title="bbox 2075 4364 3653 4435; baseline -0.001 -17"><span class='ocrx_word' id='word_1_887' title='bbox 2075 4367 2269 4420; x_wconf 84' lang='lat' dir='ltr'><strong>mitella</strong></span> <span class='ocrx_word' id='word_1_888' title='bbox 2310 4383 2444 4435; x_wconf 72' lang='lat' dir='ltr'><strong>stupe</strong></span> <span class='ocrx_word' id='word_1_889' title='bbox 2473 4367 2718 4420; x_wconf 79' lang='lat' dir='ltr'><strong>videmus.</strong></span> <span class='ocrx_word' id='word_1_890' title='bbox 2753 4364 3026 4419; x_wconf 80' lang='lat' dir='ltr'><strong>Mitrarum</strong></span> <span class='ocrx_word' id='word_1_891' title='bbox 3080 4366 3506 4428; x_wconf 88' lang='lat' dir='ltr'><strong>mitellarumque</strong></span> <span class='ocrx_word' id='word_1_892' title='bbox 3536 4364 3653 4435; x_wconf 71' lang='lat' dir='ltr'><strong>qui-</strong></span> 
     </span>
    </p>
   </div>
   <div class='ocr_carea' id='block_1_114' title="bbox 2079 4378 3653 4505">
    <p class='ocr_par' dir='ltr' id='par_1_114' title="bbox 2079 4378 3653 4505">
     <span class='ocr_line' id='line_1_117' title="bbox 2079 4378 3653 4435; baseline -0.001 -17"><span class='ocrx_word' id='word_1_893' title='bbox 2079 4378 2269 4420; x_wconf 84' lang='lat' dir='ltr'><strong>nuteua</strong></span> <span class='ocrx_word' id='word_1_894' title='bbox 2310 4383 2444 4435; x_wconf 71' lang='lat' dir='ltr'><strong>stupe</strong></span> <span class='ocrx_word' id='word_1_895' title='bbox 2473 4378 2718 4420; x_wconf 75' lang='lat' dir='ltr'><strong>videmus.</strong></span> <span class='ocrx_word' id='word_1_896' title='bbox 2753 4378 3026 4419; x_wconf 81' lang='lat' dir='ltr'><strong>Mttrarum</strong></span> <span class='ocrx_word' id='word_1_897' title='bbox 3080 4378 3506 4428; x_wconf 84' lang='lat' dir='ltr'><strong>nnteuarumque</strong></span> <span class='ocrx_word' id='word_1_898' title='bbox 3573 4378 3653 4416; x_wconf 88' lang='lat' dir='ltr'><strong>m-</strong></span> 
     </span>
     <span class='ocr_line' id='line_1_118' title="bbox 2079 4378 3653 4505; baseline -0.004 -13"><span class='ocrx_word' id='word_1_899' title='bbox 2079 4438 2178 4492; x_wconf 90' lang='lat' dir='ltr'><strong>bus</strong></span> <span class='ocrx_word' id='word_1_900' title='bbox 2197 4437 2443 4492; x_wconf 89' lang='lat' dir='ltr'><strong>redimita</strong></span> <span class='ocrx_word' id='word_1_901' title='bbox 2471 4445 2624 4491; x_wconf 88' lang='lat' dir='ltr'><strong>erant</strong></span> <span class='ocrx_word' id='word_1_902' title='bbox 2649 4436 2822 4505; x_wconf 76' lang='lat' dir='ltr'><strong>capita</strong></span> <span class='ocrx_word' id='word_1_903' title='bbox 2845 4437 3143 4503; x_wconf 66' lang='lat' dir='ltr'><strong>praesertim</strong></span> <span class='ocrx_word' id='word_1_904' title='bbox 3191 4435 3511 4505; x_wconf 87' lang='lat' dir='ltr'><strong>feminarum</strong></span> 
     </span>
    </p>
   </div>
   <div class='ocr_carea' id='block_1_115' title="bbox 2079 4503 3652 4575">
    <p class='ocr_par' dir='ltr' id='par_1_115' title="bbox 2079 4503 3652 4575">
     <span class='ocr_line' id='line_1_119' title="bbox 2079 4503 3652 4575; baseline -0.002 -14"><span class='ocrx_word' id='word_1_905' title='bbox 2079 4509 2284 4563; x_wconf 87' lang='lat' dir='ltr'><strong>minere</strong></span> <span class='ocrx_word' id='word_1_906' title='bbox 2329 4507 2510 4562; x_wconf 80' lang='lat' dir='ltr'><strong>Poetae</strong></span> <span class='ocrx_word' id='word_1_907' title='bbox 2534 4503 2750 4568; x_wconf 63' lang='lat' dir='ltr'><strong>Latini,</strong></span> <span class='ocrx_word' id='word_1_908' title='bbox 2776 4516 2832 4559; x_wconf 91' lang='lat' dir='ltr'><strong>ut</strong></span> <span class='ocrx_word' id='word_1_909' title='bbox 2865 4505 3116 4575; x_wconf 83' lang='lat' dir='ltr'><strong>Virgilius</strong></span> <span class='ocrx_word' id='word_1_910' title='bbox 3139 4537 3160 4570; x_wconf 72' lang='grc' dir='ltr'><strong>,ι</strong></span> <span class='ocrx_word' id='word_1_911' title='bbox 3190 4504 3497 4575; x_wconf 85' lang='lat' dir='ltr'><strong>Propertius</strong></span> <span class='ocrx_word' id='word_1_912' title='bbox 3520 4547 3536 4571; x_wconf 94' lang='lat'><strong>,</strong></span> <span class='ocrx_word' id='word_1_913' title='bbox 3559 4503 3652 4575; x_wconf 68' lang='grc' dir='ltr'><strong>Ιυτ</strong></span> 
     </span>
    </p>
   </div>
   <div class='ocr_carea' id='block_1_116' title="bbox 2000 4574 3648 4642">
    <p class='ocr_par' dir='ltr' id='par_1_116' title="bbox 2000 4574 3648 4642">
     <span class='ocr_line' id='line_1_120' title="bbox 2000 4574 3648 4642; baseline -0.005 -7"><span class='ocrx_word' id='word_1_914' title='bbox 2000 4575 2052 4635; x_wconf 90' lang='lat' dir='ltr'><strong>D</strong></span> <span class='ocrx_word' id='word_1_915' title='bbox 2078 4578 2283 4632; x_wconf 89' lang='lat' dir='ltr'><strong>venalis</strong></span> <span class='ocrx_word' id='word_1_916' title='bbox 2308 4619 2322 4642; x_wconf 94' lang='lat'><strong>,</strong></span> <span class='ocrx_word' id='word_1_917' title='bbox 2350 4578 2699 4633; x_wconf 85' lang='lat' dir='ltr'><strong>Claudianus.</strong></span> <span class='ocrx_word' id='word_1_918' title='bbox 2724 4575 2794 4632; x_wconf 90' lang='lat' dir='ltr'><strong>Ut</strong></span> <span class='ocrx_word' id='word_1_919' title='bbox 2838 4574 3017 4630; x_wconf 81' lang='lat' dir='ltr'><strong>autem</strong></span> <span class='ocrx_word' id='word_1_920' title='bbox 3046 4574 3308 4631; x_wconf 79' lang='lat' dir='ltr'><strong>observat</strong></span> <span class='ocrx_word' id='word_1_921' title='bbox 3344 4575 3556 4630; x_wconf 86' lang='lat' dir='ltr'><strong>Servius</strong></span> <span class='ocrx_word' id='word_1_922' title='bbox 3585 4574 3648 4627; x_wconf 81' lang='lat' dir='ltr'><strong>ad</strong></span> 
     </span>
    </p>
   </div>
   <div class='ocr_carea' id='block_1_117' title="bbox 2079 4645 3649 4714">
    <p class='ocr_par' dir='ltr' id='par_1_117' title="bbox 2079 4645 3649 4714">
     <span class='ocr_line' id='line_1_121' title="bbox 2079 4645 3649 4714; baseline -0.003 -11"><span class='ocrx_word' id='word_1_923' title='bbox 2079 4647 2339 4704; x_wconf 69' lang='lat' dir='ltr'><strong>Aineidos</strong></span> <span class='ocrx_word' id='word_1_924' title='bbox 2370 4650 2409 4703; x_wconf 94' lang='lat' dir='ltr'><strong>l.</strong></span> <span class='ocrx_word' id='word_1_925' title='bbox 2440 4663 2496 4703; x_wconf 76' lang='grc' dir='ltr'><strong>ιι</strong></span> <span class='ocrx_word' id='word_1_926' title='bbox 2524 4666 2537 4700; x_wconf 89' lang='lat'><strong>:</strong></span> <span class='ocrx_word' id='word_1_927' title='bbox 2571 4648 2744 4702; x_wconf 78' lang='lat' dir='ltr'><strong>mitra:</strong></span> <span class='ocrx_word' id='word_1_928' title='bbox 2767 4645 3084 4700; x_wconf 90' lang='lat' dir='ltr'><strong>feminarum</strong></span> <span class='ocrx_word' id='word_1_929' title='bbox 3116 4646 3336 4700; x_wconf 88' lang='lat' dir='ltr'><strong>sunt&#39;ut</strong></span> <span class='ocrx_word' id='word_1_930' title='bbox 3364 4645 3484 4714; x_wconf 89' lang='lat' dir='ltr'><strong>pilei</strong></span> <span class='ocrx_word' id='word_1_931' title='bbox 3515 4645 3649 4698; x_wconf 82' lang='lat' dir='ltr'><strong>viro-</strong></span> 
     </span>
    </p>
   </div>
   <div class='ocr_carea' id='block_1_118' title="bbox 2078 4715 3642 4784">
    <p class='ocr_par' dir='ltr' id='par_1_118' title="bbox 2078 4715 3642 4784">
     <span class='ocr_line' id='line_1_122' title="bbox 2078 4715 3642 4784; baseline -0.004 -10"><span class='ocrx_word' id='word_1_932' title='bbox 2078 4733 2218 4775; x_wconf 92' lang='lat' dir='ltr'><strong>rum.</strong></span> <span class='ocrx_word' id='word_1_933' title='bbox 2269 4720 2631 4774; x_wconf 88' lang='lat' dir='ltr'><strong>Tertullianus</strong></span> <span class='ocrx_word' id='word_1_934' title='bbox 2679 4718 2729 4771; x_wconf 90' lang='lat' dir='ltr'><strong>in</strong></span> <span class='ocrx_word' id='word_1_935' title='bbox 2777 4717 2870 4771; x_wconf 91' lang='lat' dir='ltr'><strong>lib.</strong></span> <span class='ocrx_word' id='word_1_936' title='bbox 2913 4716 2980 4772; x_wconf 90' lang='lat' dir='ltr'><strong>de</strong></span> <span class='ocrx_word' id='word_1_937' title='bbox 3007 4716 3262 4771; x_wconf 81' lang='lat' dir='ltr'><strong>Velandis</strong></span> <span class='ocrx_word' id='word_1_938' title='bbox 3313 4715 3642 4784; x_wconf 87' lang='lat' dir='ltr'><strong>virginibus:</strong></span> 
     </span>
    </p>
   </div>
   <div class='ocr_carea' id='block_1_119' title="bbox 2078 4786 3646 4858">
    <p class='ocr_par' dir='ltr' id='par_1_119' title="bbox 2078 4786 3646 4858">
     <span class='ocr_line' id='line_1_123' title="bbox 2078 4786 3646 4858; baseline -0.004 -16"><span class='ocrx_word' id='word_1_939' title='bbox 2078 4788 2311 4843; x_wconf 81' lang='lat' dir='ltr'><strong>Christus</strong></span> <span class='ocrx_word' id='word_1_940' title='bbox 2340 4800 2411 4844; x_wconf 87' lang='lat' dir='ltr'><strong>est</strong></span> <span class='ocrx_word' id='word_1_941' title='bbox 2433 4831 2447 4853; x_wconf 93' lang='lat'><strong>,</strong></span> <span class='ocrx_word' id='word_1_942' title='bbox 2482 4789 2654 4858; x_wconf 88' lang='lat' dir='ltr'><strong>inquit</strong></span> <span class='ocrx_word' id='word_1_943' title='bbox 2675 4829 2690 4850; x_wconf 89' lang='lat'><strong>,</strong></span> <span class='ocrx_word' id='word_1_944' title='bbox 2723 4787 2810 4857; x_wconf 82' lang='lat' dir='ltr'><strong>qui</strong></span> <span class='ocrx_word' id='word_1_945' title='bbox 2834 4797 2878 4841; x_wconf 84' lang='lat' dir='ltr'><strong>et</strong></span> <span class='ocrx_word' id='word_1_946' title='bbox 2907 4789 3101 4840; x_wconf 86' lang='lat' dir='ltr'><strong>alienas</strong></span> <span class='ocrx_word' id='word_1_947' title='bbox 3126 4803 3342 4855; x_wconf 83' lang='lat' dir='ltr'><strong>sponsas</strong></span> <span class='ocrx_word' id='word_1_948' title='bbox 3367 4795 3412 4839; x_wconf 91' lang='lat' dir='ltr'><strong>et</strong></span> <span class='ocrx_word' id='word_1_949' title='bbox 3446 4786 3646 4858; x_wconf 79' lang='lat' dir='ltr'><strong>marita-</strong></span> 
     </span>
    </p>
   </div>
   <div class='ocr_carea' id='block_1_120' title="bbox 2080 4854 3644 4932">
    <p class='ocr_par' dir='ltr' id='par_1_120' title="bbox 2080 4854 3644 4932">
     <span class='ocr_line' id='line_1_124' title="bbox 2080 4854 3644 4932; baseline -0.004 -20"><span class='ocrx_word' id='word_1_950' title='bbox 2080 4868 2155 4914; x_wconf 85' lang='lat' dir='ltr'><strong>tas</strong></span> <span class='ocrx_word' id='word_1_951' title='bbox 2180 4862 2346 4923; x_wconf 78' lang='lat' dir='ltr'><strong>velare</strong></span> <span class='ocrx_word' id='word_1_952' title='bbox 2365 4854 2749 4932; x_wconf 50' lang='lat' dir='ltr'><strong>jubet_,&#39;utiqu_e:</strong></span> <span class='ocrx_word' id='word_1_953' title='bbox 2769 4860 2928 4932; x_wconf 81' lang='lat' dir='ltr'><strong>multo</strong></span> <span class='ocrx_word' id='word_1_954' title='bbox 2963 4859 3125 4932; x_wconf 69' lang='lat' dir='ltr'><strong>magis</strong></span> <span class='ocrx_word' id='word_1_955' title='bbox 3151 4854 3272 4911; x_wconf 80' lang='lat' dir='ltr'><strong>suas</strong></span> <span class='ocrx_word' id='word_1_956' title='bbox 3288 4874 3306 4923; x_wconf 91' lang='lat'><em>;</em></span> <span class='ocrx_word' id='word_1_957' title='bbox 3333 4858 3416 4932; x_wconf 77' lang='lat' dir='ltr'><strong>sed</strong></span> <span class='ocrx_word' id='word_1_958' title='bbox 3442 4871 3524 4908; x_wconf 75' lang='lat' dir='ltr'><strong>eos</strong></span> <span class='ocrx_word' id='word_1_959' title='bbox 3550 4854 3644 4932; x_wconf 68' lang='lat' dir='ltr'><strong>ad-</strong></span> 
     </span>
    </p>
   </div>
   <div class='ocr_carea' id='block_1_121' title="bbox 2078 4926 3643 4999">
    <p class='ocr_par' dir='ltr' id='par_1_121' title="bbox 2078 4926 3643 4999">
     <span class='ocr_line' id='line_1_125' title="bbox 2078 4926 3643 4999; baseline -0.004 -17"><span class='ocrx_word' id='word_1_960' title='bbox 2078 4935 2338 4984; x_wconf 76' lang='lat' dir='ltr'><strong>monemus</strong></span> <span class='ocrx_word' id='word_1_961' title='bbox 2365 4926 2594 4983; x_wconf 54' lang='lat' dir='ltr'><strong>&#39;alterius</strong></span> <span class='ocrx_word' id='word_1_962' title='bbox 2621 4928 2880 4999; x_wconf 70' lang='lat' dir='ltr'><strong>pudicitia:</strong></span> <span class='ocrx_word' id='word_1_963' title='bbox 2905 4926 3143 4981; x_wconf 77' lang='lat' dir='ltr'><strong>mulieres</strong></span> <span class='ocrx_word' id='word_1_964' title='bbox 3191 4944 3308 4996; x_wconf 75' lang='lat' dir='ltr'><strong>qua:</strong></span> <span class='ocrx_word' id='word_1_965' title='bbox 3353 4929 3405 4980; x_wconf 82' lang='lat' dir='ltr'><strong>in</strong></span> <span class='ocrx_word' id='word_1_966' title='bbox 3435 4926 3643 4999; x_wconf 75' lang='lat' dir='ltr'><strong>nuptias</strong></span> 
     </span>
    </p>
   </div>
   <div class='ocr_carea' id='block_1_122' title="bbox 2077 4996 3644 5064">
    <p class='ocr_par' dir='ltr' id='par_1_122' title="bbox 2077 4996 3644 5064">
     <span class='ocr_line' id='line_1_126' title="bbox 2077 4996 3644 5064; baseline -0.003 -12"><span class='ocrx_word' id='word_1_967' title='bbox 2077 5000 2329 5053; x_wconf 82' lang='lat' dir='ltr'><strong>incidistis</strong></span> <span class='ocrx_word' id='word_1_968' title='bbox 2351 5042 2364 5064; x_wconf 94' lang='lat'><strong>,</strong></span> <span class='ocrx_word' id='word_1_969' title='bbox 2396 5015 2456 5052; x_wconf 88' lang='lat' dir='ltr'><strong>ne</strong></span> <span class='ocrx_word' id='word_1_970' title='bbox 2482 5000 2554 5052; x_wconf 88' lang='lat' dir='ltr'><strong>sic</strong></span> <span class='ocrx_word' id='word_1_971' title='bbox 2579 4996 2843 5052; x_wconf 67' lang='lat' dir='ltr'><strong>voluminis</strong></span> <span class='ocrx_word' id='word_1_972' title='bbox 2889 5000 3278 5053; x_wconf 59' lang='grc' dir='ltr'><strong>παρεσθίει...</strong></span> <span class='ocrx_word' id='word_1_973' title='bbox 3310 4998 3470 5051; x_wconf 75' lang='lat' dir='ltr'><strong>nutris</strong></span> <span class='ocrx_word' id='word_1_974' title='bbox 3515 4996 3644 5050; x_wconf 80' lang='lat' dir='ltr'><strong>enim</strong></span> 
     </span>
    </p>
   </div>
   <div class='ocr_carea' id='block_1_123' title="bbox 2079 5067 3644 5138">
    <p class='ocr_par' dir='ltr' id='par_1_123' title="bbox 2079 5067 3644 5138">
     <span class='ocr_line' id='line_1_127' title="bbox 2079 5067 3644 5138; baseline -0.004 -15"><span class='ocrx_word' id='word_1_975' title='bbox 2079 5079 2127 5123; x_wconf 86' lang='lat' dir='ltr'><strong>et</strong></span> <span class='ocrx_word' id='word_1_976' title='bbox 2157 5070 2288 5123; x_wconf 86' lang='lat' dir='ltr'><strong>lanis</strong></span> <span class='ocrx_word' id='word_1_977' title='bbox 2313 5070 2546 5138; x_wconf 64' lang='lat' dir='ltr'><strong>quoniam</strong></span> <span class='ocrx_word' id='word_1_978' title='bbox 2585 5085 2683 5122; x_wconf 86' lang='lat' dir='ltr'><strong>non</strong></span> <span class='ocrx_word' id='word_1_979' title='bbox 2732 5069 2897 5122; x_wconf 83' lang='lat' dir='ltr'><strong>velant</strong></span> <span class='ocrx_word' id='word_1_980' title='bbox 2951 5079 3143 5138; x_wconf 88' lang='lat' dir='ltr'><strong>caput,</strong></span> <span class='ocrx_word' id='word_1_981' title='bbox 3197 5071 3288 5123; x_wconf 84' lang='lat' dir='ltr'><strong>sed</strong></span> <span class='ocrx_word' id='word_1_982' title='bbox 3337 5067 3579 5138; x_wconf 76' lang='lat' dir='ltr'><strong>colligant</strong></span> <span class='ocrx_word' id='word_1_983' title='bbox 3613 5079 3644 5118; x_wconf 84' lang='lat' dir='ltr'><strong>a</strong></span> 
     </span>
    </p>
   </div>
   <div class='ocr_carea' id='block_1_124' title="bbox 2079 5133 3640 5209">
    <p class='ocr_par' dir='ltr' id='par_1_124' title="bbox 2079 5133 3640 5209">
     <span class='ocr_line' id='line_1_128' title="bbox 2079 5133 3640 5209; baseline -0.005 -13"><span class='ocrx_word' id='word_1_984' title='bbox 2079 5140 2248 5208; x_wconf 78' lang='lat' dir='ltr'><strong>fronte</strong></span> <span class='ocrx_word' id='word_1_985' title='bbox 2275 5133 2474 5208; x_wconf 76' lang='lat' dir='ltr'><strong>quidem</strong></span> <span class='ocrx_word' id='word_1_986' title='bbox 2503 5150 2741 5205; x_wconf 77' lang='lat' dir='ltr'><strong>protecta:</strong></span> <span class='ocrx_word' id='word_1_987' title='bbox 2761 5181 2775 5205; x_wconf 93' lang='lat'><strong>,</strong></span> <span class='ocrx_word' id='word_1_988' title='bbox 2799 5157 2898 5209; x_wconf 85' lang='lat' dir='ltr'><strong>qua</strong></span> <span class='ocrx_word' id='word_1_989' title='bbox 2927 5133 3136 5208; x_wconf 15' lang='lat' dir='ltr'><strong>proprie»</strong></span> <span class='ocrx_word' id='word_1_990' title='bbox 3151 5149 3305 5208; x_wconf 79' lang='lat' dir='ltr'><strong>caput</strong></span> <span class='ocrx_word' id='word_1_991' title='bbox 3333 5149 3402 5193; x_wconf 83' lang='lat' dir='ltr'><strong>est</strong></span> <span class='ocrx_word' id='word_1_992' title='bbox 3426 5133 3640 5190; x_wconf 65' lang='lat' dir='ltr'><strong>rénudc.</strong></span> 
     </span>
    </p>
   </div>
   <div class='ocr_carea' id='block_1_125' title="bbox 2081 5209 3644 5281">
    <p class='ocr_par' dir='ltr' id='par_1_125' title="bbox 2081 5209 3644 5281">
     <span class='ocr_line' id='line_1_129' title="bbox 2081 5209 3644 5281; baseline -0.003 -18"><span class='ocrx_word' id='word_1_993' title='bbox 2081 5210 2213 5281; x_wconf 69' lang='lat' dir='ltr'><strong>Alia!</strong></span> <span class='ocrx_word' id='word_1_994' title='bbox 2263 5211 2453 5263; x_wconf 83' lang='lat' dir='ltr'><strong>modice</strong></span> <span class='ocrx_word' id='word_1_995' title='bbox 2483 5209 2704 5263; x_wconf 83' lang='lat' dir='ltr'><strong>linteolis</strong></span> <span class='ocrx_word' id='word_1_996' title='bbox 2729 5253 2742 5276; x_wconf 94' lang='lat'><strong>,</strong></span> <span class='ocrx_word' id='word_1_997' title='bbox 2774 5212 2944 5275; x_wconf 85' lang='lat' dir='ltr'><strong>credo,</strong></span> <span class='ocrx_word' id='word_1_998' title='bbox 2979 5227 3041 5263; x_wconf 86' lang='lat' dir='ltr'><strong>ue</strong></span> <span class='ocrx_word' id='word_1_999' title='bbox 3068 5220 3219 5281; x_wconf 86' lang='lat' dir='ltr'><strong>caput</strong></span> <span class='ocrx_word' id='word_1_1000' title='bbox 3269 5217 3494 5281; x_wconf 81' lang='lat' dir='ltr'><strong>premant</strong></span> <span class='ocrx_word' id='word_1_1001' title='bbox 3515 5247 3530 5272; x_wconf 93' lang='lat'><strong>,</strong></span> <span class='ocrx_word' id='word_1_1002' title='bbox 3559 5221 3644 5281; x_wconf 81' lang='lat' dir='ltr'><strong>n_ec</strong></span> 
     </span>
    </p>
   </div>
   <div class='ocr_carea' id='block_1_126' title="bbox 2081 5275 3641 5350">
    <p class='ocr_par' dir='ltr' id='par_1_126' title="bbox 2081 5275 3641 5350">
     <span class='ocr_line' id='line_1_130' title="bbox 2081 5275 3641 5350; baseline -0.003 -17"><span class='ocrx_word' id='word_1_1003' title='bbox 2081 5279 2148 5333; x_wconf 87' lang='lat' dir='ltr'><strong>ad</strong></span> <span class='ocrx_word' id='word_1_1004' title='bbox 2176 5297 2324 5344; x_wconf 70' lang='lat' dir='ltr'><strong>aures</strong></span> <span class='ocrx_word' id='word_1_1005' title='bbox 2373 5297 2528 5349; x_wconf 86' lang='lat' dir='ltr'><strong>usque</strong></span> <span class='ocrx_word' id='word_1_1006' title='bbox 2569 5275 2799 5334; x_wconf 82' lang='lat' dir='ltr'><strong>demissis</strong></span> <span class='ocrx_word' id='word_1_1007' title='bbox 2822 5281 3021 5348; x_wconf 81' lang='lat' dir='ltr'><strong>cerebro</strong></span> <span class='ocrx_word' id='word_1_1008' title='bbox 3046 5275 3190 5336; x_wconf 75' lang='lat' dir='ltr'><strong>tenus</strong></span> <span class='ocrx_word' id='word_1_1009' title='bbox 3233 5275 3542 5350; x_wconf 69' lang='lat' dir='ltr'><strong>operiuntur.</strong></span> 
     </span>
    </p>
   </div>
   <div class='ocr_carea' id='block_1_127' title="bbox 2086 5345 3640 5422">
    <p class='ocr_par' dir='ltr' id='par_1_127' title="bbox 2086 5345 3640 5422">
     <span class='ocr_line' id='line_1_131' title="bbox 2086 5345 3640 5422; baseline -0.001 -20"><span class='ocrx_word' id='word_1_1010' title='bbox 2086 5351 2200 5422; x_wconf 85' lang='lat' dir='ltr'><strong>hoc</strong></span> <span class='ocrx_word' id='word_1_1011' title='bbox 2238 5351 2355 5404; x_wconf 82' lang='lat' dir='ltr'><strong>loco</strong></span> <span class='ocrx_word' id='word_1_1012' title='bbox 2383 5345 2695 5422; x_wconf 70' lang='lat' dir='ltr'><strong>Tertulliani</strong></span> <span class='ocrx_word' id='word_1_1013' title='bbox 2729 5346 3024 5420; x_wconf 84' lang='lat' dir='ltr'><strong>intelligere</strong></span> <span class='ocrx_word' id='word_1_1014' title='bbox 3051 5359 3169 5416; x_wconf 84' lang='lat' dir='ltr'><strong>est,</strong></span> <span class='ocrx_word' id='word_1_1015' title='bbox 3201 5345 3388 5404; x_wconf 87' lang='lat' dir='ltr'><strong>mitras</strong></span> <span class='ocrx_word' id='word_1_1016' title='bbox 3429 5363 3519 5403; x_wconf 84' lang='lat' dir='ltr'><strong>seu</strong></span> <span class='ocrx_word' id='word_1_1017' title='bbox 3544 5345 3640 5422; x_wconf 79' lang='lat' dir='ltr'><strong>mi-</strong></span> 
     </span>
    </p>
   </div>
   <div class='ocr_carea' id='block_1_128' title="bbox 2085 5415 3641 5482">
    <p class='ocr_par' dir='ltr' id='par_1_128' title="bbox 2085 5415 3641 5482">
     <span class='ocr_line' id='line_1_132' title="bbox 2085 5415 3641 5482; baseline -0.003 -8"><span class='ocrx_word' id='word_1_1018' title='bbox 2085 5420 2240 5474; x_wconf 88' lang='lat' dir='ltr'><strong>tellas</strong></span> <span class='ocrx_word' id='word_1_1019' title='bbox 2271 5415 2642 5476; x_wconf 72' lang='lat' dir='ltr'><strong>ornamentum</strong></span> <span class='ocrx_word' id='word_1_1020' title='bbox 2674 5421 2837 5476; x_wconf 86' lang='lat' dir='ltr'><strong>fuisse</strong></span> <span class='ocrx_word' id='word_1_1021' title='bbox 2887 5415 2995 5475; x_wconf 73' lang='lat' dir='ltr'><strong>tum</strong></span> <span class='ocrx_word' id='word_1_1022' title='bbox 3046 5424 3408 5478; x_wconf 86' lang='lat' dir='ltr'><strong>maritatarum</strong></span> <span class='ocrx_word' id='word_1_1023' title='bbox 3434 5459 3448 5482; x_wconf 90' lang='lat'><strong>,</strong></span> <span class='ocrx_word' id='word_1_1024' title='bbox 3496 5415 3641 5472; x_wconf 84' lang='lat' dir='ltr'><strong>ullo-</strong></span> 
     </span>
    </p>
   </div>
   <div class='ocr_carea' id='block_1_129' title="bbox 2087 5491 3637 5562">
    <p class='ocr_par' dir='ltr' id='par_1_129' title="bbox 2087 5491 3637 5562">
     <span class='ocr_line' id='line_1_133' title="bbox 2087 5491 3637 5562; baseline -0.002 -19"><span class='ocrx_word' id='word_1_1025' title='bbox 2087 5491 2287 5562; x_wconf 74' lang='lat' dir='ltr'><strong>guitur,</strong></span> <span class='ocrx_word' id='word_1_1026' title='bbox 2346 5502 2454 5545; x_wconf 89' lang='lat' dir='ltr'><strong>tum</strong></span> <span class='ocrx_word' id='word_1_1027' title='bbox 2505 5492 2668 5547; x_wconf 86' lang='lat' dir='ltr'><strong>etiam</strong></span> <span class='ocrx_word' id='word_1_1028' title='bbox 2718 5492 2976 5562; x_wconf 88' lang='lat' dir='ltr'><strong>virginum</strong></span> <span class='ocrx_word' id='word_1_1029' title='bbox 3029 5493 3138 5548; x_wconf 90' lang='lat' dir='ltr'><strong>Deo</strong></span> <span class='ocrx_word' id='word_1_1030' title='bbox 3189 5493 3637 5562; x_wconf 77' lang='lat' dir='ltr'><strong>desponsatarum.</strong></span> 
     </span>
    </p>
   </div>
   <div class='ocr_carea' id='block_1_130' title="bbox 2085 5560 3637 5633">
    <p class='ocr_par' dir='ltr' id='par_1_130' title="bbox 2085 5560 3637 5633">
     <span class='ocr_line' id='line_1_134' title="bbox 2085 5560 3637 5633; baseline -0.001 -19"><span class='ocrx_word' id='word_1_1031' title='bbox 2085 5560 2214 5616; x_wconf 89' lang='lat' dir='ltr'><strong>Inde</strong></span> <span class='ocrx_word' id='word_1_1032' title='bbox 2267 5562 2428 5617; x_wconf 87' lang='lat' dir='ltr'><strong>etiam</strong></span> <span class='ocrx_word' id='word_1_1033' title='bbox 2496 5560 2818 5632; x_wconf 55' lang='lat' dir='ltr'><strong>colligitur,</strong></span> <span class='ocrx_word' id='word_1_1034' title='bbox 2857 5563 3126 5633; x_wconf 90' lang='lat' dir='ltr'><strong>quomodo</strong></span> <span class='ocrx_word' id='word_1_1035' title='bbox 3186 5560 3400 5633; x_wconf 82' lang='lat' dir='ltr'><strong>mitella</strong></span> <span class='ocrx_word' id='word_1_1036' title='bbox 3443 5561 3637 5633; x_wconf 69' lang='lat' dir='ltr'><strong>sigrium</strong></span> 
     </span>
    </p>
   </div>
   <div class='ocr_carea' id='block_1_131' title="bbox 2085 5627 3641 5705">
    <p class='ocr_par' dir='ltr' id='par_1_131' title="bbox 2085 5627 3641 5705">
     <span class='ocr_line' id='line_1_135' title="bbox 2085 5627 3641 5705; baseline -0.004 -18"><span class='ocrx_word' id='word_1_1037' title='bbox 2085 5643 2229 5686; x_wconf 73' lang='lat' dir='ltr'><strong>8858i.</strong></span> <span class='ocrx_word' id='word_1_1038' title='bbox 2252 5633 2502 5702; x_wconf 65' lang='lat' dir='ltr'><strong>professae</strong></span> <span class='ocrx_word' id='word_1_1039' title='bbox 2533 5627 2890 5704; x_wconf 67' lang='lat' dir='ltr'><strong>virginitatis;</strong></span> <span class='ocrx_word' id='word_1_1040' title='bbox 2923 5635 3047 5705; x_wconf 92' lang='lat' dir='ltr'><strong>quia</strong></span> <span class='ocrx_word' id='word_1_1041' title='bbox 3087 5634 3298 5705; x_wconf 86' lang='lat' dir='ltr'><strong>scilicet</strong></span> <span class='ocrx_word' id='word_1_1042' title='bbox 3335 5627 3509 5686; x_wconf 63' lang='lat' dir='ltr'><strong>mitra!</strong></span> <span class='ocrx_word' id='word_1_1043' title='bbox 3545 5627 3641 5683; x_wconf 71' lang='lat' dir='ltr'><strong>illa</strong></span> 
     </span>
    </p>
   </div>
   <div class='ocr_carea' id='block_1_132' title="bbox 2083 5704 3638 5774">
    <p class='ocr_par' dir='ltr' id='par_1_132' title="bbox 2083 5704 3638 5774">
     <span class='ocr_line' id='line_1_136' title="bbox 2083 5704 3638 5774; baseline -0.001 -18"><span class='ocrx_word' id='word_1_1044' title='bbox 2083 5716 2216 5774; x_wconf 79' lang='lat' dir='ltr'><strong>non</strong></span> <span class='ocrx_word' id='word_1_1045' title='bbox 2241 5716 2392 5758; x_wconf 88' lang='lat' dir='ltr'><strong>erant</strong></span> <span class='ocrx_word' id='word_1_1046' title='bbox 2439 5720 2678 5760; x_wconf 66' lang='lat' dir='ltr'><strong>omn-um</strong></span> <span class='ocrx_word' id='word_1_1047' title='bbox 2727 5704 2989 5774; x_wconf 87' lang='lat' dir='ltr'><strong>virginum</strong></span> <span class='ocrx_word' id='word_1_1048' title='bbox 3025 5723 3039 5759; x_wconf 87' lang='lat'><strong>:</strong></span> <span class='ocrx_word' id='word_1_1049' title='bbox 3073 5719 3194 5758; x_wconf 89' lang='lat' dir='ltr'><strong>nam</strong></span> <span class='ocrx_word' id='word_1_1050' title='bbox 3245 5704 3507 5773; x_wconf 68' lang='lat' dir='ltr'><strong>pleraeque</strong></span> <span class='ocrx_word' id='word_1_1051' title='bbox 3541 5711 3638 5752; x_wconf 73' lang='lat' dir='ltr'><strong>nun</strong></span> 
     </span>
    </p>
   </div>
   <div class='ocr_carea' id='block_1_133' title="bbox 2082 5772 3640 5846">
    <p class='ocr_par' dir='ltr' id='par_1_133' title="bbox 2082 5772 3640 5846">
     <span class='ocr_line' id='line_1_137' title="bbox 2082 5772 3640 5846; baseline 0.001 -18"><span class='ocrx_word' id='word_1_1052' title='bbox 2082 5772 2399 5846; x_wconf 73' lang='lat' dir='ltr'><strong>velabantur</strong></span> <span class='ocrx_word' id='word_1_1053' title='bbox 2468 5775 2520 5831; x_wconf 91' lang='lat' dir='ltr'><strong>in</strong></span> <span class='ocrx_word' id='word_1_1054' title='bbox 2569 5776 2746 5832; x_wconf 84' lang='lat' dir='ltr'><strong>Africa</strong></span> <span class='ocrx_word' id='word_1_1055' title='bbox 2800 5772 3083 5846; x_wconf 75' lang='lat' dir='ltr'><strong>antequam</strong></span> <span class='ocrx_word' id='word_1_1056' title='bbox 3134 5772 3429 5846; x_wconf 87' lang='lat' dir='ltr'><strong>nuberent_,</strong></span> <span class='ocrx_word' id='word_1_1057' title='bbox 3483 5777 3640 5846; x_wconf 65' lang='lat' dir='ltr'><strong>utet</strong></span> 
     </span>
    </p>
   </div>
   <div class='ocr_carea' id='block_1_134' title="bbox 2082 5842 3639 5921">
    <p class='ocr_par' dir='ltr' id='par_1_134' title="bbox 2082 5842 3639 5921">
     <span class='ocr_line' id='line_1_138' title="bbox 2082 5842 3639 5921; baseline -0.002 -22"><span class='ocrx_word' id='word_1_1058' title='bbox 2082 5842 2187 5900; x_wconf 82' lang='lat' dir='ltr'><strong>hoc</strong></span> <span class='ocrx_word' id='word_1_1059' title='bbox 2213 5845 2349 5901; x_wconf 89' lang='lat' dir='ltr'><strong>libro</strong></span> <span class='ocrx_word' id='word_1_1060' title='bbox 2400 5846 2713 5904; x_wconf 87' lang='lat' dir='ltr'><strong>Tertulliani</strong></span> <span class='ocrx_word' id='word_1_1061' title='bbox 2755 5842 2998 5921; x_wconf 76' lang='lat' dir='ltr'><strong>constat;</strong></span> <span class='ocrx_word' id='word_1_1062' title='bbox 3047 5854 3102 5900; x_wconf 89' lang='lat' dir='ltr'><strong>et</strong></span> <span class='ocrx_word' id='word_1_1063' title='bbox 3157 5845 3284 5900; x_wconf 85' lang='lat' dir='ltr'><strong>licet</strong></span> <span class='ocrx_word' id='word_1_1064' title='bbox 3330 5843 3639 5906; x_wconf 77' lang='lat' dir='ltr'><strong>velarentur.</strong></span> 
     </span>
    </p>
   </div>
  </div>
