3828 6218
271 297 408 359 ίοττ
463 283 467 286 ’

266 412 368 517 stili
399 412 616 475 habere,
634 416 899 517 pax
930 417 1047 517 (8b)
1080 420 1130 473 in
1160 434 1443 517 commune
1464 426 1835 517 fpossederat.
1867 434 1920 494 Α
1947 440 2266 503 promereris
2301 458 2311 493 :
2343 452 2397 495 et
2426 444 2469 497 si
2500 445 2719 513 gaudes,
2749 448 2889 517 quod
2912 450 2963 504 in
2997 463 3096 505 unt
3124 426 3354 510 videaris
3382 457 3405 492 ¹ι
3435 440 3545 515 rc-t

178 496 201 517 '
261 501 384 557 Non
418 519 605 559 verear
630 506 968 562 Christianus
991 508 1202 574 dicere,
1225 513 1366 581 quod
1394 516 1543 569 vobis
1572 519 1840 586 postulan-

261 592 411 648 tibus
431 634 446 660 ,
493 595 609 666 (85)
640 598 855 666 gentilis
879 601 1123 654 executio
1148 600 1175 639 ι’
1205 600 1320 673 (86)
1346 620 1453 659 non
1482 607 1651 676 potuit
1692 610 1843 679 igno-

258 696 385 738 rare
416 701 430 739 :
458 684 721 740 velamina
754 685 873 758 (87)
899 696 955 743 et
986 688 1338 747 instrumenta
1369 694 1637 752 dominica
1662 710 1843 754 extor-

257 774 412 833 sistis
432 817 451 843 ,
477 792 596 847 qua
620 777 937 848 jamdudum
968 780 1177 837 fuerant
1208 784 1260 838 in
1300 800 1585 845 commune
1628 805 1841 863 possess

259 883 325 926 sa
349 880 420 959 si:
462 871 765 927 extorsistis
806 879 930 928 eum
976 874 1251 932 codicibus
1281 878 1449 947 pallas
1479 898 1492 935 :
1517 880 1836 959 judicio’su:

259 958 469 1027 peer
494 970 686 1017 vestra
712 1002 727 1027 ,
760 971 985 1033 utraque
1030 965 1273 1021 arbitrati
1299 968 1428 1022 estis
1463 983 1583 1025 esse
1613 952 1833 1041 polluta.

251 1046 373 1103 Nisi
419 1052 592 1116 fallor,
621 1052 737 1109 haec
765 1053 1049 1127 puriﬁcare
1080 1060 1407 1128 prbperastis
1437 1076 1453 1115 :
1481 1063 1684 1119 lavistis
1708 1080 1833 1135 pro-

251 1142 348 1197 cul
371 1142 535 1199 dubio
562 1145 729 1215 pallas
762 1166 775 1201 :
808 1147 1039 1205 indicate
1065 1149 1180 1221 (88)
1208 1151 1334 1223 quid
1354 1152 1421 1209 de
1450 1156 1723 1213 codicibus
1750 1158 1835 1216 fe-

250 1234 462 1290 ceritis.
486 1234 546 1297 In
564 1238 812 1293 omnibus
818 1238 1076 1308 judicium
1100 1243 1448 1312 providentia
1464 1256 1655 1303 vestra:
1675 1249 1835 1312 debet

248 1338 381 1381 esse
424 1327 676 1395 aequale:
723 1338 815 1383 aut
843 1308 1122 1403 utrumque
1150 1333 1324 1391 lavate
1350 1375 1367 1401 ,
1414 1346 1506 1392 aut
1551 1308 1836 1412 utrumque

248 1412 511 1472 dimittite
539 1412 588 1471 ἀ.
632 1416 747 1490 (89)
794 1420 946 1487 Quod
998 1425 1044 1476 si
1080 1424 1236 1480 aliter
1279 1425 1442 1483 facias
1466 1438 1524 1497 ο,
1551 1434 1838 1503 corrupisti

244 1503 585 1577 diligentiam
627 1517 771 1564 tuam
808 1510 827 1549 ί
846 1528 861 1576 ;
889 1513 1082 1581 pallam
1110 1502 1561 1583 lavas,bcodicem
1611 1502 1727 1577 non,
1757 1524 1833 1578 la-

244 1611 347 1653 vas
379 1607 405 1645 8
436 1615 451 1652 :
480 1599 526 1653 si
555 1601 607 1654 in
648 1616 751 1655 una
782 1613 933 1671 parte
962 1604 1160 1661 bonum
1182 1646 1195 1671 ,
1229 1608 1281 1663 in
1310 1608 1475 1664 altera
1498 1613 1694 1667 malum
1724 1623 1826 1670 est.

211 1684 373 1751 /Non
414 1700 570 1762 potes
618 1707 813 1764 negare
832 1733 852 1759 ,
884 1693 1159 1753 oll'endere
1190 1706 1240 1753 te
1260 1698 1315 1753 in
1338 1714 1462 1765 una,
1494 1701 1540 1756 si
1579 1701 1632 1757 in
1660 1705 1827 1763 altera

1064 307 1150 361 DF.
1192 307 1579 368 seorsum
1620 313 2153 380 DONATISTARUM
2195 302 2392 382 uersu
2430 328 2715 388 ssxrus.

3276 342 3277 345 “
3381 346 3515 401 1οῗ8

1943 523 2195 593 ligiosus,
2231 528 2395 585 debes
2424 542 2476 585 et
2521 534 2769 605 plangere
2792 579 2807 605 ,
2856 541 2976 609 quia
3019 542 3219 597 teneris
3258 542 3310 599 in
3350 544 3512 599 altera

1944 626 2095 682 parte
2121 619 2429 689 sacrilegus.

2011 706 2118 799 97
2150 706 2235 770 Vl,
2272 708 2503 767 Stultitia
2531 713 2911 773 Donatistarum
2952 723 3004 776 in
3036 723 3268 782 lavandis
3305 729 3511 799 parieti-

1941 795 2034 850 bus
2069 798 2332 856 irridetur.
2364 832 2434 843 —
2469 803 2586 859 1am
2617 805 2744 862 illud
2770 810 2926 879 quale
2955 825 3057 881 est,
3085 816 3225 886 quod
3274 795 3326 874 in
3376 819 3517 876 mul-

1946 887 2014 942 tis
2054 888 2186 945 locis
2241 890 2356 963 (90)
2416 895 2575 949 etiam
2624 897 2851 964 parietes
2900 899 3411 974 lavare'voluistis,
3460 918 3517 965 et

1942 976 2065 1050 (91)
2084 979 2287 1035 inclusa
2322 980 2337 1018 ί
2370 983 2538 1053 spatia
2578 999 2712 1055 aqua
2744 986 2758 1036 l
2793 988 2932 1043 salsa
2960 992 3135 1062 spargi
3167 997 3509 1066 praecepistis.

1940 1066 1987 1124 ο
2020 1084 2153 1140 aqua
2185 1088 2305 1143 qua:
2331 1073 2570 1130 dulcisa
2615 1077 2722 1132 Deo
2749 1076 2775 1114 ι
2804 1089 2983 1135 creata
3022 1096 3116 1149 es,
3157 1098 3319 1154 super
3356 1104 3512 1158 quam

1940 1170 2064 1217 ante
2092 1162 2236 1233 ipsos
2266 1165 2470 1220 natales
2498 1168 2681 1222 mundi
2703 1180 2919 1225 sanctus
2950 1170 3179 1242 Spiritus
3211 1174 3507 1233 lerebatnr!

1941 1268 1974 1308 o
1997 1269 2163 1326 aqua,
2194 1273 2313 1328 qua:
2340 1271 2397 1312 ut
2428 1275 2621 1330 purum
2669 1260 2877 1317 faceres
2916 1264 3101 1320 orbem
3126 1306 3142 1332 ,
3187 1265 3359 1321 lavlstl
3405 1278 3512 1323 ter-

1938 1362 2052 1402 ram
2074 1346 2089 1385 ¹
2114 1351 2127 1404 l
2156 1366 2187 1405 ο
2214 1366 2505 1421 aqua,qu:e
2534 1352 2636 1409 sub
2649 1353 2849 1427 Moyse,
2869 1363 2926 1410 ut
2954 1357 3249 1413 naturalem
3262 1359 3514 1415 amaritu-

1934 1440 2113 1497 dinem
2143 1444 2414 1514 perderes,
2446 1446 2560 1519 (92)
2598 1446 2862 1504 lndulcata
2893 1448 3037 1520 ligno
3064 1448 3257 1523 (Exod.
3290 1454 3406 1521 sv),
3438 1462 3517 1508 tot

1934 1531 2252 1600 populorum
2303 1546 2518 1605 pectora
2568 1539 2896 1594 suavissimis
2948 1539 3226 1596 haustibus
3273 1544 3509 1597 satiasti!

1930 1621 2173 1701 restabat
2212 1624 2304 1679 tibi
2350 1624 2463 1697 (95)
2504 1638 2621 1695 post
2648 1628 3038 1697 promotionem
3071 1644 3175 1685 non
3204 1630 3393 1687 leviter
3416 1632 3511 1687 dr-

1928 1708 2160 1779 gradari.
2191 1712 2313 1783 (94)
2343 1714 2630 1771 Praesentia
2661 1717 2831 1789 Moysi
2868 1720 2919 1775 in
2947 1728 3001 1776 te
3024 1722 3321 1779 amaritudo
3344 1725 3509 1779 mori-

1478 1815 1861 1879 LECTIONES
1897 1821 1985 1879 VA
1996 1824 2310 1885 RIANTES.

312 1901 351 1966 ξι,
376 1899 505 1966 μειβ
527 1902 577 1952 in
601 1902 773 1966 editis,
797 1901 849 1954 tu
868 1901 1209 1966 Mamuriane.

308 1957 448 2034 μυ
478 1964 530 2015 in
689 1957 822 2018 C.'et
844 1966 898 2017 S.
924 1965 983 2017 G.
1011 1966 1137 2017 Male
1162 1968 1211 2016 in
1251 1967 1360 2019 aliis
1381 1976 1434 2021 et
1455 1972 1503 2020 in
1533 1971 1822 2033 quibusdam

240 2021 1257 2167 ωὲίῗέἐᾝέιαρειρ.
1454 2160 1482 2167 ε,
1528 2154 1557 2167 ,.
1614 2155 1626 2167 .

303 2146 334 2186 σι
370 2146 427 2203 In
451 2161 567 2199 mss.
588 2144 640 2199 S.
665 2149 724 2201 Τ.
745 2156 798 2201 et
820 2151 876 2200 P.
901 2150 954 2200 S.
980 2158 1034 2203 et
1050 2153 1098 2201 in
1123 2152 1285 2212 editis,
1309 2144 1417 2206 lava
1437 2154 1703 2211 et

308 2212 332 2240 °
362 2207 423 2263 In
445 2223 558 2260 mss.
584 2206 635 2260 C.
656 2219 708 2261 et
729 2210 780 2261 S.
809 2211 865 2262 G.
893 2210 1030 2263 facis.
1674 2237 1678 2245 ν

234 2331 713 2417 tuam:
732 2335 863 2386 unde
887 2337 1096 2386 manavit
1110 2336 1237 2399 quod
1263 2339 1313 2387 in
1330 2340 1474 2391 editis
1491 2340 1691 2407 legitur,
1709 2331 1822 2396 26.2

1857 1925 1904 1986 Β
1930 1915 2127 1991 cupisti,
2144 1928 2225 1991 aut
2248 1928 2302 1973 ut
2328 1924 2377 1973 in
2392 1924 2525 1991 aliis,
2550 1922 3080 1991 c9rr;upisti_diligentia
3102 1932 3200 1979 tua.

1931 2044 1976 2090 in
1994 1980 2173 2090 nisi?
2170 1983 2367 2090 82-88110!
2388 1987 2440 2035 in
2458 1980 2545 2037 ms.
2566 1988 2617 2036 S.
2637 1980 2717 2049 TC,
2738 1988 2827 2038 sed
2846 1980 3143 2090 necessaria,
3167 1991 3507 2057 habeaturque

1926 2056 1976 2092 tu
1994 2056 2100 2098 atus
2121 2057 2234 2096 mss.
3100 2083 3107 2090 .

1990 2104 2022 2146 ιι
2054 2103 2108 2153 In
2128 2119 2244 2157 mss.
2271 2106 2322 2158 C.
2350 2117 2404 2159 et
2425 2110 2477 2159 S.
2504 2109 2561 2159 G.
2585 2109 2765 2161 videris
2784 2123 2903 2162 esse.

1997 2170 2016 2209 t
2056 2165 2128 2216 Ita
2152 2169 2200 2217 in
2224 2182 2338 2219 mss.
2358 2169 2412 2220 C.
2436 2176 2488 2219 et
2509 2170 2561 2219 S.
2586 2170 2644 2221 G.

1999 2232 2012 2280 i
2055 2226 2219 2283 Hocce
2244 2244 2424 2280 nomen
2446 2232 2592 2281 deest
2610 2235 2659 2282 'ni
2685 2245 2774 2281 ms.
2799 2232 2851 2281 S.
2876 2232 2935 2281 '1‘.

1994 2293 2021 2367 ξ
2056 2287 2335 2367 ξξδξηᾲωξηε.
2361 2293 2656 2367 ξείνλειΑΡ.
2686 2294 2736 2343 S.
2758 2294 2812 2343 In
2837 2294 2961 2367 aliis,
2980 2292 3143 2367 ldulcis
3160 2308 3270 2367 qua:
3290 2311 3321 2349 a
3345 2298 3461 2350 Deo.

1998 2354 2015 2393 ι
2057 2350 2112 2401 In
2136 2365 2248 2403 mss.
2274 2353 2326 2403 ϐ.
2347 2360 2400 2404 et
2422 2356 2474 2407 S.
2498 2354 2555 2405 G.
2583 2361 2825 2405 terrarum
2851 2350 3073 2407 rabidum
3094 2350 3291 2420 gentm.

1571 2446 1927 2510 VARIORUN
1964 2456 2190 2514 NOTAE.

235 2531 1042 2624 sip-tistp'utorkcuquocblseo‘
1075 2548 1174 2624 pro
1195 2537 1462 2624 (uelamina.
1482 2540 1823 2624 scribendum
1930 2549 2037 2624 nis.
2070 2546 2305 2624 Isidorus
2332 2552 2512 2608 Peius.
2551 2555 2585 2609 Ι.
2619 2570 2655 2609 ιι
2678 2595 2691 2619 ,
2723 2570 2811 2624 ep.
2839 2568 3001 2610 cum
3035 2572 3049 2606 :

236 2617 369 2658 esse
396 2601 656 2675 solamina
676 2645 692 2669 ,
725 2619 1049 2675 quamquam
1071 2601 1250 2661 animis
1290 2617 1337 2661 et
1365 2609 1511 2674 velis,
1548 2612 1664 2668 sive
1689 2615 1824 2669 vela-

240 2672 697 2756 mentisndecomri
729 2672 786 2756 et
810 2672 989 2729 ornari
1032 2675 1214 2756 solitas
1244 2672 1512 2739 Ecclesias
1539 2697 1645 2737 non
1673 2684 1824 2756 igno-
1868 2716 1869 2719 η

240 2757 391 2820 ε’(ξηιἶ
417 2742 515 2820 Qui
556 2742 1295 2820 p_utant__ltorum_‘anl:eorum
1346 2760 1497 2820 usum
1550 2742 1820 2820 proprium

236 2813 499 2894 baptismi
519 2815 874 2894 solemnibus,
902 2825 955 2870 et
983 2817 1101 2894 ideo
1120 2817 1257 2884 albo,
1284 2818 1423 2894 quod
1455 2822 1497 2876 is
1519 2813 1668 2878 color
1698 2826 1826 2894 bap-

237 2885 579 2961 tizattdorum
622 2886 851 2961 [inritati
863 2887 1094 2943 maxime
1117 2885 1455 2961 conveniret,
1477 2906 1595 2961 qnte
1623 2885 1825 2951 doctis-

236 2954 739 3025 simiﬂicecomitis
766 2956 978 3012 videtur
998 2972 1117 3014 esse
1143 2956 1404 3014 sententia
1430 2960 1451 3025 ξ
1482 2954 1562 3017 tiel
1584 2963 1667 3019 bis
1693 2965 1825 3020 Pau-

237 3023 339 3079 lini
374 3022 709 3102 Victorisque
752 3026 1343 3102 testimoniisconvinci
1377 3022 1602 3102 possint.
1650 3035 1827 3090 Pauli-

240 3110 346 3150 nus
373 3095 517 3150 enim
546 3095 747 3152 diserte
772 3095 827 3152 in
854 3098 1017 3153 natali
1043 3098 1290 3169 Martyris
1322 3119 1369 3153 :-

337 3192 504 3245 Aurea
523 3206 651 3245 nunc
671 3180 834 3246 niveis
850 3196 1263 3247 ornanturllmina
1288 3188 1426 3250 velis.

237 3278 437 3354 Victor
456 3285 656 3354 autem,
683 3280 908 3354 solitum,
936 3280 1095 3354 nthait
1123 3282 1266 3351 ipse,
1298 3280 1541 3354 Ecclesitt
1584 3295 1822 3341 ornatum
1850 3292 1895 3354 ί]

237 3349 695 3423 describens(ubi
725 3361 901 3423 tamen
920 3349 1155 3423 solitum,
1182 3368 1287 3407 non
1309 3353 1699 3423 quotidianum,
1722 3360 1817 3413 sed

236 3419 663 3495 solemnioribus
687 3421 959 3495 quibusvis
988 3419 1380 3495 occasionibus.
1407 3434 1462 3478 et
1491 3419 1819 3495 temporibus

237 3491 515 3574 duntaxat.
532 3490 805 3574 usitatum,
837 3493 1165 3574 interpretor
1173 3512 1194 3574 _:
1220 3495 1238 3564 )
1265 3492 1364 3574 etsi
1394 3510 1496 3548 non
1520 3490 1703 3554 exerte
1727 3514 1819 3552 cu-

230 3561 324 3633 jus
348 3556 544 3633 eoloris
567 3556 828 3617 velamina
860 3556 1057 3617 fuerint
1078 3556 1294 3633 indicat,
1322 3564 1445 3619 dum
1483 3574 1662 3621 tamen
1697 3584 1819 3622 can-

236 3624 420 3705 dorem
445 3631 688 3705 fulgoris,
721 3643 825 3687 tam
847 3624 1195 3690 velaminibus
1226 3624 1383 3705 quam
1414 3639 1583 3691 cereis
1610 3649 1664 3692 et
1684 3638 1821 3693 lam-

238 3702 472 3767 padibus
518 3702 739 3769 tribuit,
772 3706 901 3758 satis
929 3704 1163 3759 colorem
1214 3702 1400 3760 eorum
1432 3707 1559 3762 mihi
1610 3708 1819 3765 videtur

239 3773 491 3849 innuero.
538 3773 717 3849 Pallas
741 3775 882 3849 quod
910 3780 1037 3849 mos
1062 3777 1304 3845 sequitur
1326 3783 1346 3841 ',
1376 3778 1619 3849 suspicor
1650 3781 1820 3849 irrep—

236 3846 403 3917 sisse,
428 3858 532 3917 pro
554 3846 730 3917 pallia;
763 3846 928 3917 pallas
954 3846 1094 3917 enim
1126 3860 1192 3917 eo
1214 3862 1374 3901 sensu
1399 3847 1543 3917 quod
1571 3864 1670 3917 ego
1701 3846 1815 3903 me-

238 3914 516 3988 minerim,
548 3915 632 3988 vix
660 3914 895 3988 reperias
916 3914 1703 3988 apud»anliquerunt—aliquem,
1729 3921 1817 3985 qni

236 3995 405 4040 certa:
442 3986 511 4039 sit
538 3996 590 4045 et
622 3986 931 4040 indubitata:
960 3986 1293 4056 antiquitatis
1325 4004 1338 4039 :
1372 4002 1491 4040 nam
1522 3986 1639 4054 quae
1667 4004 1696 4042 a
1727 3989 1820 4044 dc-

237 4064 510 4130 eretorum
537 4054 911 4130 Collectoribus
936 4054 1527 4130 laudanturlllementis
1553 4060 1814 4130 epistolar,

239 4128 292 4181 in
327 4126 521 4195 quibus
550 4127 701 4196 palla:
730 4136 834 4182 non
862 4128 1028 4181 semel
1059 4127 1116 4181 lit
1157 4129 1379 4191 mentio,
1406 4129 1557 4194 cujus
1581 4126 1687 4183 sint
1715 4132 1819 4187 illa:

238 4198 381 4267 apud
414 4196 600 4253 doctos
619 4198 950 4253 auctoritatis
972 4238 987 4263 ,
1020 4214 1177 4253 nemo
1204 4201 1394 4254 nescit.
1436 4197 1611 4253 Pallia
1639 4212 1817 4256 autem

237 4284 341 4340 pro
364 4269 552 4340 quovis
578 4270 911 4340 operimento
934 4284 1090 4340 sacro
1109 4310 1124 4334 ,
1148 4285 1253 4324 non
1285 4284 1463 4324 rarum
1495 4270 1631 4339 apud
1662 4271 1822 4329 Vete-

238 4337 353 4412 res.
388 4337 532 4395 Inter
575 4339 707 4412 alios
739 4338 925 4395 Victor
945 4338 1221 4412 (Uticensis
1245 4382 1258 4404 ,
1288 4337 1598 4412 velaminum
1623 4342 1783 4412 pallia
1806 4385 1820 4409 ,

237 4409 337 4465 lib.
372 4425 448 4477 ιι,
498 4418 552 4466 et
600 4411 757 4479 pallia
802 4411 979 4475 altaris
1028 4420 1209 4467 exerte
1254 4411 1394 4465 lib.t
1436 4411 1502 4465 de
1546 4409 1819 4468 Persecut.

243 4479 472 4537 Vandal.
502 4481 574 4535 Μ.
601 4479 829 4537 ΟΑεΑυΒ.

311 4548 433 4622 (86)
473 4550 541 4606 Its
564 4554 909 4607 communione
956 4568 1201 4622 possessa.
1248 4550 1364 4606 Non
1414 4567 1548 4607 nova
1576 4594 1590 4617 ,
1640 4554 1732 4608 sed
1762 4570 1821 4609 ea

235 4637 361 4693 qu'e
386 4631 509 4693 ante
533 4622 763 4677 schisma
790 4632 906 4679 erat
929 4625 979 4677 in
1016 4623 1270 4679 Ecclesia.
1299 4624 1523 4678 ALIASP.

311 4664 1661 4773 (ξέίξὶῖειῖἆὶϊῖ’ἑέἔεῦέᾶιέόῖ’ιτὲέἷὲξὲιὶέέὶιῖεῖιῗὲἁίιεο,
1691 4712 1809 4759 exe,-
1836 4664 1888 4725 Β
1914 4707 1930 4719 ·

237 4768 397 4818 cutio.
431 4765 644 4819 lucsnr.

302 4834 697 4907 (86)E:recutio.
711 4833 979 4890 Olliciales
991 4834 1199 4907 scilicet
1217 4835 1711 4907 gentiles,quorum
1726 4838 1818 4892 mi-

242 4906 469 4976 nisterio
496 4906 560 4958 ad
589 4921 651 4960 ea
675 4906 1038 4976 extorquenda
1068 4907 1146 4960 usi
1177 4906 1327 4960 estis.
1360 4906 1437 4961 Dn
1464 4906 1577 4961 PIN.

292 4974 411 5047 (87)
426 4974 917 5045 Velamina.Quib'us
937 4978 1120 5031 altaria
1138 4986 1193 5032 et
1214 4979 1464 5047 mysteria
1490 4979 1826 5046 tegebantur,

239 5062 362 5117 qua:
408 5046 575 5117 pallas
622 5061 802 5116 postea
854 5047 1003 5103 dicit.
1049 5046 1455 5105 Eodem’modo
1492 5048 1827 5106 Christianos

240 5118 411 5173 sacris
429 5118 791 5190 (indicibuset
816 5118 1185 5186 instrumentis
1207 5119 1455 5190 spoliavit
1479 5121 1820 5184 Gensericus,

241 5190 311 5244 de
340 5205 445 5257 qun
478 5188 659 5245 Victor
686 5189 954 5246 Uticensis
980 5191 1017 5245 l.
1054 5207 1093 5256 ι,
1128 5208 1179 5246 n.
1216 5188 1318 5244 ηε
1352 5190 1510 5246 Mittit
1541 5189 1824 5246 Proculum

242 5260 513 5329 quemdam
555 5261 609 5315 in
637 5260 958 5332 Provinciam
992 5262 1328 5333 Zeugitanam
1352 5303 1367 5328 ,
1416 5264 1503 5332 qui
1549 5272 1825 5317 coarctaret

240 5333 307 5385 ad
341 5333 645 5385 tradendum
665 5333 941 5385 ministeria
965 5331 1136 5387 diuina
1160 5346 1205 5387 et
1222 5334 1373 5387 libros
1393 5331 1686 5388 sanctos....
1714 5336 1817 5403 qui-

236 5404 337 5457 bus
366 5419 420 5457 se
448 5418 547 5457 non
576 5418 721 5469 posse
750 5404 947 5459 tradere
963 5404 1297 5459 clamantibus
1316 5406 1659 5459 sacerdotibus
1687 5445 1700 5468 ,
1728 5405 1828 5471 ipsi

242 5475 423 5537 rapaci
470 5490 623 5526 manu
662 5485 844 5526 cuncta
882 5475 1342 5544 depopulabantur,
1375 5485 1523 5543 atque
1550 5476 1611 5527 de
1656 5476 1828 5543 palliis

244 5545 464 5614 altaris,
504 5544 652 5614 (proli,
676 5545 856 5613 nefas!
901 5546 1135 5607 camisias
1162 5547 1255 5598 sibi
1291 5556 1334 5598 et
1365 5546 1630 5614 femoralia
1672 5546 1829 5614 facie—

244 5612 387 5666 bant.
424 5612 585 5668 Pallce
614 5612 897 5668 Veteribus
926 5625 1079 5668 erant
1110 5612 1420 5669 linteamina
1445 5616 1637 5682 quibus
1659 5612 1825 5669 totum

244 5684 415 5754 altare
463 5684 745 5753 tegebatur
766 5723 781 5748 ,
809 5686 893 5739 cui
939 5686 1349 5754 imppnebantur
1384 5687 1517 5739 calix
1550 5693 1604 5739 et
1634 5701 1829 5754 corpus

245 5751 444 5810 Christi
471 5794 487 5825 ,
515 5751 659 5831 Quod
694 5754 944 5835 replicata
978 5751 1115 5828 palla
1147 5757 1423 5835 tegebatur
1456 5758 1619 5815 instar
1648 5751 1827 5813 sindo-

3088 2555 3226 2611 Pura
3251 2597 3265 2622 ,
3297 2556 3463 2623 inquit
3488 2598 3503 2623 ,

1930 2575 2037 2607 ms.
2070 2575 2305 2606 sstuortts
2332 2575 2512 2608 retus.
2551 2575 2585 2609 I.
2620 2575 2654 2609 ll
2678 2595 2691 2619 ,
2723 2575 2811 2624 ep.
2839 2575 3001 2610 cum
3035 2575 3049 2606 :
3088 2575 3226 2611 rura
3251 2597 3265 2622 ,
3298 2575 3499 2628 tnqutt,

1928 2620 2022 2677 illa
2048 2622 2230 2675 sindon
2258 2638 2372 2691 qua
2396 2624 2487 2677 sub
2518 2625 2802 2679 divinorum
2834 2626 3083 2678 donorum
3107 2628 3385 2682 ministerio
3412 2645 3499 2683 ea:-

1930 2693 2459 2763 pansaest,_JosepIti
2506 2696 2874 2750 Arintatltensis
2926 2705 3000 2751 est
3050 2696 3421 2763 ministerium;
3451 2708 3512 2754 ut

1928 2762 2181 2837 enimille
2218 2761 2424 2837 Domini
2467 2780 2653 2833 corpus
2674 2767 2884 2819 sindone
2920 2765 3199 2820 involutum
3243 2761 3506 2837 sepultura

1927 2833 2297 2905 mandavit”.
2324 2834 2498 2886 eodem
2527 2838 2676 2905 modo
2706 2849 2795 2888 nos
2836 2836 3194 2905 prepositionis
3227 2833 3408 2905 panem
3452 2838 3505 2893 in

1928 2902 2143 2975 sindone
2167 2904 2516 2975 sacriﬁcantes
2548 2902 2737 2959 Christi
2765 2902 2946 2975 corpus
2972 2903 3081 2975 sine
3097 2902 3405 2961 dubitatione
3425 2923 3501 2961 re-

1914 2972 2170 3045 perimus.
2210 2974 2488 3045 Innocent.
2529 2975 2566 3030 Ι.
2615 2992 2673 3035 tt.
2704 2976 2770 3029 de
2803 2972 3067 3045 biyslcriis
3097 2978 3272 3032 missa:
3308 2992 3358 3033 c.
3388 2977 3457 3032 55
3490 2997 3503 3033 :

1930 3039 2140 3118 Quplew
2183 3054 2255 3098 est
2299 3044 2441 3118 palla
2465 3061 2577 3115 qua:
2619 3047 2807 3099 dicitur
2836 3039 3192 3118 conpensans;
3222 3064 3326 3101 una
3352 3065 3505 3118 quam

1932 3109 2193 3187 Diaconus
2214 3109 2366 3187 super
2389 3109 2549 3170 altore
2578 3123 2745 3187 totum
2775 3115 3027 3187 ostendit;
3058 3109 3220 3170 altera
3243 3109 3394 3187 quam
3419 3136 3504 3171 su-
3552 3162 3559 3167 .

1934 3199 2025 3257 per
2039 3184 2257 3257 calicem
2276 3184 2527 3250 plicatam
2554 3186 2788 3257 imponit.
2828 3184 2959 3257 Vide
2998 3188 3156 3257 etiam
3181 3184 3376 3243 de'ltoc
3403 3192 3505 3243 ritu

1931 3253 2175 3326 ordinem
2225 3254 2525 3321 aniannm
2574 3253 2808 3311 et"alios
2849 3255 2939 3326 qui
2983 3255 3053 3313 de
3093 3258 3283 3314 ordine
3329 3260 3505 3315 missas

1925 3323 2279 3391 scripserunt.
2314 3327 2390 3381 Du
2432 3327 2545 3382 PIN.

1997 3394 2116 3469 (88)
2152 3394 2287 3460 Quid
2312 3396 2378 3469 de
2407 3398 2696 3469 Codicibus.
2716 3396 2797 3451 An
2818 3395 3043 3451 laverint
3063 3394 3287 3453 Codices
3316 3414 3497 3469 quem-

1923 3462 2211 3535 admodum
2238 3466 2445 3535 pallas?
2463 3468 2689 3523 ALBASP.

1964 3528 2111 3658 .(89)
2153 3528 2301 3601 Quod
2328 3538 2372 3592 si
2400 3540 2550 3593 aliter
2570 3539 2751 3610 facias,
2775 3539 3075 3609 concupisti.
3108 3538 3250 3609 Lege
3273 3581 3287 3606 ,
3318 3555 3499 3594 eorru-

1964 3615 2058 3657 l‘bl.
2109 3621 2296 3658 NCERT.

1958 3608 2058 3657 isti.
2086 3608 2296 3661 lucens.

1958 3622 1971 3656 t
2004 3622 2019 3655 t
2046 3645 2058 3657 .
2284 3648 2296 3661 .

1921 3622 1954 3674 ρ
1976 3622 2325 3746 ⁸(ὸο3Νῗιιξιῖηι
2355 3680 2567 3751 parietes
2594 3679 2763 3731 lavare
2790 3677 3037 3751 voluistis,
3062 3688 3166 3734 etc.
3208 3679 3339 3735 Cum
3389 3680 3499 3751 jam

1924 3750 2067 3819 prius
2112 3764 2341 3815 aspersos
2382 3750 2571 3802 cineres
2618 3763 2737 3803 cum
2769 3750 2906 3819 salsa
2949 3765 3083 3817 aqua
3130 3750 3497 3819 conjunxerit,

1921 3818 2082 3869 etiam
2125 3818 2209 3871 hic
2262 3819 2486 3872 fortaSse
2538 3829 2583 3871 et
2638 3817 2888 3871 cineribus
2944 3817 3372 3885 restituendum.
3412 3834 3502 3875 ant

1922 3886 2350 3961 distinguendum
2382 3906 2401 3961 :7
2425 3887 2595 3942 Etiam
2621 3889 2838 3959 parietes
2868 3889 3039 3961 lauare
3060 3890 3314 3961 voluistis,
3343 3901 3387 3946 et
3421 3894 3499 3944 itt-

1921 3957 2062 4032 clnsa
2090 3960 2277 4032 spatia
2325 3957 2631 4032 saltant/ua
2676 3970 2722 4011 et
2748 3960 2957 4032 spargi,
2983 3960 3325 4032 spargique,
3367 3975 3499 4031 pra:-

1922 4029 2141 4095 cepistis.
2190 4027 2303 4083 Non
2349 4029 2648 4097 displicebit
2688 4027 2848 4083 etiam
2881 4027 2899 4093 ,
2950 4030 2995 4083 si
3032 4027 3176 4100 qno'd
3201 4027 3377 4087 'virls‘
3408 4034 3503 4085 do-

1922 4101 2105 4173 etisin
2148 4110 2378 4154 mentem
2410 4103 2573 4173 venit,
2601 4113 2697 4173 pro
2737 4108 2782 4151 et
2824 4102 2995 4173 spargi
3038 4101 3243 4173 scribas
3278 4103 3498 4173 aspergi.

1925 4166 2135 4241 Inclusa
2162 4179 2336 4224 autem
2362 4172 2527 4241 spatia
2562 4166 2645 4241 vel
2676 4182 2792 4238 quae
2836 4166 2975 4225 intra
3008 4171 3254 4241 κιγκλίδας
3295 4166 3499 4240 altaris,

1926 4240 2006 4292 vel
2062 4239 2115 4293 in
2168 4239 2406 4308 genere,
2453 4240 2828 4310 quodcumque
2877 4239 3167 4307 parietibus
3216 4244 3499 4310 inclusum,

1926 4322 2117 4386 nempe
2141 4307 2502 4386 pavimentum
2526 4312 2723 4381 ipsum,
2748 4307 2862 4363 sive
2879 4310 3084 4377 solum;
3114 4312 3254 4386 quod
3282 4307 3504 4371 fortasse

1925 4381 2067 4448 quod
2094 4388 2319 4436 stratum
2347 4381 2566 4436 omnin
2605 4396 2711 4435 non
2755 4390 2919 4447 esset,
2950 4390 3007 4436 ut
3032 4381 3182 4443 erant
3227 4384 3331 4439 isto
3372 4392 3506 4439 tent-

1928 4465 2056 4525 porc
2082 4451 2337 4525 rlicclesim
2367 4453 2635 4525 pleraeque
2658 4466 2763 4506 non
2796 4451 2931 4507 adeo
2953 4453 3280 4525 splendidae;
3312 4450 3429 4511 ideo
3450 4463 3507 4509 et

1930 4524 2091 4575 lavari
2106 4525 2260 4597 _sieut
2285 4524 2514 4597 parietes
2539 4539 2648 4597 non
2683 4532 2911 4597 poterat.
2935 4524 3147 4597 (Locum
3189 4524 3386 4597 poSIea,
3410 4541 3506 4579 vo-

1925 4601 2012 4647 cat
2045 4609 2056 4645 :
2090 4594 2225 4661 Quid
2252 4595 2387 4651 vobis
2412 4594 2598 4665 fecerat
2631 4594 2793 4661 locus,
2822 4595 3087 4724 (μιξάΜὶρὲ
3130 4594 3367 4664 parietes,
3395 4602 3501 4653 etc.

1925 4708 1930 4715 .
2997 4706 3007 4717 .
3081 4681 3265 4723 usus.
3344 4716 3347 4717 ν

2997 4706 3007 4717 .
3039 4681 3265 4723 ωελυιι.
3344 4716 3347 4717 ,

1934 4886 2003 4937 tia
2045 4889 2183 4941 salsa
2222 4906 2354 4959 aqua
2393 4886 2439 4941 et
2470 4889 2642 4958 spargi
2688 4887 2998 4953 pt'wcepistis
3029 4886 3316 4959 :legerim.
3343 4886 3511 4959 etin-

1931 4958 2074 5009 clnsa
2098 4957 2418 5028 spatiasalsa
2444 4974 2575 5028 aqua
2598 4957 2838 5028 exspargi
2860 4957 3187 5029 prtecepistis.
3221 4957 3432 5023 lttcmrr.

2003 5046 2136 5103 lbid.
2177 5049 2387 5104 Inclusa
2415 5050 2597 5117 spatia.
2627 5048 2701 5102 De
2731 5048 2903 5117 spatio
2924 5048 3071 5103 circa
3098 5049 3270 5105 altare
3296 5050 3398 5105 hoc
3432 5050 3512 5104 vi—

1932 5118 2088 5189 detur
2121 5120 2541 5189 intelligendum.
2574 5119 2800 5174 ALBASP.
2876 5188 2881 5189 γ
3328 5141 3333 5145 ’

2002 5188 2112 5261 (9‘2)
2150 5191 2193 5243 Ο
2224 5188 2353 5259 aqua
2374 5192 2635 5244 indulcata
2656 5190 2826 5261 ligno!
2861 5188 3138 5246 Indnlcare
3159 5191 3225 5249 ad
3248 5192 3346 5248 Cn.
3379 5193 3517 5249 Mar-

1933 5262 1991 5315 tii
2020 5265 2253 5315 edulcare
2280 5264 2633 5332 compositum
2668 5279 2679 5314 :

2026 5376 2305 5425 Prudenter
2331 5376 2560 5425 edulcare
2586 5377 2814 5427 conwenit
2838 5377 3005 5437 vitam,

2026 5438 2271 5500 Curasque
2294 5440 2497 5488 acerbas
2518 5439 2745 5488 sensibus
2764 5440 3061 5502 gubernare.
3137 5438 3326 5491 lucent.

2005 5541 2121 5609 (93)
2154 5541 2280 5595 Post
2313 5544 2699 5610 promotionem.
2750 5543 2874 5597 Post
2917 5553 3060 5597 tanta
3090 5559 3207 5611 qua:
3253 5544 3392 5598 Dens
3420 5560 3516 5612 per

1936 5623 1987 5666 tc
2026 5612 2167 5666 fecit.
2218 5612 2578 5668 Tertullianus
2606 5616 2670 5667 de
2700 5613 2962 5681 baptismo
2986 5654 3002 5679 ,
3044 5622 3287 5681 quantum
3331 5615 3519 5667 instru-

1940 5694 2162 5755 mentum
2188 5686 2377 5755 ntundo
2401 5686 2555 5755 ferat.
2598 5686 2822 5739 ALBASP.

2013 5753 2126 5826 (9i)
2180 5753 2466 5811 Prtrsentia
2500 5756 2667 5825 Moysi
2692 5756 2743 5807 in
2766 5766 2812 5809 te
2838 5753 3124 5812 amaritudo
3150 5754 3383 5821 moritur,
3417 5762 3522 5809 etc.

2006 4742 2121 4815 (9|)
2166 4730 2233 4799 Et
2277 4748 2383 4801 sine
2422 4763 2575 4800 causa
2613 4746 2779 4815 spatia
2808 4746 2945 4799 salsa
2971 4746 3145 4815 spargi
3172 4744 3503 4815 prwcepistis.
3609 4794 3618 4805 ,

1872 4822 1875 4825 ‘
2085 4813 2240 4871 aliter
2266 4818 2499 4889 concipit
2524 4832 2559 4870 ιι
2589 4813 2831 4885 Baldnini
2860 4813 3045 4889 editio,
3075 4813 3122 4889 et
3158 4813 3357 4889 inclusa
3384 4832 3505 4888 spa-
