3828 6218
292 300 310 323 ο
363 262 504 319 1019

1565 253 1808 310 SANC'I‘I
1845 251 2094 309 ΟΡΤΛΤΙ
2135 254 2444 311 EPISCOPI

3524 257 3548 309 ί
3560 254 3683 311 080

360 386 469 443 tur,
498 386 553 432 et
579 390 611 431 a
637 375 996 432 schismaticis
1027 373 1185 428 hodie
1214 387 1336 429 cum
1364 370 1761 428 Catholicorum
1798 366 1953 421 turba
1982 370 2036 430 Α
2136 367 2244 424 Vll.
2275 367 2575 425 Danatistas
2600 369 2652 424 in
2674 379 2902 425 mortuos
2928 370 3081 425 etiam
3116 370 3375 437 sa'viisse,
3410 389 3513 427 non
3550 389 3684 443 ρεγ-

362 468 595 526 dulcedo
636 479 727 522 tua
769 477 1011 522 vexatur.
1057 465 1224 521 Pares
1278 466 1508 535 patimur
1548 460 1766 525 bellant,
1800 473 1957 527 pares

361 573 743 631 exspectamus
778 560 1049 615 vindicem
1103 559 1292 615 Deum.
1350 558 1481 624 Dic,
1527 555 1690 610 frater
1740 553 1960 608 Parme-

364 657 546 720 niane,
577 654 707 722 quid
734 651 887 707 vobis
914 650 1115 706 fecerat
1154 651 1340 705 locus?
1385 648 1510 719 quid
1558 647 1657 716 ipsi
1699 646 1957 716 parietes,

364 761 426 802 ut
453 762 483 800 a
513 745 670 800 vobis
712 745 813 799 ista
851 744 1199 814 paterentur?
1225 742 1306 797 An
1334 741 1456 812 quia
1490 739 1598 794 illic
1630 749 1849 809 rogatus
1878 748 1963 795 est

368 839 548 895 Deus?
573 854 643 893 an
665 840 791 907 quia
816 838 927 893 illic
952 838 1197 906 laudatus
1225 845 1308 890 cst
1333 832 1615 891 Christus?
1650 847 1717 886 an
1744 833 1867 902 quia
1901 833 1963 887 il-

365 934 440 988 lic
468 933 746 988 invocatus
771 942 855 988 est
888 930 1121 1002 Spiritus
1162 928 1419 985 sanctus?
1448 942 1514 980 an
1542 926 1662 994 quia
1689 926 1841 980 vobis
1870 926 1965 981 ab-

268 1030 273 1032 ’
367 1025 614 1081 sentibus
662 1026 775 1081 illic
824 1025 1101 1095 propheta:
1131 1032 1187 1077 et
1215 1031 1396 1077 sancta
1427 1017 1714 1088 Evangelia
1743 1019 1965 1073 recitata

368 1119 530 1172 sunt?
571 1133 640 1173 au
686 1118 810 1188 quia
866 1118 974 1171 illic
1015 1117 1235 1170 fratrum
1279 1111 1592 1183 jamdudum
1645 1111 1967 1180 litigantium

370 1211 839 1266 concordaverant
884 1212 1128 1265 mentes?
1173 1222 1241 1261 an
1271 1207 1396 1278 quia
1427 1206 1603 1261 unitas
1634 1205 1747 1259 Deo
1774 1205 1967 1276 placita

370 1303 429 1358 in
459 1319 563 1373 qua
611 1303 896 1367 habitaret,
926 1302 1205 1356 invenerat
1246 1298 1511 1353 domum?
1551 1297 1808 1365 ludicate,
1840 1296 1969 1367 quid

371 1397 483 1452 illic
506 1398 687 1450 lavare
713 1396 991 1466 potuistis?
1020 1395 1076 1450 Si
1106 1393 1508 1449 Catholicorum
1539 1393 1765 1464 vestigia
1786 1434 1800 1458 ,
1833 1401 1888 1447 et
1913 1392 1969 1447 in

375 1488 494 1543 vico
521 1496 577 1543 et
607 1489 659 1542 in
684 1488 874 1557 plateis
896 1486 1243 1555 calcavimus,
1268 1501 1435 1557 quare
1456 1502 1562 1541 non
1586 1487 1764 1541 omnia
1788 1500 1972 1541 emen-

373 1580 551 1637 datis?
575 1598 699 1637 nam
728 1592 784 1637 et
827 1581 1177 1637 fovendorum
1206 1596 1498 1652 corporum
1523 1596 1713 1646 causa,
1739 1580 1853 1653 (95)
1883 1595 1974 1635 ca-

372 1672 497 1728 dem
527 1688 627 1729 nos
652 1683 708 1730 et
733 1690 831 1729 vos
856 1676 1080 1742 lavacra
1130 1674 1332 1746 pariter
1358 1674 1648 1729 abluerunt
1678 1682 1740 1739 tt;
1772 1684 1827 1729 et
1849 1682 1973 1728 ante

2062 463 2312 518 mittentes
2341 461 2727 518 Catholicarum
2756 479 2971 535 corpora
2995 463 3219 536 sepeliri.
3247 494 3321 506 —
3345 462 3489 531 Quid
3516 465 3681 520 refe-

2062 571 2177 631 ram
2204 557 2364 612 etiam
2412 558 2934 629 illamimpietatem
2975 558 3043 614 de
3068 567 3244 614 vestra
3284 558 3683 629 coniuratione

2062 652 2389 719 venientem,
2422 652 2501 723 (Ι)
2534 654 2656 723 quia
2704 652 2772 708 ad
2821 654 2921 707 hoc
2967 652 3225 707 Basilicas
3273 650 3540 707 invadere
3570 664 3684 705 vo-

2064 742 2260 809 luistis,
2298 751 2355 796 ut
2399 742 2477 814 (2)
2504 744 2660 797 vobis
2697 744 2825 799 solis
2872 744 2953 815 (3)
2994 745 3304 799 cmmeteria
3354 742 3681 805 vindicetis.

2067 851 2170 890 non
2199 837 2573 905 permittentes
2602 838 2821 905 sepeliri
2861 852 3089 903 corpora
3121 836 3434 901 Catholica;
3468 846 3523 889 ut
3562 846 3687 890 ter-

2066 931 2229 985 reatis
2268 926 2293 965 ά
2325 929 2496 995 vivos,
2531 930 2612 1001 (4)
2640 931 2778 986 male
2811 932 3052 987 tractatis
3074 941 3129 986 et
3156 938 3433 1002 mortuos,
3457 945 3684 1001 negau-

2067 1032 2151 1080 tes
2180 1024 2455 1079 funeribus
2480 1024 2594 1096 98
2616 1025 2814 1080 locum.
2840 1026 2897 1081 Si
2928 1027 3069 1079 inter
3088 1026 3335 1079 viventes
3358 1024 3538 1080 fuerat
3556 1040 3685 1080 cer-

2070 1128 2245 1174 tamen
2268 1160 2283 1186 ,
2321 1118 2440 1174 odia
2470 1128 2646 1173 vestra
2676 1119 2758 1174 vel
2799 1133 2945 1174 mors
2971 1119 3148 1174 aliena
3180 1126 3515 1190 compescat.
3549 1118 3682 1174 Jam

2071 1219 2211 1267 tacet
2236 1227 2354 1267 cum
2380 1227 2486 1282 quo
2520 1212 2677 1279 paulo
2704 1220 2828 1267 autc
2851 1213 3099 1283 litigabas
3126 1232 3137 1267 :
3169 1214 3299 1284 quid
3333 1214 3566 1269 insultas
3593 1213 3687 1266 lu-

2070 1301 2229 1358 neri?
2253 1302 2377 1372 quid
2415 1303 2646 1373 impedis
2676 1304 3005 1373 sepulturam
3037 1305 3096 1358 t~"l
3119 1305 3249 1375 quid
3279 1321 3404 1361 cum
3440 1306 3685 1370 mortuis

2071 1394 2280 1467 litigas?
2302 1395 2582 1465 perdidisti
2614 1397 2832 1451 malitia:
2854 1396 3084 1452 fructum
3112 1416 3124 1451 :
3150 1408 3205 1454 et
3228 1400 3273 1453 si
3297 1413 3528 1469 carpam
3562 1414 3683 1453 non

2072 1492 2154 1547 vis
2176 1492 2227 1545 in
2256 1507 2417 1546 unum
2444 1492 2748 1562 quiescere,
2769 1494 2977 1549 animas
2996 1504 3174 1550 tamen
3198 1494 3280 1566 (5)
3311 1495 3365 1551 in
3393 1510 3504 1551 uno
3531 1493 3685 1566 apud

2075 1583 2239 1638 Deum
2267 1584 2469 1654 positas
2498 1600 2605 1639 non
2638 1584 2841 1655 poteris
2863 1601 3139 1657 separare.

2147 1677 2280 1733 VIII.
2314 1677 2541 1747 Elegans
2580 1690 2627 1733 et
2666 1680 2867 1753 egregia
2915 1682 3226 1754 comparatio
3275 1680 3685 1737 Donatistarum

377 1780 474 1823 vos
505 1767 817 1839 frequenter
850 1778 1159 1823 nostrorum
1207 1768 1300 1823 loti
1348 1776 1474 1823 sunt
1522 1766 1695 1843 multi.
1750 1767 1805 1823 Si
1849 1766 1963 1839 (96)
1998 1777 2045 1836 Β
2072 1787 2187 1823 cum
2216 1771 2519 1843 aucupibus.
2546 1802 2618 1813 ι-
2641 1772 2833 1828 Omnia
2862 1772 3091 1844 denique
3113 1815 3125 1835 ,
3157 1789 3278 1844 quae
3308 1790 3338 1827 a
3364 1774 3522 1829 vobis
3574 1780 3683 1844 ge-

376 1870 503 1930 post
527 1878 627 1917 nos
657 1862 984 1932 puriﬁcanda
1016 1863 1215 1933 putatis
1242 1862 1420 1917 omnia
1445 1904 1460 1928 ,
1493 1862 1665 1918 lavate
1695 1872 1748 1917 et
1777 1874 1968 1931 aquam

376 1954 424 2008 si
456 1954 715 2023 potestis;
747 1962 838 2009 aut
875 1956 921 2009 si
946 1955 1171 2023 vestigia
1202 1956 1283 2025 (ut
1309 1969 1467 2023 supra
1497 1952 1760 2026 diximus)
1786 1961 1970 2007 nostra

380 2047 537 2109 vobis
570 2061 691 2102 esse
715 2046 965 2102 videntur
993 2047 1214 2117 polluta,
1245 2045 1520 2101 sufficeret
1548 2055 1725 2111 terra;
1754 2053 1817 2100 ut
1843 2044 1969 2115 quid

380 2147 436 2194 et
481 2140 716 2208 parietes
757 2138 937 2194 lavare
966 2140 1245 2207 voluistis,
1289 2140 1340 2193 iu
1375 2138 1570 2209 quibus
1600 2138 1832 2193 humana
1865 2151 1972 2193 non

384 2240 611 2300 possunt
636 2231 764 2302 poni
789 2232 1050 2303 vestigia?
1082 2233 1313 2303 parietes
1344 2246 1448 2287 non
1477 2232 1704 2298 calcare,
1730 2232 1825 2287 sed
1860 2240 1975 2286 tan-

386 2333 500 2377 tum
529 2324 711 2380 videre
742 2327 1030 2395 potuimus.
1060 2325 1117 2381 Si
1148 2336 1201 2382 et
1229 2324 1371 2397 quod
1399 2325 1564 2395 tangit
1588 2333 1859 2395 aspectus,
1893 2323 1972 2378 la-

388 2417 622 2473 vandum
653 2433 772 2474 esse
804 2421 1058 2486 censetis,
1089 2436 1183 2475 cur
1227 2430 1423 2475 caetera
1466 2418 1749 2474 dimisistis
1791 2417 1977 2473 illata?

393 2510 643 2565 Videmus
667 2520 888 2577 tectum,
923 2511 1166 2568 videmus
1192 2522 1246 2568 et
1274 2513 1494 2575 coelum,
1526 2512 1640 2591 haec
1667 2529 1697 2568 a
1723 2512 1873 2569 vobis
1900 2513 1978 2568 la-

390 2604 500 2657 vari
542 2620 647 2658 non
687 2606 929 2675 possunt.
985 2605 1101 2679 (97)
1146 2605 1237 2662 Illa
1288 2606 1515 2662 lavando
1541 2608 1818 2679 promeriti
1850 2608 1979 2663 estis

393 2695 557 2752 Deum
584 2715 597 2750 :
622 2697 724 2753 ista
746 2712 853 2753 non
884 2699 1131 2765 lavando,
1158 2700 1481 2772 inexpiabile
1509 2701 1767 2756 videmini
1796 2702 1978 2756 incur-

388 2789 525 2844 risse
558 2800 856 2859 peccatum.
905 2791 1018 2862 (98)
1062 2789 1193 2847 Cum
1227 2792 1387 2862 igitur
1417 2792 1543 2847 alibi
1572 2792 1723 2863 quasi
1756 2792 1983 2861 diligen—

390 2890 472 2936 tes
498 2883 691 2937 essetis
720 2883 924 2939 inventi
951 2902 963 2936 :
990 2884 1037 2939 si
1080 2896 1254 2939 tamen
1282 2884 1562 2954 diligentia
1591 2872 1820 2938 dicenda
1844 2881 1872 2920 δ
1901 2893 1985 2937 est

387 2960 637 3039 stultitia,
660 2985 714 3030 et
733 2976 809 3047 (ut
832 2992 964 3032 vero
994 2979 1211 3032 nomine
1242 2978 1508 3047 appellem
1538 2989 1559 3017 ε
1585 2977 1605 3048 )
1632 2978 1839 3032 vanitas
1865 2990 1987 3031 ves-

389 3075 473 3119 tra
507 3084 521 3121 :
557 3068 655 3121 nisi
684 3067 824 3124 forte
848 3070 969 3137 quia
998 3069 1101 3125 hoc
1129 3069 1406 3132 iaciendo,
1443 3070 1494 3123 in
1526 3084 1778 3140 pavorem
1807 3068 1985 3123 misis-

2075 1869 2285 1926 runtur,
2313 1876 2379 1918 ex
2410 1871 2523 1917 toto
2545 1864 2749 1918 narrari
2780 1878 2885 1919 non
2920 1871 3143 1934 possunt
3169 1885 3183 1919 :
3205 1863 3300 1919 sed
3335 1874 3512 1920 tamen
3546 1879 3686 1920 con—

2073 1957 2335 2013 cedantur
2368 1955 2387 1994 τ
2418 1958 2592 2023 vobis,
2628 1958 2707 2032 (6)
2749 1959 2838 2030 qui
2884 1960 3085 2014 erroris
3109 1958 3269 2037 hujus
3300 1959 3683 2029 magisterium

2078 2049 2381 2115 possidetis.
2410 2048 2528 2133 lam
2558 2058 2613 2105 et
2638 2050 2704 2104 de
2737 2050 2932 2106 vestris
2955 2049 3116 2106 silere
3140 2050 3261 2121 quis
3286 2061 3489 2121 posset,
3512 2050 3589 2106 de
3620 2051 3687 2105 il-

2075 2142 2161 2209 lis,
2191 2142 2420 2208 scilicet,
2451 2158 2585 2211 quos
2614 2151 2707 2197 aut
2737 2141 2970 2199 factione
3000 2151 3092 2197 aut
3118 2143 3441 2209 subtilitate,
3474 2152 3532 2197 ut
3563 2158 3687 2198 ves-

2078 2244 2195 2291 tros
2225 2233 2472 2290 faceretis
2494 2234 2757 2291 seducere
2783 2236 3062 2306 potuistis,
3086 2250 3194 2290 non
3222 2222 3397 2290 salum
3424 2237 3682 2300 masculi,

2079 2327 2174 2383 sed
2200 2328 2362 2383 etiam
2412 2326 2663 2393 feminae;
2710 2343 2779 2383 ex
2821 2327 3012 2383 ovibus
3043 2311 3222 2383 subito
3252 2328 3374 2383 facti
3406 2336 3533 2384 sunt
3564 2328 3685 2383 vul-

2082 2434 2197 2491 pes,
2222 2434 2291 2475 ex
2327 2418 2575 2475 ﬁdelibus
2596 2419 2804 2490 perlidi,
2829 2436 2892 2475 ex
2925 2420 3249 2490 patientibus
3271 2419 3464 2486 rabidi,
3492 2437 3561 2477 ex
3592 2434 3686 2491 pa-

2081 2511 2251 2567 cificis
2281 2509 2575 2582 litigantes,
2601 2526 2671 2566 ex
2699 2511 3035 2583 simplicibus
3061 2510 3395 2579 seductores,
3424 2527 3488 2588 ex
3519 2526 3685 2568 vere-

2083 2604 2271 2659 cundis
2303 2603 2665 2672 impudentes,
2699 2602 2907 2659 feroces
2937 2619 3002 2658 cx
3046 2603 3286 2667 mitibus,
3314 2619 3379 2657 ex
3420 2603 3686 2658 innoceno

2087 2697 2226 2753 tibus
2253 2695 2472 2752 malitia:
2503 2695 2758 2751 artifices.
2794 2696 2922 2751 Post
2947 2693 3089 2767 quod
3111 2695 3176 2750 ad
3201 2711 3297 2750 vos
3318 2694 3521 2764 delapsi
3556 2706 3688 2751 sunt

2085 2799 2177 2844 aut
2203 2787 2457 2855 delapsae,
2482 2788 2665 2842 dolent
2692 2787 2828 2843 alios
2857 2788 2928 2842 ibi
2955 2802 3077 2843 esse
3101 2786 3191 2842 ubi
3220 2788 3328 2842 nati
3359 2797 3483 2842 sunt
3506 2805 3519 2841 :
3542 2787 3687 2843 bene

2088 2891 2291 2937 stantes
2323 2882 2375 2936 in
2404 2881 2586 2950 lapsus
2609 2896 2736 2935 suos
2768 2883 3026 2946 invitant;
3069 2880 3113 2935 si
3136 2880 3341 2936 scirent
3364 2896 3420 2935 se
3449 2881 3682 2951 gloriam

2088 2985 2430 3041 consecutos,
2458 2972 2715 3029 felicitate
2735 2987 2829 3027 sua
2863 2974 3022 3028 tacite
3042 2972 3376 3028 fruerentur.
3403 2971 3559 3028 Nunc
3589 2988 3687 3028 au—

2090 3078 2196 3125 tem
2229 3070 2485 3139 perditos,
2513 3069 2770 3125 transitus
2798 3082 2925 3123 suos
2946 3067 3219 3124 consolari
3244 3067 3543 3137 cupientes,
3568 3082 3684 3122 οε-
3756 3112 3759 3115 .

392 3166 462 3220 tis
489 3165 712 3234 populos
733 3164 1035 3234 imperitos,
1067 3173 1126 3216 ut
1153 3164 1278 3232 quia
1309 3163 1417 3217 luta
1450 3173 1533 3218 est
1562 3162 1676 3235 (99)
1712 3164 1983 3231 columna,
2013 3169 2059 3233 ρ
2091 3171 2232 3217 teras
2263 3170 2317 3217 ut
2348 3161 2595 3215 similiter
2625 3160 2892 3226 labantur,
2921 3159 3181 3224 invitant;
3211 3168 3267 3214 et
3286 3156 3602 3214 residentes
3628 3159 3683 3213 in

393 3256 701 3311 lavarentur
726 3264 779 3309 et
808 3252 1058 3323 corpora.
1082 3253 1138 3308 Si
1161 3255 1212 3305 iu
1238 3252 1321 3307 bis
1342 3254 1501 3309 rebus
1522 3254 1805 3307 consilium
1833 3254 1979 3321 latet,

344 3343 356 3353 ”
399 3350 627 3403 miseros
653 3347 923 3403 subtiliter
948 3333 1238 3415 de'cepisﬁs
1267 3362 1282 3404 :
1308 3347 1352 3399 si
1396 3345 1516 3400 talis
1551 3360 1637 3401 res
1663 3347 1781 3401 sine
1805 3348 1986 3401 consi-

392 3443 468 3497 lio
497 3451 644 3511 gesta
676 3449 781 3504 est,
808 3439 1089 3511 tnauifcsta
1112 3448 1195 3493 est
1219 3446 1393 3515 vestra
1422 3437 1694 3495 hebetudo
1720 3439 1869 3495 :baec
1892 3456 1985 3495 vos

2085 3256 2206 3311 sinu
2232 3254 2431 3308 matris
2466 3252 2743 3318 Ecclesiae,
2772 3252 2922 3322 quasi
2966 3252 3147 3321 pigros
3186 3260 3240 3305 et
3289 3251 3471 3305 tardos
3515 3265 3683 3306 accu-

2087 3357 2224 3405 sant.
2253 3345 2334 3414 (7)
2369 3346 2460 3401 Ilis
2487 3344 2631 3400 enim
2660 3344 3011 3425 verbisloqui
3041 3359 3147 3398 non
3168 3344 3504 3400 erubescunt
3534 3363 3547 3397 :
3585 3343 3679 3399 Coi

2089 3441 2200 3504 Sei,
2224 3439 2302 3495 vel
2323 3436 2446 3493 Caio
2473 3438 2594 3494 Scia
2616 3448 2662 3504 ις,
2692 3439 2935 3508 quamdiu
2964 3447 3011 3494 te
3037 3438 3210 3492 tenes?
3234 3436 3337 3493 hoc
3351 3447 3432 3493 est
3452 3436 3678 3493 dicere:

391 3533 554 3586 stulte
584 3515 801 3593 fecisse,
838 3538 895 3583 et
934 3545 963 3583 a
1006 3530 1157 3585 vobis
1206 3528 1416 3585 seducti
1466 3541 1831 3601 cognoscunt;
1884 3547 1991 3588 nec
2082 3534 2298 3589 imitare
2318 3534 2499 3604 lapsus
2526 3546 2698 3597 meos,
2722 3531 2933 3585 imitare
2957 3530 3215 3585 transitus
3242 3539 3443 3599 turpes.
3476 3528 3682 3597 Quam-

393 3638 493 3677 vos
514 3623 614 3693 ipsi
646 3634 845 3690 negare
868 3620 1130 3689 poteritis.

2084 3624 2175 3679 diu
2207 3622 2380 3679 fidelis
2409 3621 2654 3678 vocaris?
2687 3621 2797 3693 jam
2845 3619 3001 3676 ﬁdem
3025 3620 3236 3688 desere,
3260 3620 3371 3692 jam
3404 3620 3683 3690 peniten-

1637 3736 2020 3797 LECTIONES
2056 3737 2473 3795 VARIANTES.

457 3834 483 3861 ι
519 3833 577 3882 In
594 3846 708 3881 mss.
735 3831 789 3884 C.
816 3832 936 3881 etS.
963 3830 1020 3881 G.
1042 3829 1286 3881 habemus.

460 3895 488 3933 δ
522 3895 578 3958 [η
602 3908 714 3944 mss.
739 3892 791 3945 C.
812 3901 870 3958 et_
886 3893 938 3942 S.
966 3892 1026 3958 (ὲ.
1053 3891 1347 3958 dicipotest.

467 3961 491 4028 ξ
525 3956 599 4028 με
627 3960 678 4006 in
700 3954 889 4028 περιρ.
916 3962 967 4004 et
991 3956 1041 4006 S.
1160 3953 1214 4028 [ῃ
1234 3956 1361 4018 aliis,
1388 3953 1671 4028 appelletur.

456 4020 486 4058 ιι
522 4020 578 4068 ln
600 4032 692 4069 ms.
717 4018 770 4067 S.
790 4018 853 4069 Τ.
870 4016 1135 4079 terreretis,
1163 4026 1215 4068 et
1233 4016 1402 4081 postea
1418 4016 1642 4069 Similiter
1670 4019 1923 4072 tractastis.

2159 3834 2183 3862 ε
2215 3830 2287 3883 Ita
2312 3833 2361 3880 in
2377 3844 2469 3881 ms.
2494 3831 2546 3881 C.
2573 3830 2628 3880 In
2650 3842 2767 3881 mss.
2786 3829 2838 3882 S.
2857 3829 2915 3893 Τ.
2941 3836 2993 3880 et
3014 3828 3065 3879 S.
3093 3828 3153 3881 G.
3172 3828 3374 3893 impedis
3394 3826 3677 3892 sepultura.

2163 3894 2181 3933 ί
2222 3894 2276 3943 In
2298 3906 2386 3943 ms.
2418 3895 2469 3944 S.
2496 3892 2555 3941 'l‘.
2578 3893 2665 3944 sed
2689 3891 2997 3943 concedatur.

2162 3961 2185 3999 Β
2222 3957 2276 4006 1n
2300 3968 2414 4006 mss.
2444 3954 2623 4018 Gaisei,
2649 3954 2721 4006 vel
2742 3953 2980 4007 Gaiaseia.

1712 4103 2071 4160 VARIORUM
2111 4101 2340 4158 NOTJE.

395 4201 480 4252 An
510 4197 597 4251 hic
628 4198 892 4260 prtesentia
923 4193 1093 4264 Moysi
1126 4208 1221 4261 pro
1258 4202 1480 4261 tempore
1519 4194 1712 4265 Moysis
1734 4236 1747 4259 ,
1790 4208 1885 4248 seu
1914 4196 1987 4247 vi-

396 4278 541 4322 vente
584 4267 753 4337 Moysi
788 4283 806 4320 :
835 4267 1020 4319 durius
1042 4265 1200 4337 _mihi
1224 4265 1459 4337 videtur,
1488 4266 1590 4337 nisi
1616 4264 1740 4318 alio
1774 4264 1986 4319 aliunde

396 4340 648 4407 exemplo
678 4333 984 4391 'molliatur.
1041 4334 1258 4388 Interim
1306 4333 1650 4389 scribendum
1696 4337 1984 4400 existimo;

399 4426 546 4480 prece
569 4420 717 4480 antea
742 4407 947 4480 Moysi,
966 4415 1079 4480 clc._
1102 4414 1179 4480 τῷ
1205 4416 1354 4457 antea
1398 4408 1685 4480 respondet
1727 4421 1869 4468 mox,
1895 4407 1988 4480 Ita-

398 4473 483 4533 die
504 4490 552 4534 et
577 4498 607 4533 a
643 4473 1007 4540 schismaticis,
1061 4473 1210 4529 Itodie
1249 4491 1365 4526 cum
1413 4473 1793 4530 Catholicorum
1842 4476 1990 4530 turba

397 4550 617 4605 dulcedo
657 4561 744 4603 tua
781 4557 1013 4601 vexatur.
1064 4546 1140 4598 De
1185 4545 1377 4617 Magnis
1406 4556 1583 4600 autem
1613 4564 1776 4617 prece,
1814 4546 1985 4601 Exod.

2162 4192 2240 4265 (ι)
2292 4192 2427 4265 Quia
2466 4192 2533 4246 ad
2570 4194 2661 4265 liae
2707 4190 2955 4265 Basilicas
3001 4190 3240 4265 invadere
3285 4191 3527 4265 voluistis,
3562 4202 3671 4246 etc.

2092 4260 2282 4320 Scribe
2324 4282 2338 4317 :
2384 4263 2483 4328 Qui
2520 4262 2587 4315 ad
2622 4264 2715 4316 hac
2753 4260 3011 4326 Basilicus
3037 4262 3277 4315 invadere
3314 4261 3534 4315 voluistis
3556 4304 3573 4326 ,
3620 4273 3675 4316 ut

2091 4337 2229 4389 vobis
2266 4335 2387 4388 solis
2418 4334 2698 4387 canneteria
2728 4332 3018 4397 vendicetis,
3043 4349 3141 4386 non
3165 4332 3501 4398 permittentes
3525 4349 3673 4401 sepe-

2094 4407 2177 4458 liri
2197 4422 2410 4473 corpora
2441 4404 2712 4468 catholica,
2743 4412 2801 4455 ut
2825 4404 3054 4473 terrentis
3075 4402 3186 4471 (vel
3211 4412 3267 4456 ut
3296 4402 3346 4456 itt
3372 4402 3489 4457 aliis
3516 4413 3675 4458 terre-

2094 4476 2238 4548 retis)
2261 4471 2417 4548 vivas,
2443 4476 2609 4548 male;
2625 4482 2731 4548 etc.
2756 4474 2825 4526 M.
2858 4471 3089 4548 Castico.

2166 4542 2298 4601 Ibid.
2338 4547 2417 4600 Ad
2443 4546 2537 4597 hoc
2570 4542 2840 4597 Basilicas.
2872 4544 3049 4598 Multis
3088 4545 3138 4597 itt
3178 4542 3316 4599 locis
3350 4542 3467 4596 dua:
3512 4555 3669 4599 erant

397 4622 620 4686 “.25:
656 4621 717 4671 At
758 4620 847 4672 ille
885 4618 1121 4670 clamavit
1147 4616 1215 4668 ad
1258 4605 1535 4669 Dominum
1581 4605 1667 4685 qui
1705 4605 1921 4671 ostendit
1944 4620 1989 4671 ei
2016 4605 2069 4663 D
2096 4618 2340 4672 Basilica).
2373 4636 2385 4670 :
2420 4615 2879 4686 Basilicaiscilicet
2924 4614 3319 4686 Donatistarum
3353 4623 3404 4667 ct
3442 4612 3667 4668 Basilica

397 4694 615 4761 tignum,
640 4700 747 4745 etc.
776 4688 999 4761 Moritur
1027 4702 1153 4741 vero
1176 4701 1271 4756 pro
1300 4696 1497 4740 mortua
1526 4700 1619 4756 est,
1648 4698 1703 4742 ιιι
1725 4704 1889 4758 εωρε,
1916 4704 1983 4743 uc

396 4758 571 4817 dicam
593 4776 827 4828 semper.
862 4761 931 4814 Μ.
964 4758 1188 4813 CASAUB.

470 4831 587 4902 (95)
618 4830 815 4884 Eadem
840 4848 932 4884 nos
952 4840 998 4883 et
1023 4847 1106 4883 vos
1121 4832 1349 4902 _l_av_acra
1380 4829 1590 4902 pariter,
1616 4837 1720 4883 etc.
1770 4831 1843 4884 De
1886 4844 1981 4902 usu

396 4899 712 4957 balneorum
751 4904 913 4955 etiam
944 4904 1082 4954 inter
1108 4899 1447 4953 Christianos
1484 4900 1544 4954 F.
1579 4901 1647 4955 Μ.
1682 4916 1875 4970 parcns
1916 4900 1982 4955 ad

398 4975 769 5043 Sp-trtiamnn,
792 4988 845 5042 p.
873 4974 962 5026 75.
995 4972 1064 5025 Μ.
1092 4971 1321 5043 CASAUB.

469 5044 586 5115 (96)
629 5043 750 5097 Post
777 5039 867 5097 nos
895 5042 1217 5115 puriﬁcanda
1250 5039 1459 5115 putatis.
1495 5040 1818 5115 Scribeasi
1854 5051 1983 5115 ipost

394 5111 491 5169 nos
515 5111 839 5183 puriﬁcandi:
866 5111 1098 5186 putatis?
1127 5112 1218 5167 Sic
1250 5127 1287 5186 tt
1312 5111 1477 5164 editio
1502 5112 1587 5165 Fr.
1623 5112 1886 5186 Balduiui.
1920 5113 1974 5166 Si

392 5182 722 5248 ὰντῖτοῦηπ,
738 5182 898 5253 quale
927 5199 1085 5252 supra
1108 5182 1381 5237 monuisse
1401 5198 1484 5235 me
1505 5184 1741 5236 memini.
1764 5184 1971 5237 lucem.

472 5256 586 5325 (97)
618 5256 722 5310 Illa
750 5256 966 5308 lavando
993 5255 1253 5325 promeriti
1301 5254 1419 5306 estis
1469 5253 1647 5306 Deum.
1698 5257 1762 5309 Τὸ
1804 5257 1847 5308 si
1893 5255 1975 5309 Itis

394 5328 703 5380 necessario
725 5326 1175 5395 prmmittendum.
1208 5324 1422 5378 lucens.

471 5396 587 5468 (93)
628 5395 755 5450 Cum
801 5398 957 5467 igitur
976 5396 1098 5450 alibi
1118 5395 1553 5468 quasidiligentes
1574 5396 1975 5468 essetisinventi.

399 5465 575 5521 [ﬁcus
601 5465 839 5529 mutilus,
867 5468 1041 5535 suppl.
1066 5481 1189 5536 exp
1221 5466 1453 5519 editione
1473 5465 1560 5519 Fr.
1584 5466 1846 5529 Balduini,
1869 5484 1982 5519 cum

399 5539 689 5610 igiturutibi
709 5540 853 5610 quasi
875 5539 1139 5610 diligentes
1162 5536 1321 5589 videri
1343 5540 1514 5602 vultis,
1536 5536 1656 5590 alibi
1675 5536 1982 5609 negligentes

405 5610 523 5658 estis
541 5609 747 5660 inventi.
779 5609 992 5663 INCEIT.

437 5746 445 5753 _
478 5678 590 5753 (ξιξ)
617 5676 883 5753 Columna.
906 5680 978 5753 iUt
1011 5679 1130 5747 quia
1159 5679 1343 5732 lavatis
1367 5680 1598 5748 parietes
1624 5679 1816 5736 iterum
1847 5682 1987 5735 lava-

411 5747 484 5797 tis‘
505 5747 853 5803 Christianos.
892 5752 1110 5804 Meas».

2030 4740 2041 4752 ,
2091 4689 2546 4749 Orthoduxorum,
2579 4685 2672 4738 sed
2716 4688 2925 4739 favente
2963 4684 3175 4739 Juliano
3203 4684 3341 4739 hanc
3368 4687 3669 4739 invaserant

2089 4760 2376 4813 Donatistae
2399 4756 2808 4811 utOrthodoxos
2830 4758 3095 4823 sepultura
3126 4757 3414 4825 privareut.
3441 4758 3663 4810 Aussa.

2161 4830 2243 4899 (2)
2284 4828 2435 4881 Vobis
2463 4828 2607 4881 satis.
2647 4826 2825 4882 Genus
2866 4839 2981 4899 erat
3019 4827 3666 4899 communionissepeliri

2087 4900 2141 4953 iu
2170 4896 2600 4953 Christianorum
2633 4896 2954 4951 cmmeteriis
2984 4914 2996 4948 :
3029 4906 3355 4967 quapropter
3395 4897 3495 4952 sibi
3532 4899 3667 4953 solis

2086 4986 2147 5025 ea
2184 4969 2523 5023 vindicabant
2560 4968 2864 5021 Donatistae.
2906 4968 3130 5021 Auens».

2161 5040 2242 5111 (5)
2270 5038 2580 5111 Cwmeteria.
2614 5037 2668 5091 In
2701 5038 2934 5111 Basilicis
2958 5049 3047 5111 aut
3076 5038 3127 5107 in
3156 5039 3479 5097 cmmeteriis
3515 5039 3665 5110 juxta

2086 5108 2348 5164 Basilicas
2375 5108 2562 5179 positis
2589 5108 3000 5176 sepelit-buntur.
3020 5108 3248 5164 ALBASP.

2155 5181 2233 5253 (4)
2268 5180 2405 5234 Male
2434 5179 2679 5234 tractatis.
2728 5180 2835 5233 llac
2874 5182 3249 5237 communione
3286 5182 3523 5253 privatis.

3266 5256 3490 5309 Acsasr.
3507 5266 3519 5277 '

2159 5321 2237 5393 (5)
2279 5320 2342 5374 1η
2371 5338 2490 5374 una.
2521 5323 2655 5375 Cum
2682 5318 2896 5386 Christo
2924 5322 3118 5376 unitas.
3155 5322 3383 5380 ALBASP.
3669 5358 3672 5364 λ

2161 5393 2237 5463 (6)
2269 5393 2366 5456 Qui
2386 5393 2575 5465 erroris
2604 5396 2755 5465 hujus
2783 5393 3127 5465 magisterium
3160 5396 3447 5463 possidetis.
3472 5394 3593 5449 lam
3616 5404 3663 5452 et

2088 5466 2150 5518 de
2169 5466 2345 5516 vestris
2376 5464 2524 5517 silere
2550 5466 2635 5534 qui
2667 5463 2868 5533 posset?
2914 5463 2991 5518 De
3038 5466 3140 5520 illis
3181 5466 3397 5530 scilicet,
3422 5479 3546 5520 .ctc.
3588 5466 3660 5522 Ita

2090 5534 2454 5609 cmcudandus
2482 5536 3019 5609 et_in_tcrpqueudus
3048 5536 3134 5609 hic
3175 5537 3346 5591 locus.
3376 5537 3559 5609 Sedet
3580 5552 3662 5593 sc-

2090 5606 2302 5675 quentia
2331 5622 2491 5674 porro
2517 5606 2583 5660 ab
2613 5606 3038 5673 interpunctioue
3068 5608 3334 5662 laborant.
3378 5607 3592 5663 INCBM'.

2164 5676 2240 5743 (7)
2279 5675 2371 5728 His
2402 5679 2531 5729 enim
2562 5678 2719 5731 verbis
2750 5676 2884 5745 loqui
2917 5693 3017 5730 non
3040 5677 3342 5731 erubescunt
3364 5718 3380 5743 ,
3411 5679 3505 5732 Coi
3545 5678 3669 5741 Sci;

2095 5746 2216 5799 Cuia
2247 5748 2384 5815 Scin,
2408 5750 2645 5813 quantdin
2678 5759 2723 5803 te
2750 5748 2922 5801 tenes?
2951 5745 3063 5803 Hoc
3082 5758 3157 5802 est
3185 5748 3352 5816 dicere
3366 5765 3386 5802 :
3406 5747 3533 5804 Post
3554 5746 3661 5803 hac
