3828 6218
163 264 282 321 103i

898 268 985 324 DE
1028 266 1418 327 SCIIISMATE
1461 269 2000 329 DONATISTARUM
2034 276 2232 332 LIBER
2274 279 2631 359 SEPTIMUS.

3282 286 3303 340 1
3315 285 3419 341 082

159 385 280 437 tiam
302 382 447 439 disce
481 401 494 438 :
530 382 607 457 (8)
628 399 722 440 vos
748 387 878 441 estis
909 401 1162 457 aucupes,
1191 398 1244 442 et
1265 386 1341 443 illi
1367 395 1460 442 aut
1485 383 1588 442 illa:
1610 398 1735 442 sunt
1762 390 1815 451 Α
1841 406 1927 444 sas
1957 390 2070 463 (l2)
2106 404 2278 461 portat
2299 396 2360 449 in
2382 411 2577 460 cavea;
2607 395 2936 452 cvisceratas
2970 396 3104 451 alias
3135 398 3197 451 ad
3244 399 3427 467 imagi-

156 493 298 533 aves.
333 478 441 535 Sed
476 478 556 551 (9)
587 482 709 548 quia
738 496 846 549 non
878 490 961 535 est
990 497 1155 536 unum
1186 496 1454 554 aucupum
1480 493 1502 519 α
1535 498 1736 554 genus:

161 572 242 625 alii
271 582 394 626 sunt
424 574 515 643 qui
551 583 665 628 arte
702 573 933 642 simplici
960 574 1084 631 altis
1113 574 1361 631 fundatas
1390 576 1664 632 radicibus
1687 576 1743 631 in

161 663 343 720 faciem
371 666 607 722 nemoris
628 665 853 722 diﬂusas
878 668 1099 725 arbores
1124 680 1331 740 petunt,
1352 669 1440 726 ubi
1464 684 1592 724 aves
1614 670 1745 723 sim-

162 757 283 827 plici
304 759 483 815 volatu
515 761 845 818 naturalibus
868 761 1033 817 ramis
1064 761 1342 819 insidunt:
1369 778 1475 818 non
1507 762 1615 818 illic
1646 780 1744 818 nu-

165 862 433 908 merantur
476 852 691 908 fraudes
714 894 727 918 ,
762 870 867 910 non
908 854 1199 912 artiﬁciosa
1226 857 1452 912 consilia
1486 871 1609 911 :ars
1638 872 1740 912 una

166 951 242 997 est
268 952 317 998 et
361 946 472 998 sola
514 945 762 1016 capiendi
806 947 1017 1016 peritia.
1061 947 1144 1004 Illi
1171 964 1265 1006 vos
1309 951 1498 1020 aucupi
1536 951 1741 1007 similes

101 1098 113 1108 _
163 1036 311 1102 dico,
343 1039 432 1107 qui
465 1049 581 1109 post
610 1040 907 1097 discessum
957 1044 1130 1098 noctis
1151 1084 1164 1107 ,
1208 1055 1333 1100 ante
1372 1045 1509 1100 lucis
1542 1045 1741 1101 adven-

161 1136 292 1203 tum,
318 1145 423 1183 non
464 1130 689 1186 aliorum
720 1148 870 1189 more
900 1117 1174 1191 naturales
1202 1134 1345 1191 vadit
1382 1134 1448 1190 ad
1490 1135 1735 1191 arbores.

161 1218 264 1275 Sed
289 1220 402 1290 ipse
426 1220 540 1292 (10)
561 1222 811 1278 arborem
828 1208 1073 1294 portans,
1100 1224 1335 1281 futurum
1364 1240 1552 1282 nemus
1576 1227 1738 1283 strin-

158 1314 227 1384 git
256 1311 309 1367 in
344 1311 566 1377 fascem,
594 1315 797 1370 aridam
843 1316 1092 1373 arborem
1136 1319 1295 1374 nullis
1322 1319 1593 1375 radicibus
1636 1318 1738 1375 l‘nl-

161 1413 282 1469 tam,
316 1404 599 1476 multiplici
624 1404 807 1463 fraude
836 1412 1129 1477 componit.
1167 1409 1264 1465 Cui
1290 1412 1622 1467 adulterinos
1652 1415 1737 1468 iu-

158 1498 285 1553 serit
314 1513 515 1564 ramos,
538 1508 597 1554 et
618 1514 737 1569 qua:
769 1514 892 1553 suas
915 1501 1226 1569 jamdudum
1258 1505 1464 1560 succisa
1493 1505 1741 1575 perdide-

154 1600 253 1662 rat,
286 1593 509 1649 alienas'
540 1593 738 1663 accipit
786 1591 1022 1651 frondes.
1077 1595 1189 1667 (ll)
1229 1596 1377 1653 Alias
1425 1613 1553 1653 aves
1597 1600 1744 1655 clau-

1848 498 1971 538 nem
2020 484 2350 552 viventium,
2405 488 2521 558 (l5)
2574 487 2703 544 olim
2763 489 3096 553 exstinctas,
3155 490 3431 544 fallacibus

1849 577 2037 644 ramis,
2066 579 2214 648 quasi
2246 580 2490 635 viventes
2518 581 2762 649 imponit.
2796 581 2926 636 Aliae
2956 582 3123 637 latent
3151 582 3200 636 in
3223 581 3429 645 caveis;

1850 670 1969 725 alite
1999 672 2151 742 quasi
2192 672 2429 727 viventes
2458 673 2706 728 videntur
2738 675 2788 728 in
2830 677 3012 729 ramis.
3044 675 3293 744 Juugitur
3329 687 3431 728 una

1850 763 2114 835 geminata
2141 764 2325 819 fraude
2344 764 2643 830 calliditas;
2668 776 2715 819 et
2739 766 2851 838 (lli)
2875 776 2929 819 ιιι
2952 766 3123 837 decipi
3140 766 3383 821 vivarum
3403 763 3430 801 ¹ι

1850 856 2144 911 volantium
2175 856 2491 924 simplicitas
2524 856 2714 926 possit,
2742 872 2874 926 quas
2896 856 3275 914 mortuas'esse
3301 872 3432 912 con-

1843 957 1971 1014 stat,
2001 949 2252 1004 videntur
2283 949 2503 1005 tendere
2534 949 2671 1005 colla
2704 962 2826 1003 cum
2849 948 3101 1011 vocibus;
3134 959 3186 1003 et
3214 962 3331 1017 qum
3355 948 3431 1002 la-

1844 1050 1956 1097 tent
1985 1042 2038 1097 in
2076 1056 2295 1097 carcere
2343 1057 2463 1109 suo,
2508 1030 2673 1112 quasi
2709 1041 2777 1097 de
2821 1049 3037 1111 gutture
3065 1039 3178 1112 (15)
3214 1049 3467 1109 cantant,

1841 1134 2035 1191 alieno.
2068 1134 2212 1191 inter
2238 1135 2459 1191 alterius
2486 1135 2772 1206 imaginem
2798 1146 2849 1189 et
2878 1135 3102 1190 alterius
3124 1148 3307 1189 vocent
3334 1134 3431 1189 do-

1841 1228 1922 1282 lus
1951 1244 2089 1283 uuus
2115 1238 2368 1297 operatur
2396 1248 2408 1283 :
2450 1229 2681 1300 eaptivre
2718 1228 2916 1283 liberas
2941 1227 3178 1297 capiunt,
3209 1238 3262 1280 et
3292 1242 3433 1281 mor-

1842 1329 1947 1376 tua:
1969 1321 2206 1376 viventes
2234 1322 2506 1376 occidunt.
2542 1318 2658 1393 (16)
2686 1319 2844 1375 Tales
2880 1326 3026 1385 sunt,
3058 1333 3194 1390 quos
3230 1326 3320 1372 aut
3349 1331 3435 1371 re-

1842 1414 2199 1485 baptizatione
2222 1456 2236 1479 ,
2268 1422 2363 1468 aut
2410 1412 2721 1483 paenitentia
2764 1410 3063 1476 saueiastis,
3097 1424 3163 1463 ne
3193 1408 3295 1463 soli
3338 1415 3432 1461 aut

1844 1509 1974 1562 sola:
2003 1508 2225 1578 periisse
2243 1508 2547 1575 videantur,
2579 1506 2713 1561 alios
2743 1505 2825 1560 vel
2856 1506 2990 1559 alias
3016 1518 3198 1559 secum
3255 1500 3430 1573 perire

1848 1617 2045 1673 magno
2073 1602 2253 1657 studio
2286 1612 2338 1657 et
2365 1602 2550 1658 labore
2578 1599 2928 1656 contendunt.

1378 1696 1755 1771 LECTIONES
1797 1715 2213 1772 VARIANTES.

156 1809 162 1865 ἶ
218 1806 244 1836 ⁸
276 1803 334 1856 In
358 1816 478 1855 mss.
501 1802 553 1856 C.
581 1809 633 1855 et
657 1804 710 1854 S.
739 1800 1031 1869 G.aueupii.

1775 1838 1823 1898 B

1910 1810 1938 1849 b
1970 1810 2024 1860 In
2049 1823 2136 1860 ms.
2161 1810 2212 1861 S.
2242 1808 2301 1861 G.
2327 1808 2501 1861 avium.

1472 1935 1831 1995 VARIORUM
1867 1938 2095 1996 NOT/E.

157 2054 243 2110 Fr.
275 2054 525 2112 Baldului
552 2055 718 2124 editio
745 2072 781 2111 ιι
807 2055 1061 2127 interjicit
1088 2054 1189 2115 ista
1218 2072 1230 2109 :
1265 2053 1575 2111 Jam.meum
1600 2056 1747 2111 debes

160 2128 295 2195 sequi
324 2144 571 2201 errorem,
592 2131 706 2201 jam
734 2127 882 2201 debes
918 2130 1164 2201 deserere
1177 2128 1455 2181 veritatem.
1491 2127 1747 2194 Quamdiu

164 2208 207 2253 te
227 2208 386 2263 tenes,
415 2200 509 2253 hoc
539 2198 725 2266 dicere,
756 2200 974 2263 imitare,
1008 2212 1114 2253 etc.
1152 2198 1366 2254 lucen'r‘.

164 2316 172 2324 .
196 2340 208 2343 Α
231 2269 309 2343 (8)
342 2268 445 2343 Yos
466 2273 581 2325 estis
609 2287 854 2343 aucupes.
880 2269 1023 2326 Aves
1051 2284 1299 2343 mortuae,
1326 2270 1391 2324 de
1422 2269 1487 2324 iis
1508 2279 1633 2324 sunt
1661 2285 1774 2325 ac--

162 2340 444 2412 cipieudte,
473 2356 606 2412 quos
633 2340 1093 2412 rebaptizarerant
1120 2360 1132 2395 :
1159 2341 1379 2396 inclusae
1404 2356 1529 2395 vero
1548 2343 1745 2409 caveis,

164 2410 229 2467 de
249 2413 356 2467 illis
378 2410 514 2483 quos
544 2415 607 2467 ad
633 2410 1005 2483 paenitentiam
1032 2424 1346 2482 coirgerant;
1378 2428 1572 2467 sensus
1594 2414 1750 2483 igitur

164 2485 544 2559 est,!ct_tm_per
581 2484 771 2540 domos
822 2484 1035 2559 mittitis
1079 2485 1427 2559 poenitentes,
1454 2499 1624 2559 genus
1663 2493 1752 2559 est

162 2555 368 2622 aucupii
401 2555 565 2610 :‘nam
607 2567 731 2610 sunt
760 2569 891 2611 aves
937 2556 1153 2609 inclusae
1202 2555 1397 2623 quibus
1430 2556 1562 2609 alias
1589 2555 1753 2609 vultis

163 2625 412 2689 allicere;
444 2640 564 2681 cum
590 2642 719 2682 vero
763 2629 1121 2695 rebaptizatos
1164 2625 1449 2680 ostenditis
1479 2636 1533 2678 ut
1564 2641 1748 2680 eorum

163 2698 407 2767 exemplo
432 2708 645 2753 nostros
672 2697 963 2762 seducatis,
995 2708 1117 2751 sunt
1146 2712 1274 2750 aves
1306 2705 1529 2750 Inortum
1554 2698 1749 2767 quibus

168 2769 375 2823 utimini
406 2768 472 2823 ad
496 2768 629 2825 alias
656 2784 783 2823 aves
808 2769 1115 2837 capiendas.
1152 2771 1379 2822 Amas».
1664 2828 1670 2834 _

233 2838 310 2911 (9)
359 2838 497 2905 Quia
536 2856 637 2895 non
666 2850 738 2894 est
772 2856 932 2893 unum
972 2855 1230 2907 aucupum
1274 2855 1429 2911 genus
1457 2854 1481 2911 :7
1497 2838 1587 2911 alii
1632 2847 1747 2911 salu

162 2908 251 2979 qui"
271 2908 382 2967 arte
410 2911 633 2981 simplici
652 2911 823 2965 volatu
852 2910 1165 2964 naturalibus
1198 2908 1355 2971 ramis
1387 2908 1745 2981 insiduntEo

166 2981 281 3045 loci,
309 2982 400 3036 ubi
426 2979 743 3038 asterisc'lnn
778 2982 965 3051 posui,
1006 2982 1213 3035 auctior
1238 2988 1291 3033 et
1318 2979 1631 3047 locupletior
1656 2994 1748 3033 ea-

164 3051 279 3106 dem
300 3052 483 3108 editio
526 3054 606 3106 liis
631 3055 829 3114 verbis.
859 3052 976 3106 altis
998 3052 1257 3120 fundatas
1300 3051 1557 3103 radicibus
1587 3052 1639 3102 in
1667 3054 1745 3118 fa-

166 3124 288 3177 ciem
318 3124 543 3178 nemoris
568 3122 782 3190 diffusas
809 3114 1026 3177 arbores
1040 3132 1234 3189 petunt,
1268 3121 1350 3174 ubi
1389 3137 1500 3175 aves
1528 3114 1747 3191 simplici
1773 3114 1818 3175 C

166 3195 356 3259 volatu,
390 3203 497 3249 etc.
548 3196 769 3266 Qorrige
817 3196 1017 3262 itaque,
1054 3202 1310 3266 quantum
1361 3201 1568 3266 potest.
1614 3192 1747 3266 Bar-

170 3266 333 3319 tltium
361 3262 742 3334 corrigentem,
769 3267 856 3332 qui
894 3276 997 3317 rete
1027 3265 1247 3335 simplici
1276 3264 1465 3316 volanti
1500 3263 1741 3315 naturali-

170 3335 259 3389 bus
288 3338 449 3390 ramis
477 3338 714 3390 induunt.
742 3336 954 3391 lucem.

235 3408 353 3478 (10)
400 3406 645 3463 Arborem
677 3418 896 3472 portant.
937 3404 1069 3472 Quia
1100 3419 1281 3459 veram
1320 3404 1614 3460 Ecclesium
1643 3417 1747 3459 non
1794 3448 1801 3453 .

172 3476 462 3534 habebant.
491 3479 717 3533 Amsp.
1266 3526 1285 3535 -

234 3550 350 3620 (Η)
379 3550 525 3604 Alias
547 3566 661 3604 aves
690 3550 890 3603 clausas
917 3557 1084 3616 portat
1113 3548 1164 3600 in
1193 3562 1361 3614 cavea,
1395 3557 1499 3601 etc.
1528 3545 1748 3620 scribe;

169 3620 307 3674 Alias
329 3617 447 3674 aves
473 3622 673 3675 clausas
697 3630 864 3687 portat
886 3620 941 3672 in
962 3635 1127 3681 cavea,
1162 3627 1211 3672 et
1236 3620 1503 3672 visceratas
1531 3618 1661 3671 alios
1684 3617 1750 3669 ad

168 3691 438 3763 imaginem
464 3732 477 3753 ,
510 3702 613 3747 etc.
634 3707 753 3761 qua:
780 3690 1311 3763 principiseditinuis
1341 3689 1604 3763 scriptura
1627 3696 1709 3742 est
1728 3728 1741 3752 ,

168 3759 470 3826 visceratas,
502 3763 554 3817 id
581 3759 696 3826 est,
731 3767 891 3830 [artas
916 3769 971 3814 et
994 3759 1241 3813 distentas
1268 3775 1286 3813 :
1333 3761 1484 3829 cujus
1526 3765 1746 3813 contra-

169 3833 301 3887 rium
324 3834 427 3898 sit,
459 3835 773 3892 evisceratus.
808 3832 999 3886 Notum
1024 3840 1102 3883 est
1127 3832 1302 3885 solere
1326 3832 1402 3890 ita
1426 3844 1552 3885 aves
1578 3838 1630 3882 et
1664 3844 1749 3881 ra-

168 3903 305 3958 riora
335 3905 541 3975 quaevis
566 3903 815 3958 animalia
855 3903 1110 3957 extractis
1150 3902 1447 3958 visceribus
1469 3943 1483 3968 ,
1512 3910 1568 3955 et
1597 3900 1745 3954 omni

178 4017 2522 4051 ΜΗ

1853 2074 2103 2130 corpore,
2126 2059 2238 2113 Sola
2268 2057 2409 2130 pelle
2436 2056 2657 2130 relicta,
2688 2049 2858 2130 eaqtie
2895 2051 3110 2106 demum
3156 2049 3299 2130 foeno
3342 2056 3435 2103 aut

1856 2123 2297 2198 furfure,'scrutis
2318 2144 2381 2185 ac
2403 2126 2692 2183 titivillitiis
2708 2123 3091 2198 cujuscumque
3115 2123 3326 2198 generis
3349 2136 3435 2175 re-

1857 2195 1997 2270 pleta
2042 2193 2105 2257 ac
2150 2198 2401 2265 extrusa,
2443 2193 2783 2253 conservari.
2822 2196 3003 2249 Potest
3044 2204 3099 2248 et
3138 2193 3435 2247 evisceratas

1857 2273 2004 2328 ferri.
2038 2273 2108 2327 Μ.
2141 2273 2370 2327 Casaue.

1764 2406 1777 2415 .
1862 2404 1865 2406 -
1930 2366 2042 2437 (12)
2094 2365 2273 2420 Portat
2313 2366 2367 2419 in
2398 2379 2569 2417 cavea.
2618 2360 2977 2426 Ptenitcntes,
3010 2356 3131 2427 quia
3159 2370 3263 2410 non
3296 2368 3440 2408 com-

1859 2439 2222 2493 mnnicabant.
2261 2439 2486 2491 ALBASP.

1925 2509 2055 2564 Ibid.
2091 2509 2231 2562 Alias
2260 2524 2375 2561 aves
2399 2508 2600 2561 clausas
2628 2512 2794 2571 portat
2826 2503 2876 2554 in
2923 2516 3071 2553 cavea
3093 2541 3107 2565 ,
3138 2508 3183 2552 et
3207 2498 3430 2571 viscera-

1856 2591 1951 2634 tas.
1979 2580 2066 2635 Fr.
2102 2579 2342 2637 Baldubti
2370 2579 2533 2632 editio
2558 2591 2594 2628 ιι
2624 2568 2637 2627 ἱ
2663 2572 2725 2626 In
2752 2588 2903 2627 cavea
2926 2574 3185 2625 viscerata.
3213 2568 3435 2622 Videtur

1854 2667 1918 2705 ex
1952 2652 2188 2719 vestigiis
2238 2649 2481 2703 lcetionis
2514 2648 2737 2719 vulgata:
2779 2642 3078 2719 iaciendltm
3111 2639 3295 2719 εᾼιίαδ
3322 2654 3436 2691 aves

1853 2722 2051 2776 clausas
2075 2711 2237 2791 portat
2266 2722 2317 2773 in
2340 2736 2487 2773 cavea
2503 2736 2520 2783 ;
2548 2727 2594 2771 et
2616 2716 2690 2770 bis
2714 2723 2944 2791 cepi-atas.
2980 2711 3229 2767 Barthius
3254 2723 3437 2765 emen-

1854 2793 1944 2848 dat
1968 2811 1981 2845 :
2008 2786 2243 2846 In'cavea
2271 2801 2317 2844 et
2346 2791 2455 2843 visu
2483 2800 2714 2843 aeratas.
2747 2786 2963 2840 luet-2m.

1929 2863 2045 2932 (15)
2076 2863 2214 2916 Olim
2240 2861 2529 2915 exstinctus.
2563 2856 3017 2932 lleltaptiaatioue.
3047 2854 3269 2932 ᾼιιιλεῐι.
3379 2921 3391 2932 0

1852 2990 1865 3007 ,ί
1930 2924 2046 3007 (Μ)
2080 2934 2333 3007 Πιίαρείρῑ
2354 2932 2579 3007 vivarum
2612 2924 2884 3007 rotantia):
2903 2924 3218 3007 firitplicitas
3254 2924 3430 3007 possit.

1854 2992 2168 3062 Ex‘meliori
2198 2992 2495 3071 exéutplat-i
2526 3000 2755 3071 restituit
2786 2996 2871 3050 Fr.
2903 2992 3210 3071 Balduiuus,
3243 3001 3299 3045 ut
3345 2992 3435 3046 de-

1851 3079 1955 3147 cipi
1976 3078 2148 3131 avium
2174 3064 2455 3133 natantium
2482 3070 2783 3136 simplicitas
2808 3068 2985 3139 possit.
3021 3064 3231 3120 lucem".

1926 3168 2040 3237 (15)
2073 3166 2287 3221 Cantent
2318 3164 2507 3237 alieno.
2556 3160 2686 3230 Quit
2739 3160 3061 3228 pmnitentos
3089 3157 3143 3237 in
3173 3153 3433 3218 Ecclesia,

1854 3231 1953 3295 nec
1981 3231 2148 3307 loqui,
2178 3252 2277 3291 nec
2298 3236 2586 3305 quidquam
2613 3245 2774 3301 agerc
2804 3236 3075 3300 poterant.
3120 3231 3345 3281 ALBASP.

1925 3329 2040 3402 (16)
2068 3329 2219 3402 Tales
2251 3337 2365 3382 sunt
2386 3342 2511 3394 quos
2535 3335 2621 3377 aut
2650 3322 3062 3402 rebaptizatione‘,
3085 3328 3187 3374 etc.
3221 3319 3318 3384 Qui
3348 3332 3441 3402 vo-

1858 3388 1943 3457 let‘
1962 3388 2062 3454 hoc
2086 3401 2323 3454 retinere
2348 3438 2361 3459 ,
2400 3388 2503 3466 per
2534 3411 2619 3449 me
2666 3388 2846 3448 licebit
2874 3394 2984 3466 illi.
3012 3389 3140 3445 Cum
3166 3400 3339 3466 tamen
3368 3388 3439 3466 de

1856 3472 2071 3541 perditis
2104 3473 2189 3525 hic
2219 3460 2487 3541 loquatur,
2520 3468 2649 3541 etin
2681 3465 2972 3541 perniciem
2998 3477 3146 3514 suam
3176 3460 3439 3541 seductis,

1856 3529 2085 3611 cumque
2119 3542 2211 3596 lib.
2243 3529 2383 3594 n'de
2421 3529 2728 3611 Plenitcntia
2755 3537 2986 3611 sauciare
3013 3547 3174 3611 super
3200 3530 3297 3583 hac
3325 3529 3439 3611 ipsa

1858 3630 1917 3669 re
1946 3602 2161 3677 dixerit,
2189 3611 2345 3665 fallor
2367 3616 2457 3661 aut
2486 3608 2570 3661 hic
2594 3608 2754 3677 etiam
2780 3604 3050 3677 sauciastis
3068 3602 3440 3677 qttant_socitts-

1856 3687 1920 3741 tis
1959 3670 2270 3737 verius'est.
2304 3681 2395 3735 Sui
2440 3690 2617 3731 tamen
2667 3676 2892 3743 quisque
2939 3672 3147 3743 fruatur
3192 3670 3439 3743 libertate

1851 3755 2061 3824 judicii.
2092 3753 2261 3807 Favet
2290 3760 2464 3824 tamen
2495 3748 2647 3824 nobis
2677 3741 2817 3824 quod
2848 3745 2897 3795 in
2932 3741 3438 3824 principe'editioue

1854 3811 2122 3879 sauciastis
2170 3837 2275 3877 ιιοιι
2301 3820 2551 3874 sociastis.
2592 3817 2659 3870 M.
2691 3811 2919 3868 (lassae.
2956 3811 3040 3865 lta
3069 3812 3355 3865 restitutum
3377 3827 3437 3863 αι’

1855 3912 1981 3950 "HS.

2527 4002 3393 4032 HM

1122 4133 1232 4204 99
1284 4126 1361 4202 (ί)
1392 4147 1721 4219 LIBER
1792 4139 2341 4218 SEPTIMUS.
2398 4118 2482 4191 (ε)

173 4310 234 4368 In
270 4313 368 4367 hoc
411 4310 684 4366 novissimo
728 4310 857 4365 libra
893 4310 1194 4377 continetur,
1224 4308 1519 4362 Traditores
1563 4306 1651 4376 qui
1696 4305 1747 4358 in
1778 4303 1941 4376 primo
1970 4301 2142 4355 libello
2173 4298 2261 4353 sub
2293 4295 2574 4351 nominibus
2601 4294 2707 4346 suis
2730 4303 2773 4346 et
2801 4290 2922 4344 locis
2964 4297 3008 4341 et
3050 4286 3448 4378 con[essionibus

235 4416 353 4461 sunt
384 4406 739 4470 demonstrati,
769 4420 868 4458 non
897 4417 1045 4474 grave
1072 4414 1092 4439 ε
1128 4413 1390 4473 peccatum
1420 4400 1671 4465 habuisse,
1691 4398 1777 4469 qui
1799 4397 2112 4461 necessitate,
2147 4410 2245 4448 non
2268 4392 2526 4447 voluntate
2546 4387 2880 4461 peccaverint,
2906 4384 3034 4437 bono
3062 4382 3266 4436 unitatis
3295 4381 3444 4435 etiam

241 4499 365 4553 tales
416 4498 469 4551 in
500 4496 853 4551 communione
895 4494 1053 4566 recipi
1083 4494 1323 4564 potuisse.

240 4635 278 4690 Ι.
324 4634 622 4688 Donatistas
668 4629 837 4686 minus
883 4631 1064 4686 noxios
1102 4647 1209 4685 esse
1247 4638 1294 4684 et
1340 4631 1406 4684 ad
1434 4628 1747 4683 communio-
1774 4632 1826 4691 Ι)
1855 4624 2144 4680 Ecclesiam
2185 4621 2622 4683 demonstratam,
2656 4626 2773 4686 post
2822 4612 3059 4683 repulsas
3086 4624 3213 4680 quas
3241 4610 3447 4677 ingere-

173 4745 281 4781 nem
311 4728 521 4799 facilius
549 4727 749 4780 admitti
781 4741 946 4795 posse,
979 4741 1128 4794 quam
1174 4740 1345 4778 eorum
1385 4735 1618 4795 parentes
1649 4733 1755 4775 tm-

175 4822 377 4878 ditionis
403 4838 540 4876 reos.
566 4850 634 4861 --
661 4819 787 4875 Post
817 4817 1125 4875 Traditores
1154 4826 1399 4874 ostensos
1429 4827 1483 4873 et
1520 4825 1759 4872 sanctam

1865 4720 1999 4774 batis
2026 4715 2342 4778 calumnias,
2374 4723 2422 4767 et
2455 4720 2572 4780 post
2614 4717 2825 4779 peccata
2855 4715 3046 4766 vestra,
3092 4716 3208 4769 qua:
3255 4715 3281 4753 a
3330 4699 3443 4752 Deo

1870 4812 2138 4883 increpari
2165 4803 2679 4865 merueruntordine
2707 4814 2834 4863 suo;
2868 4806 2919 4852 et
2964 4795 3173 4851 iteratio
3205 4792 3228 4829 ι¹
3261 4806 3445 4845 sacra-

1417 4927 1794 4985 LECTIONES
1831 4925 2237 4983 VARIANTES.

235 5032 257 5091 ς
296 5030 347 5079 1η
373 5043 464 5079 ms.
492 5028 547 5091 ὃς
571 5027 629 5078 G.
654 5038 817 5091 graue.

233 5090 260 5130 ἀ
293 5092 346 5141 In
371 5105 491 5141 mss.
516 5089 569 5140 C.
598 5084 721 5139 et'S.
751 5088 809 5139 G.
836 5086 1106 5140 traditione.
1130 5087 1185 5137 In
1208 5101 1299 5137 ms.
1319 5089 1371 5136 S.
1398 5087 1451 5136 Τ.
1481 5084 1680 5135 ratione.
1703 5084 1759 5133 In

174 5166 262 5206 ms.
285 5154 343 5205 Ρ.
368 5155 422 5205 S.
448 5151 679 5205 cratium.
699 5151 797 5202 Nos
819 5164 880 5201 ex
901 5154 1182 5215 conjectura
1206 5150 1524 5210 restituimus,
1550 5145 1759 5206 iteratio;

1862 5034 1974 5069 nam
1994 5021 2072 5069 hic
2088 5016 2388 5077 singulorum
2410 5013 2639 5077 librorum
2658 5008 2938 5077 argumenta
2960 5002 3195 5077 percurrit
3212 4998 3436 5077 Optatus,

1867 5066 2262 5139 Ei'iiéstgmn‘ius
2286 5076 2447 5139 verbis
2465 5066 2799 5139 argumentum
2824 5066 2928 5113 libri
2949 5066 3126 5126 quinti,
3154 5066 3200 5110 in
3223 5074 3320 5123 quo
3340 5066 3441 5122 agi-

1868 5151 1945 5193 tur
1965 5144 2027 5190 de
2046 5131 2290 5191 iteratione
2308 5131 2541 5197 baptismi.

1501 5248 1859 5308 VARIORUM
1896 5247 2122 5302 NOTAE.

241 5355 319 5425 (l)
360 5351 682 5425 Suspicatus
708 5365 825 5425 sum
853 5348 1137 5425 aliquando
1168 5347 1310 5400 hunc
1341 5345 1668 5425 _Librunm_qui
1700 5356 1753 5399 et

176 5424 225 5478 in
249 5415 489 5477 editione
513 5421 830 5475 Germanica
858 5415 1094 5473 Cocltlaei
1144 5417 1447 5485 praeteritus
1488 5415 1605 5479 fuit,
1648 5432 1751 5468 non

177 5508 290 5547 esse
310 5493 516 5560 Optati,
538 5506 657 5542 cum
691 5490 1043 5556 Hieronymus
1071 5486 1281 5560 nonnisi
1310 5501 1402 5560 se;
1425 5485 1590 5537 libros
1603 5485 1668 5538 ab
1689 5500 1753 5560 eo

175 5556 402 5631 scriptos
432 5575 555 5614 esse
583 5560 802 5617 scribat,
824 5567 876 5610 et
919 5559 1033 5623 ipse
1078 5556 1300 5623 Optatus
1333 5556 1492 5631 |i_b._t,
1541 5557 1751 5631 nonnisi

178 5624 572 5687 sex-librorum
618 5633 986 5697 argumentum
1020 5635 1303 5695 proponat.
1338 5624 1451 5697 Sed
1498 5638 1615 5676 cum
1668 5624 1753 5679 hic

181 5703 333 5758 Liber
352 5700 619 5770 septimus
648 5694 971 5770 reperiretur
996 5698 1046 5749 in
1075 5697 1243 5770 tribus
1263 5694 1454 5761 quibus
1481 5709 1605 5746 usus
1633 5710 1752 5749 sum

186 5765 561 5842 ntanuscriptis
598 5765 1018 5837 exemplaribus,
1050 5774 1098 5821 et
1130 5765 1299 5835 stylus
1328 5778 1519 5833 resque
1557 5779 1751 5821 convc-

1862 5345 1991 5409 niat,
2029 5352 2312 5409 agnoscam
2338 5349 2457 5390 esse
2486 5333 2667 5409 Optati
2687 5348 2699 5385 :
2737 5346 2917 5409 verum
2944 5328 3438 5409 ili-c‘an1_es.s‘c'scri-

1861 5398 2004 5485 ptum
2030 5398 2144 5481 piist
2172 5408 2344 5462 editos
2373 5421 2466 5460 sex
2492 5398 2815 5473 superiores.
2846 5402 2967 5526 Illch
2997 5400 3087 5454 Fr.
3124 5398 3434 5465 Balduiiuus.

2871 5487 3057 5525 ucsnr.

2871 5487 3057 5525 NCERT.

1916 5552 2007 5623 .(2)
2048 5549 2195 5623 Liber
2213 5546 2587 5623 _septinms.__[)e
2619 5546 2717 5599 hoc
2743 5539 3297 5623 Lilll‘U-sepllltlQQliitl
3318 5556 3438 5623 sen-

1861 5609 2095 5681 tiendum
2142 5609 2419 5684 vide-quas
2471 5617 2702 5672 diximus
2751 5613 3209 5738 ubildepscriptis
3235 5609 3434 5679 Optati.

2911 5698 2940 5737 ι]
3013 5698 3080 5735 tu.
