3828 6218
434 228 611 307 ,ιοεπ

1647 217 1888 275 SANCTI
1928 216 2176 274 OPTATI
2216 218 2519 275 EPISCOPI

472 321 752 376 ter-dictum
783 313 975 386 aliquid
1001 310 1175 365 facere
1202 329 1212 362 :
1245 308 1339 364 sed
1367 311 1519 381 pejus
1534 321 1615 365 est
1642 313 1897 366 unitatem
1927 326 2029 365 non
2060 314 2111 371 Α
2136 327 2292 382 quem
2317 329 2419 367 non
2446 314 2608 378 vidit;
2643 315 2686 369 si
2717 315 2929 384 negavit
2954 327 3113 385 quem
3144 326 3250 367 non
3281 310 3545 382 agnovit,
3578 309 3631 363 si
3664 325 3754 363 ne-

470 408 666 465 habere
690 423 808 462 cum
839 402 1027 473 possis.
1056 401 1224 471 Quam
1257 401 1538 463 unitatem,
1563 403 1734 471 ipsum
1761 401 2030 457 Christum

466 500 704 554 videmus
728 494 1076 566 prteposuisse
1103 492 1348 547 vindictae
1376 509 1510 559 suae,
1536 494 1627 564 qui
1651 496 1817 563 magis
1845 510 2032 550 omnes

460 590 753 658 discipulos
775 599 899 639 suos
928 584 1091 641 voluit
1122 583 1173 636 in
1214 598 1319 638 uno
1344 599 1483 650 esse,
1509 600 1667 654 quam
1696 584 1837 654 quod
1864 584 2033 639 oll‘en-

463 696 554 737 sus
584 684 750 736 fuerat
769 678 1068 732 vindicare:
1099 677 1213 749 (l9)
1241 677 1363 732 dum
1391 678 1552 732 nollet
1572 693 1629 732 se
1655 678 1858 748 negari,
1906 693 2030 747 pro-

462 770 605 825 misit
638 783 696 823 se
734 767 872 837 apud
905 768 1115 822 Patrem
1145 778 1458 838 negaturum
1502 784 1639 833 esse,
1669 771 1757 838 qui
1790 786 1849 824 se
1875 784 2033 840 nega-

461 869 542 914 ret
582 868 628 924 “,
677 869 732 915 et
774 858 799 896 δ
826 874 944 913 cum
979 860 1093 913 haec
1126 861 1199 913 ita
1232 872 1253 899 ο
1287 862 1486 931 scripta
1515 864 1643 927 sint,
1685 870 1859 916 tamen
1894 864 2032 917 bono

457 951 674 1006 unitatis
686 952 875 1005 beatus
900 951 1109 1017 Petrus,
1125 953 1207 1007 cui
1232 952 1363 1007 satis
1380 963 1496 1008 erat
1519 953 1563 1008 si
1579 964 1701 1024 post
1720 954 1859 1024 quod
1874 969 2032 1023 nega-

456 1043 549 1109 vit,
570 1043 739 1098 solam
771 1045 981 1099 veniam
1008 1054 1429 1116 consequeretur
1454 1046 1502 1108 ἀ.
1543 1056 1598 1101 et
1622 1048 1862 1120 praeferri
1890 1051 2055 1117 Δροσ-⁸

454 1135 607 1191 stolis
630 1136 877 1191 omnibus
904 1137 1120 1201 meruit,
1145 1148 1195 1192 et
1223 1138 1400 1193 claves
1428 1141 1574 1210 regni
1600 1140 1859 1195 caelorum
1880 1141 2031 1211 102

454 1227 921 1282 communicandas
950 1230 1180 1295 caeteris,
1215 1229 1360 1283 solus
1386 1231 1615 1300 accepit.
1664 1231 1811 1285 Bono
1858 1233 2033 1286 unita-

456 1319 541 1382 tis,
572 1319 873 1388 sepelienda
903 1334 1022 1375 esse
1048 1330 1265 1389 peccata
1290 1322 1415 1377 hinc
1442 1322 1665 1392 intelligi
1687 1322 1865 1386 datur,
1892 1323 2033 1392 quod

450 1411 788 1468 beatissimus
817 1414 1010 1470 Paulus
1046 1415 1334 1485 Apostolus
1355 1416 1515 1484 dicat,
1535 1419 1851 1474 charitatem
1878 1436 2034 1486 posse

453 1502 735 1557 obstruere
764 1505 1156 1560 multitudinem
1205 1520 1585 1577 peccatorum:
1622 1508 1793 1564 Onera
1818 1512 2034 1581 (inquit)

447 1603 613 1648 vestra
628 1595 840 1651 invicem
853 1599 1097 1653 sustinete
1116 1597 1339 1669 (Cal.vr,
1353 1600 1431 1671 2);
1450 1612 1502 1655 et
1531 1601 1636 1656 alio
1659 1603 1777 1658 loco
1798 1605 1871 1657 ait
1888 1623 1900 1658 :
1916 1606 2036 1657 clm-

2135 406 2277 474 gavit
2313 407 2399 460 cui
2449 406 2576 461 nihil
2622 406 2892 475 promisit;
2926 407 2968 459 si
3019 403 3185 459 semel
3217 403 3454 472 negavit.
3489 401 3649 456 Nam
3703 401 3753 453 in

2136 497 2292 553 beato
2318 499 2477 553 Petro
2518 501 2619 552 hoc
2643 513 2812 568 genus
2843 497 3045 565 peccati
3072 496 3360 550 dilatatum
3395 502 3481 548 est
3512 510 3528 545 :
3570 492 3752 562 primo

2135 591 2273 659 quod
2309 606 2428 645 cum
2458 592 2811 660 interrogaret
2850 590 3094 642 Christus
3124 603 3313 643 omnes
3343 603 3511 657 quem
3543 600 3617 641 se
3655 585 3751 640 ho-

2138 684 2310 736 mines
2331 683 2593 747 dicerent,
2623 697 2758 736 unus
2786 682 2918 735 dixit
2940 681 3140 745 Eliam;
3168 680 3308 735 alter
3331 679 3471 734 dixit
3502 678 3751 749 prophe-

3613 215 3756 271 1088

2135 781 2239 826 tam
2267 791 2279 824 :
2316 784 2439 827 tunc
2467 773 2711 827 Christus
2738 772 2945 826 dixisse
2974 771 3168 841 legitur
3194 789 3207 824 :
3242 770 3342 825 Vos
3367 787 3528 839 quem
3557 787 3649 824 me
3668 770 3751 822 di-
3826 814 3828 821 .

2134 866 2249 917 citis
2292 881 2397 918 esse
2424 866 2490 917 εἳ
2534 875 2586 918 et
2614 864 2686 917 ait
2719 864 2795 917 illi
2835 864 3026 918 Petrus
3059 862 3171 916 :Tu
3210 880 3265 916 es
3304 862 3478 917 Filius
3511 862 3627 916 Dei
3656 862 3752 913 viri

2137 957 2347 1030 (Matth.
2383 975 2490 1023 XVI,
2522 958 2587 1012 15
2610 967 2654 1011 et
2685 957 2795 1029 16).
2825 958 2927 1011 Pro
2956 972 3055 1025 qua
3097 957 3374 1027 agnitione
3412 956 3645 1011 laudari
3686 954 3752 1009 ab

2133 1063 2199 1102 co
2230 1050 2423 1103 meruit
2450 1047 2472 1085 lt
2502 1066 2514 1101 :
2544 1049 2679 1103 Ecce
2716 1047 2729 1085 ί
2772 1049 2984 1104 caeteris
3026 1063 3131 1103 non
3178 1048 3619 1119 agnoscentibus
3665 1047 3753 1101 Fi-

2135 1139 2261 1193 lium
2295 1140 2407 1205 Dei,
2448 1140 2594 1194 solus
2624 1140 2812 1194 Petrus
2842 1142 3082 1212 agnovit.
3110 1138 3319 1197 Deinde'
3348 1141 3451 1195 sub
3476 1141 3576 1197 die
3628 1155 3751 1210 pas-

2135 1235 2323 1299 sionis,
2350 1248 2468 1288 cum
2493 1233 2699 1289 diceret
2727 1234 2971 1288 Christus
3002 1252 3014 1288 :
3050 1234 3182 1289 Ecce
3216 1246 3393 1290 teneor
3434 1244 3481 1289 et
3527 1235 3751 1305 fugietis

2137 1347 2307 1384 omnes
2332 1327 2542 1400 (Matth.
2568 1345 2709 1393 xxu,
2735 1329 2849 1399 δί).
2874 1328 3199 1384 Tacentibus
3228 1331 3461 1393 ceteris,
3489 1330 3661 1384 solus
3686 1342 3745 1382 se

2136 1422 2381 1494 promisit
2413 1437 2516 1476 non
2547 1436 2884 1477 recessurum
2917 1440 2929 1474 :
2964 1422 3030 1476 de
3061 1422 3399 1492 prmscientia
3431 1421 3616 1476 Filius
3650 1420 3747 1474 Dei

2137 1515 2244 1569 ait:
2299 1513 2469 1581 Petre,
2516 1523 2785 1585 antequam
2819 1515 2989 1585 gallus
3021 1524 3218 1580 cantet,
3270 1523 3347 1568 ter
3387 1530 3469 1567 me
3524 1511 3748 1571 nequitis

2140 1606 2302 1679 (Ibid.
2346 1605 2460 1677 δι).
2518 1606 2768 1661 Additum
2821 1616 2902 1661 est
2954 1606 3094 1660 aliud
3126 1606 3200 1659 ad
3249 1604 3461 1675 pondus
3497 1602 3743 1674 peccati.

446 1685 573 1740 ritus
586 1689 1273 1759 magnanimisestxltaritas
1286 1693 1496 1763 benigna
1510 1696 2038 1751 esl.°cltaritasnonze-
2068 1693 2115 1751 B
2145 1700 2467 1770 promissum
2491 1700 2699 1755 scilicet
2720 1700 2860 1770 quod
2891 1714 2995 1754 non
3026 1709 3141 1754 erat
3168 1698 3511 1767 impleturus.
3541 1696 3745 1750 Postea

427 1777 589 1857 tatur
606 1780 855 1833 :cltaritas
878 1796 977 1834 non
998 1782 1237 1851 inﬂatur:
1256 1799 1354 1837 non
1378 1786 1556 1853 quaerit
1580 1802 1692 1855 qua:
1715 1804 1806 1840 sua
1837 1798 1954 1841 sunt
1996 1788 2039 1856 (Ι

452 1870 571 1926 Cor.
594 1889 707 1939 xtn,
723 1874 756 1927 4
774 1884 820 1928 ει
842 1871 896 1943 5)
919 1892 930 1926 :
951 1884 1005 1929 et
1021 1876 1319 1931 benedixit.
1338 1876 1460 1930 Haec
1484 1878 1622 1931 enim
1643 1881 1819 1935 omnia
1834 1880 2038 1935 viderat

416 1952 419 1955 Α
451 1963 504 2018 in
526 1966 782 2033 apostolis
811 1966 1145 2036 cieteris,qui
1177 1966 1316 2021 bono
1348 1968 1584 2034 unitatis,
1604 1984 1697 2039 per
1717 1964 2034 2026 charitatem

449 2055 737 2111 noluerunt
758 2072 787 2111 a
816 2060 1192 2131 communione
1215 2060 1353 2115 Petri
1389 2062 1664 2130 recedere,
1690 2064 1804 2134 ejus
1830 2065 2036 2120 scilicet

456 2149 546 2218 qui
578 2161 864 2220 negaverat
904 2151 1197 2208 Christum.
1232 2154 1383 2223 Quod
1425 2156 1469 2211 si
1502 2158 1671 2226 major
1700 2168 1843 2213 esset
1887 2176 2035 2215 amor

453 2242 799 2309 innocentiae,
832 2258 989 2312 quam
1029 2244 1230 2300 utilitas
1262 2246 1408 2315 pacis
1432 2260 1486 2302 et
1526 2250 2036 2315 unitatis,.dicerent

455 2347 513 2387 se
560 2348 664 2389 non
694 2334 892 2391 debere
940 2324 1341 2395 communicare
1384 2341 1563 2408 Petro,
1610 2343 1697 2410 qui
1748 2353 2035 2412 negaverat

455 2427 787 2495 magistrum,
840 2438 894 2484 et
944 2430 1037 2485 Dei
1084 2431 1276 2487 Filium
1312 2433 1612 2489 Dominum.
1658 2435 1887 2491 Possent
1928 2454 2033 2493 non

450 2519 845 2573 Communicare
875 2520 954 2590 (ut
973 2535 1130 2590 supra
1160 2523 1360 2578 dictum
1381 2524 1484 2597 est)
1511 2526 1819 2583 beatissimo
1840 2528 2027 2583 Petro:

452 2622 668 2679 possent
694 2623 878 2667 contra
909 2615 1056 2669 illum
1090 2618 1319 2673 recitare
1350 2619 1507 2673 verba
1536 2619 1755 2684 Christi,
1785 2622 1872 2691 qui
1914 2638 2034 2691 pro-

453 2701 673 2757 miserat
700 2713 1014 2775 negaturum
1047 2722 1106 2763 se
1136 2724 1255 2764 esse
1283 2710 1432 2777 apud'
1450 2710 1683 2777 Patrem,
1716 2728 1836 2767 eum
1869 2713 2033 2783 quise

452 2804 635 2847 coram
663 2793 966 2854 hominibus
992 2810 1259 2871 negasset.
1318 2803 1393 2857 Ad
1426 2819 1580 2873 quant
1615 2804 1838 2861 formam
1877 2807 2035 2863 debet

452 2883 741 2956 diligenter
768 2890 967 2946 attendi
995 2910 1007 2946 :
1061 2894 1127 2949 de
1155 2911 1257 2964 qna
1288 2896 1413 2950 dum
1449 2914 1612 2965 pauca
1644 2914 2029 2967 commemoro,

454 2976 624 3048 ipsius
652 2981 821 3036 sancti
853 2981 994 3038 Petri
1024 2984 1297 3042 beatitudo
1324 2990 1531 3043 veniam
1567 2992 1784 3058 tribuat,
1813 2994 1855 3046 si
1904 2993 2031 3049 illud

2141 1807 2298 1862 quam
2330 1792 2379 1845 in
2409 1792 2627 1847 domum
2652 1792 2867 1861 Caiphae
2885 1791 3074 1846 ductus
3095 1789 3457 1853 estChristus,
3487 1788 3561 1842 ad
3582 1804 3741 1842 men-

2139 1898 2319 1937 suram
2348 1884 2525 1938 delicti
2570 1884 2962 1952 complendam,
2992 1882 3058 1937 de
3105 1889 3252 1935 tanto
3293 1896 3523 1936 numero
3556 1881 3740 1933 nullus

2138 1975 2273 2027 alius
2302 1974 2663 2044 interrogatur
2700 1982 2897 2045 prmter
2938 1973 3152 2028 beatum
3198 1972 3421 2043 Petrum
3449 1972 3743 2026 :interro-

2138 2076 2297 2137 gatus
2322 2067 2492 2136 primo
2515 2060 2699 2136 negat;
2733 2067 3090 2136 interrogatus
3117 2065 3313 2120 iterum
3344 2073 3536 2135 negat;
3574 2065 3738 2119 tertio

2138 2158 2271 2212 dixit
2322 2172 2382 2212 se
2424 2156 2694 2211 Christum
2738 2158 2959 2211 omnino
3003 2172 3107 2211 non
3153 2170 3351 2210 nosse:
3392 2166 3449 2209 et
3488 2156 3737 2210 cantavit

2138 2251 2338 2320 gallus;
2390 2266 2494 2305 non
2526 2262 2582 2304 ut
2610 2259 2848 2319 tempora
2891 2259 3048 2304 cantu
3078 2263 3175 2304 suo
3204 2247 3591 2318 distingueret,
3639 2246 3737 2301 sed

2130 2354 2196 2419 tut
2238 2358 2489 2414 peccasse
2534 2360 2592 2398 se
2642 2345 2830 2399 beatus
2877 2344 3064 2399 Petrus
3110 2352 3449 2413 agnosceret.
3484 2341 3736 2411 Denique

2138 2438 2307 2493 doluit
2334 2454 2536 2503 amare,
2566 2447 2619 2493 et
2648 2437 2792 2493 ﬂevit
2830 2438 3078 2493 ubertim.
3107 2437 3272 2503 Ecce,
3316 2447 3374 2492 ut
3416 2451 3584 2507 supra
3615 2435 3734 2491 die-

2138 2541 2247 2585 tum
2275 2540 2377 2596 est,
2404 2532 2615 2588 cteteris
2646 2547 2750 2586 non
2783 2518 3198 2601 agnoscentibus
3227 2529 3273 2597 i,
3298 2529 3445 2583 solus
3468 2528 3733 2598 agnovit:

2136 2625 2347 2679 cteteris
2384 2640 2489 2679 non
2534 2625 2965 2695 promittentibus
2993 2625 3141 2679 solus
3175 2624 3421 2695 promisit
3454 2642 3467 2675 :
3513 2621 3735 2678 caeteris

2137 2731 2239 2771 nec
2281 2716 2448 2771 semel
2482 2717 2839 2786 negantibus,
2877 2724 2959 2771 ter
2991 2716 3139 2771 solus
3178 2717 3423 2787 negavit;
3450 2726 3504 2771 et
3550 2727 3735 2770 tamen

2136 2808 2277 2865 bono
2309 2812 2557 2877 unitatis,
2589 2811 2655 2866 de
2685 2828 2911 2867 numero
2935 2812 3313 2883 Apostolorum
3342 2812 3591 2882 separari
3626 2826 3734 2867 non

2135 2903 2351 2956 meruit.
2398 2902 2545 2958 Unde
2577 2904 2892 2976 intelligitur
2919 2905 3095 2959 omnia
3122 2903 3366 2958 ordinata
3397 2918 3521 2959 esse
3552 2904 3737 2972 provi-

2135 2992 2315 3048 dentia
2344 2994 2661 3064 Salvatoris,
2696 2998 2883 3067 utipse
2912 2997 3394 3067 aceiperetclaves.
3430 2997 3735 3053 latet-clusa

452 3086 879 3132 commemorare
906 3079 1090 3134 videor
1106 3082 1245 3152 quod
1273 3083 1467 3138 factum
1497 3097 1711 3141 constat
1736 3098 1788 3143 et
1807 3090 2033 3158 legitur:
2062 3070 2109 3134 (ἶ
2139 3095 2220 3143 est
2260 3088 2476 3145 malitia:
2523 3090 2630 3157 via,
2674 3106 2741 3145 ne
2785 3091 3015 3162 apestoli
3059 3092 3243 3147 animo
3287 3090 3561 3146 licentiam
3589 3092 3753 3162 judim

453 3161 637 3220 dubito
664 3165 844 3222 dicere
875 3184 1127 3238 peccasse
1161 3183 1357 3228 tantam
1389 3178 1763 3245 sanctitatem;
1797 3181 1888 3235 sed
1920 3182 2035 3252 ipse

455 3253 557 3311 hoc
595 3255 791 3313 factum
842 3262 1059 3329 probat,
1108 3265 1200 3334 qui
1243 3275 1298 3321 et
1336 3267 1503 3322 doluit
1540 3285 1741 3337 amare,
1794 3281 1847 3327 et
1893 3272 2041 3328 llevit

456 3348 711 3416 ubertim,
738 3353 828 3422 qui
857 3369 955 3409 nec
987 3356 1191 3413 doleret
1221 3374 1320 3413 nee
1347 3360 1519 3423 ﬂeret,
1551 3365 1594 3416 si
1624 3365 1768 3419 nulla
1800 3367 2035 3422 interve-

456 3440 621 3495 nisset
649 3441 893 3500 oﬂ'ensio.
931 3446 1110 3503 Potuit
1134 3460 1155 3487 υ
1182 3452 1364 3520 utique
1389 3463 1548 3524 caput
1574 3458 1940 3527 apostolorum
1968 3461 2038 3515 ita

453 3544 512 3586 se
537 3533 857 3602 gubernare,
891 3548 945 3592 ιιι
974 3540 1105 3595 nihil
1146 3542 1445 3600 incurreret
1485 3549 1624 3618 quod
1659 3550 1868 3607 doleret
1900 3570 1911 3604 :
1946 3554 2037 3608 sed

456 3623 573 3680 ideo
607 3627 722 3699 (20)
775 3630 824 3683 in
858 3647 963 3687 uno
998 3633 1153 3687 titulo
1197 3636 1311 3705 ejus
1362 3638 1527 3692 multa
1559 3623 1815 3697 videntur;
1837 3653 2037 3713 errata,

455 3726 509 3770 ut
560 3730 738 3788 posset
779 3724 989 3778 ostendi
1034 3726 1176 3781 bono
1225 3730 1442 3784 unitatis
1481 3732 1660 3788 omnia
1689 3735 1888 3799 debere
1930 3737 2039 3793 Deo

454 3811 676 3866 servari.
711 3814 775 3867 Et
820 3818 1003 3870 nescio
1041 3833 1109 3872 an
1159 3818 1211 3873 in
1243 3823 1415 3876 altero
1445 3822 1547 3879 hoc
1586 3842 1755 3897 genus
1806 3828 2032 3898 peccati,

457 3901 585 3957 tanti
635 3904 888 3973 ponderis
931 3922 1051 3964 esse
1102 3913 1285 3977 possit,
1336 3925 1538 3984 quanto
1584 3918 1636 3972 in
1671 3918 1827 3974 beato
1879 3921 2039 3977 Petro

458 3990 622 4048 fuisse
654 3997 993 4053 manifestum
1026 4013 1129 4056 est.
1160 4003 1412 4075 Quisquis
1434 4008 1575 4062 enim
1611 4011 1747 4067 forte
1774 4013 1827 4067 in
1860 4016 2039 4087 aliqua

458 4088 833 4154 persecutione
883 4095 1092 4161 negavit
1136 4094 1334 4176 Filium
1379 4084 1495 4166 Dei,
1542 4102 1593 4154 in
1640 4084 2043 4176 comparatione

460 4176 603 4236 beati
644 4181 785 4238 Petri
823 4184 1087 4243 videbitur
1125 4188 1295 4246 levius
1321 4171 1368 4229 ’ί
1413 4192 1702 4265 deliquisse
1744 4171 1794 4252 si
1838 4202 2049 4271 negavit

2137 3180 2291 3235 candi
2322 3183 2696 3252 conciperent,
2728 3192 2783 3239 et
2828 3199 3020 3241 severe
3047 3193 3456 3241 contemnerent
3483 3201 3616 3240 eum
3649 3186 3738 3256 qui

2140 3283 2430 3343 negaverat
2457 3274 2749 3331 Christum.
2784 3277 2940 3341 Stant
2969 3286 3046 3332 tot
3076 3278 3414 3342 innocentes,
3444 3285 3497 3332 et
3545 3291 3741 3347 pecca-

2143 3377 2226 3422 tor
2248 3367 2444 3438 accipit
2471 3368 2669 3433 claves,
2705 3377 2761 3424 ut
2792 3369 3013 3424 unitatis
3062 3372 3334 3441 negotium
3384 3370 3735 3423 ionuaretur.

2144 3459 2421 3514 Provisum
2453 3468 2536 3513 est
2572 3457 2627 3514 u't
2654 3470 2905 3529 peccator
2946 3460 3181 3532 aperiret
3222 3462 3628 3525 innocentibus,
3674 3474 3740 3514 ne

2142 3534 2818 3609 innocentes'clauderent
2856 3562 3043 3609 contra
3079 3564 3391 3624 peccatores
3427 3552 3476 3619 li,
3516 3561 3580 3608 et
3622 3568 3741 3622 quae

2143 3646 2446 3700 necessaria
2470 3654 2553 3701 est
2580 3646 2774 3712 unitas,
2814 3661 2935 3701 esse
2978 3662 3083 3700 non
3116 3656 3317 3716 posset.
3348 3647 3472 3701 Haec
3498 3646 3545 3700 si
3574 3658 3730 3702 cem-

2143 3719 2537 3805 memoraretis,
2588 3739 2985 3794 communicare
3024 3742 3333 3810 cupientes;
3374 3740 3591 3811 quando
3633 3755 3736 3794 vos

2144 3833 2417 3889 Catholica
2450 3832 2535 3902 pio
2558 3834 2675 3887 sinu
2706 3833 2980 3904 suscipere
3000 3833 3271 3888 dubitaret
3296 3832 3535 3889 Ecclesia
3556 3833 3582 3886 ἲ
3607 3848 3729 3887 cum

2144 3933 2470 3980 constetvos
2496 3941 2601 3980 non
2632 3925 2912 3980 traditores
2935 3940 3076 3991 esse,
3107 3922 3209 3985 sed
3232 3925 3722 3980 ﬁliostraditornm.

2218 4017 2306 4071 ιν.
2341 4016 2623 4072 Donatistis
2662 4034 2762 4071 non
2791 4028 2957 4071 autem
2989 4016 3267 4072 Cat/tolicis
3302 4018 3568 4087 conuenire
3594 4018 3737 4084 quod

2149 4108 2340 4161 dictum
2363 4118 2430 4161 est
2457 4108 2516 4162 de
2540 4093 2721 4163 muscis
2749 4110 3030 4165 morituris.
3048 4140 3118 4150 --
3145 4109 3279 4185 Nam
3310 4110 3471 4180 aliqui
3492 4124 3555 4163 ex
3582 4108 3736 4162 vobis

2152 4203 2395 4259 volentes
2435 4217 2533 4259 nos
2579 4203 2791 4275 populis
2816 4206 2928 4260 suis
2954 4204 3382 4261 contemnendos
3411 4203 3735 4265 ostendere;

1708 4380 2088 4441 LECTIONES
2128 4382 2533 4441 VARIANTES.

526 4537 565 4602 “7
587 4535 639 4585 In
666 4535 810 4602 editis
832 4537 938 4602 haec
962 4537 1248 4602 adjiciuntur
1269 4552 1281 4586 :
1303 4539 1435 4602 apud
1450 4538 1681 4602 homines.
1704 4543 1759 4591 Et
1786 4554 1879 4593 non
1902 4549 2058 4593 tamen

462 4601 623 4666 nonfse
648 4597 865 4666 promisit
904 4597 1186 4666 partiturum
1217 4597 1509 4663 scripturam
1547 4600 1760 4666 aliquam
1786 4605 1866 4666 qui
1898 4604 2057 4655 tradi-

462 4659 858 4738 dissetlg’grariuls
881 4659 949 4711 est
990 4659 1118 4738 enim
1149 4659 1329 4738 negare
1351 4676 1457 4738 eum
1491 4664 1573 4738 qui
1596 4659 1775 4738 locutus
1798 4659 1884 4738 sit,
1914 4680 2058 4738 quam

462 4722 724 4793 tradidisse
748 4725 893 4774 verba
914 4736 1024 4788 qua:
1046 4722 1230 4775 locutus
1254 4724 1332 4775 sit.
1359 4727 1481 4777 Sunt
1502 4722 1592 4779 ista
1612 4722 2061 4779 manifeste—subdi-

464 4792 587 4834 lttta.
1134 4834 1137 4837 ,
1507 4822 1513 4829 .

530 4846 557 4885 lt
592 4846 647 4895 In
670 4861 781 4898 mss.
810 4848 862 4897 S.
888 4848 947 4898 Τ.
971 4856 1023 4897 et
1047 4849 1102 4898 P.
1131 4852 1184 4899 Β.
1209 4851 1313 4901 sed.

528 4912 548 4939 θ
586 4909 742 4959 Deest
761 4913 808 4960 in
833 4924 922 4960 ms.
949 4914 999 4961 S.
1030 4911 1087 4961 G.

538 4970 564 5010 ιι
596 4971 651 5021 In
676 4985 790 5022 mss.
822 4974 953 5025 S.-T.
988 4980 1039 5025 et
1060 4975 1115 5024 Ρ.
1143 4974 1196 5025 S.
1219 4983 1502 5027 mereretur.

2085 4566 2138 4625 D
2228 4545 2334 4625 ξιιι
2360 4543 2858 4625 ωεεοὲοΣ-ειὲἶοὲ·

2961 4543 3132 4607 potuit.

2228 4606 2250 4645 ί
2281 4606 2333 4657 in
2352 4622 2465 4658 mss.
2488 4608 2543 4655 S.
2562 4608 2619 4659 Τ.
2643 4616 2695 4658 et
2718 4609 2773 4656 Ρ.
2801 4608 2853 4657 S.
2880 4604 3068 4658 videtur
3089 4604 3274 4658 leviter.

2228 4673 2252 4734 β
2279 4670 2331 4718 In
2358 4685 2472 4719 mss.
2502 4675 2554 4720 S.
2576 4672 2635 4722 '1‘.
2656 4672 2783 4720 etP.
2809 4672 2858 4719 S.
2886 4677 2954 4729 tu,
2984 4673 3148 4734 Patre,
3166 4682 3309 4734 quem
3332 4681 3409 4719 me
3428 4679 3524 4721 esse
3547 4667 3687 4721 dicis.

2226 4732 2255 4770 h
2282 4734 2399 4782 Post
2425 4735 2548 4783 istud
2575 4734 2777 4783 verbum
2821 4734 2869 4782 in
2907 4734 3055 4795 editis
3077 4732 3187 4783 haec
3204 4732 3395 4795 adjecta
3434 4738 3537 4784 sunt
3561 4747 3575 4783 :
3601 4732 3739 4795 Quod

2161 4794 2385 4846 instinctu
2406 4795 2493 4846 Dei
2518 4796 2683 4846 Patris
2706 4794 2795 4847 Itoc
2820 4794 3020 4847 dixerit.

2229 4858 2246 4896 ί
2278 4857 2345 4908 Ita
2372 4860 2419 4906 in
2444 4872 2531 4907 ms.
2560 4862 2611 4908 S.
2634 4858 2691 4908 Τ.
2716 4858 2773 4908 In
2799 4859 2920 4916 aliis,
2946 4866 3007 4908 ct.

2228 4920 2241 4969 ι
2274 4920 2332 4983 in
2357 4934 2472 4969 mss.
2501 4922 2553 4969 S.
2580 4920 2638 4970 Τ.
2661 4928 2711 4970 et
2735 4922 2860 4972 P.S.
2878 4921 3089 4979 additur,
3107 4918 3283 4983 ﬁlium.

2223 4984 2251 5020 ιι
2273 4981 2328 5030 Ιιι
2353 4995 2468 5033 mss.
2490 4986 2541 5033 S.
2560 4984 2618 5033 Τ.
2647 4990 2700 5033 et
2721 4984 2779 5033 P.
2800 4983 2854 5033 S.
2871 4981 3187 5047 peccatorem.

1820 5127 2182 5187 VARIORUM
2218 5127 2449 5186 NOTAE.

469 5290 536 5342 tio
564 5288 767 5361 praediti
794 5288 1001 5343 honoris
1028 5297 1073 5343 et
1102 5293 1362 5361 potestatis
1385 5308 1403 5354 ;
1433 5291 1521 5345 sed
1546 5290 1812 5345 exordium
1838 5289 1900 5343 ab
1940 5292 2058 5343 uni-

470 5360 573 5413 tate
596 5360 961 5429 proﬁciscitur,
993 5371 1047 5414 ut
1093 5360 1324 5423 Ecclesia
1364 5362 1553 5416 Christi
1598 5380 1697 5416 una
1729 5372 2057 5425 monstretur,

469 5441 521 5504 et
553 5443 784 5501 pastores
810 5441 925 5485 sunt
972 5449 1163 5493 omnes.
1196 5433 1282 5485 sed
1328 5450 1450 5502 grex
1477 5451 1607 5488 unus
1647 5434 1946 5499 ostenditur,
1974 5435 2060 5504 qui

472 5501 532 5574 ab
559 5503 803 5571 apostolis
830 5504 1062 5558 omnibus
1079 5504 1306 5557 unanimi
1331 5501 1661 5559 ronsensione
1678 5517 1933 5574 pascatur.
1953 5501 2056 5560 etc.

478 5572 568 5627 His
599 5574 757 5628 etiam
788 5576 1005 5645 egregie
1049 5574 1286 5629 concinit
1316 5575 1575 5629 Pacianus
1620 5572 1813 5645 optato
1858 5585 2060 5631 comta-

480 5657 610 5698 neus
657 5647 814 5712 epist.
847 5661 901 5701 ιιι
928 5644 942 5698 ὲ
998 5646 1078 5699 Ad
1107 5644 1317 5700 Petrum
1363 5647 1560 5700 locutus
1586 5644 1967 5713 cst’Dominus,
1996 5647 2064 5702 ad

482 5729 636 5767 unum
674 5715 809 5785 ideo,
855 5726 906 5771 ut
937 5718 1177 5773 unitatem
1202 5718 1526 5789 fundaretur:
1554 5734 1677 5783 uno,
1702 5734 1821 5774 mox
1840 5721 2064 5790 idipsum

2167 5289 2218 5343 in
2237 5305 2503 5344 commune
2524 5291 2842 5359 praecipiens.
2866 5290 3081 5347 lucens.

2238 5359 2353 5432 (19)
2394 5359 2531 5414 Dum
2577 5364 2730 5416 nollet
2772 5380 2825 5418 se
2854 5365 3028 5435 negari
3059 5364 3311 5432 promisit,
3340 5371 3469 5435 _etc.
3502 5360 3734 5419 Promisit

2166 5447 2263 5502 pro
2294 5435 2515 5486 minatus
2557 5444 2668 5506 est:
2710 5445 2765 5488 ut
2795 5433 2932 5503 apud
2972 5434 3280 5490 Luciferum
3322 5433 3495 5492 Calar.
3546 5450 3642 5506 pro
3670 5434 3727 5488 S.

2168 5506 2365 5578 Athan.
2401 5505 2493 5559 lib.
2526 5522 2575 5558 ιε
2601 5503 2750 5560 Sicut
2768 5506 3455 5578 pnomittitspernentibusse
3473 5503 3730 5571 Dubius,

2167 5583 2224 5630 et
2249 5576 2440 5653 iterum
2463 5582 2641 5653 paucis
2668 5579 2965 5653 intersertis
2986 5618 3003 5644 ,
3028 5576 3337 5653 [ualidi
3356 5590 3475 5635 sunt

2170 5658 2373 5720 prapter
2398 5649 2635 5720 delictum
2664 5651 2914 5720 ﬁliorum,
2945 5650 3152 5706 etc.‘M.
3181 5651 3411 5707 Caseus.

2246 5718 2358 5791 (20)
2390 5718 2454 5774 In
2474 5737 2573 5779 uno
2596 5718 2760 5777 titulo.
2791 5721 2845 5777 In
2872 5737 2979 5779 uno
3001 5730 3244 5793 peccato.
3277 5727 3503 5779 Αιιιιιειι.
