3828 6218
75 358 222 413 1089

859 360 944 415 DE
981 359 1369 418 SClilSMATE
1411 360 1946 419 DONATISTARUM
1988 361 2189 417 LIBER
2229 361 2595 419 SEPTIMUS.

3199 366 3341 423 1090

75 470 249 523 etiam
283 470 408 526 illud
431 471 656 527 miscent
689 478 715 508 ι
740 461 1190 543 (Ἣῖιι-εειδιίιηιε
1217 475 1326 528 suis
1351 475 1490 543 quod
1514 489 1543 528 a
1567 474 1664 530 Sa-

1787 475 1945 530 ileum
1974 476 2039 531 de
2065 492 2122 531 se
2150 492 2315 532 suave
2345 477 2435 543 sit,
2467 486 2616 533 vacet
2644 477 2787 548 quod
2811 477 2988 549 agitur
3011 478 3079 534 ab
3111 479 3343 535 homini-

75 559 306 618 lomonc
331 564 591 634 propheta
617 562 818 618 dictum
844 575 924 618 est
951 581 963 618 :
995 563 1190 618 Musca?
1218 567 1480 619 moritura:
1505 577 1665 622 exter-

76 655 288 713 minant
343 657 441 712 olei
499 659 800 713 suavitatem
842 654 1025 730 (Eccl.
1051 675 1115 724 x,
1147 659 1248 730 l):
1300 659 1363 713 Et
1403 659 1665 716 muscas”

76 752 380 806 morituras
419 767 516 807 nos
561 752 836 822 appellant
869 769 881 804 :
914 759 970 806 et
995 749 1106 824 (22)
1140 752 1318 808 oleum
1368 755 1664 820 nominant,

75 841 233 899 illum
268 846 479 901 scilicet
505 845 770 916 liquorem
791 886 804 909 ,
837 846 926 916 qui
968 861 1034 900 ex
1065 846 1282 902 nomine
1311 845 1512 902 Christi
1540 863 1668 920 con;-

75 933 264 1002 ditur;
297 936 437 1008 quod
469 927 701 992 chrisma
746 944 1030 1006 postquam
1059 935 1330 992 conditum
1370 946 1455 992 est
1476 937 1670 992 nomi-

77 1037 263 1084 natur.
287 1029 601 1107 Antequam
634 1028 757 1096 ﬁat,
794 1029 970 1084 adhuc
994 1030 1170 1085 oleum
1204 1041 1287 1086 est
1315 1041 1503 1086 natura
1540 1033 1668 1086 sim-

75 1120 240 1189 plex;
295 1121 388 1176 ﬁet
417 1123 438 1151 ο
479 1135 671 1186 suave,
720 1121 844 1176 dum
1092 1122 1160 1178 de
1206 1123 1423 1179 nomine
1467 1122 1669 1179 Christi

79 1214 358 1269 conditur.
386 1215 529 1287 Ergo
557 1225 667 1272 tres
698 1230 784 1270 res
814 1229 939 1282 sunt
965 1231 1095 1287 quas
1123 1216 1376 1273 Salomon
1407 1217 1668 1290 propheta

79 1306 427 1362 nominavit:
461 1308 667 1376 oleum,
697 1309 1038 1376 suavitatem,
1067 1318 1122 1365 et
1149 1325 1360 1366 muscas
1382 1311 1669 1366 morituras

79 1399 512 1457 exterminantes
561 1406 903 1458 suavitatem.
950 1401 1073 1458 Ista:
1118 1411 1226 1459 tres
1273 1419 1357 1459 res
1403 1405 1520 1460 loca
1574 1418 1669 1459 sua

83 1489 294 1548 habent
323 1492 378 1547 in
405 1493 632 1548 ordine:
680 1495 854 1564 primo
893 1495 1011 1549 loco
1050 1504 1134 1550 est
1176 1496 1389 1550 oleum:
1435 1495 1672 1552 secundo

81 1583 331 1640 suavitas
378 1585 866 1641 de‘conl‘ectione:
913 1587 1099 1652 tertio,
1144 1601 1340 1640 musca:
1385 1588 1671 1642 morientes

83 1679 523 1734 exterminantes
544 1679 883 1734 suavitatem.
906 1678 1155 1749 Quisquis
1173 1688 1255 1735 est
1279 1679 1398 1733 talis
1420 1687 1676 1733 tractator

86 1786 155 1826 cx
199 1767 390 1837 vobis,
442 1762 946 1842 probet‘quomodo
998 1785 1094 1823 nos
1139 1785 1349 1824 muscas
1388 1772 1675 1823 morituras

1766 567 1867 622 bus
1897 568 1942 622 si
1973 569 2041 623 ab
2072 569 2288 624 homine
2318 572 2369 624 in
2410 573 2624 625 nomine
2653 572 2848 627 Christi
2877 571 3179 628 conﬁcitur.
3227 573 3342 630 Non

1767 669 1943 731 potest
1983 661 2121 716 idem
2150 662 2426 730 operarius
2463 663 2595 718 duas
2620 679 2708 719 res
2747 673 3108 734 repugnantes
3137 676 3190 719 et
3217 681 3346 720 cou-

1769 756 1959 810 trarias
1975 755 2132 810 simul
2151 755 2349 811 facere.
2371 754 2536 811 Vobis
2559 758 2868 813 absentibus
2891 760 2934 813 si
2957 759 3271 815 conﬁcimus
3295 771 3343 829 ο,

1768 862 1881 910 non,
1902 847 2320 917 corrumpimus.
2373 846 2427 902 Si
2453 851 2872 921 corrumpimus,
2912 851 3032 922 quis
3077 863 3200 908 ante
3247 828 3382 906 nos!

1769 938 2074 994 confecerat
2122 938 2263 1011 quod
2315 943 2813 1011 corrumperemus?
2862 945 3036 1011 Quare
3080 959 3148 1000 ne
3196 951 3350 998 vacet

1768 1031 1935 1085 dictio
1962 1031 2243 1100 Propheta:
2261 1030 2280 1103 (
2299 1031 2343 1086 si
2376 1030 2447 1084 ita
2477 1040 2557 1087 est
2578 1032 2618 1099 ),
2646 1031 2922 1103 intelligite
2947 1036 3067 1106 quia
3098 1049 3194 1089 vos
3221 1035 3350 1090 estis

1769 1137 1971 1178 musca:
2000 1123 2296 1179 moriturae.
2347 1122 2456 1177 Vos
2481 1123 2626 1178 enim
2654 1126 3047 1182 exterminastis
3074 1143 3179 1180 non
3207 1126 3350 1197 quod

1771 1225 1954 1272 natum
1979 1226 2091 1284 est,
2119 1217 2214 1273 sed
2259 1216 2400 1288 quod
2442 1217 2744 1273 conlectum
2789 1230 2901 1286 est,
2949 1221 3181 1275 suavitas
3207 1222 3349 1277 enim

1771 1308 1967 1379 legitur
1987 1323 2092 1364 non
2116 1318 2304 1364 natura
2329 1323 2486 1380 posse
2511 1310 2803 1380 corrumpi.
2834 1310 3021 1366 Oleum
3052 1313 3192 1366 enim
3222 1313 3350 1367 sim-

1772 1401 1897 1471 plex
1927 1411 2038 1469 est,
2069 1411 2124 1458 et
2150 1417 2343 1459 nomen
2374 1415 2526 1456 suum
2560 1417 2722 1457 unum
2750 1412 2804 1458 et
2841 1403 3113 1474 proprium
3148 1403 3308 1460 habet
3335 1422 3349 1458 :

1773 1495 2074 1552 conlectum
2100 1495 2208 1565 jam
2241 1495 2476 1551 chrisma
2508 1505 2748 1561 vocatur,
2778 1495 2830 1551 in
2854 1513 2959 1567 quo
2986 1505 3067 1552 est
3095 1498 3351 1566 suavitas,
3423 1543 3426 1545 .

1775 1602 1891 1655 quae
1917 1595 2092 1640 cutem
2121 1589 2464 1644 conscientia:
2495 1599 2700 1654 mollit,
2741 1590 2962 1646 exclusa
3000 1589 3194 1644 duritia
3227 1605 3353 1660 pec-

1779 1686 2022 1731 catorum
2050 1693 2063 1729 :
2105 1694 2221 1746 qua:
2246 1679 2495 1738 animum
2522 1682 2740 1735 innovat
2783 1682 2955 1735 lenem
2983 1701 2994 1733 :
3021 1697 3140 1752 qua:
3168 1681 3350 1738 sedem

1778 1769 2002 1842 Spiritui
2043 1770 2238 1824 Sancto
2275 1782 2457 1839 parat,
2490 1781 2549 1826 ut
2599 1772 2850 1826 invitatus
2880 1773 3019 1839 illic,
3067 1775 3355 1843 asperitate

87 1866 352 1936 appellat.
381 1866 436 1922 Si
468 1867 606 1937 apud
632 1881 728 1922 vos
758 1865 953 1936 putatis
985 1879 1105 1920 esse
1136 1864 1524 1920 coniectionem
1555 1879 1672 1933 qua:
1702 1868 1749 1930 B
1776 1859 1975 1930 iugata,
1995 1861 2223 1916 libenter
2244 1861 2540 1918 inhabitare
2565 1863 2833 1934 dignetur.
2860 1864 2985 1918 llaec
3009 1873 3092 1919 est
3117 1867 3353 1922 suavitas

90 1958 184 2014 det
213 1960 342 2015 oleo
367 1963 683 2016 suavitatem
715 1978 730 2015 :
755 1958 892 2029 apud
919 1974 1014 2013 vos
1035 1966 1118 2013 est
1143 1961 1319 2012 oleum
1343 1967 1396 2012 et
1422 1957 1675 2012 suavitas.

91 2049 367 2121 Numquid
404 2067 503 2107 nos
527 2052 948 2108 externtinamus
973 2051 1150 2105 oleum
1179 2059 1414 2120 vestrum
1433 2090 1448 2116 ,
1483 2058 1540 2105 ut
1568 2064 1681 2105 me-

92 2143 198 2212 rito
227 2159 330 2199 nos
357 2158 570 2200 muscas
595 2143 1233 2212 morituras‘appelletis?
1271 2141 1411 2213 quod
1444 2151 1676 2198 vestrum

91 2245 197 2303 est,
223 2236 370 2308 apud
396 2235 487 2292 vos
513 2247 612 2293 est.
635 2235 713 2291 Et
740 2235 786 2291 si
812 2251 841 2291 a
864 2236 1015 2292 vobis
1045 2235 1112 2289 ad
1142 2247 1248 2312 nos
1268 2235 1457 2306 aliquis
1487 2237 1681 2290 transi-

95 2326 227 2383 tum'
255 2327 477 2394 fecerit;
522 2327 640 2402 (23)
676 2329 754 2384 sic
784 2343 812 2382 a
850 2327 1005 2383 nobis
1033 2336 1310 2394 servatur,
1352 2327 1619 2398 quomodo
1649 2342 1687 2382 at

93 2421 249 2477 vobis
298 2420 632 2476 dimittitur:
674 2419 943 2491 quomodo
971 2403 1148 2474 dicitis
1188 2419 1310 2490 quia
1352 2433 1450 2474 nos
1495 2432 1681 2475 sumus

94 2529 299 2571 muscae
324 2513 598 2571 moritura:
627 2515 942 2571 suavitatem
972 2513 1073 2570 olei
1103 2522 1529 2584 corrumpentes,
1558 2530 1678 2571 cum

96 2616 218 2677 post
246 2620 349 2662 vos
395 2606 527 2662 nihil
575 2607 680 2662 tale
725 2606 988 2662 iacimus?
1026 2614 1122 2660 aut
1164 2607 1209 2662 si
1253 2622 1282 2662 a
1321 2606 1473 2662 nobis
1505 2607 1680 2662 dicitis

97 2699 418 2756 suavitatem
448 2699 553 2756 olei
600 2701 870 2770 corrumpi
905 2714 1100 2769 posse:
1135 2698 1249 2771 (24)
1276 2708 1368 2754 aut
1398 2714 1680 2770 possumus

97 2790 336 2861 aliquid,
379 2799 434 2846 et
472 2790 662 2846 damus
704 2791 827 2846 oleo
870 2790 1188 2846 suavitatem
1222 2808 1234 2844 :
1266 2803 1358 2846 aut
1386 2793 1430 2846 si
1463 2806 1559 2846 nos
1581 2833 1595 2857 ,
1625 2802 1681 2847 ut

98 2883 296 2947 vultis,
339 2881 470 2940 nihil
515 2895 843 2952 possumus:
887 2882 1146 2937 remansit
1189 2882 1366 2937 oleum
1404 2883 1506 2938 tale
1537 2898 1676 2951 esse,

99 2975 255 3045 quale
284 2981 342 3030 et
365 2984 549 3029 natum
579 2981 662 3030 est
683 2971 994 3045 :‘quomodo
1023 2973 1199 3029 dicitis
1226 2974 1346 3044 quia
1379 2989 1474 3030 nos
1497 2990 1680 3030 sumus

100 3081 301 3122 musca:
350 3067 662 3132 moriturae,
714 3061 1124 3135 corrumpentes
1181 3064 1512 3121 suavitatem
1544 3067 1681 3121 olei?

99 3155 265 3230 Igitur
293 3160 472 3214 oleum
514 3165 798 3228 antequam
829 3172 857 3209 a
901 3156 1054 3210 nobis
1084 3154 1430 3221 conﬁciatur,
1463 3155 1567 3210 tale
1597 3164 1683 3211 est

1781 1952 1906 2020 olei,
1936 1968 2093 2026 quam
2123 1963 2346 2023 possunt
2372 1969 2570 2009 muscae
2600 1956 2873 2010 moritura:
2901 1970 3267 2026 corrumpere.
3296 1956 3353 2013 Si

1780 2063 1877 2102 nos
1905 2049 2386 2103 exterminaremus
2427 2064 2455 2101 a
2486 2049 2637 2105 vobis
2666 2051 2968 2105 confectum
3000 2051 3208 2119 oleum,
3239 2065 3354 2107 me-

1778 2142 1883 2196 rito
1927 2155 2024 2195 nos
2061 2156 2271 2196 muscas
2302 2143 2591 2204 morituras
2637 2143 2918 2212 appellare.
2950 2144 3216 2213 possetis:
3260 2144 3353 2200 sed

1780 2229 1904 2285 dum
1936 2230 2074 2300 quod
2103 2246 2134 2285 a
2167 2231 2316 2287 vobis
2346 2247 2562 2287 unctum
2593 2241 2706 2299 est,
2747 2234 2849 2288 tale
2876 2249 3172 2301 servamus,
3202 2236 3358 2306 quale

1780 2323 2136 2393 suscipimus;
2190 2339 2388 2380 muscae
2433 2318 2708 2380 moriturae
2747 2342 2867 2384 esse
2897 2343 3005 2382 non
3032 2343 3354 2399 xpossumus.

1780 2414 1885 2471 Sed
1914 2415 2040 2470 dum
2070 2431 2161 2472 vos
2189 2416 2403 2473 invidiae
2435 2419 2840 2489 tempestatibus
2865 2419 3096 2493 impulsi,
3126 2422 3276 2491 quasi
3292 2423 3356 2489 in

1781 2511 1956 2566 oleum
2002 2510 2223 2576 ceditis;
2273 2526 2370 2567 vos
2417 2511 2806 2567 exterminatis
2835 2514 2913 2568 ln-
2941 2512 3359 2583 rebaptizatione

1779 2602 2093 2658 suavitatem
2126 2603 2229 2658 olei
2256 2602 2395 2658 illius
2417 2602 2558 2674 quod
2589 2604 2643 2659 in
2671 2605 2886 2661 nomine
2911 2605 3108 2660 Christi
3129 2604 3376 2664 conlec-.

1781 2682 1891 2750 tum
1917 2704 2020 2761 est,
2051 2695 2196 2750 unde
2215 2695 2564 2752 condirentur
2586 2710 2783 2763 mores,
2812 2696 2951 2752 unde
2967 2699 3354 2754 accenderetur

1782 2778 1961 2845 lumen
1979 2789 2190 2855 mentis,
2211 2787 2275 2845 ad
2298 2790 2585 2846 salutarem
2606 2788 2626 2827 ί
2654 2800 2708 2846 et
2729 2805 2905 2846 veram
2928 2791 3356 2862 intelligentiam.

1784 2881 1890 2937 Vos
1913 2882 2279 2959 exterminatis
2307 2897 2419 2937 rem
2449 2881 2535 2936 ubi
2563 2881 2739 2937 oleum
2767 2882 2865 2936 luit
2888 2892 2941 2938 et
2965 2884 3222 2938 suavitas.
3252 2881 3361 2939 Nos

1784 2973 2055 3043 quomodo
2076 2975 2346 3044 potuimus
2371 2987 2716 3042 corrumpere
2740 2973 3215 3045 suavitatem,quce
3239 2982 3362 3048 ante

1783 3081 1881 3120 nos
1901 3081 1931 3118 a
1961 3067 2105 3120 nullo
2122 3064 2365 3120 confecta
2392 3066 2510 3121 est?
2535 3061 3107 3131 seduxistishomines,
3129 3066 3362 3138 rebapti-

1785 3159 1967 3224 zastis,
1997 3158 2185 3230 iterum
2215 3157 2459 3212 unxistis.
2503 3157 2642 3211 Proh
2672 3157 2856 3212 dolor!
2890 3173 2993 3214 non
3036 3161 3153 3214 sine
3174 3167 3362 3227 morte

101 3252 260 3324 quale
290 3263 343 3326 et
375 3261 556 3308 natum
587 3259 670 3307 est
697 3267 710 3305 :
741 3249 1046 3307 conlectum
1069 3291 1084 3318 ,
1117 3251 1433 3306 suavitatem
1479 3265 1546 3306 ex
1585 3264 1678 3305 no-
1705 3243 1750 3308 C
1783 3258 1982 3316 vestra,
2007 3250 2402 3306 exterminastis
2427 3261 2450 3296 κ
2477 3250 2616 3320 quod
2647 3252 2815 3305 luerat
2842 3250 2907 3308 de
2928 3251 3145 3307 nomine
3162 3251 3361 3307 Christi

101 3347 244 3425 mine
259 3345 461 3402 Christi
482 3344 725 3425 accipere
745 3352 938 3413 potest.
965 3341 1246 3410 Quomodo
1269 3356 1552 3413 possumus
1576 3358 1678 3396 uno

103 3422 293 3495 factetl
330 3446 387 3495 et
427 3422 730 3505 con-licere,
779 3444 833 3492 et
881 3435 1267 3507 corrumpere?
1319 3444 1484 3492 restat
1529 3445 1586 3490 ut
1633 3435 1678 3490 si

1785 3340 2109 3406 conlectum,
2136 3356 2284 3396 more
2312 3352 2635 3412 muscarum,
2659 3357 2778 3411 qum
2798 3350 3084 3412 pereuntes
3107 3343 3363 3398 extermi-

1786 3443 1943 3488 nant:
1976 3432 2086 3503 (25)
2120 3433 2239 3503 quia
2269 3447 2414 3488 mors
2442 3441 2524 3488 est
2561 3443 2837 3503 peccatum
2858 3473 2874 3499 ,
2904 3433 3044 3505 quod
3074 3449 3178 3490 non
3207 3419 3366 3491 habet

1333 3569 1717 3630 LECTIONES
1760 3568 2170 3627 VARIANTES.

166 3712 274 3777 Plu
290 3727 405 3764 mss.
432 3714 485 3777 δ.
509 3712 567 3763 Τ.
588 3719 639 3777 et
663 3713 720 3777 ξ’.
746 3713 798 3763 S.
821 3720 1078 3777 opponunt.

160 3770 190 3848 If
215 3777 270 3848 in
294 3790 409 3848 mss.
435 3776 486 3848 (ξ.
511 3783 564 3825 et
584 3776 637 3828 S.
659 3776 726 3848 G.
739 3782 786 3848 et
805 3770 943 3848 quasi
964 3789 1166 3828 muscas.

168 3843 188 3867 ι
217 3838 291 3888 lta
311 3839 440 3888 hunc
455 3838 611 3886 locum
631 3835 933 3887 restituimus
946 3852 1010 3887 ex
1033 3850 1147 3889 mss.
1172 3840 1222 3888 S.
1250 3837 1308 3888 Τ.
1333 3845 1384 3888 et
1404 3837 1461 3888 P.
1486 3837 1537 3887 S.
1555 3835 1681 3887 male

106 3899 152 3948 in
175 3900 281 3949 aliis
301 3907 356 3949 et
378 3901 427 3948 in
450 3899 614 3960 editis,
635 3897 689 3960 ﬁt
712 3903 774 3949 et.

167 3960 194 4000 εἰ
228 3960 285 4011 lu
307 3974 424 4012 mss.
450 3959 502 4012 C.
525 3968 577 4010 et
598 3959 652 4010 S.
679 3960 738 4012 G.
763 3972 855 4010 uno
877 3966 1125 4012 momento.

1855 3715 1878 3742 ε
1914 3710 1968 3760 In
1989 3723 2100 3760 mss.
2127 3709 2178 3759 S.
2205 3706 2262 3758 Τ.
2291 3713 2342 3759 et
2367 3708 2422 3758 Ρ.
2449 3710 2499 3758 S.
2535 3707 2849 3772 confecinuts,
2877 3717 2927 3760 et
2952 3719 3118 3774 postea
3142 3709 3366 3779 eorrupi-

1788 3787 1967 3904 "Wffin
1991 3847 2103 3882 mss.
2131 3833 2181 3904 ξ.
2292 3841 2342 3904 et
2446 3830 2848 3904 §.ad;salutares
2866 3841 3044 3899 partes.

1858 3900 1882 3936 Β
1917 3897 1970 3946 In
1992 3908 2106 3945 mss.
2131 3898 2181 3944 S.
2209 3894 2265 3944 Τ.
2295 3902 2346 3945 et
2365 3893 2422 3943 P.
2446 3894 2499 3945 S.
2525 3893 2907 3948 extenm'nante's.

1445 4065 1797 4124 VARIORUM
1837 4061 2063 4120 ΝΟΤιΕ.

173 4208 289 4284 (2i)
305 4205 642 4284 Tractatib‘us.
659 4203 1001 4284 Tractare_es_t
1022 4205 1406 4284 Episcoporunt
1418 4208 1691 4284 ,valetqne

114 4277 422 4341 contionari,
454 4277 528 4332 sic
555 4277 876 4333 iractatorem
904 4277 1038 4331 inl'ra
1075 4281 1172 4331 hac
1203 4279 1388 4347 pagina
1416 4277 1570 4343 dixit,
1605 4280 1688 4330 iu~

108 4352 345 4404 sinuandi
375 4350 594 4420 alicujus
620 4349 694 4420 rei
722 4363 897 4420 causa,
923 4365 1024 4401 non
1059 4357 1224 4401 tamen
1272 4347 1526 4420 tractandi
1544 4347 1688 4420 quod

107 4431 174 4491 est
218 4416 591 4491 episc0porum.
625 4416 715 4491 Sic
739 4419 1025 4488 Origenem
1055 4421 1393 4481 tractatorem,
1431 4419 1484 4472 ni
1535 4418 1688 4471 l’allor

113 4489 252 4558 (nam
277 4490 415 4545 liber
441 4489 705 4558 scribenti
742 4502 845 4542 non
874 4498 956 4543 est
990 4491 1054 4542 ad
1089 4492 1347 4555 manum),
1380 4497 1536 4542 vocat
1565 4503 1684 4542 om-

110 4557 248 4614 nium
280 4562 655 4629 episcoporum
681 4557 866 4622 Gallia:
915 4559 1264 4629 politissimus
1295 4559 1556 4628 Sulpitius
1587 4559 1686 4614 Se-

111 4645 282 4686 verus.
307 4633 524 4686 lncnnr.
1148 4679 1155 4684 .

177 4702 290 4773 (εἰ)
336 4701 532 4755 Oleum.
582 4699 656 4773 Ita
698 4698 868 4773 nostri
912 4698 1147 4753 Ineretici
1197 4714 1292 4768 per
1322 4709 1686 4769 contemptum

109 4769 337 4825 chrisma
363 4769 765 4824 vocantoleum.
799 4771 1025 4824 ALBASP.

179 4842 291 4912 (23)
329 4840 417 4896 Sic
440 4838 630 4893 a'nobis
659 4847 904 4912 servatur.
922 4839 1035 4894 Non
1062 4839 1442 4912 rebaptizatur.
1463 4842 1686 4912 Amissa.

178 4909 293 4981 (24)
341 4913 438 4963 Aut
459 4926 748 4981 possumus.
780 4909 836 4963 Si
863 4911 1050 4964 damus
1071 4909 1189 4964 oleo
1221 4913 1563 4974 suavitatem,
1597 4911 1694 4964 ali-

113 4979 230 5050 quid
261 4979 578 5051 possumus.
609 4991 662 5034 et
687 4979 760 5051 ita
801 4994 1088 5050 possumus
1128 4981 1443 5050 baptizare:
1487 4980 1529 5034 si
1561 4981 1690 5038 nihil

115 5049 320 5117 damus,
354 5053 533 5122 oleum
564 5049 705 5119 apud
738 5054 836 5104 nos
869 5066 972 5105 non
1017 5053 1073 5104 tit
1103 5049 1286 5122 suave.
1322 5055 1546 5105 ALBASP.
1603 5108 1606 5111 ,

183 5122 298 5193 (Ξὸ)
336 5121 466 5186 Quia
504 5137 640 5174 mors
676 5129 750 5173 est
795 5131 1072 5193 peccatum,
1098 5132 1201 5176 etc.
1233 5123 1511 5189 Distinguo
1534 5164 1546 5186 ,
1581 5137 1695 5191 quae

117 5192 377 5263 pereuntes
414 5193 772 5263 exterminant.
805 5192 940 5259 Quia
968 5209 1102 5245 mors
1138 5203 1210 5246 est
1250 5205 1536 5260 peccatum,
1560 5193 1693 5262 quod

119 5262 212 5317 nan
240 5265 387 5317 habet
413 5262 809 5331 indulgentium,
837 5265 1078 5332 scriptum
1103 5275 1210 5317 est:
1255 5263 1384 5329 Quia
1405 5264 1491 5331 qui
1519 5279 1693 5331 pecca-

120 5335 258 5398 uerit,
283 5343 392 5389 etc.
424 5335 481 5390 τὸ
503 5336 624 5402 quia
653 5347 683 5385 e
704 5335 980 5400 superiore
1009 5333 1234 5388 fertasse
1256 5333 1518 5387 versiculo
1542 5348 1693 5400 repe—

121 5405 286 5476 litum,
317 5405 409 5459 ubi
431 5408 574 5476 apio
596 5403 722 5476 λέγω
753 5405 871 5473 ὑμῖν
892 5403 988 5464 ὅτι,
1010 5405 1257 5476 etc.ng
1277 5404 1484 5471 plenius
1508 5403 1691 5476 probet

119 5474 288 5542 Optat.
328 5472 491 5529 verba
525 5474 611 5526 illa
636 5472 718 5542 Ade
754 5472 951 5527 muscis
992 5472 1345 5527 morientibus
1372 5475 1691 5525 suavitatem

121 5540 215 5597 olei
247 5540 732 5600 exterminantibus
769 5541 820 5594 iu
846 5543 1151 5596 Donatistas
1181 5553 1509 5609 competere,
1546 5551 1692 5609 post-

159 5629 269 5667 uam
295 5616 405 5682 jam
434 5611 838 5682 prohavit,-illos
859 5614 1173 5665 suavitatem
1193 5613 1295 5664 olei
1324 5626 1692 5682 corrumpere,

159 5629 269 5667 nam
295 5629 405 5682 tam
434 5627 838 5680 pronavtt,-u:os
859 5627 1173 5665 suavttatem
1193 5627 1295 5664 «κει
1324 5627 1692 5680 corrumpere,

124 5627 240 5736 3am
267 5687 370 5737 rite
399 5682 697 5749 baptizatos
716 5680 1136 5749 rebaptizabaut,
1161 5683 1317 5734 etiam
1338 5681 1387 5733 in
1409 5696 1697 5740 eomuscas

129 5751 314 5807 imitari
343 5751 525 5828 addit,
559 5748 705 5828 quod
730 5757 784 5802 et
814 5748 915 5828 ipsi
942 5754 1206 5828 morientes
1237 5751 1287 5804 id
1311 5759 1489 5820 agant.
1523 5752 1698 5828 Quare

135 5832 297 5881 autem
343 5821 613 5878 morientes
659 5821 713 5873 εἰ
764 5821 1036 5876 merituri?
1077 5823 1200 5891 quia
1246 5831 1518 5891 peccatum
1556 5821 1697 5892 quod

1795 4202 2498 4278 rebaptizantesadmiltuut
2520 4244 2533 4267 ,
2564 4219 2663 4257 non
2709 4204 2858 4259 liabet
2897 4206 3287 4278 indulgentiam,
3316 4212 3368 4268 id

1793 4287 1894 4350 est,
1925 4273 2323 4350 irretuissibile;
2346 4283 2621 4342 peccatum
2647 4285 2823 4350 autem
2847 4273 3220 4350 quodcumque
3250 4273 3370 4339 esse

1792 4345 2183 4408 irremissibile,
2212 4357 2422 4398 mortem
2451 4359 2570 4399 esse
2598 4361 2756 4400 nemo
2786 4347 2988 4402 dubitat
3018 4368 3030 4402 :
3065 4345 3156 4404 sed
3193 4361 3367 4409 tamen

1791 4415 1916 4492 hinc
1947 4432 2050 4468 nou
2081 4415 2456 4492 magisliquet,
2485 4418 2712 4492 quamnsi
2747 4417 2874 4472 nihil
2906 4419 3231 4492 adduxisset,
3262 4439 3368 4492 quo

1790 4488 2060 4562 probaret.
2086 4485 2289 4562 peinde
2319 4487 2406 4554 qui
2439 4486 2610 4554 potuit
2636 4487 2859 4555 Optatus
2889 4489 3100 4562 dicere,
3134 4485 3369 4562 rebapti-

1790 4558 2022 4610 zantium
2084 4555 2481 4610 Donatistarum
2541 4566 2856 4624 peccatum,
2912 4561 3200 4615 condonari
3262 4555 3368 4620 non

1793 4628 1992 4700 posse?
2040 4626 2216 4700 Quare
2260 4627 2361 4681 nisi
2406 4627 2740 4700 commodior
2782 4629 2954 4699 aliqua
3001 4632 3368 4700 interpretatio

1795 4699 1984 4752 horum
2013 4698 2298 4769 verborum
2326 4697 2494 4766 possit
2519 4699 2840 4765 excogitari,
2872 4697 3221 4769 expungenda
3266 4704 3364 4758 ista

1793 4770 1970 4842 omnia
1997 4767 2290 4842 putaverint
2319 4771 2795 4842 tamquamfpnria
2816 4809 2828 4831 ,
2859 4767 3098 4839 scriptum
3136 4780 3208 4824 est
3247 4776 3368 4842 quia

1793 4840 1878 4908 qui
1920 4845 2196 4911 peccaverit
2215 4840 2267 4911 in
2309 4838 2564 4911 Spiritum
2587 4837 2831 4911 sanctum
2860 4837 2966 4911 non
2989 4837 3273 4911 remittetur
3299 4848 3364 4910 ei,

1797 4907 1886 4963 nec
1914 4907 1994 4962 hic
2019 4926 2108 4964 nec
2139 4911 2190 4961 in
2213 4907 2388 4977 futuro
2414 4907 2615 4960 stvculo.
2648 4907 2714 4962 Ut
2744 4910 2838 4962 ista
2876 4910 2945 4962 sit
2971 4907 3144 4977 Optati
3178 4907 3370 4969 verbo;-

1800 4996 1917 5034 rum
1949 4981 2213 5052 sententia
2244 4997 2255 5032 :
2282 4979 2671 5045 rebaptizantes
2695 4987 2878 5031 contra
2902 4981 3075 5052 divina
3103 4996 3366 5052 pramepta

1797 5051 2110 5121 gravissime
2139 5058 2362 5121 peccant
2388 5065 2401 5101 :
2425 5055 2700 5121 peccatum
2730 5058 2903 5101 autem
2937 5051 3070 5121 quod
3097 5069 3197 5104 non
3222 5051 3370 5109 habet

1799 5117 2163 5190 indulgentiam
2195 5118 2278 5183 (id
2306 5125 2415 5180 est,
2435 5117 2711 5190 quamdiu
2742 5133 2834 5173 seu
2862 5117 3234 5188 quoilcumque
3263 5141 3367 5178 non

1797 5202 1877 5245 est
1921 5186 2187 5256 expiatum
2219 5195 2273 5239 et
2317 5186 2635 5262 remissum)
2669 5204 2803 5262 inore
2827 5186 2951 5244 ’est:
2984 5207 3111 5262 ergo
3139 5186 3234 5247 vos
3266 5211 3369 5251 non

1795 5262 1911 5332 sine
1939 5255 2110 5332 morte
2136 5263 2462 5332 vestra,‘ctc.
2495 5255 2623 5332 Non
2643 5259 2832 5332 mirum
2859 5255 3127 5327 autemfsi
3160 5262 3367 5332 Lector,

1796 5331 1882 5395 qui
1912 5328 2068 5382 verba
2098 5328 2193 5378 ista
2223 5329 2353 5401 quod
2376 5342 2474 5378 non
2497 5327 2643 5380 habet
2668 5329 3037 5400 indulgentiam
3065 5333 3129 5387 de
3156 5327 3371 5401 peccato

1796 5403 2141 5478 ἀσυγγνωσῖῶ
2184 5400 2268 5451 καὶ
2301 5399 2648 5478 ἀίξνγγωρὴτῳ
2679 5399 2982 5478 acceperat,
3014 5399 3187 5457 loeum
3229 5405 3372 5478 Sergi-

1797 5468 1964 5540 ptui-ae
2004 5468 2189 5537 quieo
2237 5468 2563 5535 pertinebat,
2616 5468 2666 5521 in
2715 5471 2953 5537 margine
2995 5477 3276 5529 notaverit.
3318 5477 3373 5532 ln

1799 5539 2034 5609 margine
2062 5549 2239 5591 autem
2271 5539 2436 5592 semel
2465 5547 2726 5611 notatum,
2758 5550 2939 5606 postea
2973 5542 3021 5594 in
3058 5544 3225 5611 ipsum
3259 5555 3374 5599 tex-

1799 5619 1908 5663 tum
1942 5618 2213 5676 receptum
2244 5623 2384 5672 esse,
2411 5610 2578 5662 multo
2608 5610 2782 5662 minus
2811 5620 2888 5662 est
2923 5611 3060 5678 quod
3081 5610 3368 5669 miremur.

1803 5681 1864 5734 Et
1901 5681 1967 5734 de
1996 5681 2111 5750 istis
2142 5695 2308 5734 sacra:
2339 5679 2626 5746 Scriptura:
2655 5678 2828 5750 verbis
2857 5679 3017 5748 plane
3060 5683 3128 5734 ita
3171 5686 3370 5750 sentio,

1799 5751 1974 5822 locum
2005 5749 2090 5802 hic
2139 5750 2335 5802 habere
2377 5763 2479 5801 non
2515 5762 2686 5816 posse.
2721 5746 2946 5822 Istorum
2990 5762 3165 5806 autem
3195 5746 3371 5822 Optati

1803 5821 2109 5890 verborum,
2137 5822 2296 5880 alium
2323 5833 2439 5878 esse
2461 5833 2702 5885 sensum,
2728 5819 2994 5892 aliamque
3010 5822 3187 5892 Optati
3210 5819 3373 5886 fuisse
