3828 6218
429 326 570 387 1093

1594 284 1835 368 ssuc'rt
1873 304 2124 364 omn
2170 302 2487 364 EPISCOPI

3575 296 3726 354 1096

427 445 475 501 si
501 441 626 514 quid
654 420 797 512 loqui
826 438 1014 512 potuit.
1037 433 1232 490 Contra
1256 428 1574 500 episcopalis
1604 434 1860 480 tractatus
1883 425 2001 492 (31)
2030 430 2082 490 Α
2108 425 2377 479 Romanas
2416 438 2446 478 a
2488 420 2760 493 judicibus
2790 420 2842 476 in
2885 433 3007 475 eum
3050 416 3238 514 debuit
3278 416 3574 514 vindicari.
3610 421 3729 474 Aut

431 537 689 607 probatur
717 534 784 587 ab
814 529 1057 584 omnibus
1087 524 1368 579 sanctitate
1394 521 1653 581 vestitus,
1686 517 2039 571 salutatione-

435 626 639 682 scilicet
665 622 951 693 geminata.
978 616 1092 671 Non
1114 616 1256 669 enim
1286 611 1485 682 aliquid
1511 610 1700 680 incipit
1727 609 2011 679 episcopus

437 719 503 773 ad
533 715 779 787 populum
807 710 1018 772 dicere,
1049 706 1155 762 nisi
1180 705 1356 776 primo
1385 705 1437 758 in
1470 704 1688 757 nomine
1722 701 1814 755 Dei
1845 716 2011 770 popu-

434 811 542 867 lum
585 804 919 861 salutaverit.
964 800 1179 858 Similes
1223 805 1348 854 sunt
1383 796 1560 852 exitus
1596 794 1784 849 initiis.
1828 791 2015 847 Omnis

438 909 693 959 tractatus
720 897 772 952 in
801 894 1039 951 Ecclesia
1061 908 1090 947 a
1120 896 1337 946 nomine
1362 890 1454 944 Dei
1485 888 1766 958 incipitur,
1799 897 1853 941 et
1874 886 2017 955 ejus—

437 992 556 1047 dem
587 987 679 1042 Dei
709 986 924 1041 nomine
952 983 1291 1038 terminatur.
1322 980 1453 1048 Quis
1478 984 1716 1035 vestrum
1748 976 1908 1031 audet
1937 975 2019 1029 di-

438 1097 561 1140 cere
602 1080 989 1150 Episcoporum
1022 1091 1173 1131 more
1197 1117 1210 1139 ,
1248 1073 1535 1129 Macarium
1567 1071 1822 1142 populum
1873 1069 2019 1122 salu-

437 1171 596 1229 tare?
627 1169 789 1241 Igitur
833 1185 955 1224 cum
999 1182 1099 1223 nec
1140 1164 1451 1222 salutaverit
1493 1173 1779 1232 antequam
1821 1158 2018 1228 aliquid

437 1265 777 1336 loqueretur,
810 1277 910 1317 nec
930 1262 1164 1317 salutare
1189 1272 1351 1336 ausus
1373 1257 1474 1321 sit,
1500 1263 1782 1325 postquam
1814 1253 2020 1307 locutus

416 1365 559 1422 est,
602 1369 700 1409 nec
741 1368 957 1407 manum
999 1349 1348 1420 imposuerit,
1399 1360 1498 1401 nec
1538 1344 1861 1400 sacriﬁcium
1909 1342 2018 1395 Deo

433 1451 538 1506 ritu
566 1447 867 1519 Episcopali
890 1445 1184 1501 obtulerit:
1214 1441 1340 1512 quid
1368 1447 1453 1496 est
1480 1438 1621 1510 quod
1653 1437 1830 1492 dicitis
1856 1435 2019 1505 pollui

440 1540 681 1612 potuisse
708 1536 1012 1610 episcopale
1047 1534 1330 1603 collegium
1353 1572 1368 1598 ,
1397 1546 1519 1586 cum
1549 1530 1617 1584 ab
1636 1529 1782 1584 omni
1809 1526 2015 1599 episco-

439 1647 631 1705 porum
654 1630 831 1687 ol'llcio
862 1628 1150 1684 Macarium
1183 1623 1411 1679 videatis
1436 1621 1707 1678 alienum?
1731 1619 1968 1690 Vestigio
1999 1626 2024 1654 ³

441 1725 684 1782 veritatis
722 1723 827 1778 hoc
856 1722 973 1776 loco
1003 1714 1206 1775 calcata
1238 1719 1432 1773 iterum
1457 1725 1632 1771 vestra
1660 1722 1819 1786 caput
1848 1714 2029 1769 levare

2113 516 2158 574 si
2199 516 2376 571 dicitis
2406 529 2505 569 nec
2547 516 2627 570 sic
2674 527 2796 569 eum
2839 511 3237 567 communicare
3274 508 3581 565 debuisse:
3614 525 3726 564 nos

2116 618 2293 664 tamen
2342 624 2449 664 non
2497 608 2741 662 videmus
2781 607 2905 678 quia
2951 602 3139 662 debuit
3182 602 3493 670 abstineri,
3526 604 3623 671 qui
3668 600 3729 656 id

2117 703 2222 757 tale
2260 702 2387 757 fecit
2426 700 2569 770 quod
2612 700 2810 756 factum
2841 707 2923 755 est
2959 714 2989 754 a
3032 697 3214 769 Moyse
3237 738 3253 762 ,
3284 710 3448 766 quem
3487 704 3617 764 post
3645 695 3731 749 νὶα

2104 794 2253 862 τείηιί
2285 792 2386 846 tria
2417 791 2584 845 millia
2616 791 2892 846 hominum
2917 790 3130 858 occisa,
3162 789 3307 845 Deus
3332 803 3441 843 non
3469 798 3732 843 contem-

2119 883 2300 939 nendo
2343 881 2640 946 abstinuit;
2689 883 2783 936 sed
2831 891 2888 935 ut
2935 884 3117 937 secum
3164 881 3477 951 loqueretur
3517 878 3726 935 iterum

2120 974 2384 1030 invitavit.
2414 972 2523 1027 Nos
2564 987 2670 1027 non
2711 972 2953 1029 videmus
2980 974 3358 1029 abstinendum
3388 972 3561 1029 fuisse
3592 988 3725 1029 eum

2123 1068 2211 1137 qui
2240 1065 2363 1120 fecit
2390 1063 2531 1133 quod
2558 1064 2787 1123 Pliinees
2806 1104 2822 1131 ,
2854 1081 3015 1134 quem
3042 1067 3200 1136 paulo
3228 1074 3357 1122 ante
3385 1067 3694 1122 memorari
3712 1109 3728 1135 ,

2121 1157 2213 1228 qui
2258 1155 2325 1212 ab
2356 1156 2472 1226 ipso
2504 1155 2614 1209 Deo
2643 1170 2740 1224 pro
2772 1155 3065 1212 homicidio
3093 1158 3299 1213 laudari
3350 1160 3573 1215 meruit.
3606 1159 3729 1214 Non

2091 1251 2095 1255 ’
2124 1250 2334 1304 videtur
2365 1249 2532 1318 magis
2574 1249 2728 1303 nobis
2776 1250 3128 1306 abstinendus
3159 1251 3329 1308 fuisse
3362 1254 3409 1307 is
3451 1268 3482 1307 a
3511 1270 3624 1324 quo
3671 1254 3729 1308 id

2124 1346 2321 1398 factum
2353 1328 2433 1397 est
2461 1341 2605 1412 quod
2631 1342 2699 1397 ab
2730 1342 2842 1397 Elia
2873 1343 3132 1414 propheta
3157 1347 3245 1414 qui
3280 1355 3361 1400 tot
3387 1347 3556 1402 falsos
3592 1364 3729 1419 pro-

2125 1436 2314 1505 phetas
2351 1433 2583 1489 occidit:
2616 1448 2738 1488 nam
2766 1445 2819 1490 et
2846 1435 2968 1491 illos
2995 1434 3168 1491 falsos
3210 1446 3363 1492 vates
3405 1438 3573 1496 fuisse
3611 1441 3725 1511 jam

2127 1541 2287 1595 supra
2317 1524 2685 1599 probavimus.
2821 1528 2825 1533 ’

2204 1617 2310 1674 Vll.
2354 1618 2641 1673 Macarium
2677 1620 2873 1675 etiamsi
2901 1617 3016 1676 reus
3055 1621 3276 1691 fuisset,
3306 1638 3343 1677 α
3370 1623 3731 1677 communione

2131 1711 2251 1782 pelli
2281 1728 2381 1766 non
2406 1712 2652 1783 potuisse.
2678 1741 2751 1751 —
2775 1711 2879 1768 Sed
2908 1722 2966 1767 ut
3006 1712 3119 1768 lucc
3146 1714 3395 1784 exempla
3433 1715 3726 1781 sileantur,

444 1819 668 1882 videtur
702 1815 923 1871 invidia.
957 1812 1141 1868 Dicitis
1169 1810 1311 1868 enim
1358 1824 1460 1866 nec
1506 1811 1646 1864 inter
1688 1808 1855 1863 laicos
1903 1821 2025 1864 eum
2060 1820 2105 1881 Β
2133 1803 2377 1859 dicamus
2418 1812 2474 1859 et
2502 1820 2603 1859 nos
2628 1804 2768 1875 quod
2793 1804 2971 1860 dicitis
3007 1821 3157 1861 reum
3182 1805 3351 1862 fuisse
3395 1807 3681 1863 Macarium
3714 1827 3727 1861 :

443 1910 843 1968 communicare
882 1907 1154 1963 debuisse.
1195 1902 1451 1973 Equidem
1480 1909 1728 1967 constat,
1763 1914 1884 1955 eum
1909 1940 1922 1965 ,
1970 1906 2028 1952 ut

447 2002 645 2057 Paulus
673 1999 946 2071 apostolus
978 1996 1200 2066 probat.
1236 1992 1536 2063 ministrum
1586 1990 1751 2044 fuisse
1777 1988 1803 2026 δ
1836 1988 2029 2043 volun-

440 2094 571 2149 tatis
613 2092 724 2147 Dei.
755 2091 821 2145 Et
858 2087 983 2159 quid
1017 2084 1251 2141 mirum?
1281 2081 1397 2154 (52)
1424 2082 1469 2136 si
1501 2090 1556 2136 et
1578 2079 1789 2151 judices
1834 2078 2027 2150 pagani

446 2184 680 2243 ministri
724 2181 1016 2239 voluntatis
1059 2179 1149 2234 Dei
1183 2176 1437 2233 :estimari
1484 2183 1829 2241 meruerunt,
1886 2176 2029 2243 Apo-

444 2280 587 2336 stolo
625 2278 838 2335 dicente
869 2292 885 2331 :
919 2274 1039 2329 Non
1079 2274 1189 2327 sine
1227 2286 1380 2324 causa
1417 2268 1586 2342 judex
1613 2268 1840 2339 gladium
1864 2275 2032 2338 portat

449 2373 628 2445 (Rom.
662 2387 755 2427 xm
775 2411 790 2436 ,
818 2369 935 2438 44).
964 2368 1061 2424 Est
1100 2365 1242 2423 enim
1292 2360 1535 2419 minister
1564 2362 1854 2418 voluntatis
1896 2362 1988 2417 Dei
2017 2378 2030 2415 :

447 2481 572 2523 nam
600 2473 655 2521 et
682 2462 943 2520 Macarius
974 2462 1026 2516 in
1059 2473 1157 2514 suo
1175 2456 1338 2529 iudex
1362 2455 1529 2510 fuisse
1552 2454 1848 2510 videbatur.
1880 2453 2033 2521 Quod

447 2558 492 2613 si
518 2570 624 2613 non
664 2563 781 2612 erat
813 2552 978 2625 judex
1017 2552 1070 2606 in
1100 2564 1166 2606 eo
1205 2547 1347 2619 quod
1377 2547 1535 2613 fecit,
1566 2545 1859 2602 secundum
1886 2544 2035 2616 leges

2131 1898 2275 1969 quod
2302 1897 2348 1952 si
2384 1897 2519 1963 'l‘uit,
2564 1908 2882 1952 accusatore
2914 1899 3108 1953 silente
3134 1940 3149 1965 ,
3180 1914 3209 1951 a
3249 1898 3406 1954 nobis
3435 1915 3537 1955 non
3579 1900 3731 1955 licuit

2130 1987 2411 2042 abstineri.
2444 1987 2715 2057 Scriptum
2748 2000 2827 2044 est
2862 1974 3002 2042 enim
3035 1999 3161 2043 ante
3184 1971 3464 2059 ‘wgnithtn
3508 2006 3727 2045 causam

2133 2080 2399 2133 nemiuem
2431 2094 2552 2134 esse
2593 2078 2976 2133 damnandum.
3008 2080 3216 2146 Dicite,
3250 2081 3374 2151 quis
3400 2096 3524 2137 eum
3567 2098 3726 2137 accu-

2131 2170 2269 2226 savit
2291 2212 2306 2238 ,
2336 2177 2391 2224 et
2429 2170 2646 2224 auditus
2677 2185 2783 2224 non
2827 2170 2953 2225 est?
2994 2170 3159 2227 dicite
3190 2172 3483 2227 Macarium
3513 2174 3728 2228 confes-

2133 2280 2252 2320 sum
2298 2280 2417 2320 esse
2457 2263 2668 2334 culpam
2697 2305 2711 2329 ,
2741 2272 2796 2319 et
2834 2273 3070 2343 nostram
3116 2264 3335 2320 siluisse
3364 2267 3729 2321 sententiam?

2096 2382 2103 2389 -
2134 2372 2321 2414 sumus
2358 2358 2500 2412 enim
2533 2357 2646 2427 (3'5)
2674 2358 3097 2429 qualescumque
3120 2357 3334 2429 judices
3364 2360 3415 2415 in
3447 2359 3685 2416 Ecclesia
3710 2404 3725 2427 ,

2136 2453 2278 2523 quod
2309 2463 2363 2508 et
2385 2453 2486 2523 ipsi
2515 2468 2618 2507 uon
2652 2453 2893 2523 negatis;
2932 2452 3047 2524 (54)
3074 2452 3216 2524 quod
3246 2469 3346 2509 nos
3371 2454 3586 2523 iudices
3610 2470 3724 2511 esse

2137 2561 2295 2602 veros
2321 2545 2519 2602 debere
2544 2545 2710 2603 fuisse
2736 2544 3085 2602 contenditis.
3114 2544 3234 2602 Non
3265 2547 3409 2603 enim
3440 2561 3727 2619 possmus

1686 2656 2068 2717 LECTIONES
2106 2658 2525 2718 VABIANTES.

510 2767 540 2797 ⁸
574 2764 717 2829 ltain
740 2774 854 2829 mss.
877 2760 931 2829 S.
957 2757 1015 2809 T.
1043 2757 1177 2829 et},
1205 2756 1258 2808 S.
1288 2762 1435 2819 atque
1458 2756 1523 2805 ita
1547 2752 1835 2817 legendum,
1856 2764 2031 2817 quam-

443 2827 721 2895 visinJaliis
743 2825 979 2895 habeatur
1315 2881 1327 2895 _
1360 2894 1367 2895 ί
1702 2889 1926 2895 --ΛΑΜ
1959 2875 2004 2895 Δ,

512 2888 542 2929 δ
576 2877 846 2953 Sequentia
864 2897 1017 2948 usque
1040 2877 1205 2947 ad_illa
1228 2881 1396 2943 verba,
1430 2891 1661 2946 personas
1695 2889 1927 2943 separare
1949 2877 2029 2929 di-

2246 2760 2409 2815 usest,
2451 2754 2632 2806 desunt
2670 2755 2717 2805 in
2742 2768 2828 2806 ms.
2869 2755 2919 2805 S.
2942 2754 3000 2806 Τ.
3045 2754 3219 2807 Utrum
3257 2755 3508 2807 defuerint
3550 2759 3603 2806 in
3639 2768 3723 2807 ms.

2182 2856 2194 2868 .
2222 2818 2274 2867 S.
2300 2818 2573 2889 incertum,
2598 2831 2709 2867 nam
2735 2820 2796 2867 ab
2817 2818 2909 2869 ltoc
2945 2817 3052 2869 loco
3087 2816 3319 2870 lacerata:
3355 2826 3469 2870 sunt
3504 2821 3609 2883 ejus
3644 2833 3725 2883 po-

2138 2887 2337 2930 stremae
2360 2887 2577 2944 paginae.»

1772 2984 2132 3043 VARIORUM
2162 2986 2398 3052 NOTAE.

450 3087 698 3161 Gregorii
722 3085 790 3144 de
815 3083 1009 3161 eadem
1028 3090 1122 3138 aut
1148 3080 1349 3161 simili,
1394 3094 1512 3161 non_
1539 3076 1860 3161 sacerdotali
1892 3090 2033 3161 prae:

450 3148 716 3220 dica‘tione
738 3156 1045 3231 accipienda
1071 3151 1474 3231 contendimus,
1502 3152 1615 3219 ipse
1643 3149 1869 3231 (ἕτερον.
1893 3148 2035 3231 quod

454 3217 829 3305 prledicationis
856 3217 1359 3305 efﬁciumdixerai,
1390 3217 1538 3305 idetti
1549 3236 1688 3303 .mox.
1710 3217 2036 3305 Evangelica:

460 3291 689 3361 iectionis
732 3291 959 3369 ofﬁciunt
1003 3295 1270 3369 indigitat.
1314 3293 1444 3348 Nam
1493 3291 1729 3369 alioquin
1769 3291 1935 3346 etiam
1983 3302 2038 3345 et

458 3376 689 3431 lectores
731 3363 1184 3441 pradicassepari
1221 3363 1751 3441 jure_coucludamus_
1772 3401 1789 3441 ι
1818 3376 1939 3416 cum
1988 3372 2039 3417 et

458 3447 585 3503 illos
614 3431 847 3498 Isidorus
880 3440 1007 3494 dist.
1034 3431 1101 3490 ‘21
1130 3478 1145 3502 ,
1191 3431 1311 3491 catt.
1338 3437 1360 3489 l
1385 3477 1400 3500 ,
1434 3434 1637 3505 papulis
1667 3431 1789 3501 quid
1828 3448 2041 3502 sequan-

467 3528 580 3581 tur,
607 3509 1215 3585 prtedicare‘perliibeat.
1238 3506 1351 3585 Qua
1379 3507 1585 3585 ratione
1610 3505 1769 3585 etiam
1820 3512 2044 3585 pastores

466 3572 579 3644 eos'
608 3572 928 3653 nuncupari'
954 3594 1109 3653 posse
1151 3572 1703 3653 censeiuAmbrosius
1743 3575 1795 3627 in
1844 3572 2045 3653 ep.‘ad

470 3658 667 3728 Epltes.
696 3644 813 3724 cap'.
838 3651 907 3728 4,
937 3644 1113 3728 quod:
1143 3657 1200 3728 ut
1226 3648 1453 3728 ait_ille,
1482 3644 2047 3728 teciionibur‘pOpuiunt

464 3714 1044 3796 audientem-saginam.
1073 3720 1203 3796 Quis
1244 3718 1387 3796 enim
1424 3718 1617 3796 neget;
1634 3715 1734 3796 nisi
1787 3714 2047 3796 lan’aticus

468 3809 523 3855 et
558 3796 806 3854 novitatis
846 3787 1015 3850 ἔθευ-ο
1050 3788 1299 3861 percitus
1328 3788 1550 3843 verbum
1585 3787 1677 3841 Dei
1719 3800 1825 3861 non
1866 3790 2047 3861 minus

509 3866 753 3924 raedicari
777 3908 791 3930 ,
819 3879 940 3919 cum
970 3855 1161 3933 purum
1195 3871 1376 3933 putum
1404 3875 1436 3914 a
1479 3872 1745 3933 quoquam
1777 3855 1969 3933 legitur
1994 3858 2047 3933 iu

518 3938 710 3997 cclesia
731 3976 749 4003 ,
774 3926 1083 4006 quamcum
1102 3948 1168 3988 ex
1193 3926 1423 4006 amboue
1438 3926 1545 4006 pro
1562 3926 2051 4006 'captusacerdotis

472 3998 752 4081 enarratur
771 3998 889 4081 ἳίλι
926 4003 1225 4081 Cyprianus
1254 3998 1614 4081 (quodhlonge
1640 3998 1865 4081 maioris
1909 3998 2049 4081 apud

473 4068 561 4138 m'e
590 4077 843 4150 ponderis
869 4068 1100 4150 estfetsi
1142 4088 1246 4128 non
1265 4068 1368 4127 ille
1406 4068 1662 4150 diaconos
1688 4069 1841 4150 ullibi
1863 4068 2050 4123 solitos

473 4140 1098 4221 esse'praadieare,'dum
1140 4154 1314 4198 tamen
1345 4156 1439 4197 eos
1479 4144 1555 4196 ait
1583 4156 1648 4195 eo
1693 4140 1909 4221 funcios
1930 4155 2052 4221 esse

476 4210 698 4280 munere
714 4227 797 4288 ,ut
808 4219 874 4272 ad
896 4210 1121 4270 carceres
1150 4223 1485 4288 commeantes
1506 4222 1789 4282 martyrum
1802 4210 2052 4288 desideria

477 4281 854 4353 consiliis'suis,
883 4298 930 4343 et
954 4303 1213 4342 sacrarum
1243 4285 1633 4354 Scripturarum
1675 4281 1938 4354 prwcepIis
1968 4297 2050 4335 re-

440 4357 445 4362 ⁴
478 4373 646 4439 gerent
675 4374 831 4439 atque
871 4358 1243 4439 gubernarent,
1272 4353 1373 4439 ita"
1394 4356 1551 4439 circa.
1575 4353 1838 4439 ﬂuuitgelﬁ
1867 4354 2052 4439 'legein

480 4423 768 4508 ξιιεηίεείηιξ
795 4423 891 4486 eo;
914 4432 1236 4508 instruerent.
1272 4426 1430 4481 Tales
1461 4424 1591 4479 mihi
1618 4425 1828 4508 videtur
1850 4423 2075 4478 ἀθέων

481 4495 642 4573 bere,
680 4503 771 4574 qui
820 4516 924 4557 non
945 4500 1157 4574 indigni
1184 4541 1198 4564 ,
1240 4512 1467 4574 quorum
1518 4495 1810 4574 prudentiae
1851 4510 1920 4574 ac
1964 4510 2050 4548 sa-

2217 3078 2334 3150 (δι)
2371 3078 2625 3134 Probatur
2650 3080 2712 3133 ab
2753 3060 3016 3145 omnibus,
3047 3087 3155 3135 etc.
3187 3078 3452 3135 Vestitum
3483 3095 3615 3138 cave
3643 3082 3723 3137 hic

2147 3165 2244 3219 pro
2277 3152 2596 3222 vestimento
2640 3151 2889 3220 accipias.
2926 3151 3040 3206 Non
3084 3152 3227 3206 enim
3258 3153 3326 3207 de
3352 3154 3545 3207 vestitu
3589 3154 3724 3222 epis—

2068 3197 2113 3260 C
2142 3197 2608 3294 naufraga}:
2640 3197 3227 3289 Ξὲἆᾞίῐῖοῆιᾘὲεὲἱῧέ
3246 3197 3723 3294 quosvis-vastabit;

2143 3301 2429 3348 tractatum
2473 3293 2847 3363 EpiscOpalem
2893 3293 3179 3359 sanctitate
3228 3293 3479 3350 vestitum
3519 3311 3584 3349 ex
3625 3296 3722 3351 du—

2144 3365 2266 3434 plici
2295 3364 2616 3420 salutatione
2646 3380 2938 3434 agnoscere
2962 3373 3017 3419 et
3046 3364 3370 3434 intelligere.
3400 3363 3528 3420 ideo
3552 3376 3721 3421 autem

2145 3449 2274 3489 usus
2303 3446 2386 3489 est
2416 3434 2517 3489 hac
2563 3434 2873 3505 metaphora
2897 3474 2912 3499 ,
2944 3436 3086 3505 quod
3111 3446 3271 3505 antea
3301 3435 3370 3491 de
3400 3437 3537 3492 laico
3578 3437 3723 3493 dixe-

2145 3516 2230 3561 rat
2256 3523 2270 3558 :
2304 3506 2437 3561 nude
2463 3506 2661 3561 locutus
2686 3504 2780 3560 est.
2810 3504 3074 3561 therum
3101 3506 3169 3561 ab
3197 3504 3297 3561 bac
3326 3506 3552 3563 solemni
3589 3510 3725 3563 salu-

2146 3576 2297 3648 tandi
2343 3576 2732 3648 consuetudine
2781 3575 2997 3633 ﬂuxisse
3037 3576 3290 3648 videtur,
3333 3579 3476 3648 quod
3502 3620 3517 3645 ,
3565 3588 3623 3633 ut
3662 3579 3722 3633 ad

2148 3647 2414 3719 Propertii
2461 3648 2531 3719 ιι,
2580 3648 2888 3703 observavit
2937 3646 3207 3719 illustriss.
3259 3646 3535 3719 Scaliger,
3582 3650 3723 3706 locus

2150 3718 2270 3801 ipse
2296 3718 2447 3801 unde
2465 3718 2593 3801 olim
2626 3719 2877 3801 populum
2905 3718 3317 3801 allpqtiebantur
3335 3718 3603 3801 episcopis

2149 3789 2276 3845 tinis
2314 3790 2699 3857 salutatorium,
2733 3798 2787 3846 ct
2815 3789 3017 3846 Grmcis
3060 3792 3383 3917 ἀσῦταςέτῑκὸν
3426 3789 3598 3847 dictus
3636 3791 3718 3847 sit.

2546 3882 2547 3885 η
3091 3874 3097 3878 δ
3171 3899 3185 3913 .
3264 3875 3451 3917 unus.

2546 3882 2547 3885 ‘
3091 3874 3097 3878 ”
3115 3874 3185 3916 Μ.
3216 3874 3451 3917 υΑεΑυι.

2248 3930 2339 4005 52)
2374 3932 2435 3987 Si
2464 3932 2637 4005 sintet
2659 3932 2862 4004 judice:
2895 3933 3083 4005 pagani
3102 3930 3255 4005 ,7'et_c.
3286 3932 3511 4005 Scribe;
3538 3932 3583 4005 si
3614 3934 3722 3987 licet

2144 4002 2346 4073 judice:
2392 4004 2581 4075 pagani
2627 4002 2843 4059 ministri
2865 4002 3155 4069 “natisnatis
3183 4002 3320 4071 Dei,
3349 4014 3455 4060 etc.
3484 4003 3587 4075 Sed
3622 4005 3721 4059 lec-

2150 4082 2322 4128 torem
2370 4074 2684 4145 monemus,
2714 4077 2863 4144 plura
2910 4075 3098 4145 paucis
3143 4075 3292 4133 hisce
3336 4076 3539 4145 paginis
3567 4074 3720 4131 fuisse

2154 4153 2332 4199 errata
2362 4144 2419 4216 id
2454 4160 2654 4214 genus,
2684 4148 2884 4216 quaein
2918 4144 3036 4215 ipso
3069 4154 3213 4201 textu
3239 4144 3555 4216 corrigenda
3578 4161 3721 4201 cura.

2154 4216 2347 4270 vimus.
2376 4215 2496 4269 Mox
2520 4257 2535 4279 ,
2568 4214 2761 4271 nam—et
2791 4214 3052 4271 Macarius
3080 4216 3134 4271 in
3174 4233 3270 4271 suo
3291 4257 3306 4281 ,
3337 4214 3518 4273 mallet
3543 4218 3721 4283 aliquis

2154 4284 2713 4359 fortassetblacarius
2755 4288 2812 4341 in
2858 4291 2994 4359 facta
3037 4303 3161 4352 suo,
3205 4288 3331 4359 vel,
3381 4286 3639 4359 Macarius
3670 4290 3762 4342 iu-

2143 4356 2382 4432 ,διεςιιιοε
2422 4356 2552 4432 Nam
2596 4368 2779 4432 postea
2819 4356 3103 4429 sequitur,
3131 4358 3336 4432 judice:
3379 4358 3721 4432 inﬂecteris,

2154 4427 2248 4483 sed
2271 4443 2370 4497 ego
2392 4428 2538 4500 nulla
2563 4427 2855 4485 mutatione
2876 4427 3009 4500 opus
3031 4427 3151 4487 esse
3174 4444 3393 4500 censeo.
3417 4427 3487 4483 bl.
3508 4430 3717 4485 CASABB.

2226 4500 2342 4574 (5'5)
2376 4498 2569 4574 Sumus
2610 4502 2744 4574 enim
2772 4498 3164 4574 qualescumque
3197 4498 3437 4574 judices,
3470 4511 3571 4555 etc.
3600 4501 3720 4567 Qui:

483 4566 712 4646 Ρίθιιιῖεῐί
744 4572 957 4646 maximi
988 4566 1099 4646 rei
1141 4566 1394 4646 ηιθῐιῖθηιί
1426 4568 1826 4646 ,ςτβςιοςθρωτκ
1851 4566 2046 4646 γθτλιιη
2075 4575 2126 4635 D
2152 4566 2519 4646 superioribus
2561 4572 2751 4646 verbis
2779 4566 2846 4646 de
2890 4566 3139 4628 Macario
3162 4566 3431 4643 tamquam
3460 4566 3720 4646 sententia:

482 4635 553 4703 de
598 4647 680 4701 bis
734 4644 853 4712 plus
904 4642 1032 4697 satis
1082 4644 1182 4695 hoc
1237 4642 1374 4694 loco.
1419 4638 1554 4705 Quid
1605 4639 1761 4712 igitur
1797 4636 1900 4712 _Itic
1932 4635 2051 4712 Op-

484 4725 626 4773 tatus
673 4707 1043 4785 episcoporum
1086 4725 1205 4765 esse
1239 4707 1675 4785 tractare.;_quod
1721 4723 1751 4762 a
1788 4708 2050 4785 Cypriane

484 4798 540 4845 et
586 4779 1008 4843 aliis-tractantes
1045 4779 1666 4850 nuncupanturepisco'pi
1694 4820 1707 4845 ,
1752 4794 1859 4833 non
1907 4779 2047 4834 aliud

489 4858 615 4914 inde
648 4855 823 4925 colligi
853 4867 1010 4925 posse
1038 4860 1195 4922 puto,
1214 4866 1380 4925 quam
1408 4851 1671 4925 episcopis
1694 4890 1707 4913 ,
1738 4851 2050 4925 ut_sutnmis

487 4919 872 4985 sacerdotibus
889 4939 952 4979 ac
995 4919 1259 4990 supremis
1297 4920 1654 4981 Ecclesiarum
1702 4919 2050 4990 moderatori-

487 5002 588 5058 bus
618 4999 706 5072 (de
734 4988 1108 5053 ecclesiasticis
1142 4993 1240 5072 hic.
1264 4990 1553 5072 ioquimnr)
1584 4990 1893 5072 necaninus
1918 4988 2050 5045 doc-

490 5061 638 5128 trina'
659 5070 970 5140 plerumque
1007 5079 1071 5119 ac
1111 5061 1348 5140 meritis,
1380 5077 1538 5140 quam
1569 5061 1822 5131 dignitate
1863 5075 1925 5116 ac
1947 5076 2050 5140 po-

490 5132 686 5200 testate
706 5132 916 5195 caeteris
942 5146 1065 5190 ante
1090 5133 1354 5189 stantibus
1372 5174 1386 5198 ,
1410 5132 1461 5187 id
1490 5147 1709 5197 munus,
1734 5141 1791 5185 ut
1818 5134 2053 5186 amnium

490 5212 863 5285 gravissimum
888 5249 903 5276 ,
929 5216 984 5285 et
1016 5220 1145 5285 vere
1173 5214 1230 5285 ut
1264 5215 1420 5274 poeta
1457 5203 1651 5285 alicubi
1695 5202 1771 5285 de_
1794 5202 2058 5285 Atblautis

488 5272 654 5343 onere
710 5272 1303 5355 ἇχὼςςούκ-ιρἀκαλού-
1325 5276 1611 5355 praecipue.
1631 5272 1938 5355 incubuisse
1962 5316 1986 5355 ,_
2006 5283 2061 5328 et

490 5343 789 5425 aliquandi;
804 5351 953 5425 nefas
985 5343 1147 5405 fuisse
1170 5343 1516 5425 presbyteris,
1532 5343 1795 5425 episcopis
1821 5359 1949 5425 veto
1976 5347 2059 5425 in-

493 5413 729 5497 κιοὶἱυῐηγ
744 5438 805 5480 ac
834 5413 1195 5497 probrosum;
1224 5426 1282 5473 ut
1310 5413 1439 5497 ipsis
1466 5416 1815 5497 pitescntibus
1841 5413 2059 5497 infcrio-

492 5486 567 5553 ἷὶε
607 5496 803 5569 gradus
835 5486 1149 5569 sacerdotes
1185 5486 1750 5569 populutnadorarent
1774 5502 1879 5569 ,"ac
1903 5486 2061 5569 doce-

494 5556 660 5623 rent":
704 5582 808 5622 non
857 5572 915 5620 ut
958 5556 1338 5634 presbyteros,
1389 5559 1548 5634 etiam
1600 5556 1911 5634 absentibus
1949 5558 2013 5611 iis
2040 5599 2054 5623 ,

494 5638 798 5694 concionari
836 5627 1029 5707 μνωίει·
1054 5627 1261 5707 fas—aut
1293 5645 1472 5707 mores
1513 5628 1676 5707 fuerit
1698 5638 1835 5707 2“aut
1860 5627 1913 5681 id
1944 5643 2061 5707 mu-

496 5712 641 5766 neris
671 5718 817 5764 extra
836 5697 937 5762 'aut
959 5719 1119 5775 supra
1144 5703 1379 5775 ipsorum
1413 5700 1612 5756 limites
1657 5697 1821 5755 ollicii
1847 5739 1864 5769 ,
1892 5699 2064 5757 credi-

484 5778 673 5836 'derint
694 5777 915 5857 antiqui.
948 5778 1015 5833 il.
1043 5776 1270 5831 Casaus.

2155 4641 2528 4712 episcoporum
2558 4644 2793 4698 obnoxio
2830 4643 3040 4698 locutus
3064 4651 3181 4699 erat
3205 4683 3220 4709 ,
3246 4641 3315 4699 ne
3345 4643 3565 4699 nimium
3590 4645 3719 4712 epis-

2153 4712 2302 4782 c0pis
2331 4713 2382 4766 in
2431 4713 2663 4783 legatum
2693 4713 3039 4783 ImperatOris
3081 4714 3219 4784 juris
3267 4715 3505 4771 tribuere
3527 4716 3719 4769 videre-

2156 4791 2282 4866 tur,
2306 4785 2449 4853 quod
2478 4786 2728 4841 absolute
2766 4786 2974 4866 digerat
2997 4786 3323 4866 ,_restringit
3360 4786 3470 4856 jam
3500 4784 3565 4866 ad
3602 4800 3717 4866 seu;

2155 4856 2351 4928 tentias
2378 4866 2432 4910 et
2458 4871 2715 4928 censuras
2744 4857 3137 4913 ecclesiasticas
3157 4897 3175 4924 ,
3207 4856 3437 4928 quarum
3466 4858 3545 4912 vis
3571 4866 3624 4912 et
3647 4856 3716 4909 vi-

2154 4940 2249 4995 gor
2289 4926 2356 4980 ad
2402 4944 2589 4983 omnes
2628 4926 2961 4984 Christianos
3009 4926 3338 4985 extenditur.
3363 4928 3515 4984 Dixit
3553 4935 3716 4983 autem

2152 4996 2772 5073 qualescumque__judices
2800 5042 2814 5065 ,
2857 5000 2980 5073 quia
3017 5000 3251 5073 judicia,
3301 5015 3401 5055 vox
3446 4998 3716 5073 ip_sa_,_non

2160 5066 2336 5120 minus
2364 5069 2507 5143 apud
2538 5066 2659 5143 illos
2687 5066 2909 5143 propria
2932 5066 3325 5143 Magistratibus
3352 5066 3713 5143 smcuhribas,

2159 5151 2316 5215 quam
2354 5140 2589 5215 episcOpi
2635 5140 3058 5215 spiritualibus':
3104 5151 3394 5215 utcumque
3438 5141 3541 5197 vim
3582 5140 3715 5197 vocis

2161 5207 2439 5286 utriusque
2483 5207 2725 5286 utrisque
2757 5211 2808 5286 in
2842 5226 2939 5286 suo
2984 5228 3180 5286 genere
3224 5207 3528 5286 competere
3567 5225 3714 5286 nemo

2163 5279 2452 5348 negaverit.
2485 5279 2752 5355 Caeterum
2774 5279 3045 5355 juridictio
3080 5279 3453 5355 episcoporum
3482 5283 3535 5339 in
3564 5283 3712 5339 laicos

2164 5357 2554 5424 et_causarum,_
2602 5351 2835 5424 cognitio
2877 5354 2951 5424 ab
2996 5351 3283 5424 Ecclesia,
3308 5371 3465 5424 quam
3506 5363 3626 5415 uota
3668 5362 3713 5406 et

2167 5419 2361 5497 usitata
2393 5436 2514 5497 _r_es
2543 5421 2595 5497 in
2638 5419 2814 5497 Ktrica
2864 5423 3024 5497 fuerit
3046 5467 3062 5491 ,
3106 5419 3359 5484 vide'vél
3388 5424 3710 5497 Augustinum

2165 5488 2232 5544 tle
2259 5489 2358 5559 Op.
2392 5491 2635 5548 Monach.
2664 5508 2711 5550 c.
2741 5495 2831 5551 29.
2862 5495 2931 5551 Μ.
2964 5488 3192 5553 (lassus.

2236 5559 2349 5636 (734)
2383 5563 2529 5636 Quod
2564 5582 2655 5620 nos
2685 5567 2885 5636 judices
2925 5583 3032 5623 esse
3069 5584 3211 5623 veras
3237 5568 3414 5621 debere
3440 5567 3585 5636 fuisse
3608 5579 3711 5636 eos:

2171 5631 2605 5707 tenditis._Turpe
2629 5631 2879 5693 mendum
2909 5646 3026 5703 est,
3060 5648 3115 5693 tu
3150 5638 3384 5692 feliciter
3411 5631 3535 5707 sana
3555 5652 3570 5707 _:
3591 5631 3709 5705 quod

2168 5718 2259 5768 uos
2300 5705 2505 5777 judice:
2539 5703 2825 5763 severiores
2875 5708 3051 5763 debere
3093 5708 3254 5830 [uilius
3299 5703 3608 5760 contenditis.

2234 5816 2237 5818 -
3190 5790 3388 5830 ncsnr.

2234 5816 2237 5818 -
3166 5790 3388 5833 INCEB‘I‘.
