  <div class='ocr_page' id='page_1' title='image "/cluster/home/n/w/nwhite01/storage/ocr_20150623/11/uva.x000826576/558.png"; bbox 0 0 3828 6218; ppageno 0'>
   <div class='ocr_carea' id='block_1_1' title="bbox 162 227 311 283">
    <p class='ocr_par' dir='ltr' id='par_1_1' title="bbox 162 227 311 283">
     <span class='ocr_line' id='line_1_1' title="bbox 162 227 311 283; baseline -0.007 0"><span class='ocrx_word' id='word_1_1' title='bbox 162 227 311 283; x_wconf 68' lang='grc'>1997</span> 
     </span>
    </p>
   </div>
   <div class='ocr_carea' id='block_1_2' title="bbox 922 225 1771 285">
    <p class='ocr_par' dir='ltr' id='par_1_2' title="bbox 922 225 1771 285">
     <span class='ocr_line' id='line_1_2' title="bbox 922 225 1771 285; baseline 0.001 -3"><span class='ocrx_word' id='word_1_2' title='bbox 922 226 1008 284; x_wconf 84' lang='lat' dir='ltr'><strong>DE</strong></span> <span class='ocrx_word' id='word_1_3' title='bbox 1049 225 1439 285; x_wconf 76' lang='lat' dir='ltr'><strong>SCHISMATE</strong></span> <span class='ocrx_word' id='word_1_4' title='bbox 1482 225 1771 284; x_wconf 69' lang='lat' dir='ltr'><strong>DUNA&#39;I‘IS</strong></span> 
     </span>
    </p>
   </div>
   <div class='ocr_carea' id='block_1_3' title="bbox 1896 225 2683 285">
    <p class='ocr_par' dir='ltr' id='par_1_3' title="bbox 1896 225 2683 283">
     <span class='ocr_line' id='line_1_3' title="bbox 1896 225 2683 283; baseline 0.001 -3"><span class='ocrx_word' id='word_1_5' title='bbox 1896 226 1960 282; x_wconf 78' lang='lat' dir='ltr'><strong>lU</strong></span> <span class='ocrx_word' id='word_1_6' title='bbox 1973 226 2016 279; x_wconf 79' lang='grc' dir='ltr'>Μ</span> <span class='ocrx_word' id='word_1_7' title='bbox 2073 225 2277 281; x_wconf 70' lang='lat' dir='ltr'><strong>LIBER</strong></span> <span class='ocrx_word' id='word_1_8' title='bbox 2318 225 2683 283; x_wconf 78' lang='lat' dir='ltr'><strong>SEPTIMUS.</strong></span> 
     </span>
    </p>
   </div>
   <div class='ocr_carea' id='block_1_4' title="bbox 3315 226 3452 286">
    <p class='ocr_par' dir='ltr' id='par_1_4' title="bbox 3315 226 3452 286">
     <span class='ocr_line' id='line_1_4' title="bbox 3315 226 3452 286; baseline 0.036 -4"><span class='ocrx_word' id='word_1_9' title='bbox 3315 226 3452 286; x_wconf 63' lang='lat'><strong>1098</strong></span> 
     </span>
    </p>
   </div>
   <div class='ocr_carea' id='block_1_5' title="bbox 162 334 3451 419">
    <p class='ocr_par' dir='ltr' id='par_1_5' title="bbox 162 334 3451 419">
     <span class='ocr_line' id='line_1_5' title="bbox 162 334 3451 419; baseline 0.002 -25"><span class='ocrx_word' id='word_1_10' title='bbox 162 340 350 397; x_wconf 86' lang='lat' dir='ltr'><strong>facere</strong></span> <span class='ocrx_word' id='word_1_11' title='bbox 377 341 517 413; x_wconf 89' lang='lat' dir='ltr'><strong>quod</strong></span> <span class='ocrx_word' id='word_1_12' title='bbox 546 356 650 397; x_wconf 87' lang='lat' dir='ltr'><strong>non</strong></span> <span class='ocrx_word' id='word_1_13' title='bbox 686 342 807 399; x_wconf 83' lang='lat' dir='ltr'><strong>fecit</strong></span> <span class='ocrx_word' id='word_1_14' title='bbox 835 344 975 400; x_wconf 86' lang='lat' dir='ltr'><strong>Deus</strong></span> <span class='ocrx_word' id='word_1_15' title='bbox 995 385 1010 410; x_wconf 92' lang='lat'><strong>,</strong></span> <span class='ocrx_word' id='word_1_16' title='bbox 1052 347 1139 416; x_wconf 88' lang='lat' dir='ltr'><strong>qui</strong></span> <span class='ocrx_word' id='word_1_17' title='bbox 1182 338 1234 400; x_wconf 85' lang='lat' dir='ltr'><strong>in</strong></span> <span class='ocrx_word' id='word_1_18' title='bbox 1271 347 1475 415; x_wconf 88' lang='lat' dir='ltr'><strong>judicio</strong></span> <span class='ocrx_word' id='word_1_19' title='bbox 1506 362 1601 401; x_wconf 84' lang='lat' dir='ltr'><strong>suo</strong></span> <span class='ocrx_word' id='word_1_20' title='bbox 1629 360 1751 415; x_wconf 88' lang='lat' dir='ltr'><strong>pcr-</strong></span> <span class='ocrx_word' id='word_1_21' title='bbox 1784 358 1835 419; x_wconf 74' lang='grc' dir='ltr'><strong>Α</strong></span> <span class='ocrx_word' id='word_1_22' title='bbox 1861 342 2228 419; x_wconf 80' lang='lat' dir='ltr'><strong>nuscriptiset</strong></span> <span class='ocrx_word' id='word_1_23' title='bbox 2258 344 2428 419; x_wconf 79' lang='lat' dir='ltr'><strong>prima</strong></span> <span class='ocrx_word' id='word_1_24' title='bbox 2450 342 2687 419; x_wconf 82' lang='lat' dir='ltr'><strong>editione</strong></span> <span class='ocrx_word' id='word_1_25' title='bbox 2709 340 2978 419; x_wconf 80' lang='lat' dir='ltr'><strong>Balduini;</strong></span> <span class='ocrx_word' id='word_1_26' title='bbox 3002 334 3451 419; x_wconf 70' lang='lat' dir='ltr'><strong>qute_s_c_quuutur</strong></span> 
     </span>
    </p>
   </div>
   <div class='ocr_carea' id='block_1_6' title="bbox 163 434 1756 507">
    <p class='ocr_par' dir='ltr' id='par_1_6' title="bbox 163 434 1756 507">
     <span class='ocr_line' id='line_1_6' title="bbox 163 434 1756 507; baseline 0.003 -20"><span class='ocrx_word' id='word_1_27' title='bbox 163 447 335 488; x_wconf 90' lang='lat' dir='ltr'><strong>sonas</strong></span> <span class='ocrx_word' id='word_1_28' title='bbox 376 449 628 504; x_wconf 89' lang='lat' dir='ltr'><strong>separare</strong></span> <span class='ocrx_word' id='word_1_29' title='bbox 673 434 920 507; x_wconf 86' lang='lat' dir='ltr'><strong>dignatus</strong></span> <span class='ocrx_word' id='word_1_30' title='bbox 962 446 1091 492; x_wconf 87' lang='lat' dir='ltr'><strong>cst:</strong></span> <span class='ocrx_word' id='word_1_31' title='bbox 1135 452 1234 493; x_wconf 89' lang='lat' dir='ltr'><strong>nec</strong></span> <span class='ocrx_word' id='word_1_32' title='bbox 1281 438 1531 493; x_wconf 86' lang='lat' dir='ltr'><strong>eumdem</strong></span> <span class='ocrx_word' id='word_1_33' title='bbox 1586 439 1756 492; x_wconf 84' lang='lat' dir='ltr'><strong>voluit</strong></span> 
     </span>
    </p>
   </div>
   <div class='ocr_carea' id='block_1_7' title="bbox 164 528 1755 601">
    <p class='ocr_par' dir='ltr' id='par_1_7' title="bbox 164 528 1755 601">
     <span class='ocr_line' id='line_1_7' title="bbox 164 528 1755 601; baseline 0.001 -19"><span class='ocrx_word' id='word_1_34' title='bbox 164 540 297 601; x_wconf 80' lang='lat' dir='ltr'><strong>esse</strong></span> <span class='ocrx_word' id='word_1_35' title='bbox 331 536 698 584; x_wconf 72' lang='lat' dir='ltr'><strong>accusatorem</strong></span> <span class='ocrx_word' id='word_1_36' title='bbox 725 538 779 584; x_wconf 92' lang='lat' dir='ltr'><strong>et</strong></span> <span class='ocrx_word' id='word_1_37' title='bbox 810 528 1069 600; x_wconf 90' lang='lat' dir='ltr'><strong>judicem.</strong></span> <span class='ocrx_word' id='word_1_38' title='bbox 1102 529 1215 584; x_wconf 84' lang='lat' dir='ltr'><strong>Non</strong></span> <span class='ocrx_word' id='word_1_39' title='bbox 1244 530 1386 584; x_wconf 85' lang='lat' dir='ltr'><strong>enim</strong></span> <span class='ocrx_word' id='word_1_40' title='bbox 1433 538 1610 599; x_wconf 90' lang='lat' dir='ltr'><strong>potest</strong></span> <span class='ocrx_word' id='word_1_41' title='bbox 1638 530 1755 601; x_wconf 88' lang='lat' dir='ltr'><strong>quis</strong></span> 
     </span>
    </p>
   </div>
   <div class='ocr_carea' id='block_1_8' title="bbox 163 618 1752 692">
    <p class='ocr_par' dir='ltr' id='par_1_8' title="bbox 163 618 1752 692">
     <span class='ocr_line' id='line_1_8' title="bbox 163 618 1752 692; baseline 0.003 -19"><span class='ocrx_word' id='word_1_42' title='bbox 163 618 226 673; x_wconf 88' lang='lat' dir='ltr'><strong>in</strong></span> <span class='ocrx_word' id='word_1_43' title='bbox 256 635 361 675; x_wconf 90' lang='lat' dir='ltr'><strong>una</strong></span> <span class='ocrx_word' id='word_1_44' title='bbox 388 634 548 675; x_wconf 90' lang='lat' dir='ltr'><strong>causa</strong></span> <span class='ocrx_word' id='word_1_45' title='bbox 571 661 586 687; x_wconf 95' lang='lat'><strong>,</strong></span> <span class='ocrx_word' id='word_1_46' title='bbox 620 620 807 677; x_wconf 90' lang='lat' dir='ltr'><strong>eodem</strong></span> <span class='ocrx_word' id='word_1_47' title='bbox 853 630 1127 677; x_wconf 88' lang='lat' dir='ltr'><strong>momento</strong></span> <span class='ocrx_word' id='word_1_48' title='bbox 1152 622 1287 678; x_wconf 87' lang='lat' dir='ltr'><strong>duas</strong></span> <span class='ocrx_word' id='word_1_49' title='bbox 1328 632 1542 691; x_wconf 87' lang='lat' dir='ltr'><strong>portare</strong></span> <span class='ocrx_word' id='word_1_50' title='bbox 1574 636 1752 692; x_wconf 89' lang='lat' dir='ltr'><strong>perso—</strong></span> 
     </span>
    </p>
   </div>
   <div class='ocr_carea' id='block_1_9' title="bbox 166 712 1759 787">
    <p class='ocr_par' dir='ltr' id='par_1_9' title="bbox 166 712 1759 787">
     <span class='ocr_line' id='line_1_9' title="bbox 166 712 1759 787; baseline 0.001 -20"><span class='ocrx_word' id='word_1_51' title='bbox 166 727 306 781; x_wconf 91' lang='lat' dir='ltr'><strong>nas,</strong></span> <span class='ocrx_word' id='word_1_52' title='bbox 359 722 415 768; x_wconf 92' lang='lat' dir='ltr'><strong>ut</strong></span> <span class='ocrx_word' id='word_1_53' title='bbox 457 713 510 768; x_wconf 92' lang='lat' dir='ltr'><strong>in</strong></span> <span class='ocrx_word' id='word_1_54' title='bbox 552 712 741 770; x_wconf 91' lang='lat' dir='ltr'><strong>eodem</strong></span> <span class='ocrx_word' id='word_1_55' title='bbox 779 714 982 786; x_wconf 88' lang='lat' dir='ltr'><strong>judicio</strong></span> <span class='ocrx_word' id='word_1_56' title='bbox 1018 725 1086 770; x_wconf 86' lang='lat' dir='ltr'><strong>.et</strong></span> <span class='ocrx_word' id='word_1_57' title='bbox 1129 725 1407 772; x_wconf 88' lang='lat' dir='ltr'><strong>accusator</strong></span> <span class='ocrx_word' id='word_1_58' title='bbox 1441 732 1563 772; x_wconf 88' lang='lat' dir='ltr'><strong>esse</strong></span> <span class='ocrx_word' id='word_1_59' title='bbox 1589 716 1759 787; x_wconf 77' lang='lat' dir='ltr'><strong>possit</strong></span> 
     </span>
    </p>
   </div>
   <div class='ocr_carea' id='block_1_10' title="bbox 162 804 1758 880">
    <p class='ocr_par' dir='ltr' id='par_1_10' title="bbox 162 804 1758 880">
     <span class='ocr_line' id='line_1_10' title="bbox 162 804 1758 880; baseline 0.001 -20"><span class='ocrx_word' id='word_1_60' title='bbox 162 804 427 877; x_wconf 79' lang='lat' dir='ltr'><strong>etjudex.</strong></span> <span class='ocrx_word' id='word_1_61' title='bbox 446 804 598 872; x_wconf 84' lang='lat' dir='ltr'><strong>Quod</strong></span> <span class='ocrx_word' id='word_1_62' title='bbox 623 807 885 864; x_wconf 86' lang='lat' dir='ltr'><strong>Deusnec</strong></span> <span class='ocrx_word' id='word_1_63' title='bbox 908 823 1004 879; x_wconf 93' lang='lat' dir='ltr'><strong>per</strong></span> <span class='ocrx_word' id='word_1_64' title='bbox 1030 808 1477 880; x_wconf 88' lang='lat' dir='ltr'><strong>omnipotentiam</strong></span> <span class='ocrx_word' id='word_1_65' title='bbox 1501 807 1623 874; x_wconf 72' lang='lat' dir='ltr'><strong>fecit</strong></span> <span class='ocrx_word' id='word_1_66' title='bbox 1652 826 1665 863; x_wconf 92' lang='lat'><strong>:</strong></span> <span class='ocrx_word' id='word_1_67' title='bbox 1702 816 1758 862; x_wconf 90' lang='lat' dir='ltr'><strong>ut</strong></span> 
     </span>
    </p>
   </div>
   <div class='ocr_carea' id='block_1_11' title="bbox 163 882 1755 971">
    <p class='ocr_par' dir='ltr' id='par_1_11' title="bbox 163 882 1755 971">
     <span class='ocr_line' id='line_1_11' title="bbox 163 882 1755 971; baseline 0 -16"><span class='ocrx_word' id='word_1_68' title='bbox 163 900 331 957; x_wconf 88' lang='lat' dir='ltr'><strong>nobis</strong></span> <span class='ocrx_word' id='word_1_69' title='bbox 371 900 648 971; x_wconf 74' lang='lat' dir='ltr'><strong>iudicandi</strong></span> <span class='ocrx_word' id='word_1_70' title='bbox 695 901 921 958; x_wconf 89' lang='lat' dir='ltr'><strong>formam</strong></span> <span class='ocrx_word' id='word_1_71' title='bbox 974 882 1326 969; x_wconf 75' lang='lat' dir='ltr'><strong>ostenderet,</strong></span> <span class='ocrx_word' id='word_1_72' title='bbox 1377 902 1561 958; x_wconf 90' lang='lat' dir='ltr'><strong>docuit</strong></span> <span class='ocrx_word' id='word_1_73' title='bbox 1605 916 1755 957; x_wconf 90' lang='lat' dir='ltr'><strong>reum</strong></span> 
     </span>
    </p>
   </div>
   <div class='ocr_carea' id='block_1_12' title="bbox 163 993 1760 1064">
    <p class='ocr_par' dir='ltr' id='par_1_12' title="bbox 163 993 1760 1064">
     <span class='ocr_line' id='line_1_12' title="bbox 163 993 1760 1064; baseline -0.001 -15"><span class='ocrx_word' id='word_1_74' title='bbox 163 993 291 1050; x_wconf 92' lang='lat' dir='ltr'><strong>sine</strong></span> <span class='ocrx_word' id='word_1_75' title='bbox 320 1004 634 1051; x_wconf 89' lang='lat' dir='ltr'><strong>accusatore</strong></span> <span class='ocrx_word' id='word_1_76' title='bbox 670 1011 779 1051; x_wconf 88' lang='lat' dir='ltr'><strong>non</strong></span> <span class='ocrx_word' id='word_1_77' title='bbox 816 995 1013 1052; x_wconf 85' lang='lat' dir='ltr'><strong>debere</strong></span> <span class='ocrx_word' id='word_1_78' title='bbox 1052 995 1334 1060; x_wconf 86' lang='lat' dir='ltr'><strong>damnari;</strong></span> <span class='ocrx_word' id='word_1_79' title='bbox 1366 1003 1457 1049; x_wconf 85' lang='lat' dir='ltr'><strong>aut</strong></span> <span class='ocrx_word' id='word_1_80' title='bbox 1484 1003 1760 1064; x_wconf 54' lang='lat' dir='ltr'><strong>accusato:</strong></span> 
     </span>
    </p>
   </div>
   <div class='ocr_carea' id='block_1_13' title="bbox 166 1086 1755 1158">
    <p class='ocr_par' dir='ltr' id='par_1_13' title="bbox 166 1086 1755 1158">
     <span class='ocr_line' id='line_1_13' title="bbox 166 1086 1755 1158; baseline -0.001 -16"><span class='ocrx_word' id='word_1_81' title='bbox 166 1102 289 1143; x_wconf 83' lang='lat' dir='ltr'><strong>rem</strong></span> <span class='ocrx_word' id='word_1_82' title='bbox 332 1103 454 1144; x_wconf 89' lang='lat' dir='ltr'><strong>eum</strong></span> <span class='ocrx_word' id='word_1_83' title='bbox 481 1102 601 1144; x_wconf 87' lang='lat' dir='ltr'><strong>esse</strong></span> <span class='ocrx_word' id='word_1_84' title='bbox 627 1129 644 1155; x_wconf 94' lang='lat'><strong>,</strong></span> <span class='ocrx_word' id='word_1_85' title='bbox 672 1088 763 1158; x_wconf 86' lang='lat' dir='ltr'><strong>qui</strong></span> <span class='ocrx_word' id='word_1_86' title='bbox 800 1087 963 1157; x_wconf 79' lang='lat' dir='ltr'><strong>judex</strong></span> <span class='ocrx_word' id='word_1_87' title='bbox 1005 1087 1057 1141; x_wconf 90' lang='lat' dir='ltr'><strong>in</strong></span> <span class='ocrx_word' id='word_1_88' title='bbox 1095 1103 1155 1142; x_wconf 89' lang='lat' dir='ltr'><strong>ea</strong></span> <span class='ocrx_word' id='word_1_89' title='bbox 1207 1101 1366 1143; x_wconf 83' lang='lat' dir='ltr'><strong>causa</strong></span> <span class='ocrx_word' id='word_1_90' title='bbox 1395 1086 1607 1142; x_wconf 84' lang='lat' dir='ltr'><strong>futurus</strong></span> <span class='ocrx_word' id='word_1_91' title='bbox 1653 1094 1755 1142; x_wconf 91' lang='lat' dir='ltr'><strong>est.</strong></span> 
     </span>
    </p>
   </div>
   <div class='ocr_carea' id='block_1_14' title="bbox 171 1179 1757 1251">
    <p class='ocr_par' dir='ltr' id='par_1_14' title="bbox 171 1179 1757 1251">
     <span class='ocr_line' id='line_1_14' title="bbox 171 1179 1757 1251; baseline -0.001 -17"><span class='ocrx_word' id='word_1_92' title='bbox 171 1179 295 1251; x_wconf 79' lang='lat'><strong>(35)</strong></span> <span class='ocrx_word' id='word_1_93' title='bbox 339 1181 578 1251; x_wconf 86' lang='lat' dir='ltr'><strong>Denique</strong></span> <span class='ocrx_word' id='word_1_94' title='bbox 621 1181 762 1236; x_wconf 91' lang='lat' dir='ltr'><strong>inter</strong></span> <span class='ocrx_word' id='word_1_95' title='bbox 807 1181 917 1250; x_wconf 89' lang='lat' dir='ltr'><strong>ipsa</strong></span> <span class='ocrx_word' id='word_1_96' title='bbox 967 1179 1227 1251; x_wconf 88' lang='lat' dir='ltr'><strong>principia</strong></span> <span class='ocrx_word' id='word_1_97' title='bbox 1273 1182 1593 1236; x_wconf 68' lang='lat' dir='ltr'><strong>saeculorum</strong></span> <span class='ocrx_word' id='word_1_98' title='bbox 1632 1182 1757 1234; x_wconf 90' lang='lat' dir='ltr'><strong>dum</strong></span> 
     </span>
    </p>
   </div>
   <div class='ocr_carea' id='block_1_15' title="bbox 166 1271 1758 1339">
    <p class='ocr_par' dir='ltr' id='par_1_15' title="bbox 166 1271 1758 1339">
     <span class='ocr_line' id='line_1_15' title="bbox 166 1271 1758 1339; baseline 0.001 -12"><span class='ocrx_word' id='word_1_99' title='bbox 166 1272 449 1328; x_wconf 81' lang='lat' dir='ltr'><strong>hominum</strong></span> <span class='ocrx_word' id='word_1_100' title='bbox 494 1286 640 1331; x_wconf 84' lang='lat' dir='ltr'><strong>esset</strong></span> <span class='ocrx_word' id='word_1_101' title='bbox 683 1275 1011 1331; x_wconf 82' lang='lat' dir='ltr'><strong>renovellata</strong></span> <span class='ocrx_word' id='word_1_102' title='bbox 1061 1274 1354 1339; x_wconf 85' lang='lat' dir='ltr'><strong>nativitas;</strong></span> <span class='ocrx_word' id='word_1_103' title='bbox 1395 1273 1523 1329; x_wconf 92' lang='lat' dir='ltr'><strong>dum</strong></span> <span class='ocrx_word' id='word_1_104' title='bbox 1564 1290 1593 1328; x_wconf 88' lang='lat' dir='ltr'><strong>a</strong></span> <span class='ocrx_word' id='word_1_105' title='bbox 1625 1271 1758 1328; x_wconf 87' lang='lat' dir='ltr'><strong>Cain</strong></span> 
     </span>
    </p>
   </div>
   <div class='ocr_carea' id='block_1_16' title="bbox 167 1365 1762 1436">
    <p class='ocr_par' dir='ltr' id='par_1_16' title="bbox 167 1365 1762 1436">
     <span class='ocr_line' id='line_1_16' title="bbox 167 1365 1762 1436; baseline -0.001 -16"><span class='ocrx_word' id='word_1_106' title='bbox 167 1365 342 1421; x_wconf 78' lang='lat' dir='ltr'><strong>frater</strong></span> <span class='ocrx_word' id='word_1_107' title='bbox 370 1365 502 1422; x_wconf 83' lang='lat' dir='ltr'><strong>Abel</strong></span> <span class='ocrx_word' id='word_1_108' title='bbox 526 1375 671 1422; x_wconf 81' lang='lat' dir='ltr'><strong>esset</strong></span> <span class='ocrx_word' id='word_1_109' title='bbox 699 1365 942 1432; x_wconf 89' lang='lat' dir='ltr'><strong>occisus,</strong></span> <span class='ocrx_word' id='word_1_110' title='bbox 978 1365 1130 1436; x_wconf 77' lang='lat'><strong>107</strong></span> <span class='ocrx_word' id='word_1_111' title='bbox 1162 1365 1356 1419; x_wconf 90' lang='lat' dir='ltr'><strong>lectum</strong></span> <span class='ocrx_word' id='word_1_112' title='bbox 1389 1373 1471 1420; x_wconf 87' lang='lat' dir='ltr'><strong>est</strong></span> <span class='ocrx_word' id='word_1_113' title='bbox 1499 1382 1511 1417; x_wconf 91' lang='lat'><strong>:</strong></span> <span class='ocrx_word' id='word_1_114' title='bbox 1541 1374 1586 1418; x_wconf 93' lang='lat' dir='ltr'><strong>et</strong></span> <span class='ocrx_word' id='word_1_115' title='bbox 1612 1381 1762 1419; x_wconf 78' lang='lat' dir='ltr'><strong>uoca-</strong></span> 
     </span>
    </p>
   </div>
   <div class='ocr_carea' id='block_1_17' title="bbox 168 1455 1761 1531">
    <p class='ocr_par' dir='ltr' id='par_1_17' title="bbox 168 1455 1761 1531">
     <span class='ocr_line' id='line_1_17' title="bbox 168 1455 1761 1531; baseline 0.001 -20"><span class='ocrx_word' id='word_1_116' title='bbox 168 1457 241 1512; x_wconf 75' lang='lat' dir='ltr'><strong>rit</strong></span> <span class='ocrx_word' id='word_1_117' title='bbox 267 1456 409 1512; x_wconf 82' lang='lat' dir='ltr'><strong>Deus</strong></span> <span class='ocrx_word' id='word_1_118' title='bbox 434 1455 589 1527; x_wconf 81' lang='lat' dir='ltr'><strong>Cain,</strong></span> <span class='ocrx_word' id='word_1_119' title='bbox 609 1466 660 1513; x_wconf 87' lang='lat' dir='ltr'><strong>et</strong></span> <span class='ocrx_word' id='word_1_120' title='bbox 686 1458 1016 1531; x_wconf 77' lang='lat' dir='ltr'><strong>interroyavit</strong></span> <span class='ocrx_word' id='word_1_121' title='bbox 1058 1472 1175 1512; x_wconf 87' lang='lat' dir='ltr'><strong>eum</strong></span> <span class='ocrx_word' id='word_1_122' title='bbox 1201 1456 1288 1511; x_wconf 86' lang='lat' dir='ltr'><strong>ubi</strong></span> <span class='ocrx_word' id='word_1_123' title='bbox 1313 1466 1441 1512; x_wconf 88' lang='lat' dir='ltr'><strong>esset</strong></span> <span class='ocrx_word' id='word_1_124' title='bbox 1467 1456 1627 1527; x_wconf 78' lang='lat' dir='ltr'><strong>frater</strong></span> <span class='ocrx_word' id='word_1_125' title='bbox 1646 1460 1761 1529; x_wconf 85' lang='lat' dir='ltr'><strong>ejus</strong></span> 
     </span>
    </p>
   </div>
   <div class='ocr_carea' id='block_1_18' title="bbox 169 1550 1763 1624">
    <p class='ocr_par' dir='ltr' id='par_1_18' title="bbox 169 1550 1763 1624">
     <span class='ocr_line' id='line_1_18' title="bbox 169 1550 1763 1624; baseline 0.001 -18"><span class='ocrx_word' id='word_1_126' title='bbox 169 1550 386 1621; x_wconf 78' lang='lat' dir='ltr'><strong>(Cenes.</strong></span> <span class='ocrx_word' id='word_1_127' title='bbox 418 1568 471 1607; x_wconf 83' lang='lat' dir='ltr'><strong>tv</strong></span> <span class='ocrx_word' id='word_1_128' title='bbox 490 1592 507 1619; x_wconf 92' lang='lat'><strong>,</strong></span> <span class='ocrx_word' id='word_1_129' title='bbox 538 1552 593 1624; x_wconf 85' lang='lat'><strong>9)</strong></span> <span class='ocrx_word' id='word_1_130' title='bbox 620 1569 635 1620; x_wconf 92' lang='lat'><strong>;</strong></span> <span class='ocrx_word' id='word_1_131' title='bbox 665 1552 755 1609; x_wconf 89' lang='lat' dir='ltr'><strong>ille</strong></span> <span class='ocrx_word' id='word_1_132' title='bbox 781 1562 1057 1624; x_wconf 89' lang='lat' dir='ltr'><strong>peccatum</strong></span> <span class='ocrx_word' id='word_1_133' title='bbox 1083 1552 1363 1623; x_wconf 80' lang='lat' dir='ltr'><strong>duplicans</strong></span> <span class='ocrx_word' id='word_1_134' title='bbox 1384 1594 1398 1617; x_wconf 87' lang='lat'><strong>,</strong></span> <span class='ocrx_word' id='word_1_135' title='bbox 1427 1554 1580 1624; x_wconf 90' lang='lat' dir='ltr'><strong>quasi</strong></span> <span class='ocrx_word' id='word_1_136' title='bbox 1610 1552 1763 1624; x_wconf 86' lang='lat' dir='ltr'><strong>igno-</strong></span> 
     </span>
    </p>
   </div>
   <div class='ocr_carea' id='block_1_19' title="bbox 168 1643 1761 1717">
    <p class='ocr_par' dir='ltr' id='par_1_19' title="bbox 168 1643 1761 1717">
     <span class='ocr_line' id='line_1_19' title="bbox 168 1643 1761 1717; baseline 0.002 -20"><span class='ocrx_word' id='word_1_137' title='bbox 168 1651 385 1699; x_wconf 88' lang='lat' dir='ltr'><strong>rantem</strong></span> <span class='ocrx_word' id='word_1_138' title='bbox 414 1643 620 1700; x_wconf 83' lang='lat' dir='ltr'><strong>faceret</strong></span> <span class='ocrx_word' id='word_1_139' title='bbox 663 1645 829 1701; x_wconf 85' lang='lat' dir='ltr'><strong>Deum</strong></span> <span class='ocrx_word' id='word_1_140' title='bbox 852 1688 867 1714; x_wconf 92' lang='lat'><strong>,</strong></span> <span class='ocrx_word' id='word_1_141' title='bbox 918 1645 1129 1701; x_wconf 88' lang='lat' dir='ltr'><strong>nescire</strong></span> <span class='ocrx_word' id='word_1_142' title='bbox 1158 1659 1217 1700; x_wconf 90' lang='lat' dir='ltr'><strong>se</strong></span> <span class='ocrx_word' id='word_1_143' title='bbox 1256 1644 1415 1700; x_wconf 82' lang='lat' dir='ltr'><strong>dixit:</strong></span> <span class='ocrx_word' id='word_1_144' title='bbox 1445 1645 1514 1699; x_wconf 86' lang='lat' dir='ltr'><strong>Et</strong></span> <span class='ocrx_word' id='word_1_145' title='bbox 1547 1644 1761 1717; x_wconf 83' lang='lat' dir='ltr'><strong>quando</strong></span> 
     </span>
    </p>
   </div>
   <div class='ocr_carea' id='block_1_20' title="bbox 1860 414 3446 483">
    <p class='ocr_par' dir='ltr' id='par_1_20' title="bbox 1860 414 3446 483">
     <span class='ocr_line' id='line_1_20' title="bbox 1860 414 3446 483; baseline 0.001 -16"><span class='ocrx_word' id='word_1_146' title='bbox 1860 415 2122 467; x_wconf 83' lang='lat' dir='ltr'><strong>habemur</strong></span> <span class='ocrx_word' id='word_1_147' title='bbox 2150 415 2201 467; x_wconf 88' lang='lat' dir='ltr'><strong>in</strong></span> <span class='ocrx_word' id='word_1_148' title='bbox 2243 414 2408 468; x_wconf 89' lang='lat' dir='ltr'><strong>altera</strong></span> <span class='ocrx_word' id='word_1_149' title='bbox 2440 414 2679 483; x_wconf 89' lang='lat' dir='ltr'><strong>ejusdem</strong></span> <span class='ocrx_word' id='word_1_150' title='bbox 2719 414 2976 475; x_wconf 84' lang='lat' dir='ltr'><strong>editiooc,</strong></span> <span class='ocrx_word' id='word_1_151' title='bbox 3021 428 3088 467; x_wconf 84' lang='lat' dir='ltr'><strong>ex</strong></span> <span class='ocrx_word' id='word_1_152' title='bbox 3129 414 3359 480; x_wconf 86' lang='lat' dir='ltr'><strong>Tiliano,</strong></span> <span class='ocrx_word' id='word_1_153' title='bbox 3392 425 3446 468; x_wconf 94' lang='lat' dir='ltr'><strong>ut</strong></span> 
     </span>
    </p>
   </div>
   <div class='ocr_carea' id='block_1_21' title="bbox 1856 483 3446 553">
    <p class='ocr_par' dir='ltr' id='par_1_21' title="bbox 1856 483 3446 553">
     <span class='ocr_line' id='line_1_21' title="bbox 1856 483 3446 553; baseline -0.001 -14"><span class='ocrx_word' id='word_1_154' title='bbox 1856 488 1953 550; x_wconf 89' lang='lat' dir='ltr'><strong>ait,</strong></span> <span class='ocrx_word' id='word_1_155' title='bbox 1974 485 2178 547; x_wconf 87' lang='lat' dir='ltr'><strong>codice,</strong></span> <span class='ocrx_word' id='word_1_156' title='bbox 2212 499 2368 553; x_wconf 90' lang='lat' dir='ltr'><strong>qucm</strong></span> <span class='ocrx_word' id='word_1_157' title='bbox 2400 483 2552 538; x_wconf 88' lang='lat' dir='ltr'><strong>nobis</strong></span> <span class='ocrx_word' id='word_1_158' title='bbox 2575 484 2756 539; x_wconf 84' lang='lat' dir='ltr'><strong>videre</strong></span> <span class='ocrx_word' id='word_1_159' title='bbox 2780 500 2884 537; x_wconf 87' lang='lat' dir='ltr'><strong>non</strong></span> <span class='ocrx_word' id='word_1_160' title='bbox 2911 485 3153 552; x_wconf 79' lang='lat' dir='ltr'><strong>contigit.</strong></span> <span class='ocrx_word' id='word_1_161' title='bbox 3186 486 3290 540; x_wconf 91' lang='lat' dir='ltr'><strong>Sed</strong></span> <span class='ocrx_word' id='word_1_162' title='bbox 3325 487 3446 551; x_wconf 79' lang='lat' dir='ltr'><strong>quia</strong></span> 
     </span>
    </p>
   </div>
   <div class='ocr_carea' id='block_1_22' title="bbox 1856 554 3445 625">
    <p class='ocr_par' dir='ltr' id='par_1_22' title="bbox 1856 554 3445 625">
     <span class='ocr_line' id='line_1_22' title="bbox 1856 554 3445 625; baseline 0 -16"><span class='ocrx_word' id='word_1_163' title='bbox 1856 555 2050 609; x_wconf 84' lang='lat' dir='ltr'><strong>desunt</strong></span> <span class='ocrx_word' id='word_1_164' title='bbox 2080 554 2130 608; x_wconf 93' lang='lat' dir='ltr'><strong>in</strong></span> <span class='ocrx_word' id='word_1_165' title='bbox 2154 568 2381 625; x_wconf 90' lang='lat' dir='ltr'><strong>quatuor</strong></span> <span class='ocrx_word' id='word_1_166' title='bbox 2409 555 2683 609; x_wconf 81' lang='lat' dir='ltr'><strong>codicibus</strong></span> <span class='ocrx_word' id='word_1_167' title='bbox 2701 555 2907 625; x_wconf 80' lang='lat' dir='ltr'><strong>quibus</strong></span> <span class='ocrx_word' id='word_1_168' title='bbox 2925 556 3003 609; x_wconf 89' lang='lat' dir='ltr'><strong>usi</strong></span> <span class='ocrx_word' id='word_1_169' title='bbox 3024 568 3228 620; x_wconf 84' lang='lat' dir='ltr'><strong>sumus,</strong></span> <span class='ocrx_word' id='word_1_170' title='bbox 3255 556 3445 611; x_wconf 90' lang='lat' dir='ltr'><strong>videu-</strong></span> 
     </span>
    </p>
   </div>
   <div class='ocr_carea' id='block_1_23' title="bbox 1852 626 3443 695">
    <p class='ocr_par' dir='ltr' id='par_1_23' title="bbox 1852 626 3443 695">
     <span class='ocr_line' id='line_1_23' title="bbox 1852 626 3443 695; baseline 0.001 -15"><span class='ocrx_word' id='word_1_171' title='bbox 1852 634 2051 695; x_wconf 54' lang='lat' dir='ltr'><strong>‘turqne</strong></span> <span class='ocrx_word' id='word_1_172' title='bbox 2075 626 2251 679; x_wconf 89' lang='lat' dir='ltr'><strong>aliena</strong></span> <span class='ocrx_word' id='word_1_173' title='bbox 2272 642 2300 678; x_wconf 90' lang='lat' dir='ltr'><strong>a</strong></span> <span class='ocrx_word' id='word_1_174' title='bbox 2327 634 2506 680; x_wconf 87' lang='lat' dir='ltr'><strong>mente</strong></span> <span class='ocrx_word' id='word_1_175' title='bbox 2535 628 2735 694; x_wconf 88' lang='lat' dir='ltr'><strong>Optati,</strong></span> <span class='ocrx_word' id='word_1_176' title='bbox 2764 641 2859 681; x_wconf 89' lang='lat' dir='ltr'><strong>uec</strong></span> <span class='ocrx_word' id='word_1_177' title='bbox 2887 627 3080 695; x_wconf 89' lang='lat' dir='ltr'><strong>stylum</strong></span> <span class='ocrx_word' id='word_1_178' title='bbox 3096 626 3214 694; x_wconf 83' lang='lat' dir='ltr'><strong>ejus</strong></span> <span class='ocrx_word' id='word_1_179' title='bbox 3230 641 3443 695; x_wconf 79' lang='lat' dir='ltr'><strong>sapere,</strong></span> 
     </span>
    </p>
   </div>
   <div class='ocr_carea' id='block_1_24' title="bbox 1858 696 3453 765">
    <p class='ocr_par' dir='ltr' id='par_1_24' title="bbox 1858 696 3453 765">
     <span class='ocr_line' id='line_1_24' title="bbox 1858 696 3453 765; baseline 0 -13"><span class='ocrx_word' id='word_1_180' title='bbox 1858 711 1920 752; x_wconf 87' lang='lat' dir='ltr'><strong>ca</strong></span> <span class='ocrx_word' id='word_1_181' title='bbox 1954 703 2013 750; x_wconf 88' lang='lat' dir='ltr'><strong>ut</strong></span> <span class='ocrx_word' id='word_1_182' title='bbox 2041 697 2311 751; x_wconf 88' lang='lat' dir='ltr'><strong>immerito</strong></span> <span class='ocrx_word' id='word_1_183' title='bbox 2336 696 2513 765; x_wconf 88' lang='lat' dir='ltr'><strong>Optati</strong></span> <span class='ocrx_word' id='word_1_184' title='bbox 2556 697 2783 750; x_wconf 80' lang='lat' dir='ltr'><strong>orationi</strong></span> <span class='ocrx_word' id='word_1_185' title='bbox 2820 698 3040 761; x_wconf 89' lang='lat' dir='ltr'><strong>inserta,</strong></span> <span class='ocrx_word' id='word_1_186' title='bbox 3076 697 3392 757; x_wconf 85' lang='lat' dir='ltr'><strong>sustulimus</strong></span> <span class='ocrx_word' id='word_1_187' title='bbox 3419 712 3453 752; x_wconf 90' lang='lat' dir='ltr'><strong>e</strong></span> 
     </span>
    </p>
   </div>
   <div class='ocr_carea' id='block_1_25' title="bbox 1859 765 3454 837">
    <p class='ocr_par' dir='ltr' id='par_1_25' title="bbox 1859 765 3454 837">
     <span class='ocr_line' id='line_1_25' title="bbox 1859 765 3454 837; baseline 0.001 -16"><span class='ocrx_word' id='word_1_188' title='bbox 1859 776 2027 822; x_wconf 83' lang='lat' dir='ltr'><strong>textu.</strong></span> <span class='ocrx_word' id='word_1_189' title='bbox 2052 765 2130 822; x_wconf 84' lang='lat' dir='ltr'><strong>Ne</strong></span> <span class='ocrx_word' id='word_1_190' title='bbox 2155 765 2289 835; x_wconf 89' lang='lat' dir='ltr'><strong>quid</strong></span> <span class='ocrx_word' id='word_1_191' title='bbox 2320 777 2495 821; x_wconf 89' lang='lat' dir='ltr'><strong>tamen</strong></span> <span class='ocrx_word' id='word_1_192' title='bbox 2536 776 2721 837; x_wconf 86' lang='lat' dir='ltr'><strong>nostro</strong></span> <span class='ocrx_word' id='word_1_193' title='bbox 2746 768 2894 836; x_wconf 88' lang='lat' dir='ltr'><strong>operi</strong></span> <span class='ocrx_word' id='word_1_194' title='bbox 2946 766 3177 834; x_wconf 81' lang='lat' dir='ltr'><strong>deesset,</strong></span> <span class='ocrx_word' id='word_1_195' title='bbox 3210 769 3351 837; x_wconf 89' lang='lat' dir='ltr'><strong>quod</strong></span> <span class='ocrx_word' id='word_1_196' title='bbox 3382 768 3454 822; x_wconf 87' lang='lat' dir='ltr'><strong>ad</strong></span> 
     </span>
    </p>
   </div>
   <div class='ocr_carea' id='block_1_26' title="bbox 1855 836 3451 908">
    <p class='ocr_par' dir='ltr' id='par_1_26' title="bbox 1855 836 3451 908">
     <span class='ocr_line' id='line_1_26' title="bbox 1855 836 3451 908; baseline 0 -15"><span class='ocrx_word' id='word_1_197' title='bbox 1855 839 2111 908; x_wconf 83' lang='lat' dir='ltr'><strong>Optatum</strong></span> <span class='ocrx_word' id='word_1_198' title='bbox 2156 838 2427 906; x_wconf 79' lang='lat' dir='ltr'><strong>pertinere</strong></span> <span class='ocrx_word' id='word_1_199' title='bbox 2474 836 2770 903; x_wconf 85' lang='lat' dir='ltr'><strong>videretur,</strong></span> <span class='ocrx_word' id='word_1_200' title='bbox 2813 838 2899 893; x_wconf 91' lang='lat' dir='ltr'><strong>hic</strong></span> <span class='ocrx_word' id='word_1_201' title='bbox 2951 837 3040 891; x_wconf 90' lang='lat' dir='ltr'><strong>illa</strong></span> <span class='ocrx_word' id='word_1_202' title='bbox 3095 836 3451 895; x_wconf 84' lang='lat' dir='ltr'><strong>describenda</strong></span> 
     </span>
    </p>
   </div>
   <div class='ocr_carea' id='block_1_27' title="bbox 1860 923 2349 965">
    <p class='ocr_par' dir='ltr' id='par_1_27' title="bbox 1860 923 2349 965">
     <span class='ocr_line' id='line_1_27' title="bbox 1860 923 2349 965; baseline -0.002 -1"><span class='ocrx_word' id='word_1_203' title='bbox 1860 924 1981 965; x_wconf 85' lang='lat' dir='ltr'><strong>esse</strong></span> <span class='ocrx_word' id='word_1_204' title='bbox 2019 923 2349 965; x_wconf 73' lang='grc' dir='ltr'>οθιιειιιιηιιε.</span> 
     </span>
    </p>
   </div>
   <div class='ocr_carea' id='block_1_28' title="bbox 1940 999 3453 1075">
    <p class='ocr_par' dir='ltr' id='par_1_28' title="bbox 1940 999 3453 1075">
     <span class='ocr_line' id='line_1_28' title="bbox 1940 999 3453 1075; baseline 0.001 -21"><span class='ocrx_word' id='word_1_205' title='bbox 1940 999 2253 1054; x_wconf 78' lang='lat' dir='ltr'><strong>Traditiom&#39;s</strong></span> <span class='ocrx_word' id='word_1_206' title='bbox 2283 1000 2475 1054; x_wconf 84' lang='lat' dir='ltr'><strong>crimen</strong></span> <span class='ocrx_word' id='word_1_207' title='bbox 2500 1002 2561 1053; x_wconf 62' lang='lat' dir='ltr'><strong>ei.</strong></span> <span class='ocrx_word' id='word_1_208' title='bbox 2577 1009 2741 1054; x_wconf 81' lang='lat' dir='ltr'><strong>vatur.</strong></span> <span class='ocrx_word' id='word_1_209' title='bbox 2764 1030 2832 1040; x_wconf 89' lang='lat'><strong>--</strong></span> <span class='ocrx_word' id='word_1_210' title='bbox 2856 999 2980 1055; x_wconf 93' lang='lat' dir='ltr'><strong>Post</strong></span> <span class='ocrx_word' id='word_1_211' title='bbox 3004 1000 3113 1056; x_wconf 76' lang='lat' dir='ltr'><strong>[nec</strong></span> <span class='ocrx_word' id='word_1_212' title='bbox 3133 1002 3300 1067; x_wconf 82' lang='lat' dir='ltr'><strong>verba,</strong></span> <span class='ocrx_word' id='word_1_213' title='bbox 3333 1020 3453 1075; x_wconf 78' lang='lat' dir='ltr'><strong>pag.</strong></span> 
     </span>
    </p>
   </div>
   <div class='ocr_carea' id='block_1_29' title="bbox 1868 1091 3456 1165">
    <p class='ocr_par' dir='ltr' id='par_1_29' title="bbox 1868 1091 3456 1165">
     <span class='ocr_line' id='line_1_29' title="bbox 1868 1091 3456 1165; baseline 0.002 -19"><span class='ocrx_word' id='word_1_214' title='bbox 1868 1092 1992 1157; x_wconf 79' lang='grc'><strong>100,</strong></span> <span class='ocrx_word' id='word_1_215' title='bbox 2027 1093 2178 1147; x_wconf 92' lang='lat' dir='ltr'><strong>initio</strong></span> <span class='ocrx_word' id='word_1_216' title='bbox 2207 1111 2220 1147; x_wconf 86' lang='lat'><strong>:</strong></span> <span class='ocrx_word' id='word_1_217' title='bbox 2253 1111 2272 1144; x_wconf 81' lang='grc' dir='ltr'><strong>ι</strong></span> <span class='ocrx_word' id='word_1_218' title='bbox 2304 1092 2419 1165; x_wconf 86' lang='grc'>(56)</span> <span class='ocrx_word' id='word_1_219' title='bbox 2452 1091 2532 1147; x_wconf 89' lang='lat' dir='ltr'><strong>Illi</strong></span> <span class='ocrx_word' id='word_1_220' title='bbox 2566 1108 2798 1163; x_wconf 88' lang='lat' dir='ltr'><strong>namque</strong></span> <span class='ocrx_word' id='word_1_221' title='bbox 2828 1095 2871 1147; x_wconf 90' lang='lat' dir='ltr'><strong>si</strong></span> <span class='ocrx_word' id='word_1_222' title='bbox 2904 1094 2997 1149; x_wconf 87' lang='lat' dir='ltr'><strong>illo</strong></span> <span class='ocrx_word' id='word_1_223' title='bbox 3030 1105 3290 1165; x_wconf 86' lang='lat' dir='ltr'><strong>tempore,</strong></span> <span class='ocrx_word' id='word_1_224' title='bbox 3313 1095 3456 1149; x_wconf 88' lang='lat' dir='ltr'><strong>bona</strong></span> 
     </span>
    </p>
   </div>
   <div class='ocr_carea' id='block_1_30' title="bbox 1864 1178 3453 1259">
    <p class='ocr_par' dir='ltr' id='par_1_30' title="bbox 1864 1178 3453 1259">
     <span class='ocr_line' id='line_1_30' title="bbox 1864 1178 3453 1259; baseline 0.002 -18"><span class='ocrx_word' id='word_1_225' title='bbox 1864 1189 2033 1259; x_wconf 86' lang='lat' dir='ltr'><strong>pacis,</strong></span> <span class='ocrx_word' id='word_1_226' title='bbox 2057 1207 2077 1240; x_wconf 72' lang='grc' dir='ltr'><strong>ι</strong></span> <span class='ocrx_word' id='word_1_227' title='bbox 2094 1188 2353 1259; x_wconf 74' lang='lat' dir='ltr'><strong>sequentia</strong></span> <span class='ocrx_word' id='word_1_228' title='bbox 2376 1178 2622 1242; x_wconf 62' lang='lat' dir='ltr'><strong>habentur</strong></span> <span class='ocrx_word' id='word_1_229' title='bbox 2637 1189 2927 1243; x_wconf 87' lang='lat' dir='ltr'><strong>:unitatcm</strong></span> <span class='ocrx_word' id='word_1_230' title='bbox 2946 1189 3121 1244; x_wconf 84' lang='lat' dir='ltr'><strong>facere</strong></span> <span class='ocrx_word' id='word_1_231' title='bbox 3135 1190 3453 1257; x_wconf 87' lang='lat' dir='ltr'><strong>debuerant,</strong></span> 
     </span>
    </p>
   </div>
   <div class='ocr_carea' id='block_1_31' title="bbox 1861 1281 3455 1353">
    <p class='ocr_par' dir='ltr' id='par_1_31' title="bbox 1861 1281 3455 1353">
     <span class='ocr_line' id='line_1_31' title="bbox 1861 1281 3455 1353; baseline -0.001 -16"><span class='ocrx_word' id='word_1_232' title='bbox 1861 1283 2021 1337; x_wconf 86' lang='lat' dir='ltr'><strong>etiam</strong></span> <span class='ocrx_word' id='word_1_233' title='bbox 2051 1292 2107 1336; x_wconf 91' lang='lat' dir='ltr'><strong>et</strong></span> <span class='ocrx_word' id='word_1_234' title='bbox 2136 1281 2239 1350; x_wconf 90' lang='lat' dir='ltr'><strong>ipsi</strong></span> <span class='ocrx_word' id='word_1_235' title='bbox 2278 1282 2346 1336; x_wconf 89' lang='lat' dir='ltr'><strong>ab</strong></span> <span class='ocrx_word' id='word_1_236' title='bbox 2375 1282 2611 1337; x_wconf 81' lang='lat' dir='ltr'><strong>Ecclesia</strong></span> <span class='ocrx_word' id='word_1_237' title='bbox 2643 1296 2748 1336; x_wconf 88' lang='lat' dir='ltr'><strong>non</strong></span> <span class='ocrx_word' id='word_1_238' title='bbox 2777 1281 2993 1337; x_wconf 70' lang='lat' dir='ltr'><strong>fuerant</strong></span> <span class='ocrx_word' id='word_1_239' title='bbox 3035 1282 3355 1353; x_wconf 78' lang='lat' dir='ltr'><strong>repellendi,</strong></span> <span class='ocrx_word' id='word_1_240' title='bbox 3404 1285 3455 1337; x_wconf 89' lang='lat' dir='ltr'><strong>in</strong></span> 
     </span>
    </p>
   </div>
   <div class='ocr_carea' id='block_1_32' title="bbox 1861 1372 3452 1444">
    <p class='ocr_par' dir='ltr' id='par_1_32' title="bbox 1861 1372 3452 1444">
     <span class='ocr_line' id='line_1_32' title="bbox 1861 1372 3452 1444; baseline 0.001 -18"><span class='ocrx_word' id='word_1_241' title='bbox 1861 1374 2055 1444; x_wconf 87' lang='lat' dir='ltr'><strong>quibus</strong></span> <span class='ocrx_word' id='word_1_242' title='bbox 2079 1372 2193 1443; x_wconf 90' lang='grc'>(57)</span> <span class='ocrx_word' id='word_1_243' title='bbox 2224 1373 2518 1428; x_wconf 76' lang='lat' dir='ltr'><strong>necessitas</strong></span> <span class='ocrx_word' id='word_1_244' title='bbox 2549 1383 2904 1428; x_wconf 78' lang='lat' dir='ltr'><strong>excusaverat</strong></span> <span class='ocrx_word' id='word_1_245' title='bbox 2941 1373 3291 1429; x_wconf 84' lang='lat' dir='ltr'><strong>voluntatem.</strong></span> <span class='ocrx_word' id='word_1_246' title='bbox 3337 1376 3452 1429; x_wconf 87' lang='lat' dir='ltr'><strong>Non</strong></span> 
     </span>
    </p>
   </div>
   <div class='ocr_carea' id='block_1_33' title="bbox 1864 1464 3459 1538">
    <p class='ocr_par' dir='ltr' id='par_1_33' title="bbox 1864 1464 3459 1538">
     <span class='ocr_line' id='line_1_33' title="bbox 1864 1464 3459 1538; baseline 0.001 -17"><span class='ocrx_word' id='word_1_247' title='bbox 1864 1465 2005 1521; x_wconf 89' lang='lat' dir='ltr'><strong>enim</strong></span> <span class='ocrx_word' id='word_1_248' title='bbox 2031 1464 2193 1534; x_wconf 83' lang='lat' dir='ltr'><strong>aliqui</strong></span> <span class='ocrx_word' id='word_1_249' title='bbox 2221 1464 2433 1519; x_wconf 86' lang='lat' dir='ltr'><strong>illorum</strong></span> <span class='ocrx_word' id='word_1_250' title='bbox 2467 1474 2659 1535; x_wconf 88' lang='lat' dir='ltr'><strong>sponte</strong></span> <span class='ocrx_word' id='word_1_251' title='bbox 2692 1464 3053 1532; x_wconf 87' lang='lat' dir='ltr'><strong>tradiderant,</strong></span> <span class='ocrx_word' id='word_1_252' title='bbox 3087 1477 3181 1520; x_wconf 89' lang='lat' dir='ltr'><strong>aut</strong></span> <span class='ocrx_word' id='word_1_253' title='bbox 3205 1467 3307 1523; x_wconf 89' lang='lat' dir='ltr'><strong>hoc</strong></span> <span class='ocrx_word' id='word_1_254' title='bbox 3335 1483 3459 1538; x_wconf 86' lang='lat' dir='ltr'><strong>pec-</strong></span> 
     </span>
    </p>
   </div>
   <div class='ocr_carea' id='block_1_34' title="bbox 1863 1544 3457 1630">
    <p class='ocr_par' dir='ltr' id='par_1_34' title="bbox 1863 1544 3457 1630">
     <span class='ocr_line' id='line_1_34' title="bbox 1863 1544 3457 1630; baseline -0.001 -17"><span class='ocrx_word' id='word_1_255' title='bbox 1863 1544 2042 1614; x_wconf 85' lang='lat' dir='ltr'><strong>catum</strong></span> <span class='ocrx_word' id='word_1_256' title='bbox 2071 1555 2189 1630; x_wconf 87' lang='grc'>(58)</span> <span class='ocrx_word' id='word_1_257' title='bbox 2232 1571 2353 1613; x_wconf 89' lang='lat' dir='ltr'><strong>cum</strong></span> <span class='ocrx_word' id='word_1_258' title='bbox 2404 1556 2615 1613; x_wconf 70' lang='lat' dir='ltr'><strong>caeteris</strong></span> <span class='ocrx_word' id='word_1_259' title='bbox 2662 1556 2874 1612; x_wconf 88' lang='lat' dir='ltr'><strong>delictis</strong></span> <span class='ocrx_word' id='word_1_260' title='bbox 2921 1558 3118 1628; x_wconf 87' lang='lat' dir='ltr'><strong>poterit</strong></span> <span class='ocrx_word' id='word_1_261' title='bbox 3166 1559 3457 1629; x_wconf 80' lang='lat' dir='ltr'><strong>coaequari.</strong></span> 
     </span>
    </p>
   </div>
   <div class='ocr_carea' id='block_1_35' title="bbox 1864 1650 3462 1724">
    <p class='ocr_par' dir='ltr' id='par_1_35' title="bbox 1864 1650 3462 1724">
     <span class='ocr_line' id='line_1_35' title="bbox 1864 1650 3462 1724; baseline 0 -17"><span class='ocrx_word' id='word_1_262' title='bbox 1864 1652 2131 1724; x_wconf 84' lang='lat' dir='ltr'><strong>Quidquid</strong></span> <span class='ocrx_word' id='word_1_263' title='bbox 2161 1653 2304 1709; x_wconf 90' lang='lat' dir='ltr'><strong>enim</strong></span> <span class='ocrx_word' id='word_1_264' title='bbox 2350 1653 2488 1707; x_wconf 90' lang='lat' dir='ltr'><strong>Deus</strong></span> <span class='ocrx_word' id='word_1_265' title='bbox 2529 1650 2644 1706; x_wconf 85' lang='lat' dir='ltr'><strong>fieri</strong></span> <span class='ocrx_word' id='word_1_266' title='bbox 2673 1651 2866 1716; x_wconf 89' lang='lat' dir='ltr'><strong>uoluit,</strong></span> <span class='ocrx_word' id='word_1_267' title='bbox 2901 1667 2996 1707; x_wconf 87' lang='lat' dir='ltr'><strong>ore</strong></span> <span class='ocrx_word' id='word_1_268' title='bbox 3026 1667 3123 1706; x_wconf 86' lang='lat' dir='ltr'><strong>suo</strong></span> <span class='ocrx_word' id='word_1_269' title='bbox 3148 1651 3421 1721; x_wconf 85' lang='lat' dir='ltr'><strong>prohibuit</strong></span> <span class='ocrx_word' id='word_1_270' title='bbox 3441 1666 3462 1718; x_wconf 79' lang='lat'><strong>,‘</strong></span> 
     </span>
    </p>
   </div>
   <div class='ocr_carea' id='block_1_36' title="bbox 168 1733 1771 1816">
    <p class='ocr_par' dir='ltr' id='par_1_36' title="bbox 168 1733 1759 1809">
     <span class='ocr_line' id='line_1_36' title="bbox 168 1733 1759 1809; baseline 0.003 -21"><span class='ocrx_word' id='word_1_271' title='bbox 168 1743 360 1805; x_wconf 89' lang='lat' dir='ltr'><strong>posset</strong></span> <span class='ocrx_word' id='word_1_272' title='bbox 382 1736 593 1793; x_wconf 88' lang='lat' dir='ltr'><strong>nescire</strong></span> <span class='ocrx_word' id='word_1_273' title='bbox 618 1733 819 1808; x_wconf 86' lang='lat' dir='ltr'><strong>aliquid</strong></span> <span class='ocrx_word' id='word_1_274' title='bbox 851 1738 1106 1794; x_wconf 86' lang='lat' dir='ltr'><strong>Dominus</strong></span> <span class='ocrx_word' id='word_1_275' title='bbox 1131 1780 1145 1805; x_wconf 94' lang='lat'><strong>,</strong></span> <span class='ocrx_word' id='word_1_276' title='bbox 1175 1738 1275 1794; x_wconf 90' lang='lat' dir='ltr'><strong>sub</strong></span> <span class='ocrx_word' id='word_1_277' title='bbox 1309 1738 1463 1809; x_wconf 87' lang='lat' dir='ltr'><strong>cujus</strong></span> <span class='ocrx_word' id='word_1_278' title='bbox 1502 1739 1673 1795; x_wconf 90' lang='lat' dir='ltr'><strong>oculis</strong></span> <span class='ocrx_word' id='word_1_279' title='bbox 1704 1748 1759 1794; x_wconf 92' lang='lat' dir='ltr'><strong>et</strong></span> 
     </span>
    </p>
   </div>
   <div class='ocr_carea' id='block_1_37' title="bbox 1896 1733 3454 1816">
    <p class='ocr_par' dir='ltr' id='par_1_37' title="bbox 1903 1742 3454 1810">
     <span class='ocr_line' id='line_1_37' title="bbox 1903 1742 3454 1810; baseline -0.002 -10"><span class='ocrx_word' id='word_1_280' title='bbox 1903 1761 1971 1800; x_wconf 91' lang='lat' dir='ltr'><strong>uo</strong></span> <span class='ocrx_word' id='word_1_281' title='bbox 2000 1744 2160 1799; x_wconf 88' lang='lat' dir='ltr'><strong>modo</strong></span> <span class='ocrx_word' id='word_1_282' title='bbox 2190 1743 2360 1799; x_wconf 84' lang='lat' dir='ltr'><strong>dixit:</strong></span> <span class='ocrx_word' id='word_1_283' title='bbox 2394 1760 2496 1798; x_wconf 86' lang='lat' dir='ltr'><strong>non</strong></span> <span class='ocrx_word' id='word_1_284' title='bbox 2526 1743 2755 1809; x_wconf 78' lang='lat' dir='ltr'><strong>occides,</strong></span> <span class='ocrx_word' id='word_1_285' title='bbox 2806 1759 2906 1797; x_wconf 88' lang='lat' dir='ltr'><strong>non</strong></span> <span class='ocrx_word' id='word_1_286' title='bbox 2953 1742 3282 1798; x_wconf 79' lang='lat' dir='ltr'><strong>mwchaberis</strong></span> <span class='ocrx_word' id='word_1_287' title='bbox 3301 1782 3317 1810; x_wconf 91' lang='lat'><strong>,</strong></span> <span class='ocrx_word' id='word_1_288' title='bbox 3351 1751 3454 1800; x_wconf 90' lang='lat' dir='ltr'><strong>etc.</strong></span> 
     </span>
    </p>
   </div>
   <div class='ocr_carea' id='block_1_38' title="bbox 170 1830 1765 1903">
    <p class='ocr_par' dir='ltr' id='par_1_38' title="bbox 170 1830 1765 1903">
     <span class='ocr_line' id='line_1_38' title="bbox 170 1830 1765 1903; baseline 0.003 -18"><span class='ocrx_word' id='word_1_289' title='bbox 170 1830 330 1885; x_wconf 83' lang='lat' dir='ltr'><strong>vultu</strong></span> <span class='ocrx_word' id='word_1_290' title='bbox 357 1840 483 1886; x_wconf 90' lang='lat' dir='ltr'><strong>suut</strong></span> <span class='ocrx_word' id='word_1_291' title='bbox 507 1832 685 1887; x_wconf 84' lang='lat' dir='ltr'><strong>omnia</strong></span> <span class='ocrx_word' id='word_1_292' title='bbox 709 1848 829 1903; x_wconf 84' lang='lat' dir='ltr'><strong>quae</strong></span> <span class='ocrx_word' id='word_1_293' title='bbox 858 1834 1161 1902; x_wconf 82' lang='lat' dir='ltr'><strong>geruntur?</strong></span> <span class='ocrx_word' id='word_1_294' title='bbox 1188 1842 1243 1890; x_wconf 90' lang='lat' dir='ltr'><strong>et</strong></span> <span class='ocrx_word' id='word_1_295' title='bbox 1274 1842 1450 1889; x_wconf 88' lang='lat' dir='ltr'><strong>tamen</strong></span> <span class='ocrx_word' id='word_1_296' title='bbox 1480 1833 1621 1889; x_wconf 92' lang='lat' dir='ltr'><strong>Deus</strong></span> <span class='ocrx_word' id='word_1_297' title='bbox 1647 1833 1765 1889; x_wconf 89' lang='lat' dir='ltr'><strong>sine</strong></span> 
     </span>
    </p>
   </div>
   <div class='ocr_carea' id='block_1_39' title="bbox 172 1924 1765 1997">
    <p class='ocr_par' dir='ltr' id='par_1_39' title="bbox 172 1924 1765 1997">
     <span class='ocr_line' id='line_1_39' title="bbox 172 1924 1765 1997; baseline 0.003 -21"><span class='ocrx_word' id='word_1_298' title='bbox 172 1933 491 1979; x_wconf 83' lang='lat' dir='ltr'><strong>accusatore</strong></span> <span class='ocrx_word' id='word_1_299' title='bbox 541 1938 644 1979; x_wconf 90' lang='lat' dir='ltr'><strong>non</strong></span> <span class='ocrx_word' id='word_1_300' title='bbox 682 1924 926 1995; x_wconf 86' lang='lat' dir='ltr'><strong>judicat:</strong></span> <span class='ocrx_word' id='word_1_301' title='bbox 968 1934 1021 1982; x_wconf 91' lang='lat' dir='ltr'><strong>et</strong></span> <span class='ocrx_word' id='word_1_302' title='bbox 1070 1926 1363 1996; x_wconf 81' lang='lat' dir='ltr'><strong>interrogat</strong></span> <span class='ocrx_word' id='word_1_303' title='bbox 1409 1927 1593 1997; x_wconf 85' lang='lat' dir='ltr'><strong>utique</strong></span> <span class='ocrx_word' id='word_1_304' title='bbox 1623 1925 1765 1996; x_wconf 90' lang='lat' dir='ltr'><strong>quod</strong></span> 
     </span>
    </p>
   </div>
   <div class='ocr_carea' id='block_1_40' title="bbox 174 2015 1762 2090">
    <p class='ocr_par' dir='ltr' id='par_1_40' title="bbox 174 2015 1762 2090">
     <span class='ocr_line' id='line_1_40' title="bbox 174 2015 1762 2090; baseline 0.003 -21"><span class='ocrx_word' id='word_1_305' title='bbox 174 2023 427 2070; x_wconf 83' lang='lat' dir='ltr'><strong>noverat.</strong></span> <span class='ocrx_word' id='word_1_306' title='bbox 461 2015 528 2070; x_wconf 88' lang='lat' dir='ltr'><strong>Et</strong></span> <span class='ocrx_word' id='word_1_307' title='bbox 549 2030 663 2071; x_wconf 55' lang='grc' dir='ltr'><strong>ηοξ</strong></span> <span class='ocrx_word' id='word_1_308' title='bbox 700 2017 861 2071; x_wconf 81' lang='lat' dir='ltr'><strong>vultis</strong></span> <span class='ocrx_word' id='word_1_309' title='bbox 907 2025 966 2071; x_wconf 92' lang='lat' dir='ltr'><strong>ut</strong></span> <span class='ocrx_word' id='word_1_310' title='bbox 1013 2016 1405 2074; x_wconf 85' lang='lat' dir='ltr'><strong>abstineremus</strong></span> <span class='ocrx_word' id='word_1_311' title='bbox 1450 2033 1612 2090; x_wconf 90' lang='lat' dir='ltr'><strong>quem</strong></span> <span class='ocrx_word' id='word_1_312' title='bbox 1657 2033 1762 2073; x_wconf 91' lang='lat' dir='ltr'><strong>non</strong></span> 
     </span>
    </p>
   </div>
   <div class='ocr_carea' id='block_1_41' title="bbox 177 2107 1790 2187">
    <p class='ocr_par' dir='ltr' id='par_1_41' title="bbox 177 2107 1790 2187">
     <span class='ocr_line' id='line_1_41' title="bbox 177 2107 1790 2187; baseline 0.001 -25"><span class='ocrx_word' id='word_1_313' title='bbox 177 2107 415 2187; x_wconf 80' lang='lat' dir='ltr'><strong>vidimus</strong></span> <span class='ocrx_word' id='word_1_314' title='bbox 434 2107 640 2179; x_wconf 89' lang='lat' dir='ltr'><strong>aliquid</strong></span> <span class='ocrx_word' id='word_1_315' title='bbox 671 2108 795 2164; x_wconf 89' lang='lat' dir='ltr'><strong>mali</strong></span> <span class='ocrx_word' id='word_1_316' title='bbox 824 2118 850 2147; x_wconf 74' lang='grc' dir='ltr'>ι</span> <span class='ocrx_word' id='word_1_317' title='bbox 879 2109 1188 2175; x_wconf 86' lang='lat' dir='ltr'><strong>facientem,</strong></span> <span class='ocrx_word' id='word_1_318' title='bbox 1234 2120 1290 2166; x_wconf 94' lang='lat' dir='ltr'><strong>et</strong></span> <span class='ocrx_word' id='word_1_319' title='bbox 1315 2111 1407 2181; x_wconf 90' lang='lat' dir='ltr'><strong>qui</strong></span> <span class='ocrx_word' id='word_1_320' title='bbox 1438 2110 1640 2165; x_wconf 91' lang='lat' dir='ltr'><strong>nullum</strong></span> <span class='ocrx_word' id='word_1_321' title='bbox 1668 2110 1790 2165; x_wconf 48' lang='lat' dir='ltr'><strong>ha»</strong></span> 
     </span>
    </p>
   </div>
   <div class='ocr_carea' id='block_1_42' title="bbox 178 2199 1765 2274">
    <p class='ocr_par' dir='ltr' id='par_1_42' title="bbox 178 2199 1765 2274">
     <span class='ocr_line' id='line_1_42' title="bbox 178 2199 1765 2274; baseline 0.002 -19"><span class='ocrx_word' id='word_1_322' title='bbox 178 2199 361 2257; x_wconf 89' lang='lat' dir='ltr'><strong>buerit</strong></span> <span class='ocrx_word' id='word_1_323' title='bbox 403 2211 821 2256; x_wconf 67' lang='lat' dir='ltr'><strong>accusatorem.</strong></span> <span class='ocrx_word' id='word_1_324' title='bbox 851 2200 1019 2257; x_wconf 78' lang='lat' dir='ltr'><strong>Video</strong></span> <span class='ocrx_word' id='word_1_325' title='bbox 1070 2201 1172 2257; x_wconf 87' lang='lat' dir='ltr'><strong>hoc</strong></span> <span class='ocrx_word' id='word_1_326' title='bbox 1220 2202 1338 2259; x_wconf 91' lang='lat' dir='ltr'><strong>loco</strong></span> <span class='ocrx_word' id='word_1_327' title='bbox 1384 2202 1514 2274; x_wconf 90' lang='lat' dir='ltr'><strong>quid</strong></span> <span class='ocrx_word' id='word_1_328' title='bbox 1564 2202 1765 2258; x_wconf 84' lang='lat' dir='ltr'><strong>invidia</strong></span> 
     </span>
    </p>
   </div>
   <div class='ocr_carea' id='block_1_43' title="bbox 180 2280 1769 2353">
    <p class='ocr_par' dir='ltr' id='par_1_43' title="bbox 180 2280 1769 2353">
     <span class='ocr_line' id='line_1_43' title="bbox 180 2280 1769 2353; baseline 0.004 -6"><span class='ocrx_word' id='word_1_329' title='bbox 180 2293 591 2349; x_wconf 87' lang='lat' dir='ltr'><strong>submurmuret</strong></span> <span class='ocrx_word' id='word_1_330' title='bbox 617 2280 814 2350; x_wconf 80' lang='lat' dir='ltr'><strong>vestra.</strong></span> <span class='ocrx_word' id='word_1_331' title='bbox 846 2295 1033 2351; x_wconf 87' lang='lat' dir='ltr'><strong>Dicitis</strong></span> <span class='ocrx_word' id='word_1_332' title='bbox 1056 2295 1199 2351; x_wconf 91' lang='lat' dir='ltr'><strong>enim</strong></span> <span class='ocrx_word' id='word_1_333' title='bbox 1246 2311 1353 2350; x_wconf 91' lang='lat' dir='ltr'><strong>non</strong></span> <span class='ocrx_word' id='word_1_334' title='bbox 1402 2311 1499 2351; x_wconf 89' lang='lat' dir='ltr'><strong>nos</strong></span> <span class='ocrx_word' id='word_1_335' title='bbox 1544 2297 1769 2353; x_wconf 88' lang='lat' dir='ltr'><strong>latuisse</strong></span> 
     </span>
    </p>
   </div>
   <div class='ocr_carea' id='block_1_44' title="bbox 180 2383 1769 2460">
    <p class='ocr_par' dir='ltr' id='par_1_44' title="bbox 180 2383 1769 2460">
     <span class='ocr_line' id='line_1_44' title="bbox 180 2383 1769 2460; baseline 0.003 -21"><span class='ocrx_word' id='word_1_336' title='bbox 180 2383 331 2456; x_wconf 90' lang='lat' dir='ltr'><strong>quod</strong></span> <span class='ocrx_word' id='word_1_337' title='bbox 363 2385 557 2442; x_wconf 76' lang='lat' dir='ltr'><strong>factum</strong></span> <span class='ocrx_word' id='word_1_338' title='bbox 595 2393 699 2442; x_wconf 86' lang='lat' dir='ltr'><strong>est.</strong></span> <span class='ocrx_word' id='word_1_339' title='bbox 745 2386 1000 2443; x_wconf 87' lang='lat' dir='ltr'><strong>Fatemur</strong></span> <span class='ocrx_word' id='word_1_340' title='bbox 1027 2402 1127 2443; x_wconf 90' lang='lat' dir='ltr'><strong>nos</strong></span> <span class='ocrx_word' id='word_1_341' title='bbox 1165 2387 1381 2444; x_wconf 88' lang='lat' dir='ltr'><strong>audisse</strong></span> <span class='ocrx_word' id='word_1_342' title='bbox 1406 2431 1421 2455; x_wconf 90' lang='lat'><strong>,</strong></span> <span class='ocrx_word' id='word_1_343' title='bbox 1451 2388 1546 2445; x_wconf 89' lang='lat' dir='ltr'><strong>sed</strong></span> <span class='ocrx_word' id='word_1_344' title='bbox 1579 2403 1769 2460; x_wconf 79' lang='lat' dir='ltr'><strong>pecca-</strong></span> 
     </span>
    </p>
   </div>
   <div class='ocr_carea' id='block_1_45' title="bbox 185 2480 1769 2553">
    <p class='ocr_par' dir='ltr' id='par_1_45' title="bbox 185 2480 1769 2553">
     <span class='ocr_line' id='line_1_45' title="bbox 185 2480 1769 2553; baseline 0.001 -17"><span class='ocrx_word' id='word_1_345' title='bbox 185 2488 300 2536; x_wconf 90' lang='lat' dir='ltr'><strong>tum</strong></span> <span class='ocrx_word' id='word_1_346' title='bbox 330 2489 446 2537; x_wconf 85' lang='lat' dir='ltr'><strong>erat</strong></span> <span class='ocrx_word' id='word_1_347' title='bbox 473 2480 733 2538; x_wconf 88' lang='lat' dir='ltr'><strong>damnare</strong></span> <span class='ocrx_word' id='word_1_348' title='bbox 758 2497 882 2538; x_wconf 90' lang='lat' dir='ltr'><strong>eum</strong></span> <span class='ocrx_word' id='word_1_349' title='bbox 912 2498 1070 2553; x_wconf 92' lang='lat' dir='ltr'><strong>quem</strong></span> <span class='ocrx_word' id='word_1_350' title='bbox 1099 2497 1257 2538; x_wconf 90' lang='lat' dir='ltr'><strong>nemo</strong></span> <span class='ocrx_word' id='word_1_351' title='bbox 1285 2491 1369 2539; x_wconf 89' lang='lat' dir='ltr'><strong>est</strong></span> <span class='ocrx_word' id='word_1_352' title='bbox 1408 2498 1570 2538; x_wconf 91' lang='lat' dir='ltr'><strong>ausus</strong></span> <span class='ocrx_word' id='word_1_353' title='bbox 1612 2498 1769 2539; x_wconf 90' lang='lat' dir='ltr'><strong>accu-</strong></span> 
     </span>
    </p>
   </div>
   <div class='ocr_carea' id='block_1_46' title="bbox 185 2573 1765 2645">
    <p class='ocr_par' dir='ltr' id='par_1_46' title="bbox 185 2573 1765 2645">
     <span class='ocr_line' id='line_1_46' title="bbox 185 2573 1765 2645; baseline 0.001 -16"><span class='ocrx_word' id='word_1_354' title='bbox 185 2588 310 2632; x_wconf 84' lang='lat' dir='ltr'><strong>sare</strong></span> <span class='ocrx_word' id='word_1_355' title='bbox 328 2573 378 2628; x_wconf 74' lang='grc' dir='ltr'><strong>δ.</strong></span> <span class='ocrx_word' id='word_1_356' title='bbox 405 2573 509 2631; x_wconf 86' lang='lat' dir='ltr'><strong>Sed</strong></span> <span class='ocrx_word' id='word_1_357' title='bbox 537 2575 581 2630; x_wconf 90' lang='lat' dir='ltr'><strong>si</strong></span> <span class='ocrx_word' id='word_1_358' title='bbox 611 2574 856 2631; x_wconf 82' lang='lat' dir='ltr'><strong>dixeritis</strong></span> <span class='ocrx_word' id='word_1_359' title='bbox 884 2576 1009 2645; x_wconf 87' lang='lat' dir='ltr'><strong>quia</strong></span> <span class='ocrx_word' id='word_1_360' title='bbox 1036 2588 1056 2614; x_wconf 77' lang='grc' dir='ltr'><strong><em>ε</em></strong></span> <span class='ocrx_word' id='word_1_361' title='bbox 1087 2592 1193 2631; x_wconf 90' lang='lat' dir='ltr'><strong>non</strong></span> <span class='ocrx_word' id='word_1_362' title='bbox 1226 2591 1325 2633; x_wconf 91' lang='lat' dir='ltr'><strong>nos</strong></span> <span class='ocrx_word' id='word_1_363' title='bbox 1351 2576 1504 2631; x_wconf 89' lang='lat' dir='ltr'><strong>latuit</strong></span> <span class='ocrx_word' id='word_1_364' title='bbox 1534 2575 1765 2644; x_wconf 87' lang='lat' dir='ltr'><strong>factum,</strong></span> 
     </span>
    </p>
   </div>
   <div class='ocr_carea' id='block_1_47' title="bbox 186 2656 1772 2741">
    <p class='ocr_par' dir='ltr' id='par_1_47' title="bbox 186 2656 1772 2741">
     <span class='ocr_line' id='line_1_47' title="bbox 186 2656 1772 2741; baseline 0 -18"><span class='ocrx_word' id='word_1_365' title='bbox 186 2667 352 2724; x_wconf 89' lang='lat' dir='ltr'><strong>dicite</strong></span> <span class='ocrx_word' id='word_1_366' title='bbox 386 2668 494 2724; x_wconf 93' lang='lat' dir='ltr'><strong>Deo</strong></span> <span class='ocrx_word' id='word_1_367' title='bbox 535 2683 701 2740; x_wconf 89' lang='lat' dir='ltr'><strong>quare</strong></span> <span class='ocrx_word' id='word_1_368' title='bbox 740 2669 1123 2740; x_wconf 81' lang='lat' dir='ltr'><strong>interrogavit,</strong></span> <span class='ocrx_word' id='word_1_369' title='bbox 1163 2669 1252 2740; x_wconf 93' lang='lat' dir='ltr'><strong>qui</strong></span> <span class='ocrx_word' id='word_1_370' title='bbox 1293 2656 1503 2727; x_wconf 80' lang='lat' dir='ltr'><strong>viderat</strong></span> <span class='ocrx_word' id='word_1_371' title='bbox 1547 2671 1772 2741; x_wconf 89' lang='lat' dir='ltr'><strong>parrici-</strong></span> 
     </span>
    </p>
   </div>
   <div class='ocr_carea' id='block_1_48' title="bbox 186 2760 1770 2840">
    <p class='ocr_par' dir='ltr' id='par_1_48' title="bbox 186 2760 1770 2840">
     <span class='ocr_line' id='line_1_48' title="bbox 186 2760 1770 2840; baseline 0.001 -23"><span class='ocrx_word' id='word_1_372' title='bbox 186 2760 359 2817; x_wconf 89' lang='lat' dir='ltr'><strong>dium.</strong></span> <span class='ocrx_word' id='word_1_373' title='bbox 391 2760 500 2818; x_wconf 85' lang='lat' dir='ltr'><strong>Nec</strong></span> <span class='ocrx_word' id='word_1_374' title='bbox 537 2761 669 2817; x_wconf 91' lang='lat' dir='ltr'><strong>illud</strong></span> <span class='ocrx_word' id='word_1_375' title='bbox 709 2779 738 2817; x_wconf 87' lang='lat' dir='ltr'><strong>a</strong></span> <span class='ocrx_word' id='word_1_376' title='bbox 785 2763 937 2840; x_wconf 82' lang='lat' dir='ltr'><strong>nobis</strong></span> <span class='ocrx_word' id='word_1_377' title='bbox 982 2763 1097 2819; x_wconf 75' lang='lat' dir='ltr'><strong>ﬂori</strong></span> <span class='ocrx_word' id='word_1_378' title='bbox 1139 2763 1417 2835; x_wconf 87' lang='lat' dir='ltr'><strong>oportuit,</strong></span> <span class='ocrx_word' id='word_1_379' title='bbox 1454 2763 1596 2835; x_wconf 93' lang='lat' dir='ltr'><strong>quod</strong></span> <span class='ocrx_word' id='word_1_380' title='bbox 1631 2764 1770 2819; x_wconf 90' lang='lat' dir='ltr'><strong>Deus</strong></span> 
     </span>
    </p>
   </div>
   <div class='ocr_carea' id='block_1_49' title="bbox 187 2851 1768 2921">
    <p class='ocr_par' dir='ltr' id='par_1_49' title="bbox 187 2851 1768 2921">
     <span class='ocr_line' id='line_1_49' title="bbox 187 2851 1768 2921; baseline 0 -13"><span class='ocrx_word' id='word_1_381' title='bbox 187 2852 369 2909; x_wconf 86' lang='lat' dir='ltr'><strong>facere</strong></span> <span class='ocrx_word' id='word_1_382' title='bbox 398 2853 567 2908; x_wconf 90' lang='lat' dir='ltr'><strong>noluit</strong></span> <span class='ocrx_word' id='word_1_383' title='bbox 595 2855 686 2921; x_wconf 92' lang='lat' dir='ltr'><strong>qui</strong></span> <span class='ocrx_word' id='word_1_384' title='bbox 730 2851 1048 2910; x_wconf 83' lang='lat' dir='ltr'><strong>sententiam</strong></span> <span class='ocrx_word' id='word_1_385' title='bbox 1083 2854 1256 2910; x_wconf 90' lang='lat' dir='ltr'><strong>noluit</strong></span> <span class='ocrx_word' id='word_1_386' title='bbox 1299 2855 1480 2911; x_wconf 87' lang='lat' dir='ltr'><strong>dicere</strong></span> <span class='ocrx_word' id='word_1_387' title='bbox 1520 2854 1621 2909; x_wconf 88' lang='lat' dir='ltr'><strong>nisi</strong></span> <span class='ocrx_word' id='word_1_388' title='bbox 1654 2868 1768 2910; x_wconf 92' lang='lat' dir='ltr'><strong>reo.</strong></span> 
     </span>
    </p>
   </div>
   <div class='ocr_carea' id='block_1_50' title="bbox 189 2945 1814 3019">
    <p class='ocr_par' dir='ltr' id='par_1_50' title="bbox 189 2945 1814 3019">
     <span class='ocr_line' id='line_1_50' title="bbox 189 2945 1814 3019; baseline 0 -17"><span class='ocrx_word' id='word_1_389' title='bbox 189 2945 382 3003; x_wconf 83' lang='lat' dir='ltr'><strong>Redde</strong></span> <span class='ocrx_word' id='word_1_390' title='bbox 423 2954 792 3003; x_wconf 84' lang='lat' dir='ltr'><strong>accusatorem</strong></span> <span class='ocrx_word' id='word_1_391' title='bbox 816 2964 832 3012; x_wconf 89' lang='lat'><strong>;</strong></span> <span class='ocrx_word' id='word_1_392' title='bbox 874 2949 1110 3019; x_wconf 88' lang='lat' dir='ltr'><strong>alioquin</strong></span> <span class='ocrx_word' id='word_1_393' title='bbox 1136 2963 1244 3004; x_wconf 90' lang='lat' dir='ltr'><strong>non</strong></span> <span class='ocrx_word' id='word_1_394' title='bbox 1274 2958 1454 3019; x_wconf 91' lang='lat' dir='ltr'><strong>posset</strong></span> <span class='ocrx_word' id='word_1_395' title='bbox 1480 2948 1626 3019; x_wconf 83' lang='lat' dir='ltr'><strong>justa</strong></span> <span class='ocrx_word' id='word_1_396' title='bbox 1653 2962 1814 3007; x_wconf 71' lang='lat' dir='ltr'><strong>esse,</strong></span> 
     </span>
    </p>
   </div>
   <div class='ocr_carea' id='block_1_51' title="bbox 187 3038 1769 3110">
    <p class='ocr_par' dir='ltr' id='par_1_51' title="bbox 187 3038 1769 3110">
     <span class='ocr_line' id='line_1_51' title="bbox 187 3038 1769 3110; baseline -0.001 -15"><span class='ocrx_word' id='word_1_397' title='bbox 187 3038 453 3095; x_wconf 86' lang='lat' dir='ltr'><strong>sententia</strong></span> <span class='ocrx_word' id='word_1_398' title='bbox 474 3079 490 3103; x_wconf 92' lang='lat'><strong>,</strong></span> <span class='ocrx_word' id='word_1_399' title='bbox 519 3038 623 3093; x_wconf 88' lang='lat' dir='ltr'><strong>nisi</strong></span> <span class='ocrx_word' id='word_1_400' title='bbox 653 3039 768 3107; x_wconf 90' lang='lat' dir='ltr'><strong>ipse</strong></span> <span class='ocrx_word' id='word_1_401' title='bbox 808 3040 899 3108; x_wconf 89' lang='lat' dir='ltr'><strong>qui</strong></span> <span class='ocrx_word' id='word_1_402' title='bbox 924 3040 1261 3110; x_wconf 76' lang='lat' dir='ltr'><strong>iudicaturus</strong></span> <span class='ocrx_word' id='word_1_403' title='bbox 1308 3050 1426 3095; x_wconf 86' lang='lat' dir='ltr'><strong>erat</strong></span> <span class='ocrx_word' id='word_1_404' title='bbox 1469 3049 1769 3095; x_wconf 88' lang='lat' dir='ltr'><strong>accusaret.</strong></span> 
     </span>
    </p>
   </div>
   <div class='ocr_carea' id='block_1_52' title="bbox 1867 1835 3461 1909">
    <p class='ocr_par' dir='ltr' id='par_1_52' title="bbox 1867 1835 3461 1909">
     <span class='ocr_line' id='line_1_52' title="bbox 1867 1835 3461 1909; baseline -0.001 -19"><span class='ocrx_word' id='word_1_405' title='bbox 1867 1836 2064 1909; x_wconf 69' lang='lat' dir='ltr'><strong>(Exod.</strong></span> <span class='ocrx_word' id='word_1_406' title='bbox 2097 1852 2201 1902; x_wconf 79' lang='lat' dir='ltr'><strong>xx,</strong></span> <span class='ocrx_word' id='word_1_407' title='bbox 2238 1835 2349 1907; x_wconf 78' lang='grc'>15).</span> <span class='ocrx_word' id='word_1_408' title='bbox 2380 1835 2559 1891; x_wconf 84' lang='lat' dir='ltr'><strong>Potuit</strong></span> <span class='ocrx_word' id='word_1_409' title='bbox 2596 1836 2759 1891; x_wconf 86' lang='lat' dir='ltr'><strong>etiam</strong></span> <span class='ocrx_word' id='word_1_410' title='bbox 2802 1835 2904 1891; x_wconf 90' lang='lat' dir='ltr'><strong>hoc</strong></span> <span class='ocrx_word' id='word_1_411' title='bbox 2935 1836 3222 1906; x_wconf 89' lang='lat' dir='ltr'><strong>prohibere</strong></span> <span class='ocrx_word' id='word_1_412' title='bbox 3244 1836 3461 1907; x_wconf 80' lang='lat' dir='ltr'><strong>quod.a</strong></span> 
     </span>
    </p>
   </div>
   <div class='ocr_carea' id='block_1_53' title="bbox 1870 1926 3475 1998">
    <p class='ocr_par' dir='ltr' id='par_1_53' title="bbox 1870 1926 3475 1998">
     <span class='ocr_line' id='line_1_53' title="bbox 1870 1926 3475 1998; baseline 0 -16"><span class='ocrx_word' id='word_1_413' title='bbox 1870 1928 2181 1997; x_wconf 89' lang='lat' dir='ltr'><strong>parentibus</strong></span> <span class='ocrx_word' id='word_1_414' title='bbox 2207 1927 2403 1982; x_wconf 86' lang='lat' dir='ltr'><strong>vestris</strong></span> <span class='ocrx_word' id='word_1_415' title='bbox 2428 1926 2724 1982; x_wconf 87' lang='lat' dir='ltr'><strong>admissum</strong></span> <span class='ocrx_word' id='word_1_416' title='bbox 2754 1935 2838 1982; x_wconf 90' lang='lat' dir='ltr'><strong>est</strong></span> <span class='ocrx_word' id='word_1_417' title='bbox 2866 1944 2879 1980; x_wconf 90' lang='lat'><strong>:</strong></span> <span class='ocrx_word' id='word_1_418' title='bbox 2908 1926 3004 1983; x_wconf 90' lang='lat' dir='ltr'><strong>sed</strong></span> <span class='ocrx_word' id='word_1_419' title='bbox 3032 1927 3286 1998; x_wconf 89' lang='lat' dir='ltr'><strong>quoniam</strong></span> <span class='ocrx_word' id='word_1_420' title='bbox 3316 1927 3475 1997; x_wconf 19' lang='lat' dir='ltr'><strong>aliud,</strong></span> 
     </span>
    </p>
   </div>
   <div class='ocr_carea' id='block_1_54' title="bbox 1867 2018 3463 2090">
    <p class='ocr_par' dir='ltr' id='par_1_54' title="bbox 1867 2018 3463 2090">
     <span class='ocr_line' id='line_1_54' title="bbox 1867 2018 3463 2090; baseline 0 -16"><span class='ocrx_word' id='word_1_421' title='bbox 1867 2028 1952 2075; x_wconf 91' lang='lat' dir='ltr'><strong>est</strong></span> <span class='ocrx_word' id='word_1_422' title='bbox 1976 2019 2118 2090; x_wconf 89' lang='lat' dir='ltr'><strong>quod</strong></span> <span class='ocrx_word' id='word_1_423' title='bbox 2149 2018 2279 2073; x_wconf 80' lang='lat' dir='ltr'><strong>facit</strong></span> <span class='ocrx_word' id='word_1_424' title='bbox 2308 2018 2537 2084; x_wconf 88' lang='lat' dir='ltr'><strong>animus,</strong></span> <span class='ocrx_word' id='word_1_425' title='bbox 2566 2018 2712 2073; x_wconf 89' lang='lat' dir='ltr'><strong>aliud</strong></span> <span class='ocrx_word' id='word_1_426' title='bbox 2744 2028 2827 2074; x_wconf 90' lang='lat' dir='ltr'><strong>est</strong></span> <span class='ocrx_word' id='word_1_427' title='bbox 2854 2018 2996 2089; x_wconf 88' lang='lat' dir='ltr'><strong>quod</strong></span> <span class='ocrx_word' id='word_1_428' title='bbox 3025 2029 3279 2090; x_wconf 89' lang='lat' dir='ltr'><strong>operatur</strong></span> <span class='ocrx_word' id='word_1_429' title='bbox 3299 2019 3463 2076; x_wconf 85' lang='lat' dir='ltr'><strong>even-</strong></span> 
     </span>
    </p>
   </div>
   <div class='ocr_carea' id='block_1_55' title="bbox 1869 2110 3456 2182">
    <p class='ocr_par' dir='ltr' id='par_1_55' title="bbox 1869 2110 3456 2182">
     <span class='ocr_line' id='line_1_55' title="bbox 1869 2110 3456 2182; baseline 0.001 -17"><span class='ocrx_word' id='word_1_430' title='bbox 1869 2120 1974 2176; x_wconf 92' lang='lat' dir='ltr'><strong>tus,</strong></span> <span class='ocrx_word' id='word_1_431' title='bbox 2004 2110 2258 2182; x_wconf 91' lang='lat' dir='ltr'><strong>quidquid</strong></span> <span class='ocrx_word' id='word_1_432' title='bbox 2285 2111 2352 2166; x_wconf 92' lang='lat' dir='ltr'><strong>de</strong></span> <span class='ocrx_word' id='word_1_433' title='bbox 2380 2111 2658 2167; x_wconf 89' lang='lat' dir='ltr'><strong>voluntate</strong></span> <span class='ocrx_word' id='word_1_434' title='bbox 2688 2120 2868 2181; x_wconf 89' lang='lat' dir='ltr'><strong>potest</strong></span> <span class='ocrx_word' id='word_1_435' title='bbox 2913 2113 2981 2167; x_wconf 88' lang='lat' dir='ltr'><strong>ab</strong></span> <span class='ocrx_word' id='word_1_436' title='bbox 3028 2111 3247 2167; x_wconf 87' lang='lat' dir='ltr'><strong>homine</strong></span> <span class='ocrx_word' id='word_1_437' title='bbox 3294 2112 3413 2167; x_wconf 88' lang='lat' dir='ltr'><strong>licri</strong></span> <span class='ocrx_word' id='word_1_438' title='bbox 3442 2153 3456 2176; x_wconf 91' lang='lat'><strong>,</strong></span> 
     </span>
    </p>
   </div>
   <div class='ocr_carea' id='block_1_56' title="bbox 1872 2202 3464 2273">
    <p class='ocr_par' dir='ltr' id='par_1_56' title="bbox 1872 2202 3464 2273">
     <span class='ocr_line' id='line_1_56' title="bbox 1872 2202 3464 2273; baseline -0.001 -16"><span class='ocrx_word' id='word_1_439' title='bbox 1872 2204 1975 2259; x_wconf 90' lang='lat' dir='ltr'><strong>hoc</strong></span> <span class='ocrx_word' id='word_1_440' title='bbox 2021 2205 2218 2259; x_wconf 88' lang='lat' dir='ltr'><strong>meruit</strong></span> <span class='ocrx_word' id='word_1_441' title='bbox 2260 2202 2570 2273; x_wconf 86' lang='lat' dir='ltr'><strong>prohiberi;</strong></span> <span class='ocrx_word' id='word_1_442' title='bbox 2615 2202 2874 2273; x_wconf 83' lang='lat' dir='ltr'><strong>quidquid</strong></span> <span class='ocrx_word' id='word_1_443' title='bbox 2919 2203 3217 2258; x_wconf 85' lang='lat' dir='ltr'><strong>necessitas</strong></span> <span class='ocrx_word' id='word_1_444' title='bbox 3258 2212 3464 2272; x_wconf 78' lang='lat' dir='ltr'><strong>peccat,</strong></span> 
     </span>
    </p>
   </div>
   <div class='ocr_carea' id='block_1_57' title="bbox 1871 2294 3466 2367">
    <p class='ocr_par' dir='ltr' id='par_1_57' title="bbox 1871 2294 3466 2367">
     <span class='ocr_line' id='line_1_57' title="bbox 1871 2294 3466 2367; baseline -0.002 -15"><span class='ocrx_word' id='word_1_445' title='bbox 1871 2310 1978 2353; x_wconf 91' lang='lat' dir='ltr'><strong>non</strong></span> <span class='ocrx_word' id='word_1_446' title='bbox 2011 2305 2189 2367; x_wconf 90' lang='lat' dir='ltr'><strong>potest</strong></span> <span class='ocrx_word' id='word_1_447' title='bbox 2218 2295 2428 2367; x_wconf 78' lang='lat' dir='ltr'><strong>magnis</strong></span> <span class='ocrx_word' id='word_1_448' title='bbox 2458 2295 2663 2350; x_wconf 90' lang='lat' dir='ltr'><strong>viribus</strong></span> <span class='ocrx_word' id='word_1_449' title='bbox 2691 2296 2931 2350; x_wconf 84' lang='lat' dir='ltr'><strong>accusari</strong></span> <span class='ocrx_word' id='word_1_450' title='bbox 2968 2312 2980 2348; x_wconf 88' lang='lat'><strong>:</strong></span> <span class='ocrx_word' id='word_1_451' title='bbox 3014 2294 3248 2364; x_wconf 86' lang='lat' dir='ltr'><strong>denique</strong></span> <span class='ocrx_word' id='word_1_452' title='bbox 3267 2296 3466 2351; x_wconf 70' lang='lat' dir='ltr'><strong>volun-</strong></span> 
     </span>
    </p>
   </div>
   <div class='ocr_carea' id='block_1_58' title="bbox 1871 2385 3463 2456">
    <p class='ocr_par' dir='ltr' id='par_1_58' title="bbox 1871 2385 3463 2456">
     <span class='ocr_line' id='line_1_58' title="bbox 1871 2385 3463 2456; baseline -0.002 -14"><span class='ocrx_word' id='word_1_453' title='bbox 1871 2399 1955 2442; x_wconf 90' lang='lat' dir='ltr'><strong>tas</strong></span> <span class='ocrx_word' id='word_1_454' title='bbox 1994 2386 2158 2443; x_wconf 86' lang='lat' dir='ltr'><strong>habet</strong></span> <span class='ocrx_word' id='word_1_455' title='bbox 2208 2400 2418 2456; x_wconf 73' lang='lat' dir='ltr'><strong>pmnam</strong></span> <span class='ocrx_word' id='word_1_456' title='bbox 2447 2427 2461 2452; x_wconf 95' lang='lat'><strong>,</strong></span> <span class='ocrx_word' id='word_1_457' title='bbox 2513 2389 2807 2441; x_wconf 83' lang='lat' dir='ltr'><strong>necessitas</strong></span> <span class='ocrx_word' id='word_1_458' title='bbox 2858 2385 3106 2440; x_wconf 84' lang='lat' dir='ltr'><strong>veniam:</strong></span> <span class='ocrx_word' id='word_1_459' title='bbox 3158 2386 3463 2451; x_wconf 79' lang='lat' dir='ltr'><strong>homicida,</strong></span> 
     </span>
    </p>
   </div>
   <div class='ocr_carea' id='block_1_59' title="bbox 1870 2460 3471 2547">
    <p class='ocr_par' dir='ltr' id='par_1_59' title="bbox 1870 2460 3471 2547">
     <span class='ocr_line' id='line_1_59' title="bbox 1870 2460 3471 2547; baseline -0.001 -13"><span class='ocrx_word' id='word_1_460' title='bbox 1870 2478 2053 2535; x_wconf 88' lang='lat' dir='ltr'><strong>scelus</strong></span> <span class='ocrx_word' id='word_1_461' title='bbox 2100 2477 2229 2532; x_wconf 89' lang='lat' dir='ltr'><strong>dum</strong></span> <span class='ocrx_word' id='word_1_462' title='bbox 2274 2492 2433 2532; x_wconf 92' lang='lat' dir='ltr'><strong>nemo</strong></span> <span class='ocrx_word' id='word_1_463' title='bbox 2473 2478 2617 2547; x_wconf 83' lang='lat' dir='ltr'><strong>cogit</strong></span> <span class='ocrx_word' id='word_1_464' title='bbox 2667 2460 2846 2547; x_wconf 87' lang='lat' dir='ltr'><strong>potest</strong></span> <span class='ocrx_word' id='word_1_465' title='bbox 2875 2487 2929 2531; x_wconf 91' lang='lat' dir='ltr'><strong>et</strong></span> <span class='ocrx_word' id='word_1_466' title='bbox 2971 2476 3385 2547; x_wconf 68' lang='lat' dir='ltr'><strong>facere,&quot;potest</strong></span> <span class='ocrx_word' id='word_1_467' title='bbox 3416 2490 3471 2534; x_wconf 92' lang='lat' dir='ltr'><strong>et</strong></span> 
     </span>
    </p>
   </div>
   <div class='ocr_carea' id='block_1_60' title="bbox 1870 2568 3470 2634">
    <p class='ocr_par' dir='ltr' id='par_1_60' title="bbox 1870 2568 3470 2634">
     <span class='ocr_line' id='line_1_60' title="bbox 1870 2568 3470 2634; baseline 0 -9"><span class='ocrx_word' id='word_1_468' title='bbox 1870 2586 1980 2625; x_wconf 88' lang='lat' dir='ltr'><strong>non</strong></span> <span class='ocrx_word' id='word_1_469' title='bbox 2011 2568 2190 2626; x_wconf 89' lang='lat' dir='ltr'><strong>facere</strong></span> <span class='ocrx_word' id='word_1_470' title='bbox 2222 2587 2235 2622; x_wconf 88' lang='lat'><strong>:</strong></span> <span class='ocrx_word' id='word_1_471' title='bbox 2268 2569 2594 2624; x_wconf 89' lang='lat' dir='ltr'><strong>adulterium</strong></span> <span class='ocrx_word' id='word_1_472' title='bbox 2626 2570 2889 2634; x_wconf 86' lang='lat' dir='ltr'><strong>moechus,</strong></span> <span class='ocrx_word' id='word_1_473' title='bbox 2928 2569 3056 2623; x_wconf 90' lang='lat' dir='ltr'><strong>dum</strong></span> <span class='ocrx_word' id='word_1_474' title='bbox 3104 2569 3173 2625; x_wconf 89' lang='lat' dir='ltr'><strong>de</strong></span> <span class='ocrx_word' id='word_1_475' title='bbox 3212 2568 3345 2625; x_wconf 87' lang='lat' dir='ltr'><strong>foris</strong></span> <span class='ocrx_word' id='word_1_476' title='bbox 3377 2587 3470 2625; x_wconf 89' lang='lat' dir='ltr'><strong>ne-</strong></span> 
     </span>
    </p>
   </div>
   <div class='ocr_carea' id='block_1_61' title="bbox 1872 2663 3470 2735">
    <p class='ocr_par' dir='ltr' id='par_1_61' title="bbox 1872 2663 3470 2735">
     <span class='ocr_line' id='line_1_61' title="bbox 1872 2663 3470 2735; baseline -0.001 -15"><span class='ocrx_word' id='word_1_477' title='bbox 1872 2680 1962 2720; x_wconf 92' lang='lat' dir='ltr'><strong>mo</strong></span> <span class='ocrx_word' id='word_1_478' title='bbox 1983 2664 2262 2735; x_wconf 89' lang='lat' dir='ltr'><strong>compellit</strong></span> <span class='ocrx_word' id='word_1_479' title='bbox 2291 2671 2468 2734; x_wconf 70' lang='lat' dir='ltr'><strong>potest</strong></span> <span class='ocrx_word' id='word_1_480' title='bbox 2493 2663 2796 2728; x_wconf 84' lang='lat' dir='ltr'><strong>admittere,</strong></span> <span class='ocrx_word' id='word_1_481' title='bbox 2840 2671 3019 2733; x_wconf 80' lang='lat' dir='ltr'><strong>potest</strong></span> <span class='ocrx_word' id='word_1_482' title='bbox 3048 2673 3101 2717; x_wconf 92' lang='lat' dir='ltr'><strong>et</strong></span> <span class='ocrx_word' id='word_1_483' title='bbox 3129 2679 3234 2718; x_wconf 88' lang='lat' dir='ltr'><strong>non</strong></span> <span class='ocrx_word' id='word_1_484' title='bbox 3275 2664 3470 2719; x_wconf 74' lang='lat' dir='ltr'><strong>admit—</strong></span> 
     </span>
    </p>
   </div>
   <div class='ocr_carea' id='block_1_62' title="bbox 1874 2744 3469 2827">
    <p class='ocr_par' dir='ltr' id='par_1_62' title="bbox 1874 2744 3469 2827">
     <span class='ocr_line' id='line_1_62' title="bbox 1874 2744 3469 2827; baseline -0.003 -12"><span class='ocrx_word' id='word_1_485' title='bbox 1874 2769 2010 2827; x_wconf 90' lang='lat' dir='ltr'><strong>tere,</strong></span> <span class='ocrx_word' id='word_1_486' title='bbox 2042 2769 2096 2815; x_wconf 91' lang='lat' dir='ltr'><strong>et</strong></span> <span class='ocrx_word' id='word_1_487' title='bbox 2125 2768 2320 2814; x_wconf 83' lang='lat' dir='ltr'><strong>caetera</strong></span> <span class='ocrx_word' id='word_1_488' title='bbox 2347 2757 2655 2827; x_wconf 87' lang='lat' dir='ltr'><strong>hujusmodi</strong></span> <span class='ocrx_word' id='word_1_489' title='bbox 2685 2757 2735 2811; x_wconf 93' lang='lat' dir='ltr'><strong>iu</strong></span> <span class='ocrx_word' id='word_1_490' title='bbox 2766 2756 2961 2826; x_wconf 88' lang='lat' dir='ltr'><strong>quibus</strong></span> <span class='ocrx_word' id='word_1_491' title='bbox 2988 2756 3214 2811; x_wconf 89' lang='lat' dir='ltr'><strong>liberum</strong></span> <span class='ocrx_word' id='word_1_492' title='bbox 3238 2744 3469 2821; x_wconf 82' lang='lat' dir='ltr'><strong>habetur</strong></span> 
     </span>
    </p>
   </div>
   <div class='ocr_carea' id='block_1_63' title="bbox 1842 2847 3467 2919">
    <p class='ocr_par' dir='ltr' id='par_1_63' title="bbox 1842 2847 3467 2919">
     <span class='ocr_line' id='line_1_63' title="bbox 1842 2847 3467 2919; baseline -0.005 -10"><span class='ocrx_word' id='word_1_493' title='bbox 1842 2851 2178 2909; x_wconf 81' lang='lat' dir='ltr'><strong>arbitrium.</strong></span> <span class='ocrx_word' id='word_1_494' title='bbox 2236 2848 2361 2905; x_wconf 89' lang='lat' dir='ltr'><strong>Ideo</strong></span> <span class='ocrx_word' id='word_1_495' title='bbox 2416 2847 2682 2919; x_wconf 85' lang='lat' dir='ltr'><strong>prohibita</strong></span> <span class='ocrx_word' id='word_1_496' title='bbox 2734 2848 2859 2901; x_wconf 86' lang='lat' dir='ltr'><strong>dum</strong></span> <span class='ocrx_word' id='word_1_497' title='bbox 2909 2858 3215 2918; x_wconf 86' lang='lat' dir='ltr'><strong>geruntur,</strong></span> <span class='ocrx_word' id='word_1_498' title='bbox 3259 2849 3467 2917; x_wconf 84' lang='lat' dir='ltr'><strong>&#39;judicio</strong></span> 
     </span>
    </p>
   </div>
   <div class='ocr_carea' id='block_1_64' title="bbox 1875 2938 3461 3010">
    <p class='ocr_par' dir='ltr' id='par_1_64' title="bbox 1875 2938 3461 3010">
     <span class='ocr_line' id='line_1_64' title="bbox 1875 2938 3461 3010; baseline -0.006 -9"><span class='ocrx_word' id='word_1_499' title='bbox 1875 2944 2241 3009; x_wconf 85' lang='lat' dir='ltr'><strong>destinantur,</strong></span> <span class='ocrx_word' id='word_1_500' title='bbox 2277 2957 2383 2995; x_wconf 91' lang='lat' dir='ltr'><strong>non</strong></span> <span class='ocrx_word' id='word_1_501' title='bbox 2414 2938 2530 3010; x_wconf 88' lang='grc'>(59)</span> <span class='ocrx_word' id='word_1_502' title='bbox 2561 2938 2846 2994; x_wconf 87' lang='lat' dir='ltr'><strong>interdicta</strong></span> <span class='ocrx_word' id='word_1_503' title='bbox 2873 2938 2997 2993; x_wconf 91' lang='lat' dir='ltr'><strong>dum</strong></span> <span class='ocrx_word' id='word_1_504' title='bbox 3027 2939 3204 3010; x_wconf 88' lang='lat' dir='ltr'><strong>aliqua</strong></span> <span class='ocrx_word' id='word_1_505' title='bbox 3228 2941 3461 2994; x_wconf 66' lang='lat' dir='ltr'><strong>necessio</strong></span> 
     </span>
    </p>
   </div>
   <div class='ocr_carea' id='block_1_65' title="bbox 1878 3030 3472 3102">
    <p class='ocr_par' dir='ltr' id='par_1_65' title="bbox 1878 3030 3472 3102">
     <span class='ocr_line' id='line_1_65' title="bbox 1878 3030 3472 3102; baseline -0.004 -11"><span class='ocrx_word' id='word_1_506' title='bbox 1878 3045 1986 3092; x_wconf 89' lang='lat' dir='ltr'><strong>tale</strong></span> <span class='ocrx_word' id='word_1_507' title='bbox 2015 3036 2150 3089; x_wconf 87' lang='lat' dir='ltr'><strong>fiunt</strong></span> <span class='ocrx_word' id='word_1_508' title='bbox 2181 3050 2195 3088; x_wconf 89' lang='lat'><strong>:</strong></span> <span class='ocrx_word' id='word_1_509' title='bbox 2231 3032 2368 3088; x_wconf 88' lang='lat' dir='ltr'><strong>forte</strong></span> <span class='ocrx_word' id='word_1_510' title='bbox 2392 3031 2547 3086; x_wconf 80' lang='lat' dir='ltr'><strong>facile</strong></span> <span class='ocrx_word' id='word_1_511' title='bbox 2573 3031 2823 3102; x_wconf 78' lang='lat' dir='ltr'><strong>dignetur</strong></span> <span class='ocrx_word' id='word_1_512' title='bbox 2851 3032 3154 3102; x_wconf 78' lang='lat' dir='ltr'><strong>ignoscere,</strong></span> <span class='ocrx_word' id='word_1_513' title='bbox 3187 3031 3276 3101; x_wconf 89' lang='lat' dir='ltr'><strong>qui</strong></span> <span class='ocrx_word' id='word_1_514' title='bbox 3302 3030 3472 3085; x_wconf 86' lang='lat' dir='ltr'><strong>noluit</strong></span> 
     </span>
    </p>
   </div>
   <div class='ocr_carea' id='block_1_66' title="bbox 188 3105 3474 3204">
    <p class='ocr_par' dir='ltr' id='par_1_66' title="bbox 188 3105 3474 3204">
     <span class='ocr_line' id='line_1_66' title="bbox 188 3105 3474 3204; baseline -0.004 -16"><span class='ocrx_word' id='word_1_515' title='bbox 188 3132 319 3188; x_wconf 85' lang='lat' dir='ltr'><strong>Ideo</strong></span> <span class='ocrx_word' id='word_1_516' title='bbox 344 3132 419 3187; x_wconf 88' lang='lat' dir='ltr'><strong>ait</strong></span> <span class='ocrx_word' id='word_1_517' title='bbox 449 3148 464 3184; x_wconf 92' lang='lat'><strong>:</strong></span> <span class='ocrx_word' id='word_1_518' title='bbox 506 3129 644 3185; x_wconf 84' lang='lat' dir='ltr'><strong>Ecce</strong></span> <span class='ocrx_word' id='word_1_519' title='bbox 675 3105 892 3204; x_wconf 71' lang='lat' dir='ltr'><strong>sanguis</strong></span> <span class='ocrx_word' id='word_1_520' title='bbox 922 3105 1097 3203; x_wconf 43' lang='grc' dir='ltr'><strong>(ταινία</strong></span> <span class='ocrx_word' id='word_1_521' title='bbox 1148 3133 1222 3186; x_wconf 83' lang='grc' dir='ltr'>ιιιὶ</span> <span class='ocrx_word' id='word_1_522' title='bbox 1257 3132 1445 3186; x_wconf 87' lang='lat' dir='ltr'><strong>clamat</strong></span> <span class='ocrx_word' id='word_1_523' title='bbox 1482 3132 1551 3186; x_wconf 89' lang='lat' dir='ltr'><strong>ad</strong></span> <span class='ocrx_word' id='word_1_524' title='bbox 1592 3149 1671 3187; x_wconf 84' lang='lat' dir='ltr'><strong>me</strong></span> <span class='ocrx_word' id='word_1_525' title='bbox 1711 3131 1775 3186; x_wconf 87' lang='lat' dir='ltr'><strong>de</strong></span> <span class='ocrx_word' id='word_1_526' title='bbox 1800 3120 1844 3183; x_wconf 88' lang='lat' dir='ltr'>C</span> <span class='ocrx_word' id='word_1_527' title='bbox 1877 3127 2186 3199; x_wconf 88' lang='lat' dir='ltr'><strong>prohibere.</strong></span> <span class='ocrx_word' id='word_1_528' title='bbox 2217 3123 2457 3194; x_wconf 88' lang='lat' dir='ltr'><strong>Denique</strong></span> <span class='ocrx_word' id='word_1_529' title='bbox 2487 3105 2589 3178; x_wconf 81' lang='lat' dir='ltr'><strong>hoc</strong></span> <span class='ocrx_word' id='word_1_530' title='bbox 2619 3123 2874 3179; x_wconf 90' lang='lat' dir='ltr'><strong>delictum</strong></span> <span class='ocrx_word' id='word_1_531' title='bbox 2906 3123 3048 3193; x_wconf 91' lang='lat' dir='ltr'><strong>quod</strong></span> <span class='ocrx_word' id='word_1_532' title='bbox 3069 3123 3221 3193; x_wconf 86' lang='lat' dir='ltr'><strong>quasi</strong></span> <span class='ocrx_word' id='word_1_533' title='bbox 3247 3121 3474 3192; x_wconf 91' lang='lat' dir='ltr'><strong>capitale</strong></span> 
     </span>
    </p>
   </div>
   <div class='ocr_carea' id='block_1_67' title="bbox 188 3223 1778 3296">
    <p class='ocr_par' dir='ltr' id='par_1_67' title="bbox 188 3223 1778 3296">
     <span class='ocr_line' id='line_1_67' title="bbox 188 3223 1778 3296; baseline -0.001 -16"><span class='ocrx_word' id='word_1_534' title='bbox 188 3235 325 3280; x_wconf 86' lang='lat' dir='ltr'><strong>terra</strong></span> <span class='ocrx_word' id='word_1_535' title='bbox 351 3223 557 3296; x_wconf 75' lang='lat' dir='ltr'><strong>(Cenes.</strong></span> <span class='ocrx_word' id='word_1_536' title='bbox 590 3238 643 3277; x_wconf 85' lang='lat' dir='ltr'><strong>tv</strong></span> <span class='ocrx_word' id='word_1_537' title='bbox 663 3263 677 3290; x_wconf 93' lang='lat'><strong>,</strong></span> <span class='ocrx_word' id='word_1_538' title='bbox 708 3223 819 3295; x_wconf 78' lang='grc'>10).</span> <span class='ocrx_word' id='word_1_539' title='bbox 853 3224 1028 3292; x_wconf 84' lang='lat' dir='ltr'><strong>Quare</strong></span> <span class='ocrx_word' id='word_1_540' title='bbox 1054 3235 1108 3280; x_wconf 89' lang='lat' dir='ltr'><strong>et</strong></span> <span class='ocrx_word' id='word_1_541' title='bbox 1131 3240 1227 3280; x_wconf 89' lang='lat' dir='ltr'><strong>vos</strong></span> <span class='ocrx_word' id='word_1_542' title='bbox 1253 3240 1374 3280; x_wconf 88' lang='lat' dir='ltr'><strong>cum</strong></span> <span class='ocrx_word' id='word_1_543' title='bbox 1403 3223 1620 3280; x_wconf 86' lang='lat' dir='ltr'><strong>minime</strong></span> <span class='ocrx_word' id='word_1_544' title='bbox 1653 3240 1778 3294; x_wconf 88' lang='lat' dir='ltr'><strong>pro-</strong></span> 
     </span>
    </p>
   </div>
   <div class='ocr_carea' id='block_1_68' title="bbox 188 3316 1775 3388">
    <p class='ocr_par' dir='ltr' id='par_1_68' title="bbox 188 3316 1775 3388">
     <span class='ocr_line' id='line_1_68' title="bbox 188 3316 1775 3388; baseline 0.001 -16"><span class='ocrx_word' id='word_1_545' title='bbox 188 3316 321 3373; x_wconf 88' lang='lat' dir='ltr'><strong>bare</strong></span> <span class='ocrx_word' id='word_1_546' title='bbox 368 3317 587 3387; x_wconf 88' lang='lat' dir='ltr'><strong>possitis</strong></span> <span class='ocrx_word' id='word_1_547' title='bbox 628 3318 696 3373; x_wconf 90' lang='lat' dir='ltr'><strong>ab</strong></span> <span class='ocrx_word' id='word_1_548' title='bbox 744 3317 926 3388; x_wconf 88' lang='lat' dir='ltr'><strong>aliquo</strong></span> <span class='ocrx_word' id='word_1_549' title='bbox 972 3318 1111 3388; x_wconf 89' lang='lat' dir='ltr'><strong>apud</strong></span> <span class='ocrx_word' id='word_1_550' title='bbox 1159 3334 1258 3375; x_wconf 91' lang='lat' dir='ltr'><strong>nos</strong></span> <span class='ocrx_word' id='word_1_551' title='bbox 1302 3327 1607 3375; x_wconf 89' lang='lat' dir='ltr'><strong>accusatum</strong></span> <span class='ocrx_word' id='word_1_552' title='bbox 1642 3333 1775 3387; x_wconf 87' lang='lat' dir='ltr'><strong>esse</strong></span> 
     </span>
    </p>
   </div>
   <div class='ocr_carea' id='block_1_69' title="bbox 187 3407 1771 3482">
    <p class='ocr_par' dir='ltr' id='par_1_69' title="bbox 187 3407 1771 3482">
     <span class='ocr_line' id='line_1_69' title="bbox 187 3407 1771 3482; baseline 0.001 -17"><span class='ocrx_word' id='word_1_553' title='bbox 187 3407 875 3479; x_wconf 80' lang='lat' dir='ltr'><strong>Macarium,nostrumnon</strong></span> <span class='ocrx_word' id='word_1_554' title='bbox 903 3411 1127 3482; x_wconf 82' lang='lat' dir='ltr'><strong>potestis</strong></span> <span class='ocrx_word' id='word_1_555' title='bbox 1156 3412 1412 3468; x_wconf 89' lang='lat' dir='ltr'><strong>damnare</strong></span> <span class='ocrx_word' id='word_1_556' title='bbox 1434 3411 1694 3482; x_wconf 87' lang='lat' dir='ltr'><strong>judicium</strong></span> <span class='ocrx_word' id='word_1_557' title='bbox 1723 3409 1771 3466; x_wconf 76' lang='grc' dir='ltr'><strong>ά.</strong></span> 
     </span>
    </p>
   </div>
   <div class='ocr_carea' id='block_1_70' title="bbox 265 3590 1776 3667">
    <p class='ocr_par' dir='ltr' id='par_1_70' title="bbox 265 3590 1776 3667">
     <span class='ocr_line' id='line_1_70' title="bbox 265 3590 1776 3667; baseline 0.001 -20"><span class='ocrx_word' id='word_1_558' title='bbox 265 3591 341 3648; x_wconf 82' lang='grc' dir='ltr'><strong>Ν.</strong></span> <span class='ocrx_word' id='word_1_559' title='bbox 373 3592 439 3648; x_wconf 82' lang='lat' dir='ltr'><strong>B:</strong></span> <span class='ocrx_word' id='word_1_560' title='bbox 472 3590 590 3651; x_wconf 86' lang='lat' dir='ltr'><strong>Huc</strong></span> <span class='ocrx_word' id='word_1_561' title='bbox 610 3608 777 3666; x_wconf 88' lang='lat' dir='ltr'><strong>usque</strong></span> <span class='ocrx_word' id='word_1_562' title='bbox 805 3595 939 3652; x_wconf 90' lang='lat' dir='ltr'><strong>liber</strong></span> <span class='ocrx_word' id='word_1_563' title='bbox 970 3594 1229 3667; x_wconf 89' lang='lat' dir='ltr'><strong>septimus</strong></span> <span class='ocrx_word' id='word_1_564' title='bbox 1262 3611 1327 3651; x_wconf 81' lang='lat' dir='ltr'><strong>ex</strong></span> <span class='ocrx_word' id='word_1_565' title='bbox 1358 3594 1634 3651; x_wconf 91' lang='lat' dir='ltr'><strong>codicibus</strong></span> <span class='ocrx_word' id='word_1_566' title='bbox 1661 3608 1776 3649; x_wconf 84' lang='lat' dir='ltr'><strong>ma-</strong></span> 
     </span>
    </p>
   </div>
   <div class='ocr_carea' id='block_1_71' title="bbox 1880 3214 3473 3291">
    <p class='ocr_par' dir='ltr' id='par_1_71' title="bbox 1880 3214 3473 3291">
     <span class='ocr_line' id='line_1_71' title="bbox 1880 3214 3473 3291; baseline -0.005 -16"><span class='ocrx_word' id='word_1_567' title='bbox 1880 3218 2057 3291; x_wconf 87' lang='lat' dir='ltr'><strong>potuit</strong></span> <span class='ocrx_word' id='word_1_568' title='bbox 2099 3216 2262 3288; x_wconf 83' lang='lat' dir='ltr'><strong>objici</strong></span> <span class='ocrx_word' id='word_1_569' title='bbox 2301 3215 2620 3287; x_wconf 86' lang='lat' dir='ltr'><strong>parentibus</strong></span> <span class='ocrx_word' id='word_1_570' title='bbox 2652 3216 2866 3282; x_wconf 76' lang='lat' dir='ltr'><strong>vestris,</strong></span> <span class='ocrx_word' id='word_1_571' title='bbox 2911 3216 2957 3268; x_wconf 91' lang='lat' dir='ltr'><strong>si</strong></span> <span class='ocrx_word' id='word_1_572' title='bbox 3012 3214 3102 3268; x_wconf 96' lang='lat' dir='ltr'><strong>illo</strong></span> <span class='ocrx_word' id='word_1_573' title='bbox 3153 3214 3204 3268; x_wconf 92' lang='lat' dir='ltr'><strong>in</strong></span> <span class='ocrx_word' id='word_1_574' title='bbox 3230 3220 3473 3281; x_wconf 87' lang='lat' dir='ltr'><strong>tempore</strong></span> 
     </span>
    </p>
   </div>
   <div class='ocr_carea' id='block_1_72' title="bbox 1860 3302 3477 3378">
    <p class='ocr_par' dir='ltr' id='par_1_72' title="bbox 1860 3302 3477 3378">
     <span class='ocr_line' id='line_1_72' title="bbox 1860 3302 3477 3378; baseline -0.004 -15"><span class='ocrx_word' id='word_1_575' title='bbox 1860 3311 2233 3375; x_wconf 87' lang='lat' dir='ltr'><strong>nudarentur,</strong></span> <span class='ocrx_word' id='word_1_576' title='bbox 2281 3319 2372 3363; x_wconf 91' lang='lat' dir='ltr'><strong>aut</strong></span> <span class='ocrx_word' id='word_1_577' title='bbox 2417 3307 2472 3362; x_wconf 92' lang='lat' dir='ltr'><strong>iu</strong></span> <span class='ocrx_word' id='word_1_578' title='bbox 2522 3302 2797 3378; x_wconf 64' lang='lat' dir='ltr'><strong>judicium‘</strong></span> <span class='ocrx_word' id='word_1_579' title='bbox 2834 3314 3195 3371; x_wconf 89' lang='lat' dir='ltr'><strong>vocarentur,</strong></span> <span class='ocrx_word' id='word_1_580' title='bbox 3254 3314 3477 3374; x_wconf 88' lang='lat' dir='ltr'><strong>possent</strong></span> 
     </span>
    </p>
   </div>
   <div class='ocr_carea' id='block_1_73' title="bbox 1883 3396 3474 3473">
    <p class='ocr_par' dir='ltr' id='par_1_73' title="bbox 1883 3396 3474 3473">
     <span class='ocr_line' id='line_1_73' title="bbox 1883 3396 3474 3473; baseline -0.007 -13"><span class='ocrx_word' id='word_1_581' title='bbox 1883 3405 1985 3460; x_wconf 89' lang='lat' dir='ltr'><strong>sibi</strong></span> <span class='ocrx_word' id='word_1_582' title='bbox 2014 3400 2264 3473; x_wconf 75' lang='lat' dir='ltr'><strong>exemplo</strong></span> <span class='ocrx_word' id='word_1_583' title='bbox 2294 3415 2403 3456; x_wconf 92' lang='lat' dir='ltr'><strong>non</strong></span> <span class='ocrx_word' id='word_1_584' title='bbox 2431 3414 2538 3455; x_wconf 93' lang='lat' dir='ltr'><strong>uno</strong></span> <span class='ocrx_word' id='word_1_585' title='bbox 2564 3413 2906 3463; x_wconf 86' lang='lat' dir='ltr'><strong>succurrere,</strong></span> <span class='ocrx_word' id='word_1_586' title='bbox 2936 3398 3025 3455; x_wconf 88' lang='lat' dir='ltr'><strong>ubi</strong></span> <span class='ocrx_word' id='word_1_587' title='bbox 3049 3396 3237 3467; x_wconf 85' lang='lat' dir='ltr'><strong>primis</strong></span> <span class='ocrx_word' id='word_1_588' title='bbox 3264 3405 3474 3465; x_wconf 83' lang='lat' dir='ltr'><strong>tempo-</strong></span> 
     </span>
    </p>
   </div>
   <div class='ocr_carea' id='block_1_74' title="bbox 1884 3488 3475 3564">
    <p class='ocr_par' dir='ltr' id='par_1_74' title="bbox 1884 3488 3475 3564">
     <span class='ocr_line' id='line_1_74' title="bbox 1884 3488 3475 3564; baseline -0.005 -12"><span class='ocrx_word' id='word_1_589' title='bbox 1884 3496 2033 3552; x_wconf 88' lang='lat' dir='ltr'><strong>ribus</strong></span> <span class='ocrx_word' id='word_1_590' title='bbox 2058 3505 2151 3551; x_wconf 91' lang='lat' dir='ltr'><strong>aut</strong></span> <span class='ocrx_word' id='word_1_591' title='bbox 2190 3494 2388 3550; x_wconf 83' lang='lat' dir='ltr'><strong>tabulae</strong></span> <span class='ocrx_word' id='word_1_592' title='bbox 2416 3492 2549 3564; x_wconf 78' lang='lat' dir='ltr'><strong>legis</strong></span> <span class='ocrx_word' id='word_1_593' title='bbox 2594 3491 2801 3557; x_wconf 79' lang='lat' dir='ltr'><strong>l&#39;ractze,</strong></span> <span class='ocrx_word' id='word_1_594' title='bbox 2842 3500 2936 3544; x_wconf 91' lang='lat' dir='ltr'><strong>aut</strong></span> <span class='ocrx_word' id='word_1_595' title='bbox 2980 3489 3102 3544; x_wconf 90' lang='lat' dir='ltr'><strong>libri</strong></span> <span class='ocrx_word' id='word_1_596' title='bbox 3150 3488 3324 3543; x_wconf 86' lang='lat' dir='ltr'><strong>traditi</strong></span> <span class='ocrx_word' id='word_1_597' title='bbox 3356 3502 3475 3544; x_wconf 87' lang='lat' dir='ltr'><strong>esse</strong></span> 
     </span>
    </p>
   </div>
   <div class='ocr_carea' id='block_1_75' title="bbox 1882 3581 3468 3663">
    <p class='ocr_par' dir='ltr' id='par_1_75' title="bbox 1882 3581 3468 3663">
     <span class='ocr_line' id='line_1_75' title="bbox 1882 3581 3468 3663; baseline -0.009 -15"><span class='ocrx_word' id='word_1_598' title='bbox 1882 3592 2137 3663; x_wconf 85' lang='lat' dir='ltr'><strong>leguntur</strong></span> <span class='ocrx_word' id='word_1_599' title='bbox 2158 3588 2245 3645; x_wconf 79' lang='lat' dir='ltr'><strong>vel</strong></span> <span class='ocrx_word' id='word_1_600' title='bbox 2267 3584 2500 3643; x_wconf 89' lang='lat' dir='ltr'><strong>incisiet</strong></span> <span class='ocrx_word' id='word_1_601' title='bbox 2526 3585 2757 3651; x_wconf 89' lang='lat' dir='ltr'><strong>incensi,</strong></span> <span class='ocrx_word' id='word_1_602' title='bbox 2786 3591 2841 3640; x_wconf 92' lang='lat' dir='ltr'><strong>et</strong></span> <span class='ocrx_word' id='word_1_603' title='bbox 2867 3598 3029 3639; x_wconf 90' lang='lat' dir='ltr'><strong>nemo</strong></span> <span class='ocrx_word' id='word_1_604' title='bbox 3056 3581 3340 3637; x_wconf 88' lang='lat' dir='ltr'><strong>damnatus</strong></span> <span class='ocrx_word' id='word_1_605' title='bbox 3367 3591 3468 3636; x_wconf 87' lang='lat' dir='ltr'><strong>est.</strong></span> 
     </span>
    </p>
   </div>
   <div class='ocr_carea' id='block_1_76' title="bbox 1439 3722 2281 3785">
    <p class='ocr_par' dir='ltr' id='par_1_76' title="bbox 1439 3722 2281 3785">
     <span class='ocr_line' id='line_1_76' title="bbox 1439 3722 2281 3785; baseline -0.011 0"><span class='ocrx_word' id='word_1_606' title='bbox 1439 3727 1823 3785; x_wconf 77' lang='lat' dir='ltr'><strong>LECTIONES</strong></span> <span class='ocrx_word' id='word_1_607' title='bbox 1865 3722 2281 3783; x_wconf 77' lang='lat' dir='ltr'><strong>VARIANTES.</strong></span> 
     </span>
    </p>
   </div>
   <div class='ocr_carea' id='block_1_77' title="bbox 254 3839 1045 3939">
    <p class='ocr_par' dir='ltr' id='par_1_77' title="bbox 254 3839 1045 3939">
     <span class='ocr_line' id='line_1_77' title="bbox 257 3839 1045 3907; baseline 0.003 -16"><span class='ocrx_word' id='word_1_608' title='bbox 257 3839 285 3871; x_wconf 77' lang='grc'>⁸</span> <span class='ocrx_word' id='word_1_609' title='bbox 317 3839 508 3897; x_wconf 86' lang='lat' dir='ltr'><strong>Inmss.</strong></span> <span class='ocrx_word' id='word_1_610' title='bbox 535 3842 587 3894; x_wconf 88' lang='lat' dir='ltr'><strong>C.</strong></span> <span class='ocrx_word' id='word_1_611' title='bbox 612 3850 664 3893; x_wconf 83' lang='lat' dir='ltr'><strong>et</strong></span> <span class='ocrx_word' id='word_1_612' title='bbox 685 3844 736 3893; x_wconf 91' lang='lat' dir='ltr'><strong>S.</strong></span> <span class='ocrx_word' id='word_1_613' title='bbox 764 3845 822 3896; x_wconf 89' lang='lat' dir='ltr'><strong>G.</strong></span> <span class='ocrx_word' id='word_1_614' title='bbox 846 3843 985 3895; x_wconf 87' lang='lat' dir='ltr'><strong>male.</strong></span> <span class='ocrx_word' id='word_1_615' title='bbox 1040 3903 1045 3907; x_wconf 89' lang='lat'><strong>_</strong></span> 
     </span>
     <span class='ocr_line' id='line_1_78' title="bbox 254 3900 1045 3939; baseline 0 0"><span class='ocrx_word' id='word_1_616' title='bbox 254 3900 286 3939; x_wconf 72' lang='grc' dir='ltr'>Ι)</span> <span class='ocrx_word' id='word_1_617' title='bbox 320 3903 374 3939; x_wconf 84' lang='grc' dir='ltr'><strong>1η</strong></span> <span class='ocrx_word' id='word_1_618' title='bbox 393 3909 496 3939; x_wconf 66' lang='grc' dir='ltr'><strong>’ωας</strong></span> <span class='ocrx_word' id='word_1_619' title='bbox 537 3902 573 3939; x_wconf 69' lang='grc' dir='ltr'><em>Π</em></span> <span class='ocrx_word' id='word_1_620' title='bbox 618 3906 721 3939; x_wconf 65' lang='grc' dir='ltr'><strong>αις</strong></span> <span class='ocrx_word' id='word_1_621' title='bbox 767 3904 806 3939; x_wconf 73' lang='grc' dir='ltr'><strong><em>Ω</em></strong></span> <span class='ocrx_word' id='word_1_622' title='bbox 849 3918 1045 3939; x_wconf 74' lang='lat' dir='ltr'><strong>nrnunm:</strong></span> 
     </span>
    </p>
   </div>
   <div class='ocr_carea' id='block_1_78' title="bbox 254 3902 1753 4077">
    <p class='ocr_par' dir='ltr' id='par_1_78' title="bbox 254 3902 1753 4077">
     <span class='ocr_line' id='line_1_79' title="bbox 254 3902 1071 3972; baseline 0.005 -20"><span class='ocrx_word' id='word_1_623' title='bbox 254 3902 286 3939; x_wconf 70' lang='grc'><strong>1»</strong></span> <span class='ocrx_word' id='word_1_624' title='bbox 320 3903 512 3953; x_wconf 86' lang='lat' dir='ltr'><strong>In&#39;mss.</strong></span> <span class='ocrx_word' id='word_1_625' title='bbox 537 3902 591 3954; x_wconf 85' lang='lat' dir='ltr'><strong>C.</strong></span> <span class='ocrx_word' id='word_1_626' title='bbox 618 3906 739 3955; x_wconf 90' lang='lat' dir='ltr'><strong>ets.</strong></span> <span class='ocrx_word' id='word_1_627' title='bbox 767 3904 827 3955; x_wconf 88' lang='lat' dir='ltr'><strong>G.</strong></span> <span class='ocrx_word' id='word_1_628' title='bbox 848 3903 1071 3972; x_wconf 83' lang='lat' dir='ltr'><strong>arguere.</strong></span> 
     </span>
     <span class='ocr_line' id='line_1_80' title="bbox 254 3963 1095 4019; baseline 0.002 -5"><span class='ocrx_word' id='word_1_629' title='bbox 254 3967 280 3996; x_wconf 69' lang='grc' dir='ltr'><strong>θ</strong></span> <span class='ocrx_word' id='word_1_630' title='bbox 318 3963 373 4014; x_wconf 86' lang='lat' dir='ltr'><strong>lu</strong></span> <span class='ocrx_word' id='word_1_631' title='bbox 396 3978 488 4016; x_wconf 87' lang='lat' dir='ltr'><strong>ms.</strong></span> <span class='ocrx_word' id='word_1_632' title='bbox 511 3965 562 4015; x_wconf 94' lang='lat' dir='ltr'><strong>S.</strong></span> <span class='ocrx_word' id='word_1_633' title='bbox 588 3964 648 4016; x_wconf 89' lang='lat'><strong>&#39;1‘.</strong></span> <span class='ocrx_word' id='word_1_634' title='bbox 671 3969 759 4018; x_wconf 83' lang='lat' dir='ltr'><strong>sed</strong></span> <span class='ocrx_word' id='word_1_635' title='bbox 852 3965 863 3978; x_wconf 85' lang='lat'><strong>&#39;</strong></span> <span class='ocrx_word' id='word_1_636' title='bbox 918 3965 1095 4019; x_wconf 85' lang='lat' dir='ltr'><strong>dicitis.</strong></span> 
     </span>
     <span class='ocr_line' id='line_1_81' title="bbox 254 3979 1753 4077; baseline 0 0"><span class='ocrx_word' id='word_1_637' title='bbox 254 4024 281 4066; x_wconf 78' lang='grc' dir='ltr'>ιι</span> <span class='ocrx_word' id='word_1_638' title='bbox 313 4025 371 4077; x_wconf 87' lang='lat' dir='ltr'><strong>In</strong></span> <span class='ocrx_word' id='word_1_639' title='bbox 393 4038 485 4076; x_wconf 84' lang='lat' dir='ltr'><strong>ms.</strong></span> <span class='ocrx_word' id='word_1_640' title='bbox 510 4027 561 4077; x_wconf 88' lang='lat' dir='ltr'><strong>S.</strong></span> <span class='ocrx_word' id='word_1_641' title='bbox 585 4026 644 4077; x_wconf 87' lang='grc' dir='ltr'><strong>Τ,</strong></span> <span class='ocrx_word' id='word_1_642' title='bbox 669 3979 1025 4077; x_wconf 52' lang='lat' dir='ltr'><strong>Exumtiber</strong></span> <span class='ocrx_word' id='word_1_643' title='bbox 1048 4027 1207 4077; x_wconf 77' lang='lat' dir='ltr'><strong>optati</strong></span> <span class='ocrx_word' id='word_1_644' title='bbox 1226 4027 1438 4077; x_wconf 84' lang='lat' dir='ltr'><strong>eoiscom&#39;</strong></span> <span class='ocrx_word' id='word_1_645' title='bbox 1462 4029 1694 4077; x_wconf 79' lang='lat' dir='ltr'><strong>Catholici</strong></span> <span class='ocrx_word' id='word_1_646' title='bbox 1717 4028 1753 4077; x_wconf 89' lang='lat' dir='ltr'><strong>li</strong></span> 
     </span>
    </p>
   </div>
   <div class='ocr_carea' id='block_1_79' title="bbox 251 4024 1781 4093">
    <p class='ocr_par' dir='ltr' id='par_1_79' title="bbox 251 4024 1781 4093">
     <span class='ocr_line' id='line_1_82' title="bbox 251 4024 1781 4093; baseline 0.002 -15"><span class='ocrx_word' id='word_1_647' title='bbox 251 4024 281 4066; x_wconf 71' lang='grc' dir='ltr'>εἰ</span> <span class='ocrx_word' id='word_1_648' title='bbox 313 4025 371 4077; x_wconf 87' lang='lat' dir='ltr'><strong>In</strong></span> <span class='ocrx_word' id='word_1_649' title='bbox 393 4038 485 4076; x_wconf 84' lang='lat' dir='ltr'><strong>ms.</strong></span> <span class='ocrx_word' id='word_1_650' title='bbox 510 4027 561 4077; x_wconf 87' lang='lat' dir='ltr'><strong>S.</strong></span> <span class='ocrx_word' id='word_1_651' title='bbox 585 4026 644 4077; x_wconf 87' lang='grc' dir='ltr'><strong>Τ.</strong></span> <span class='ocrx_word' id='word_1_652' title='bbox 669 4024 883 4092; x_wconf 76' lang='lat' dir='ltr'><strong>Explicit</strong></span> <span class='ocrx_word' id='word_1_653' title='bbox 903 4028 1025 4081; x_wconf 87' lang='lat' dir='ltr'><strong>liber</strong></span> <span class='ocrx_word' id='word_1_654' title='bbox 1048 4027 1207 4093; x_wconf 69' lang='grc' dir='ltr'><strong>Θρηιιὶ</strong></span> <span class='ocrx_word' id='word_1_655' title='bbox 1226 4027 1438 4093; x_wconf 77' lang='lat' dir='ltr'><strong>episcopi</strong></span> <span class='ocrx_word' id='word_1_656' title='bbox 1462 4029 1694 4082; x_wconf 84' lang='lat' dir='ltr'><strong>Catholici</strong></span> <span class='ocrx_word' id='word_1_657' title='bbox 1717 4028 1781 4082; x_wconf 88' lang='lat' dir='ltr'><strong>li--</strong></span> 
     </span>
    </p>
   </div>
   <div class='ocr_carea' id='block_1_80' title="bbox 1885 3818 3473 3891">
    <p class='ocr_par' dir='ltr' id='par_1_80' title="bbox 1885 3818 3473 3891">
     <span class='ocr_line' id='line_1_83' title="bbox 1885 3818 3473 3891; baseline -0.005 0"><span class='ocrx_word' id='word_1_658' title='bbox 1885 3840 1960 3891; x_wconf 82' lang='lat' dir='ltr'><strong>bri</strong></span> <span class='ocrx_word' id='word_1_659' title='bbox 1983 3818 2180 3890; x_wconf 77' lang='lat' dir='ltr'><strong>numero</strong></span> <span class='ocrx_word' id='word_1_660' title='bbox 2200 3851 2265 3887; x_wconf 82' lang='lat' dir='ltr'><strong>vn</strong></span> <span class='ocrx_word' id='word_1_661' title='bbox 2292 3835 2357 3887; x_wconf 89' lang='lat' dir='ltr'><strong>ad</strong></span> <span class='ocrx_word' id='word_1_662' title='bbox 2379 3833 2759 3885; x_wconf 69' lang='lat' dir='ltr'><strong>Parmenionem</strong></span> <span class='ocrx_word' id='word_1_663' title='bbox 2782 3831 3186 3884; x_wconf 80' lang='lat' dir='ltr'><strong>schismaticorum</strong></span> <span class='ocrx_word' id='word_1_664' title='bbox 3213 3840 3473 3885; x_wconf 81' lang='lat' dir='ltr'><strong>auctorem.</strong></span> 
     </span>
    </p>
   </div>
   <div class='ocr_carea' id='block_1_81' title="bbox 1886 3895 3476 3961">
    <p class='ocr_par' dir='ltr' id='par_1_81' title="bbox 1886 3895 3476 3961">
     <span class='ocr_line' id='line_1_84' title="bbox 1886 3895 3476 3961; baseline -0.004 -9"><span class='ocrx_word' id='word_1_665' title='bbox 1886 3903 1941 3952; x_wconf 92' lang='lat' dir='ltr'><strong>In</strong></span> <span class='ocrx_word' id='word_1_666' title='bbox 1963 3916 2053 3950; x_wconf 88' lang='lat' dir='ltr'><strong>ms.</strong></span> <span class='ocrx_word' id='word_1_667' title='bbox 2080 3901 2132 3951; x_wconf 69' lang='grc' dir='ltr'><strong>(Σ.</strong></span> <span class='ocrx_word' id='word_1_668' title='bbox 2176 3895 2387 3961; x_wconf 73' lang='lat' dir='ltr'><strong>Emplicit</strong></span> <span class='ocrx_word' id='word_1_669' title='bbox 2410 3895 2529 3947; x_wconf 88' lang='lat' dir='ltr'><strong>liber</strong></span> <span class='ocrx_word' id='word_1_670' title='bbox 2546 3896 2720 3961; x_wconf 15' lang='grc' dir='ltr'><strong>κορίαιὶ</strong></span> <span class='ocrx_word' id='word_1_671' title='bbox 2743 3896 2983 3961; x_wconf 60' lang='lat' dir='ltr'><strong>septenus.</strong></span> <span class='ocrx_word' id='word_1_672' title='bbox 3014 3895 3069 3944; x_wconf 88' lang='lat' dir='ltr'><strong>In</strong></span> <span class='ocrx_word' id='word_1_673' title='bbox 3094 3909 3183 3945; x_wconf 89' lang='lat' dir='ltr'><strong>ms.</strong></span> <span class='ocrx_word' id='word_1_674' title='bbox 3210 3898 3260 3945; x_wconf 68' lang='grc' dir='ltr'>ὃ.</span> <span class='ocrx_word' id='word_1_675' title='bbox 3288 3897 3343 3945; x_wconf 75' lang='grc' dir='ltr'><strong>(ἑ.</strong></span> 
     </span>
    </p>
   </div>
   <div class='ocr_carea' id='block_1_82' title="bbox 1887 3956 2933 4027">
    <p class='ocr_par' dir='ltr' id='par_1_82' title="bbox 1887 3956 2933 4027">
     <span class='ocr_line' id='line_1_85' title="bbox 1887 3956 2933 4027; baseline -0.008 -14"><span class='ocrx_word' id='word_1_676' title='bbox 1887 3961 2021 4027; x_wconf 85' lang='lat' dir='ltr'><strong>plicit</strong></span> <span class='ocrx_word' id='word_1_677' title='bbox 2047 3962 2166 4014; x_wconf 89' lang='lat' dir='ltr'><strong>liber</strong></span> <span class='ocrx_word' id='word_1_678' title='bbox 2189 3956 2420 4026; x_wconf 76' lang='lat' dir='ltr'><strong>septimus</strong></span> <span class='ocrx_word' id='word_1_679' title='bbox 2434 3960 2499 4011; x_wconf 54' lang='lat' dir='ltr'><strong>‘S.</strong></span> <span class='ocrx_word' id='word_1_680' title='bbox 2526 3956 2690 4021; x_wconf 81' lang='lat' dir='ltr'><strong>Optati</strong></span> <span class='ocrx_word' id='word_1_681' title='bbox 2710 3956 2933 4021; x_wconf 70' lang='lat' dir='ltr'><strong>epiSCOpi.</strong></span> 
     </span>
    </p>
   </div>
   <div class='ocr_carea' id='block_1_83' title="bbox 1504 4134 2135 4194">
    <p class='ocr_par' dir='ltr' id='par_1_83' title="bbox 1504 4134 2135 4194">
     <span class='ocr_line' id='line_1_86' title="bbox 1504 4134 2135 4194; baseline 0 -4"><span class='ocrx_word' id='word_1_682' title='bbox 1504 4135 1865 4194; x_wconf 81' lang='lat' dir='ltr'><strong>VARIORUM</strong></span> <span class='ocrx_word' id='word_1_683' title='bbox 1903 4134 2135 4191; x_wconf 66' lang='lat' dir='ltr'><strong>NOTIE.</strong></span> 
     </span>
    </p>
   </div>
   <div class='ocr_carea' id='block_1_84' title="bbox 264 4225 1774 4302">
    <p class='ocr_par' dir='ltr' id='par_1_84' title="bbox 264 4225 1774 4302">
     <span class='ocr_line' id='line_1_87' title="bbox 264 4225 1774 4302; baseline 0 -17"><span class='ocrx_word' id='word_1_684' title='bbox 264 4227 395 4302; x_wconf 47' lang='grc'>(55)-</span> <span class='ocrx_word' id='word_1_685' title='bbox 414 4225 640 4302; x_wconf 81' lang='lat' dir='ltr'><strong>Denique</strong></span> <span class='ocrx_word' id='word_1_686' title='bbox 667 4228 957 4302; x_wconf 66' lang='lat' dir='ltr'><strong>interipsa</strong></span> <span class='ocrx_word' id='word_1_687' title='bbox 984 4228 1239 4302; x_wconf 84' lang='lat' dir='ltr'><strong>principia</strong></span> <span class='ocrx_word' id='word_1_688' title='bbox 1281 4230 1625 4302; x_wconf 67' lang='lat' dir='ltr'><strong>saeculorum,</strong></span> <span class='ocrx_word' id='word_1_689' title='bbox 1667 4240 1774 4287; x_wconf 87' lang='lat' dir='ltr'><strong>etc.</strong></span> 
     </span>
    </p>
   </div>
   <div class='ocr_carea' id='block_1_85' title="bbox 184 4298 1779 4371">
    <p class='ocr_par' dir='ltr' id='par_1_85' title="bbox 184 4298 1779 4371">
     <span class='ocr_line' id='line_1_88' title="bbox 184 4298 1779 4371; baseline 0.001 -17"><span class='ocrx_word' id='word_1_690' title='bbox 184 4298 345 4371; x_wconf 75' lang='lat' dir='ltr'><strong>Nota:</strong></span> <span class='ocrx_word' id='word_1_691' title='bbox 374 4299 549 4371; x_wconf 62' lang='lat' dir='ltr'><strong>Lugd.</strong></span> <span class='ocrx_word' id='word_1_692' title='bbox 558 4299 669 4355; x_wconf 84' lang='lat' dir='ltr'><strong>sive</strong></span> <span class='ocrx_word' id='word_1_693' title='bbox 689 4298 993 4355; x_wconf 47' lang='lat' dir='ltr'><strong>Barthi’anre&#39;</strong></span> <span class='ocrx_word' id='word_1_694' title='bbox 1015 4310 1140 4355; x_wconf 88' lang='lat' dir='ltr'><strong>sunt</strong></span> <span class='ocrx_word' id='word_1_695' title='bbox 1164 4301 1407 4357; x_wconf 73' lang='lat' dir='ltr'><strong>dicenda:</strong></span> <span class='ocrx_word' id='word_1_696' title='bbox 1449 4302 1515 4356; x_wconf 90' lang='lat' dir='ltr'><strong>ad</strong></span> <span class='ocrx_word' id='word_1_697' title='bbox 1541 4303 1641 4357; x_wconf 89' lang='lat' dir='ltr'><strong>ista</strong></span> <span class='ocrx_word' id='word_1_698' title='bbox 1671 4302 1779 4371; x_wconf 83' lang='lat' dir='ltr'><strong>pri-</strong></span> 
     </span>
    </p>
   </div>
   <div class='ocr_carea' id='block_1_86' title="bbox 188 4369 1778 4426">
    <p class='ocr_par' dir='ltr' id='par_1_86' title="bbox 188 4369 1778 4426">
     <span class='ocr_line' id='line_1_89' title="bbox 188 4369 1778 4426; baseline 0 0"><span class='ocrx_word' id='word_1_699' title='bbox 188 4372 265 4426; x_wconf 90' lang='lat' dir='ltr'><strong>mi</strong></span> <span class='ocrx_word' id='word_1_700' title='bbox 305 4370 468 4425; x_wconf 88' lang='lat' dir='ltr'><strong>libri:</strong></span> <span class='ocrx_word' id='word_1_701' title='bbox 501 4369 613 4425; x_wconf 85' lang='lat' dir='ltr'><strong>Hoc</strong></span> <span class='ocrx_word' id='word_1_702' title='bbox 643 4372 793 4425; x_wconf 87' lang='lat' dir='ltr'><strong>modo</strong></span> <span class='ocrx_word' id='word_1_703' title='bbox 832 4373 1014 4426; x_wconf 80' lang='lat' dir='ltr'><strong>iterum</strong></span> <span class='ocrx_word' id='word_1_704' title='bbox 1051 4372 1372 4426; x_wconf 75' lang='lat' dir='ltr'><strong>renovellataz</strong></span> <span class='ocrx_word' id='word_1_705' title='bbox 1409 4382 1544 4426; x_wconf 87' lang='lat' dir='ltr'><strong>sunt.</strong></span> <span class='ocrx_word' id='word_1_706' title='bbox 1599 4369 1778 4426; x_wconf 75' lang='lat' dir='ltr'><strong>Partes</strong></span> 
     </span>
    </p>
   </div>
   <div class='ocr_carea' id='block_1_87' title="bbox 187 4441 1778 4511">
    <p class='ocr_par' dir='ltr' id='par_1_87' title="bbox 187 4441 1778 4511">
     <span class='ocr_line' id='line_1_90' title="bbox 187 4441 1778 4511; baseline 0.001 -16"><span class='ocrx_word' id='word_1_707' title='bbox 187 4441 547 4507; x_wconf 82' lang='lat' dir='ltr'><strong>renovellare,</strong></span> <span class='ocrx_word' id='word_1_708' title='bbox 599 4441 886 4511; x_wconf 87' lang='lat' dir='ltr'><strong>inquiunt,</strong></span> <span class='ocrx_word' id='word_1_709' title='bbox 929 4457 1030 4511; x_wconf 89' lang='lat' dir='ltr'><strong>pro</strong></span> <span class='ocrx_word' id='word_1_710' title='bbox 1075 4443 1461 4510; x_wconf 83' lang='lat' dir='ltr'><strong>redintegrare,</strong></span> <span class='ocrx_word' id='word_1_711' title='bbox 1509 4458 1537 4496; x_wconf 89' lang='lat' dir='ltr'><strong>a</strong></span> <span class='ocrx_word' id='word_1_712' title='bbox 1581 4443 1778 4496; x_wconf 89' lang='lat' dir='ltr'><strong>vitibus</strong></span> 
     </span>
    </p>
   </div>
   <div class='ocr_carea' id='block_1_88' title="bbox 188 4512 1776 4582">
    <p class='ocr_par' dir='ltr' id='par_1_88' title="bbox 188 4512 1776 4582">
     <span class='ocr_line' id='line_1_91' title="bbox 188 4512 1776 4582; baseline 0 -15"><span class='ocrx_word' id='word_1_713' title='bbox 188 4512 435 4567; x_wconf 89' lang='lat' dir='ltr'><strong>ductum.</strong></span> <span class='ocrx_word' id='word_1_714' title='bbox 463 4512 553 4567; x_wconf 89' lang='lat' dir='ltr'><strong>Sic</strong></span> <span class='ocrx_word' id='word_1_715' title='bbox 595 4512 829 4582; x_wconf 90' lang='lat' dir='ltr'><strong>loquitur</strong></span> <span class='ocrx_word' id='word_1_716' title='bbox 874 4522 1064 4567; x_wconf 89' lang='lat' dir='ltr'><strong>auctor</strong></span> <span class='ocrx_word' id='word_1_717' title='bbox 1106 4514 1203 4569; x_wconf 90' lang='lat' dir='ltr'><strong>lib.</strong></span> <span class='ocrx_word' id='word_1_718' title='bbox 1231 4529 1304 4567; x_wconf 86' lang='lat' dir='ltr'><strong>vn</strong></span> <span class='ocrx_word' id='word_1_719' title='bbox 1332 4531 1345 4565; x_wconf 88' lang='lat'><strong>:</strong></span> <span class='ocrx_word' id='word_1_720' title='bbox 1378 4512 1515 4566; x_wconf 91' lang='lat' dir='ltr'><strong>Dum</strong></span> <span class='ocrx_word' id='word_1_721' title='bbox 1555 4512 1776 4567; x_wconf 82' lang='lat' dir='ltr'><strong>hominis</strong></span> 
     </span>
    </p>
   </div>
   <div class='ocr_carea' id='block_1_89' title="bbox 187 4582 1774 4653">
    <p class='ocr_par' dir='ltr' id='par_1_89' title="bbox 187 4582 1774 4653">
     <span class='ocr_line' id='line_1_92' title="bbox 187 4582 1774 4653; baseline 0.001 -17"><span class='ocrx_word' id='word_1_722' title='bbox 187 4592 320 4637; x_wconf 68' lang='lat' dir='ltr'><strong>esset</strong></span> <span class='ocrx_word' id='word_1_723' title='bbox 360 4582 670 4637; x_wconf 77' lang='lat' dir='ltr'><strong>renovellata</strong></span> <span class='ocrx_word' id='word_1_724' title='bbox 712 4586 966 4638; x_wconf 86' lang='lat' dir='ltr'><strong>nativitas.</strong></span> <span class='ocrx_word' id='word_1_725' title='bbox 998 4583 1104 4639; x_wconf 89' lang='lat' dir='ltr'><strong>Sed</strong></span> <span class='ocrx_word' id='word_1_726' title='bbox 1151 4599 1291 4653; x_wconf 92' lang='lat' dir='ltr'><strong>quo,</strong></span> <span class='ocrx_word' id='word_1_727' title='bbox 1324 4598 1539 4652; x_wconf 84' lang='lat' dir='ltr'><strong>quaeso,</strong></span> <span class='ocrx_word' id='word_1_728' title='bbox 1577 4598 1737 4638; x_wconf 89' lang='lat' dir='ltr'><strong>sensu</strong></span> <span class='ocrx_word' id='word_1_729' title='bbox 1760 4623 1774 4648; x_wconf 94' lang='lat'><strong>,</strong></span> 
     </span>
    </p>
   </div>
   <div class='ocr_carea' id='block_1_90' title="bbox 189 4653 1777 4724">
    <p class='ocr_par' dir='ltr' id='par_1_90' title="bbox 189 4653 1777 4724">
     <span class='ocr_line' id='line_1_93' title="bbox 189 4653 1777 4724; baseline 0.001 -19"><span class='ocrx_word' id='word_1_730' title='bbox 189 4653 367 4724; x_wconf 82' lang='lat' dir='ltr'><strong>prima</strong></span> <span class='ocrx_word' id='word_1_731' title='bbox 394 4654 607 4724; x_wconf 89' lang='lat' dir='ltr'><strong>generis</strong></span> <span class='ocrx_word' id='word_1_732' title='bbox 638 4654 851 4717; x_wconf 85' lang='lat' dir='ltr'><strong>humani</strong></span> <span class='ocrx_word' id='word_1_733' title='bbox 882 4657 1082 4709; x_wconf 88' lang='lat' dir='ltr'><strong>creatio</strong></span> <span class='ocrx_word' id='word_1_734' title='bbox 1102 4697 1117 4719; x_wconf 96' lang='lat'><strong>,</strong></span> <span class='ocrx_word' id='word_1_735' title='bbox 1148 4656 1265 4724; x_wconf 90' lang='lat' dir='ltr'><strong>ejus</strong></span> <span class='ocrx_word' id='word_1_736' title='bbox 1292 4655 1655 4723; x_wconf 84' lang='lat' dir='ltr'><strong>redintegratio</strong></span> <span class='ocrx_word' id='word_1_737' title='bbox 1684 4668 1777 4719; x_wconf 85' lang='lat' dir='ltr'><strong>po-</strong></span> 
     </span>
    </p>
   </div>
   <div class='ocr_carea' id='block_1_91' title="bbox 189 4723 1775 4793">
    <p class='ocr_par' dir='ltr' id='par_1_91' title="bbox 189 4723 1775 4793">
     <span class='ocr_line' id='line_1_94' title="bbox 189 4723 1775 4793; baseline 0.001 -17"><span class='ocrx_word' id='word_1_738' title='bbox 189 4724 297 4777; x_wconf 89' lang='lat' dir='ltr'><strong>tuit</strong></span> <span class='ocrx_word' id='word_1_739' title='bbox 322 4723 611 4792; x_wconf 46' lang='lat' dir='ltr'><strong>ab&#39;Optato</strong></span> <span class='ocrx_word' id='word_1_740' title='bbox 638 4724 776 4778; x_wconf 84' lang='lat' dir='ltr'><strong>dici?</strong></span> <span class='ocrx_word' id='word_1_741' title='bbox 808 4724 993 4780; x_wconf 77' lang='lat' dir='ltr'><strong>fefellit</strong></span> <span class='ocrx_word' id='word_1_742' title='bbox 1024 4723 1193 4779; x_wconf 77' lang='lat' dir='ltr'><strong>virum</strong></span> <span class='ocrx_word' id='word_1_743' title='bbox 1219 4724 1434 4779; x_wconf 87' lang='lat' dir='ltr'><strong>doctum</strong></span> <span class='ocrx_word' id='word_1_744' title='bbox 1469 4725 1775 4793; x_wconf 70' lang='lat' dir='ltr'><strong>praepositio</strong></span> 
     </span>
    </p>
   </div>
   <div class='ocr_carea' id='block_1_92' title="bbox 188 4793 1775 4863">
    <p class='ocr_par' dir='ltr' id='par_1_92' title="bbox 188 4793 1775 4863">
     <span class='ocr_line' id='line_1_95' title="bbox 188 4793 1775 4863; baseline 0.002 -18"><span class='ocrx_word' id='word_1_745' title='bbox 188 4808 277 4863; x_wconf 66' lang='lat' dir='ltr'><strong>re,</strong></span> <span class='ocrx_word' id='word_1_746' title='bbox 311 4807 471 4861; x_wconf 91' lang='lat' dir='ltr'><strong>quam</strong></span> <span class='ocrx_word' id='word_1_747' title='bbox 518 4793 603 4847; x_wconf 89' lang='lat' dir='ltr'><strong>hic</strong></span> <span class='ocrx_word' id='word_1_748' title='bbox 631 4809 822 4849; x_wconf 88' lang='lat' dir='ltr'><strong>vacare</strong></span> <span class='ocrx_word' id='word_1_749' title='bbox 848 4837 862 4858; x_wconf 93' lang='lat'><strong>,</strong></span> <span class='ocrx_word' id='word_1_750' title='bbox 903 4805 959 4849; x_wconf 89' lang='lat' dir='ltr'><strong>ut</strong></span> <span class='ocrx_word' id='word_1_751' title='bbox 1004 4804 1059 4850; x_wconf 89' lang='lat' dir='ltr'><strong>et</strong></span> <span class='ocrx_word' id='word_1_752' title='bbox 1088 4796 1139 4849; x_wconf 92' lang='lat' dir='ltr'><strong>in</strong></span> <span class='ocrx_word' id='word_1_753' title='bbox 1173 4796 1355 4850; x_wconf 87' lang='lat' dir='ltr'><strong>multis</strong></span> <span class='ocrx_word' id='word_1_754' title='bbox 1395 4796 1512 4849; x_wconf 91' lang='lat' dir='ltr'><strong>aliis</strong></span> <span class='ocrx_word' id='word_1_755' title='bbox 1538 4836 1552 4859; x_wconf 89' lang='lat'><strong>,</strong></span> <span class='ocrx_word' id='word_1_756' title='bbox 1583 4795 1775 4863; x_wconf 90' lang='lat' dir='ltr'><strong>quibus</strong></span> 
     </span>
    </p>
   </div>
   <div class='ocr_carea' id='block_1_93' title="bbox 186 4861 1776 4931">
    <p class='ocr_par' dir='ltr' id='par_1_93' title="bbox 186 4861 1776 4931">
     <span class='ocr_line' id='line_1_96' title="bbox 186 4861 1776 4931; baseline 0.002 -16"><span class='ocrx_word' id='word_1_757' title='bbox 186 4861 296 4915; x_wconf 86' lang='lat' dir='ltr'><strong>ista</strong></span> <span class='ocrx_word' id='word_1_758' title='bbox 321 4869 453 4916; x_wconf 74' lang='lat' dir='ltr'><strong>retas</strong></span> <span class='ocrx_word' id='word_1_759' title='bbox 478 4863 734 4929; x_wconf 85' lang='lat' dir='ltr'><strong>majorem</strong></span> <span class='ocrx_word' id='word_1_760' title='bbox 765 4864 819 4918; x_wconf 89' lang='lat' dir='ltr'><strong>in</strong></span> <span class='ocrx_word' id='word_1_761' title='bbox 850 4865 1065 4920; x_wconf 90' lang='lat' dir='ltr'><strong>modum</strong></span> <span class='ocrx_word' id='word_1_762' title='bbox 1094 4866 1353 4920; x_wconf 86' lang='lat' dir='ltr'><strong>delectata</strong></span> <span class='ocrx_word' id='word_1_763' title='bbox 1383 4876 1494 4931; x_wconf 89' lang='lat' dir='ltr'><strong>est,</strong></span> <span class='ocrx_word' id='word_1_764' title='bbox 1529 4861 1633 4919; x_wconf 81' lang='lat' dir='ltr'><strong>non</strong></span> <span class='ocrx_word' id='word_1_765' title='bbox 1662 4866 1776 4918; x_wconf 87' lang='lat' dir='ltr'><strong>aui-</strong></span> 
     </span>
    </p>
   </div>
   <div class='ocr_carea' id='block_1_94' title="bbox 190 4931 1779 5015">
    <p class='ocr_par' dir='ltr' id='par_1_94' title="bbox 190 4931 1779 5015">
     <span class='ocr_line' id='line_1_97' title="bbox 190 4931 1779 5015; baseline 0.003 -30"><span class='ocrx_word' id='word_1_766' title='bbox 190 4931 504 5015; x_wconf 77' lang='lat' dir='ltr'><strong>madvertit.</strong></span> <span class='ocrx_word' id='word_1_767' title='bbox 544 4931 671 4986; x_wconf 85' lang='lat' dir='ltr'><strong>Inde</strong></span> <span class='ocrx_word' id='word_1_768' title='bbox 697 4936 1056 5015; x_wconf 58' lang='lat' dir='ltr'><strong>feprotnittere</strong></span> <span class='ocrx_word' id='word_1_769' title='bbox 1099 4951 1195 5004; x_wconf 86' lang='lat' dir='ltr'><strong>pro</strong></span> <span class='ocrx_word' id='word_1_770' title='bbox 1223 4937 1453 5015; x_wconf 83' lang='lat' dir='ltr'><strong>simplici</strong></span> <span class='ocrx_word' id='word_1_771' title='bbox 1491 4936 1779 5008; x_wconf 84' lang='lat' dir='ltr'><strong>promittere</strong></span> 
     </span>
    </p>
   </div>
   <div class='ocr_carea' id='block_1_95' title="bbox 190 5004 1778 5076">
    <p class='ocr_par' dir='ltr' id='par_1_95' title="bbox 190 5004 1778 5076">
     <span class='ocr_line' id='line_1_98' title="bbox 190 5004 1778 5076; baseline 0.003 -20"><span class='ocrx_word' id='word_1_772' title='bbox 190 5010 253 5057; x_wconf 88' lang='lat' dir='ltr'><strong>et</strong></span> <span class='ocrx_word' id='word_1_773' title='bbox 276 5010 462 5076; x_wconf 77' lang='lat' dir='ltr'><strong>terram</strong></span> <span class='ocrx_word' id='word_1_774' title='bbox 487 5004 895 5076; x_wconf 78' lang='lat' dir='ltr'><strong>repromissionis</strong></span> <span class='ocrx_word' id='word_1_775' title='bbox 943 5006 1101 5073; x_wconf 80' lang='lat' dir='ltr'><strong>vulgo</strong></span> <span class='ocrx_word' id='word_1_776' title='bbox 1124 5008 1463 5075; x_wconf 89' lang='lat' dir='ltr'><strong>appellabant</strong></span> <span class='ocrx_word' id='word_1_777' title='bbox 1491 5004 1654 5076; x_wconf 83' lang='lat' dir='ltr'><strong>quam</strong></span> <span class='ocrx_word' id='word_1_778' title='bbox 1680 5020 1778 5060; x_wconf 87' lang='lat' dir='ltr'><strong>nos</strong></span> 
     </span>
    </p>
   </div>
   <div class='ocr_carea' id='block_1_96' title="bbox 192 5071 1777 5144">
    <p class='ocr_par' dir='ltr' id='par_1_96' title="bbox 192 5071 1777 5144">
     <span class='ocr_line' id='line_1_99' title="bbox 192 5071 1777 5144; baseline 0.004 -20"><span class='ocrx_word' id='word_1_779' title='bbox 192 5072 573 5144; x_wconf 78' lang='lat' dir='ltr'><strong>promissionis.</strong></span> <span class='ocrx_word' id='word_1_780' title='bbox 607 5071 681 5125; x_wconf 90' lang='lat' dir='ltr'><strong>Ita</strong></span> <span class='ocrx_word' id='word_1_781' title='bbox 707 5075 959 5127; x_wconf 86' lang='lat' dir='ltr'><strong>remittere</strong></span> <span class='ocrx_word' id='word_1_782' title='bbox 977 5115 992 5138; x_wconf 88' lang='lat'><strong>,</strong></span> <span class='ocrx_word' id='word_1_783' title='bbox 1024 5071 1233 5129; x_wconf 68' lang='lat' dir='ltr'><strong>reddere</strong></span> <span class='ocrx_word' id='word_1_784' title='bbox 1251 5117 1265 5137; x_wconf 85' lang='lat'><strong>,</strong></span> <span class='ocrx_word' id='word_1_785' title='bbox 1294 5088 1347 5131; x_wconf 91' lang='lat' dir='ltr'><strong>et</strong></span> <span class='ocrx_word' id='word_1_786' title='bbox 1376 5071 1652 5132; x_wconf 81' lang='lat' dir='ltr'><strong>innumera</strong></span> <span class='ocrx_word' id='word_1_787' title='bbox 1677 5077 1777 5131; x_wconf 87' lang='lat' dir='ltr'><strong>alia</strong></span> 
     </span>
    </p>
   </div>
   <div class='ocr_carea' id='block_1_97' title="bbox 191 5142 1782 5213">
    <p class='ocr_par' dir='ltr' id='par_1_97' title="bbox 191 5142 1782 5213">
     <span class='ocr_line' id='line_1_100' title="bbox 191 5142 1782 5213; baseline -0.001 -14"><span class='ocrx_word' id='word_1_788' title='bbox 191 5142 427 5213; x_wconf 79' lang='lat' dir='ltr'><strong>quorum</strong></span> <span class='ocrx_word' id='word_1_789' title='bbox 453 5142 611 5213; x_wconf 85' lang='lat' dir='ltr'><strong>etiam</strong></span> <span class='ocrx_word' id='word_1_790' title='bbox 654 5144 791 5211; x_wconf 88' lang='lat' dir='ltr'><strong>apud</strong></span> <span class='ocrx_word' id='word_1_791' title='bbox 826 5144 1075 5199; x_wconf 70' lang='lat' dir='ltr'><strong>meliores</strong></span> <span class='ocrx_word' id='word_1_792' title='bbox 1113 5148 1404 5213; x_wconf 89' lang='lat' dir='ltr'><strong>scriptores</strong></span> <span class='ocrx_word' id='word_1_793' title='bbox 1442 5163 1546 5202; x_wconf 90' lang='lat' dir='ltr'><strong>non</strong></span> <span class='ocrx_word' id='word_1_794' title='bbox 1586 5148 1782 5203; x_wconf 87' lang='lat' dir='ltr'><strong>desunt</strong></span> 
     </span>
    </p>
   </div>
   <div class='ocr_carea' id='block_1_98' title="bbox 190 5212 1781 5283">
    <p class='ocr_par' dir='ltr' id='par_1_98' title="bbox 190 5212 1781 5283">
     <span class='ocr_line' id='line_1_101' title="bbox 190 5212 1781 5283; baseline 0.001 -14"><span class='ocrx_word' id='word_1_795' title='bbox 190 5212 467 5283; x_wconf 79' lang='lat' dir='ltr'><strong>exempla.</strong></span> <span class='ocrx_word' id='word_1_796' title='bbox 500 5212 569 5269; x_wconf 93' lang='lat' dir='ltr'><strong>Ut</strong></span> <span class='ocrx_word' id='word_1_797' title='bbox 592 5228 769 5268; x_wconf 76' lang='lat' dir='ltr'><strong>causa:</strong></span> <span class='ocrx_word' id='word_1_798' title='bbox 796 5229 900 5268; x_wconf 91' lang='lat' dir='ltr'><strong>non</strong></span> <span class='ocrx_word' id='word_1_799' title='bbox 932 5214 1121 5278; x_wconf 89' lang='lat' dir='ltr'><strong>fuerit,</strong></span> <span class='ocrx_word' id='word_1_800' title='bbox 1151 5212 1247 5269; x_wconf 86' lang='lat' dir='ltr'><strong>cur</strong></span> <span class='ocrx_word' id='word_1_801' title='bbox 1285 5216 1341 5270; x_wconf 89' lang='lat' dir='ltr'><strong>S.</strong></span> <span class='ocrx_word' id='word_1_802' title='bbox 1370 5216 1563 5283; x_wconf 77' lang='lat' dir='ltr'><strong>Pater,</strong></span> <span class='ocrx_word' id='word_1_803' title='bbox 1595 5232 1658 5271; x_wconf 92' lang='lat' dir='ltr'><strong>ac</strong></span> <span class='ocrx_word' id='word_1_804' title='bbox 1698 5217 1781 5270; x_wconf 84' lang='lat' dir='ltr'><strong>vir</strong></span> 
     </span>
    </p>
   </div>
   <div class='ocr_carea' id='block_1_99' title="bbox 190 5283 1779 5358">
    <p class='ocr_par' dir='ltr' id='par_1_99' title="bbox 190 5283 1779 5358">
     <span class='ocr_line' id='line_1_102' title="bbox 190 5283 1779 5358; baseline 0 -17"><span class='ocrx_word' id='word_1_805' title='bbox 190 5286 358 5358; x_wconf 79' lang='lat' dir='ltr'><strong>longe</strong></span> <span class='ocrx_word' id='word_1_806' title='bbox 385 5283 608 5358; x_wconf 84' lang='lat' dir='ltr'><strong>doctiss.</strong></span> <span class='ocrx_word' id='word_1_807' title='bbox 642 5285 993 5358; x_wconf 85' lang='lat' dir='ltr'><strong>Hieronymus</strong></span> <span class='ocrx_word' id='word_1_808' title='bbox 1012 5326 1026 5351; x_wconf 96' lang='lat'><strong>,</strong></span> <span class='ocrx_word' id='word_1_809' title='bbox 1058 5295 1162 5338; x_wconf 90' lang='lat' dir='ltr'><strong>tam</strong></span> <span class='ocrx_word' id='word_1_810' title='bbox 1191 5287 1387 5358; x_wconf 75' lang='lat' dir='ltr'><strong>acriter</strong></span> <span class='ocrx_word' id='word_1_811' title='bbox 1413 5302 1475 5340; x_wconf 89' lang='lat' dir='ltr'><strong>ac</strong></span> <span class='ocrx_word' id='word_1_812' title='bbox 1505 5303 1692 5358; x_wconf 82' lang='lat' dir='ltr'><strong>severe</strong></span> <span class='ocrx_word' id='word_1_813' title='bbox 1726 5288 1779 5341; x_wconf 90' lang='lat' dir='ltr'><strong>in</strong></span> 
     </span>
    </p>
   </div>
   <div class='ocr_carea' id='block_1_100' title="bbox 191 5355 1783 5426">
    <p class='ocr_par' dir='ltr' id='par_1_100' title="bbox 191 5355 1783 5426">
     <span class='ocr_line' id='line_1_103' title="bbox 191 5355 1783 5426; baseline -0.001 -14"><span class='ocrx_word' id='word_1_814' title='bbox 191 5355 394 5412; x_wconf 79' lang='lat' dir='ltr'><strong>Rufino</strong></span> <span class='ocrx_word' id='word_1_815' title='bbox 442 5357 635 5426; x_wconf 65' lang='lat' dir='ltr'><strong>aemulo</strong></span> <span class='ocrx_word' id='word_1_816' title='bbox 664 5355 1003 5426; x_wconf 77' lang='lat' dir='ltr'><strong>suggillaret,</strong></span> <span class='ocrx_word' id='word_1_817' title='bbox 1051 5358 1191 5424; x_wconf 88' lang='lat' dir='ltr'><strong>quod</strong></span> <span class='ocrx_word' id='word_1_818' title='bbox 1222 5355 1312 5409; x_wconf 88' lang='lat' dir='ltr'><strong>ille</strong></span> <span class='ocrx_word' id='word_1_819' title='bbox 1350 5358 1646 5426; x_wconf 83' lang='lat' dir='ltr'><strong>refestinare</strong></span> <span class='ocrx_word' id='word_1_820' title='bbox 1668 5357 1783 5426; x_wconf 85' lang='lat' dir='ltr'><strong>‘pro</strong></span> 
     </span>
    </p>
   </div>
   <div class='ocr_carea' id='block_1_101' title="bbox 192 5425 1779 5495">
    <p class='ocr_par' dir='ltr' id='par_1_101' title="bbox 192 5425 1779 5495">
     <span class='ocr_line' id='line_1_104' title="bbox 192 5425 1779 5495; baseline -0.001 -13"><span class='ocrx_word' id='word_1_821' title='bbox 192 5426 431 5495; x_wconf 87' lang='lat' dir='ltr'><strong>simplici</strong></span> <span class='ocrx_word' id='word_1_822' title='bbox 455 5425 700 5495; x_wconf 77' lang='lat' dir='ltr'><strong>festinare</strong></span> <span class='ocrx_word' id='word_1_823' title='bbox 722 5429 1023 5495; x_wconf 85' lang='lat' dir='ltr'><strong>posuisset:</strong></span> <span class='ocrx_word' id='word_1_824' title='bbox 1056 5425 1448 5489; x_wconf 71' lang='lat' dir='ltr'><strong>sordidissima,</strong></span> <span class='ocrx_word' id='word_1_825' title='bbox 1479 5437 1535 5480; x_wconf 90' lang='lat' dir='ltr'><strong>ut</strong></span> <span class='ocrx_word' id='word_1_826' title='bbox 1565 5425 1779 5481; x_wconf 82' lang='lat' dir='ltr'><strong>llierou.</strong></span> 
     </span>
    </p>
   </div>
   <div class='ocr_carea' id='block_1_102' title="bbox 187 5497 1781 5574">
    <p class='ocr_par' dir='ltr' id='par_1_102' title="bbox 187 5497 1781 5574">
     <span class='ocr_line' id='line_1_105' title="bbox 187 5497 1781 5574; baseline 0.004 -29"><span class='ocrx_word' id='word_1_827' title='bbox 187 5497 399 5574; x_wconf 71' lang='lat' dir='ltr'><strong>judicat</strong></span> <span class='ocrx_word' id='word_1_828' title='bbox 422 5535 436 5555; x_wconf 85' lang='lat'><strong>.</strong></span> <span class='ocrx_word' id='word_1_829' title='bbox 468 5497 763 5574; x_wconf 72' lang='lat' dir='ltr'><strong>elocutionis</strong></span> <span class='ocrx_word' id='word_1_830' title='bbox 795 5500 1201 5574; x_wconf 59' lang='lat' dir='ltr'><strong>«spwaoixovyiu._</strong></span> <span class='ocrx_word' id='word_1_831' title='bbox 1225 5497 1326 5574; x_wconf 83' lang='lat' dir='ltr'><strong>_Est</strong></span> <span class='ocrx_word' id='word_1_832' title='bbox 1370 5497 1530 5566; x_wconf 86' lang='lat' dir='ltr'><strong>igitur</strong></span> <span class='ocrx_word' id='word_1_833' title='bbox 1554 5499 1781 5574; x_wconf 76' lang='lat' dir='ltr'><strong>renovet-</strong></span> 
     </span>
    </p>
   </div>
   <div class='ocr_carea' id='block_1_103' title="bbox 194 5565 1783 5639">
    <p class='ocr_par' dir='ltr' id='par_1_103' title="bbox 194 5565 1783 5639">
     <span class='ocr_line' id='line_1_106' title="bbox 194 5565 1783 5639; baseline 0.004 -23"><span class='ocrx_word' id='word_1_834' title='bbox 194 5569 307 5639; x_wconf 73' lang='lat' dir='ltr'><strong>tare</strong></span> <span class='ocrx_word' id='word_1_835' title='bbox 341 5578 446 5639; x_wconf 77' lang='lat' dir='ltr'><strong>non</strong></span> <span class='ocrx_word' id='word_1_836' title='bbox 482 5565 626 5639; x_wconf 78' lang='lat' dir='ltr'><strong>aliud</strong></span> <span class='ocrx_word' id='word_1_837' title='bbox 671 5583 829 5639; x_wconf 81' lang='lat' dir='ltr'><strong>quam</strong></span> <span class='ocrx_word' id='word_1_838' title='bbox 850 5565 1113 5639; x_wconf 13' lang='lat' dir='ltr'><strong>Vitauellar&#39;e</strong></span> <span class='ocrx_word' id='word_1_839' title='bbox 1137 5568 1239 5631; x_wconf 70' lang='lat' dir='ltr'><strong>,.id</strong></span> <span class='ocrx_word' id='word_1_840' title='bbox 1268 5576 1351 5622; x_wconf 92' lang='lat' dir='ltr'><strong>est</strong></span> <span class='ocrx_word' id='word_1_841' title='bbox 1374 5565 1407 5635; x_wconf 25' lang='grc' dir='ltr'><strong>,ί</strong></span> <span class='ocrx_word' id='word_1_842' title='bbox 1432 5570 1690 5639; x_wconf 73' lang='grc' dir='ltr'><strong>φυτεύειν,</strong></span> <span class='ocrx_word' id='word_1_843' title='bbox 1725 5575 1783 5622; x_wconf 89' lang='lat' dir='ltr'><strong>ut</strong></span> 
     </span>
    </p>
   </div>
   <div class='ocr_carea' id='block_1_104' title="bbox 198 5634 1776 5709">
    <p class='ocr_par' dir='ltr' id='par_1_104' title="bbox 198 5634 1776 5709">
     <span class='ocr_line' id='line_1_107' title="bbox 198 5634 1776 5709; baseline 0.004 -22"><span class='ocrx_word' id='word_1_844' title='bbox 198 5636 252 5687; x_wconf 88' lang='lat' dir='ltr'><strong>in</strong></span> <span class='ocrx_word' id='word_1_845' title='bbox 300 5634 523 5709; x_wconf 72' lang='lat' dir='ltr'><strong>antiquo</strong></span> <span class='ocrx_word' id='word_1_846' title='bbox 549 5634 733 5709; x_wconf 78' lang='lat' dir='ltr'><strong>gloss._</strong></span> <span class='ocrx_word' id='word_1_847' title='bbox 759 5636 984 5709; x_wconf 78' lang='lat' dir='ltr'><strong>legimus</strong></span> <span class='ocrx_word' id='word_1_848' title='bbox 1004 5678 1018 5701; x_wconf 93' lang='lat'><strong>,</strong></span> <span class='ocrx_word' id='word_1_849' title='bbox 1048 5649 1103 5693; x_wconf 86' lang='lat' dir='ltr'><strong>et</strong></span> <span class='ocrx_word' id='word_1_850' title='bbox 1135 5634 1472 5709; x_wconf 66' lang='lat' dir='ltr'><strong>novelletum&#39;,</strong></span> <span class='ocrx_word' id='word_1_851' title='bbox 1503 5639 1736 5709; x_wconf 70' lang='grc' dir='ltr'><strong>νεόφυτον</strong></span> <span class='ocrx_word' id='word_1_852' title='bbox 1761 5678 1776 5704; x_wconf 90' lang='grc'><strong><em>,</em></strong></span> 
     </span>
    </p>
   </div>
   <div class='ocr_carea' id='block_1_105' title="bbox 196 5701 1779 5779">
    <p class='ocr_par' dir='ltr' id='par_1_105' title="bbox 196 5701 1779 5779">
     <span class='ocr_line' id='line_1_108' title="bbox 196 5701 1779 5779; baseline 0.004 -20"><span class='ocrx_word' id='word_1_853' title='bbox 196 5702 347 5779; x_wconf 88' lang='lat' dir='ltr'><strong>quod</strong></span> <span class='ocrx_word' id='word_1_854' title='bbox 374 5701 493 5771; x_wconf 83' lang='lat' dir='ltr'><strong>hic,</strong></span> <span class='ocrx_word' id='word_1_855' title='bbox 527 5704 625 5757; x_wconf 84' lang='lat' dir='ltr'><strong>nisi</strong></span> <span class='ocrx_word' id='word_1_856' title='bbox 654 5701 1029 5768; x_wconf 66' lang='lat' dir='ltr'><strong>valdc&#39;tallor,</strong></span> <span class='ocrx_word' id='word_1_857' title='bbox 1063 5708 1312 5764; x_wconf 89' lang='lat' dir='ltr'><strong>convenit</strong></span> <span class='ocrx_word' id='word_1_858' title='bbox 1352 5701 1519 5765; x_wconf 87' lang='lat' dir='ltr'><strong>multo</strong></span> <span class='ocrx_word' id='word_1_859' title='bbox 1547 5701 1779 5777; x_wconf 68' lang='lat' dir='ltr'><strong>melius,</strong></span> 
     </span>
    </p>
   </div>
   <div class='ocr_carea' id='block_1_106' title="bbox 646 5797 1054 5862">
    <p class='ocr_par' dir='ltr' id='par_1_106' title="bbox 646 5797 1054 5862">
     <span class='ocr_line' id='line_1_109' title="bbox 646 5797 1054 5862; baseline 0.007 -3"><span class='ocrx_word' id='word_1_860' title='bbox 646 5797 918 5862; x_wconf 74' lang='grc' dir='ltr'><strong>ΡΑιΊιοι.</strong></span> <span class='ocrx_word' id='word_1_861' title='bbox 966 5799 1054 5861; x_wconf 77' lang='grc' dir='ltr'>Χι</span> 
     </span>
    </p>
   </div>
   <div class='ocr_carea' id='block_1_107' title="bbox 1880 4224 3251 4301">
    <p class='ocr_par' dir='ltr' id='par_1_107' title="bbox 1880 4224 3251 4301">
     <span class='ocr_line' id='line_1_110' title="bbox 1880 4224 3251 4301; baseline -0.001 -18"><span class='ocrx_word' id='word_1_862' title='bbox 1880 4245 2040 4300; x_wconf 91' lang='lat' dir='ltr'><strong>quam</strong></span> <span class='ocrx_word' id='word_1_863' title='bbox 2068 4237 2160 4301; x_wconf 64' lang='lat' dir='ltr'><strong>rei)</strong></span> <span class='ocrx_word' id='word_1_864' title='bbox 2189 4229 2531 4301; x_wconf 84' lang='lat' dir='ltr'><strong>redintegrare</strong></span> <span class='ocrx_word' id='word_1_865' title='bbox 2555 4226 2898 4301; x_wconf 80' lang='lat' dir='ltr'><strong>signiﬁcatio.</strong></span> <span class='ocrx_word' id='word_1_866' title='bbox 2927 4224 3251 4301; x_wconf 44' lang='grc' dir='ltr'><strong>ΜηΟΛεΑυΒ.</strong></span> 
     </span>
    </p>
   </div>
   <div class='ocr_carea' id='block_1_108' title="bbox 1953 4296 3467 4372">
    <p class='ocr_par' dir='ltr' id='par_1_108' title="bbox 1953 4296 3467 4372">
     <span class='ocr_line' id='line_1_111' title="bbox 1953 4296 3467 4372; baseline -0.003 -17"><span class='ocrx_word' id='word_1_867' title='bbox 1953 4301 2067 4372; x_wconf 80' lang='grc'>(56)</span> <span class='ocrx_word' id='word_1_868' title='bbox 2111 4300 2200 4372; x_wconf 69' lang='lat' dir='ltr'><strong>illi</strong></span> <span class='ocrx_word' id='word_1_869' title='bbox 2251 4296 2553 4372; x_wconf 9' lang='lat' dir='ltr'><strong>namquejsi</strong></span> <span class='ocrx_word' id='word_1_870' title='bbox 2599 4296 2691 4372; x_wconf 78' lang='lat' dir='ltr'><strong>illo</strong></span> <span class='ocrx_word' id='word_1_871' title='bbox 2738 4296 3120 4372; x_wconf 68' lang='lat' dir='ltr'><strong>temporebono</strong></span> <span class='ocrx_word' id='word_1_872' title='bbox 3151 4298 3314 4372; x_wconf 81' lang='lat' dir='ltr'><strong>pacis,</strong></span> <span class='ocrx_word' id='word_1_873' title='bbox 3362 4310 3467 4356; x_wconf 86' lang='lat' dir='ltr'><strong>ctc.</strong></span> 
     </span>
    </p>
   </div>
   <div class='ocr_carea' id='block_1_109' title="bbox 1884 4366 3466 4434">
    <p class='ocr_par' dir='ltr' id='par_1_109' title="bbox 1884 4366 3466 4434">
     <span class='ocr_line' id='line_1_112' title="bbox 1884 4366 3466 4434; baseline 0 -9"><span class='ocrx_word' id='word_1_874' title='bbox 1884 4366 2083 4425; x_wconf 80' lang='lat' dir='ltr'><strong>Facere</strong></span> <span class='ocrx_word' id='word_1_875' title='bbox 2105 4366 2426 4433; x_wconf 78' lang='lat' dir='ltr'><strong>debuerant,</strong></span> <span class='ocrx_word' id='word_1_876' title='bbox 2445 4370 2495 4423; x_wconf 90' lang='lat' dir='ltr'><strong>id</strong></span> <span class='ocrx_word' id='word_1_877' title='bbox 2522 4380 2625 4432; x_wconf 90' lang='lat' dir='ltr'><strong>cst,</strong></span> <span class='ocrx_word' id='word_1_878' title='bbox 2652 4369 2924 4427; x_wconf 79' lang='lat' dir='ltr'><strong>fecissent,</strong></span> <span class='ocrx_word' id='word_1_879' title='bbox 2951 4366 3125 4419; x_wconf 87' lang='lat' dir='ltr'><strong>facere</strong></span> <span class='ocrx_word' id='word_1_880' title='bbox 3145 4369 3466 4434; x_wconf 86' lang='lat' dir='ltr'><strong>voluissent;</strong></span> 
     </span>
    </p>
   </div>
   <div class='ocr_carea' id='block_1_110' title="bbox 1882 4436 3473 4510">
    <p class='ocr_par' dir='ltr' id='par_1_110' title="bbox 1882 4436 3473 4510">
     <span class='ocr_line' id='line_1_113' title="bbox 1882 4436 3473 4510; baseline -0.001 -15"><span class='ocrx_word' id='word_1_881' title='bbox 1882 4442 1951 4496; x_wconf 86' lang='lat' dir='ltr'><strong>ita</strong></span> <span class='ocrx_word' id='word_1_882' title='bbox 1981 4442 2103 4495; x_wconf 86' lang='lat' dir='ltr'><strong>coll.</strong></span> <span class='ocrx_word' id='word_1_883' title='bbox 2135 4439 2237 4495; x_wconf 68' lang='lat' dir='ltr'><strong>Ali.</strong></span> <span class='ocrx_word' id='word_1_884' title='bbox 2264 4456 2317 4510; x_wconf 90' lang='lat' dir='ltr'><strong>p.</strong></span> <span class='ocrx_word' id='word_1_885' title='bbox 2352 4442 2421 4495; x_wconf 82' lang='grc'>85</span> <span class='ocrx_word' id='word_1_886' title='bbox 2453 4458 2466 4493; x_wconf 89' lang='lat'><strong>:</strong></span> <span class='ocrx_word' id='word_1_887' title='bbox 2502 4438 2568 4493; x_wconf 88' lang='lat' dir='ltr'><strong>Ut</strong></span> <span class='ocrx_word' id='word_1_888' title='bbox 2611 4439 2751 4508; x_wconf 83' lang='lat' dir='ltr'><strong>prius</strong></span> <span class='ocrx_word' id='word_1_889' title='bbox 2778 4439 2840 4491; x_wconf 90' lang='lat' dir='ltr'><strong>de</strong></span> <span class='ocrx_word' id='word_1_890' title='bbox 2873 4436 3224 4510; x_wconf 78' lang='lat' dir='ltr'><strong>mandatorum</strong></span> <span class='ocrx_word' id='word_1_891' title='bbox 3250 4456 3473 4510; x_wconf 83' lang='lat' dir='ltr'><strong>numero</strong></span> 
     </span>
    </p>
   </div>
   <div class='ocr_carea' id='block_1_111' title="bbox 1880 4508 3473 4580">
    <p class='ocr_par' dir='ltr' id='par_1_111' title="bbox 1880 4508 3473 4580">
     <span class='ocr_line' id='line_1_114' title="bbox 1880 4508 3473 4580; baseline -0.003 -13"><span class='ocrx_word' id='word_1_892' title='bbox 1880 4521 2111 4577; x_wconf 87' lang='lat' dir='ltr'><strong>constet,</strong></span> <span class='ocrx_word' id='word_1_893' title='bbox 2158 4522 2201 4565; x_wconf 94' lang='lat' dir='ltr'><strong>et</strong></span> <span class='ocrx_word' id='word_1_894' title='bbox 2229 4508 2292 4565; x_wconf 78' lang='lat' dir='ltr'><strong>de</strong></span> <span class='ocrx_word' id='word_1_895' title='bbox 2340 4510 2567 4580; x_wconf 85' lang='lat' dir='ltr'><strong>partibus</strong></span> <span class='ocrx_word' id='word_1_896' title='bbox 2597 4509 2925 4580; x_wconf 84' lang='lat' dir='ltr'><strong>meis_quanti</strong></span> <span class='ocrx_word' id='word_1_897' title='bbox 2964 4508 3348 4580; x_wconf 55' lang='lat' dir='ltr'><strong>mandaverint,</strong></span> <span class='ocrx_word' id='word_1_898' title='bbox 3395 4512 3473 4563; x_wconf 82' lang='lat' dir='ltr'><strong>vel</strong></span> 
     </span>
    </p>
   </div>
   <div class='ocr_carea' id='block_1_112' title="bbox 1880 4575 3471 4653">
    <p class='ocr_par' dir='ltr' id='par_1_112' title="bbox 1880 4575 3471 4653">
     <span class='ocr_line' id='line_1_115' title="bbox 1880 4575 3471 4653; baseline -0.001 -18"><span class='ocrx_word' id='word_1_899' title='bbox 1880 4584 2056 4653; x_wconf 86' lang='lat' dir='ltr'><strong>quanti</strong></span> <span class='ocrx_word' id='word_1_900' title='bbox 2100 4575 2203 4635; x_wconf 81' lang='lat' dir='ltr'><strong>sint</strong></span> <span class='ocrx_word' id='word_1_901' title='bbox 2233 4575 2533 4653; x_wconf 79' lang='lat' dir='ltr'><strong>mandaturi</strong></span> <span class='ocrx_word' id='word_1_902' title='bbox 2575 4582 2671 4650; x_wconf 86' lang='lat' dir='ltr'><strong>(ait</strong></span> <span class='ocrx_word' id='word_1_903' title='bbox 2720 4575 3008 4631; x_wconf 85' lang='lat' dir='ltr'><strong>Petilianus</strong></span> <span class='ocrx_word' id='word_1_904' title='bbox 3036 4575 3388 4653; x_wconf 76' lang='lat' dir='ltr'><strong>Episcopus),</strong></span> <span class='ocrx_word' id='word_1_905' title='bbox 3417 4583 3471 4634; x_wconf 90' lang='lat' dir='ltr'><strong>id</strong></span> 
     </span>
    </p>
   </div>
   <div class='ocr_carea' id='block_1_113' title="bbox 1881 4646 3467 4724">
    <p class='ocr_par' dir='ltr' id='par_1_113' title="bbox 1881 4646 3467 4724">
     <span class='ocr_line' id='line_1_116' title="bbox 1881 4646 3467 4724; baseline -0.001 -19"><span class='ocrx_word' id='word_1_906' title='bbox 1881 4646 2101 4724; x_wconf 66' lang='lat' dir='ltr'><strong>primum</strong></span> <span class='ocrx_word' id='word_1_907' title='bbox 2144 4663 2257 4724; x_wconf 84' lang='lat' dir='ltr'><strong>peto</strong></span> <span class='ocrx_word' id='word_1_908' title='bbox 2287 4653 2349 4706; x_wconf 87' lang='lat' dir='ltr'><strong>de</strong></span> <span class='ocrx_word' id='word_1_909' title='bbox 2379 4646 2643 4724; x_wconf 72' lang='lat' dir='ltr'><strong>nobilitate</strong></span> <span class='ocrx_word' id='word_1_910' title='bbox 2670 4659 2776 4724; x_wconf 81' lang='lat' dir='ltr'><strong>tua,</strong></span> <span class='ocrx_word' id='word_1_911' title='bbox 2818 4657 2882 4724; x_wconf 33' lang='lat' dir='ltr'><strong>ut.</strong></span> <span class='ocrx_word' id='word_1_912' title='bbox 2901 4646 3218 4724; x_wconf 62' lang='lat' dir='ltr'><strong>super/luunt</strong></span> <span class='ocrx_word' id='word_1_913' title='bbox 3248 4646 3348 4702; x_wconf 80' lang='lat' dir='ltr'><strong>non</strong></span> <span class='ocrx_word' id='word_1_914' title='bbox 3373 4654 3467 4724; x_wconf 83' lang='lat' dir='ltr'><strong>sit,</strong></span> 
     </span>
    </p>
   </div>
   <div class='ocr_carea' id='block_1_114' title="bbox 1880 4716 3473 4792">
    <p class='ocr_par' dir='ltr' id='par_1_114' title="bbox 1880 4716 3473 4792">
     <span class='ocr_line' id='line_1_117' title="bbox 1880 4716 3473 4792; baseline -0.003 -16"><span class='ocrx_word' id='word_1_915' title='bbox 1880 4716 1944 4776; x_wconf 74' lang='lat' dir='ltr'><strong>de</strong></span> <span class='ocrx_word' id='word_1_916' title='bbox 1966 4716 2178 4777; x_wconf 75' lang='lat' dir='ltr'><strong>numero</strong></span> <span class='ocrx_word' id='word_1_917' title='bbox 2208 4724 2470 4792; x_wconf 81' lang='lat' dir='ltr'><strong>utriusque</strong></span> <span class='ocrx_word' id='word_1_918' title='bbox 2494 4721 2653 4790; x_wconf 86' lang='lat' dir='ltr'><strong>partis</strong></span> <span class='ocrx_word' id='word_1_919' title='bbox 2678 4722 2810 4792; x_wconf 78' lang='lat' dir='ltr'><strong>ferre</strong></span> <span class='ocrx_word' id='word_1_920' title='bbox 2849 4716 3027 4769; x_wconf 85' lang='lat' dir='ltr'><strong>debere</strong></span> <span class='ocrx_word' id='word_1_921' title='bbox 3045 4716 3293 4792; x_wconf 66' lang='lat' dir='ltr'><strong>iudiciuin</strong></span> <span class='ocrx_word' id='word_1_922' title='bbox 3321 4716 3473 4775; x_wconf 79' lang='lat' dir='ltr'><strong>celsi.</strong></span> 
     </span>
    </p>
   </div>
   <div class='ocr_carea' id='block_1_115' title="bbox 1882 4787 3472 4860">
    <p class='ocr_par' dir='ltr' id='par_1_115' title="bbox 1882 4787 3472 4860">
     <span class='ocr_line' id='line_1_118' title="bbox 1882 4787 3472 4860; baseline -0.001 -13"><span class='ocrx_word' id='word_1_923' title='bbox 1882 4796 2107 4848; x_wconf 82' lang='lat' dir='ltr'><strong>tudinem</strong></span> <span class='ocrx_word' id='word_1_924' title='bbox 2134 4807 2291 4846; x_wconf 84' lang='lat' dir='ltr'><strong>tuam.</strong></span> <span class='ocrx_word' id='word_1_925' title='bbox 2315 4787 2514 4860; x_wconf 78' lang='lat' dir='ltr'><strong>Quibus</strong></span> <span class='ocrx_word' id='word_1_926' title='bbox 2545 4807 2606 4843; x_wconf 77' lang='lat' dir='ltr'><strong>cx</strong></span> <span class='ocrx_word' id='word_1_927' title='bbox 2635 4787 2830 4860; x_wconf 73' lang='lat' dir='ltr'><strong>verbis,</strong></span> <span class='ocrx_word' id='word_1_928' title='bbox 2864 4801 3019 4854; x_wconf 86' lang='lat' dir='ltr'><strong>quam</strong></span> <span class='ocrx_word' id='word_1_929' title='bbox 3053 4787 3472 4860; x_wconf 71' lang='lat' dir='ltr'><strong>redundantibus</strong></span> 
     </span>
    </p>
   </div>
   <div class='ocr_carea' id='block_1_116' title="bbox 1884 4857 3471 4932">
    <p class='ocr_par' dir='ltr' id='par_1_116' title="bbox 1884 4857 3471 4932">
     <span class='ocr_line' id='line_1_119' title="bbox 1884 4857 3471 4932; baseline -0.009 -14"><span class='ocrx_word' id='word_1_930' title='bbox 1884 4881 1946 4919; x_wconf 89' lang='lat' dir='ltr'><strong>ac</strong></span> <span class='ocrx_word' id='word_1_931' title='bbox 1966 4864 2251 4932; x_wconf 83' lang='lat' dir='ltr'><strong>superﬂuis</strong></span> <span class='ocrx_word' id='word_1_932' title='bbox 2273 4857 2431 4932; x_wconf 80' lang='lat' dir='ltr'><strong>supra</strong></span> <span class='ocrx_word' id='word_1_933' title='bbox 2455 4862 2667 4915; x_wconf 86' lang='lat' dir='ltr'><strong>modum</strong></span> <span class='ocrx_word' id='word_1_934' title='bbox 2692 4858 2910 4932; x_wconf 83' lang='lat' dir='ltr'><strong>vocibus</strong></span> <span class='ocrx_word' id='word_1_935' title='bbox 2933 4865 3063 4932; x_wconf 63' lang='lat' dir='ltr'><strong>:t-tas</strong></span> <span class='ocrx_word' id='word_1_936' title='bbox 3093 4857 3175 4932; x_wconf 60' lang='lat' dir='ltr'><strong>illa</strong></span> <span class='ocrx_word' id='word_1_937' title='bbox 3210 4861 3471 4916; x_wconf 60' lang='lat' dir='ltr'><strong>detectam</strong></span> 
     </span>
    </p>
   </div>
   <div class='ocr_carea' id='block_1_117' title="bbox 1883 4925 3475 4989">
    <p class='ocr_par' dir='ltr' id='par_1_117' title="bbox 1883 4925 3475 4989">
     <span class='ocr_line' id='line_1_120' title="bbox 1883 4925 3475 4989; baseline -0.011 0"><span class='ocrx_word' id='word_1_938' title='bbox 1883 4937 1955 4989; x_wconf 88' lang='lat' dir='ltr'><strong>sit</strong></span> <span class='ocrx_word' id='word_1_939' title='bbox 1989 4925 2143 4989; x_wconf 76' lang='lat' dir='ltr'><strong>facile</strong></span> <span class='ocrx_word' id='word_1_940' title='bbox 2173 4925 2460 4988; x_wconf 79' lang='lat' dir='ltr'><strong>discamus.</strong></span> <span class='ocrx_word' id='word_1_941' title='bbox 2507 4932 2619 4985; x_wconf 88' lang='lat' dir='ltr'><strong>Hoc</strong></span> <span class='ocrx_word' id='word_1_942' title='bbox 2655 4929 2795 4982; x_wconf 90' lang='lat' dir='ltr'><strong>enim</strong></span> <span class='ocrx_word' id='word_1_943' title='bbox 2829 4926 3075 4978; x_wconf 86' lang='lat' dir='ltr'><strong>volebat:</strong></span> <span class='ocrx_word' id='word_1_944' title='bbox 3115 4925 3239 4982; x_wconf 82' lang='lat' dir='ltr'><strong>Peto</strong></span> <span class='ocrx_word' id='word_1_945' title='bbox 3274 4932 3337 4981; x_wconf 80' lang='lat' dir='ltr'><strong>de</strong></span> <span class='ocrx_word' id='word_1_946' title='bbox 3383 4949 3475 4985; x_wconf 86' lang='lat' dir='ltr'><strong>no-</strong></span> 
     </span>
    </p>
   </div>
   <div class='ocr_carea' id='block_1_118' title="bbox 1886 4996 3469 5068">
    <p class='ocr_par' dir='ltr' id='par_1_118' title="bbox 1886 4996 3469 5068">
     <span class='ocr_line' id='line_1_121' title="bbox 1886 4996 3469 5068; baseline -0.006 -9"><span class='ocrx_word' id='word_1_947' title='bbox 1886 5007 2077 5059; x_wconf 81' lang='lat' dir='ltr'><strong>bilitate</strong></span> <span class='ocrx_word' id='word_1_948' title='bbox 2107 5014 2213 5068; x_wconf 89' lang='lat' dir='ltr'><strong>tua,</strong></span> <span class='ocrx_word' id='word_1_949' title='bbox 2248 5016 2301 5056; x_wconf 89' lang='lat' dir='ltr'><strong>ut</strong></span> <span class='ocrx_word' id='word_1_950' title='bbox 2335 5005 2396 5056; x_wconf 90' lang='lat' dir='ltr'><strong>de</strong></span> <span class='ocrx_word' id='word_1_951' title='bbox 2423 5016 2631 5056; x_wconf 87' lang='lat' dir='ltr'><strong>numero</strong></span> <span class='ocrx_word' id='word_1_952' title='bbox 2657 4999 2913 5068; x_wconf 84' lang='lat' dir='ltr'><strong>utriusque</strong></span> <span class='ocrx_word' id='word_1_953' title='bbox 2942 4996 3122 5068; x_wconf 71' lang='lat' dir='ltr'><strong>partis,</strong></span> <span class='ocrx_word' id='word_1_954' title='bbox 3146 5001 3343 5066; x_wconf 81' lang='lat' dir='ltr'><strong>judicet</strong></span> <span class='ocrx_word' id='word_1_955' title='bbox 3383 5015 3469 5056; x_wconf 83' lang='lat' dir='ltr'><strong>tua</strong></span> 
     </span>
    </p>
   </div>
   <div class='ocr_carea' id='block_1_119' title="bbox 1885 5066 3469 5136">
    <p class='ocr_par' dir='ltr' id='par_1_119' title="bbox 1885 5066 3469 5136">
     <span class='ocr_line' id='line_1_122' title="bbox 1885 5066 3469 5136; baseline -0.003 -8"><span class='ocrx_word' id='word_1_956' title='bbox 1885 5074 2152 5128; x_wconf 86' lang='lat' dir='ltr'><strong>celsitudo.</strong></span> <span class='ocrx_word' id='word_1_957' title='bbox 2191 5066 2385 5129; x_wconf 79' lang='lat' dir='ltr'><strong>Eadem</strong></span> <span class='ocrx_word' id='word_1_958' title='bbox 2428 5073 2550 5127; x_wconf 82' lang='lat' dir='ltr'><strong>coll.</strong></span> <span class='ocrx_word' id='word_1_959' title='bbox 2586 5085 2635 5136; x_wconf 89' lang='lat' dir='ltr'><strong>p.</strong></span> <span class='ocrx_word' id='word_1_960' title='bbox 2668 5068 2722 5129; x_wconf 70' lang='lat'><strong>2,</strong></span> <span class='ocrx_word' id='word_1_961' title='bbox 2754 5067 2933 5120; x_wconf 84' lang='lat' dir='ltr'><strong>adesse</strong></span> <span class='ocrx_word' id='word_1_962' title='bbox 2963 5066 3160 5131; x_wconf 85' lang='lat' dir='ltr'><strong>debere,</strong></span> <span class='ocrx_word' id='word_1_963' title='bbox 3202 5085 3297 5136; x_wconf 88' lang='lat' dir='ltr'><strong>pro</strong></span> <span class='ocrx_word' id='word_1_964' title='bbox 3321 5074 3469 5125; x_wconf 85' lang='lat' dir='ltr'><strong>ades-</strong></span> 
     </span>
    </p>
   </div>
   <div class='ocr_carea' id='block_1_120' title="bbox 1885 5135 3473 5210">
    <p class='ocr_par' dir='ltr' id='par_1_120' title="bbox 1885 5135 3473 5210">
     <span class='ocr_line' id='line_1_123' title="bbox 1885 5135 3473 5210; baseline -0.001 -13"><span class='ocrx_word' id='word_1_965' title='bbox 1885 5161 1966 5209; x_wconf 86' lang='lat' dir='ltr'><strong>se,</strong></span> <span class='ocrx_word' id='word_1_966' title='bbox 2000 5155 2053 5199; x_wconf 88' lang='lat' dir='ltr'><strong>et</strong></span> <span class='ocrx_word' id='word_1_967' title='bbox 2083 5142 2217 5199; x_wconf 87' lang='lat' dir='ltr'><strong>Can.</strong></span> <span class='ocrx_word' id='word_1_968' title='bbox 2251 5144 2456 5198; x_wconf 83' lang='lat' dir='ltr'><strong>Eccles.</strong></span> <span class='ocrx_word' id='word_1_969' title='bbox 2492 5135 2656 5195; x_wconf 87' lang='lat' dir='ltr'><strong>Afric.</strong></span> <span class='ocrx_word' id='word_1_970' title='bbox 2688 5136 2817 5191; x_wconf 87' lang='lat' dir='ltr'><strong>edit.</strong></span> <span class='ocrx_word' id='word_1_971' title='bbox 2848 5137 2991 5189; x_wconf 75' lang='lat' dir='ltr'><strong>Clar.</strong></span> <span class='ocrx_word' id='word_1_972' title='bbox 3040 5135 3247 5210; x_wconf 81' lang='lat' dir='ltr'><strong>Justelli</strong></span> <span class='ocrx_word' id='word_1_973' title='bbox 3282 5156 3332 5210; x_wconf 95' lang='lat' dir='ltr'><strong>p.</strong></span> <span class='ocrx_word' id='word_1_974' title='bbox 3366 5144 3473 5207; x_wconf 71' lang='lat'><strong>45&#39;,</strong></span> 
     </span>
    </p>
   </div>
   <div class='ocr_carea' id='block_1_121' title="bbox 1888 5209 3465 5330">
    <p class='ocr_par' dir='ltr' id='par_1_121' title="bbox 1888 5209 3465 5330">
     <span class='ocr_line' id='line_1_124' title="bbox 1888 5209 3465 5330; baseline -0.001 -62"><span class='ocrx_word' id='word_1_975' title='bbox 1888 5218 2085 5269; x_wconf 77' lang='lat' dir='ltr'><strong>mittere</strong></span> <span class='ocrx_word' id='word_1_976' title='bbox 2110 5216 2365 5286; x_wconf 80' lang='lat' dir='ltr'><strong>dignetur,</strong></span> <span class='ocrx_word' id='word_1_977' title='bbox 2387 5213 2470 5281; x_wconf 86' lang='lat' dir='ltr'><strong>qui</strong></span> <span class='ocrx_word' id='word_1_978' title='bbox 2494 5210 2703 5263; x_wconf 86' lang='lat' dir='ltr'><strong>debeant</strong></span> <span class='ocrx_word' id='word_1_979' title='bbox 2722 5210 2945 5277; x_wconf 81' lang='lat' dir='ltr'><strong>perferre</strong></span> <span class='ocrx_word' id='word_1_980' title='bbox 2965 5222 3059 5329; x_wconf 44' lang='lat' dir='ltr'><strong>pa)</strong></span> <span class='ocrx_word' id='word_1_981' title='bbox 3079 5209 3167 5330; x_wconf 53' lang='grc' dir='ltr'><strong>Ἕιὶ</strong></span> <span class='ocrx_word' id='word_1_982' title='bbox 3187 5209 3465 5279; x_wconf 74' lang='lat' dir='ltr'><strong>perferant.</strong></span> 
     </span>
     <span class='ocr_line' id='line_1_125' title="bbox 2998 5295 3325 5330; baseline 0 0"><span class='ocrx_word' id='word_1_983' title='bbox 2998 5298 3009 5330; x_wconf 83' lang='lat' dir='ltr'><strong>t</strong></span> <span class='ocrx_word' id='word_1_984' title='bbox 3052 5316 3064 5328; x_wconf 65' lang='grc' dir='ltr'><strong>ρ</strong></span> <span class='ocrx_word' id='word_1_985' title='bbox 3142 5295 3325 5330; x_wconf 73' lang='lat' dir='ltr'><strong>ASAIIB.</strong></span> 
     </span>
    </p>
   </div>
   <div class='ocr_carea' id='block_1_122' title="bbox 2998 5295 3325 5335">
    <p class='ocr_par' dir='ltr' id='par_1_122' title="bbox 2998 5295 3325 5335">
     <span class='ocr_line' id='line_1_126' title="bbox 2998 5295 3325 5335; baseline 0.009 -5"><span class='ocrx_word' id='word_1_986' title='bbox 2998 5295 3064 5330; x_wconf 77' lang='grc' dir='ltr'><strong>Μ.</strong></span> <span class='ocrx_word' id='word_1_987' title='bbox 3097 5295 3325 5335; x_wconf 74' lang='lat' dir='ltr'><strong>bASAUB.</strong></span> 
     </span>
    </p>
   </div>
   <div class='ocr_carea' id='block_1_123' title="bbox 1960 5348 3473 5426">
    <p class='ocr_par' dir='ltr' id='par_1_123' title="bbox 1960 5348 3473 5426">
     <span class='ocr_line' id='line_1_127' title="bbox 1960 5348 3473 5426; baseline -0.002 -16"><span class='ocrx_word' id='word_1_988' title='bbox 1960 5354 2075 5426; x_wconf 83' lang='grc'>(57)</span> <span class='ocrx_word' id='word_1_989' title='bbox 2122 5354 2430 5409; x_wconf 80' lang='lat' dir='ltr'><strong>Necessitas.</strong></span> <span class='ocrx_word' id='word_1_990' title='bbox 2484 5348 2616 5415; x_wconf 79' lang='lat' dir='ltr'><strong>Quia</strong></span> <span class='ocrx_word' id='word_1_991' title='bbox 2651 5356 3034 5403; x_wconf 86' lang='lat' dir='ltr'><strong>tormentorqu</strong></span> <span class='ocrx_word' id='word_1_992' title='bbox 3067 5362 3210 5403; x_wconf 90' lang='lat' dir='ltr'><strong>metu</strong></span> <span class='ocrx_word' id='word_1_993' title='bbox 3248 5352 3301 5406; x_wconf 87' lang='lat' dir='ltr'><strong>id</strong></span> <span class='ocrx_word' id='word_1_994' title='bbox 3333 5353 3473 5407; x_wconf 86' lang='lat' dir='ltr'><strong>fece-</strong></span> 
     </span>
    </p>
   </div>
   <div class='ocr_carea' id='block_1_124' title="bbox 1892 5426 3343 5480">
    <p class='ocr_par' dir='ltr' id='par_1_124' title="bbox 1892 5426 3343 5480">
     <span class='ocr_line' id='line_1_128' title="bbox 1892 5426 3343 5480; baseline -0.003 0"><span class='ocrx_word' id='word_1_995' title='bbox 1892 5437 2034 5480; x_wconf 87' lang='lat' dir='ltr'><strong>raut.</strong></span> <span class='ocrx_word' id='word_1_996' title='bbox 2095 5426 2321 5479; x_wconf 73' lang='lat' dir='ltr'><strong>ALBASI&#39;.</strong></span> <span class='ocrx_word' id='word_1_997' title='bbox 3330 5436 3343 5452; x_wconf 64' lang='grc' dir='ltr'>δ</span> 
     </span>
    </p>
   </div>
   <div class='ocr_carea' id='block_1_125' title="bbox 1962 5487 3307 5567">
    <p class='ocr_par' dir='ltr' id='par_1_125' title="bbox 1962 5487 3307 5567">
     <span class='ocr_line' id='line_1_129' title="bbox 1962 5487 3307 5567; baseline -0.009 -16"><span class='ocrx_word' id='word_1_998' title='bbox 1962 5496 2074 5567; x_wconf 78' lang='grc'>(58)</span> <span class='ocrx_word' id='word_1_999' title='bbox 2127 5498 2251 5550; x_wconf 77' lang='lat' dir='ltr'><strong>Cum</strong></span> <span class='ocrx_word' id='word_1_1000' title='bbox 2285 5492 2478 5547; x_wconf 70' lang='lat' dir='ltr'><strong>ueteris</strong></span> <span class='ocrx_word' id='word_1_1001' title='bbox 2514 5490 2729 5542; x_wconf 81' lang='lat' dir='ltr'><strong>delictis.</strong></span> <span class='ocrx_word' id='word_1_1002' title='bbox 2769 5490 2899 5555; x_wconf 63' lang='lat' dir='ltr'><strong>Quae</strong></span> <span class='ocrx_word' id='word_1_1003' title='bbox 2930 5496 3118 5567; x_wconf 74' lang='lat' dir='ltr'><strong>Sponte</strong></span> <span class='ocrx_word' id='word_1_1004' title='bbox 3161 5487 3307 5540; x_wconf 81' lang='lat' dir='ltr'><strong>fiunt.</strong></span> 
     </span>
    </p>
   </div>
   <div class='ocr_carea' id='block_1_126' title="bbox 3071 5562 3293 5610">
    <p class='ocr_par' dir='ltr' id='par_1_126' title="bbox 3071 5562 3293 5610">
     <span class='ocr_line' id='line_1_130' title="bbox 3071 5562 3293 5610; baseline 0 -1"><span class='ocrx_word' id='word_1_1005' title='bbox 3071 5562 3293 5610; x_wconf 66' lang='lat' dir='ltr'><strong>ALeAsn.</strong></span> 
     </span>
    </p>
   </div>
   <div class='ocr_carea' id='block_1_127' title="bbox 1961 5631 3470 5706">
    <p class='ocr_par' dir='ltr' id='par_1_127' title="bbox 1961 5631 3470 5706">
     <span class='ocr_line' id='line_1_131' title="bbox 1961 5631 3470 5706; baseline -0.005 -14"><span class='ocrx_word' id='word_1_1006' title='bbox 1961 5636 2074 5706; x_wconf 84' lang='grc'>(59)</span> <span class='ocrx_word' id='word_1_1007' title='bbox 2125 5635 2423 5706; x_wconf 76' lang='lat' dir='ltr'><strong>Interdicta.</strong></span> <span class='ocrx_word' id='word_1_1008' title='bbox 2477 5631 2763 5687; x_wconf 83' lang='lat' dir='ltr'><strong>lulcrdicta</strong></span> <span class='ocrx_word' id='word_1_1009' title='bbox 2795 5638 2982 5692; x_wconf 72' lang='lat' dir='ltr'><strong>Vocat,</strong></span> <span class='ocrx_word' id='word_1_1010' title='bbox 3026 5643 3143 5695; x_wconf 69' lang='lat' dir='ltr'><strong>qute</strong></span> <span class='ocrx_word' id='word_1_1011' title='bbox 3170 5642 3231 5681; x_wconf 79' lang='lat' dir='ltr'><strong>ex</strong></span> <span class='ocrx_word' id='word_1_1012' title='bbox 3278 5645 3333 5683; x_wconf 80' lang='lat' dir='ltr'><strong>sc</strong></span> <span class='ocrx_word' id='word_1_1013' title='bbox 3367 5646 3470 5689; x_wconf 80' lang='lat' dir='ltr'><strong>non</strong></span> 
     </span>
    </p>
   </div>
   <div class='ocr_carea' id='block_1_128' title="bbox 1883 5703 2577 5778">
    <p class='ocr_par' dir='ltr' id='par_1_128' title="bbox 1883 5703 2577 5778">
     <span class='ocr_line' id='line_1_132' title="bbox 1883 5703 2577 5778; baseline -0.013 -14"><span class='ocrx_word' id='word_1_1014' title='bbox 1883 5703 2014 5764; x_wconf 79' lang='lat' dir='ltr'><strong>sunt</strong></span> <span class='ocrx_word' id='word_1_1015' title='bbox 2054 5715 2298 5778; x_wconf 87' lang='lat' dir='ltr'><strong>peccata.</strong></span> <span class='ocrx_word' id='word_1_1016' title='bbox 2346 5703 2577 5758; x_wconf 67' lang='lat' dir='ltr'><strong>Awasr.</strong></span> 
     </span>
    </p>
   </div>
   <div class='ocr_carea' id='block_1_129' title="bbox 2785 5788 2861 5851">
    <p class='ocr_par' dir='ltr' id='par_1_129' title="bbox 2785 5788 2861 5851">
     <span class='ocr_line' id='line_1_133' title="bbox 2785 5788 2861 5851; baseline -0.026 0"><span class='ocrx_word' id='word_1_1017' title='bbox 2785 5788 2861 5851; x_wconf 71' lang='lat'><strong>323</strong></span> 
     </span>
    </p>
   </div>
  </div>
