3828 6218
122 385 243 441 ΗΜ

869 385 959 442 DE
998 382 1383 443 SCHISMATE
1423 374 1959 440 DONATISTARUM
2016 374 2217 435 LIBER
2258 374 2611 434 SEPTIMUS.

3229 379 3370 438 1102

116 524 205 578 per
234 504 554 575 PrOphelam
578 505 766 561 dicens
796 522 812 562 :
842 503 1093 570 Quoniam
1123 505 1218 560 hoc
1247 514 1316 560 est
1336 514 1681 559 testamentum

1789 491 1863 562 9);
1914 492 2033 561 quia
2058 493 2403 560 unusquisque
2421 493 2595 563 justus
2619 491 2727 563 ipse
2752 490 2849 546 sibi
2877 492 2962 547 lea:
3000 501 3071 548 est
3101 493 3276 566 (Rom.
3306 511 3368 550 ιι.

112 618 289 667 meum,
320 600 458 671 quod
488 598 759 670 disponant
786 600 957 653 domui
998 596 1163 654 Israel
1198 608 1243 653 et
1292 598 1466 652 domui
1502 595 1686 663 ludos,

112 703 157 745 et
180 702 289 763 post
326 692 435 746 dies
475 692 592 746 illos
632 692 759 745 dicit
804 691 1052 747 Dominus
1082 691 1251 745 :dans
1285 693 1419 763 leges
1461 706 1598 745 meas
1635 691 1689 742 in

111 788 255 839 corde
282 802 459 840 eorum
480 796 525 840 et
553 787 606 839 in
639 786 888 840 mentibus
909 802 1086 840 eorum
1115 785 1331 863 scribam
1361 783 1684 856 eas_(lerem.

113 893 266 942 xxxi,
300 877 414 945 31).
450 876 700 932 Promisit
733 878 831 932 hoc
868 876 1180 947 jamdudum
1222 883 1276 929 et
1307 874 1418 945 (46)
1448 875 1690 943 proxime

108 968 339 1023 reddidit
388 969 720 1039 temporibus
755 968 1096 1024 Christianis.
1142 969 1284 1037 Ergo
1310 968 1418 1036 jam
1453 966 1690 1023 secundo

111 1060 221 1113 loco
248 1068 333 1113 est
372 1059 579 1126 charta,
609 1061 847 1116 secundo
876 1062 993 1116 loco
1034 1060 1384 1115 membranae.
1433 1058 1487 1115 Si
1517 1073 1547 1111 a
1577 1058 1689 1112 Deo

111 1150 268 1206 lexibi
297 1152 659 1223 losseripta
676 1162 759 1208 est
776 1154 915 1207 unde
933 1152 1066 1207 tradi
1088 1166 1190 1206 non
1219 1152 1478 1221 possit,ut
1500 1165 1691 1222 parens

109 1253 184 1299 tes
216 1245 383 1299 ve5tri
411 1246 517 1314 qui‘
533 1245 642 1315 jam
683 1246 735 1300 in
769 1246 1027 1300 Trinitate
1053 1244 1413 1307 crediderant,
1446 1244 1690 1315 quamvis

110 1336 264 1390 libros
298 1335 651 1400 tradiderint,
685 1353 782 1392 nec
804 1337 965 1393 corda
999 1353 1095 1392 nec
1137 1346 1344 1392 mentes
1375 1334 1691 1392 tradiderint

108 1440 224 1480 suas
255 1427 307 1480 in
350 1428 561 1496 quibus.
576 1428 717 1482 Deus
763 1428 931 1496 legem
964 1442 1113 1483 suam
1144 1428 1383 1497 scripsit,
1426 1428 1603 1484 sicuti'
1631 1442 1691 1483 se

105 1518 424 1587 scripturum
479 1510 622 1574 esse
650 1519 986 1587 promiserat.
1017 1514 1138 1574 ~Ubi
1199 1528 1283 1574 est
1325 1534 1475 1588 ergo,
1521 1520 1692 1574 frater

108 1610 476 1678 Parmeniane,
504 1611 648 1681 quod
678 1609 861 1666 dixisti
885 1612 1102 1682 penitus
1131 1620 1374 1667 exustam
1406 1627 1434 1665 a
1471 1612 1691 1667 tradito-

106 1702 248 1757 ribus
268 1703 478 1777 legem?
509 1718 635 1760 ecce
658 1717 758 1758 nec
782 1704 995 1773 penitus
1018 1712 1205 1758 exusta
1235 1715 1338 1769 est,
1357 1700 1465 1758 nec
1486 1718 1551 1758 ex
1580 1711 1692 1757 toto

105 1796 332 1860 sublata,
367 1795 494 1851 dum
544 1805 599 1852 et
638 1796 693 1850 in
738 1796 992 1852 cordibus
1022 1797 1354 1852 credentium
1397 1804 1595 1859 manet,
1637 1804 1692 1851 et

1792 583 1861 639 14
1887 592 1933 637 et
1967 583 2078 654 15);
2108 594 2163 638 et
2188 585 2295 639 alio
2332 584 2450 639 loco
2480 583 2622 639 idem
2654 583 2844 639 beatus
2864 586 3140 654 aposmlus
3172 586 3393 642 Paulus-

1791 676 1957 753 diqcit:
1995 679 2114 744 quia
2152 678 2235 731 lca:
2275 693 2375 730 non
2403 678 2527 748 facit
2543 680 2736 750 justos,
2768 678 2857 731 sed
2884 679 2999 747 ipsa
3040 688 3178 733 amat
3209 681 3370 753 justi-

1791 771 1932 823 tiam.
1963 768 2190 838 Semper
2232 770 2284 823 in
2316 770 2566 825 erunibus
2606 771 2764 824 rebus
2789 768 3151 825 efﬁcientibus
3177 771 3369 826 eﬁ‘ecta

1791 872 2103 930 quaeruntur
2127 877 2139 912 :
2168 868 2320 915 vacat
2346 860 2430 915 lex
2457 876 2576 930 qua:
2596 861 2775 925 efficit,
2808 862 2850 915 si
2880 876 2975 931 per
2991 850 3369 932 compendium

1793 962 2033 1024 paratum
2083 964 2164 1008 est
2199 954 2342 1024 quod
2395 953 2646 1009 efﬁcitur.
2712 955 2948 1025 Denique
2976 954 3223 1029 Abrahae
3259 970 3369 1011 non

1792 1046 1992 1103 dictum
2035 1055 2164 1102 est:
2207 1049 2374 1112 crede,
2408 1047 2504 1103 sed
2534 1048 2672 1101 ultro
2724 1048 2979 1102 credidit:
3021 1049 3072 1102 in
3103 1064 3208 1120 quo
3252 1048 3371 1109 sine

1792 1138 1928 1208 lege,
1963 1138 2094 1208 legis
2121 1139 2345 1194 effectus
2366 1139 2617 1210 impletus
2648 1149 2732 1195 est
2764 1158 2777 1193 :
2811 1156 2916 1195 non
2946 1140 3174 1211 legitur:
3214 1141 3366 1195 audi-

1791 1232 1860 1286 vit
1885 1232 2144 1286 Abraham
2181 1233 2339 1303 legem
2368 1241 2416 1286 et
2456 1233 2691 1297 credidit,
2739 1234 2833 1288 sed
2864 1233 3054 1303 legitur
3086 1251 3098 1286 :
3154 1234 3371 1288 credidit

1791 1324 2044 1390 Abraham
2072 1323 2182 1378 Deo
2204 1336 2250 1378 et
2277 1335 2564 1395 reputatum
2594 1335 2665 1381 est
2697 1327 2775 1379 illi
2807 1328 2874 1381 ad
2888 1328 3147 1400 justitiam
3178 1327 3365 1397 (Rom.

1791 1415 1966 1488 rv,5).
2018 1417 2084 1471 Et
2132 1418 2320 1485 primis
2374 1420 2705 1488 temporibus
2741 1417 2852 1473 Noe
2883 1418 3195 1475 Patriareha
3237 1420 3371 1475 nihil

1791 1512 1900 1579 egit
1949 1510 2091 1565 unde
2131 1510 2307 1580 justus
2352 1510 2521 1578 fieret,
2557 1520 2611 1565 et
2652 1512 2829 1581 justus
2876 1512 3078 1567 electus
3120 1522 3223 1578 est,
3278 1512 3370 1581 qui

1791 1601 2045 1660 fabricata
2077 1620 2201 1661 arca
2228 1604 2456 1660 feliciter
2486 1608 2538 1659 in
2559 1605 2762 1660 diluvio
2791 1607 3083 1675 navigaret.
3125 1606 3367 1676 Longum

1791 1706 1874 1751 est
1903 1698 1980 1754 ire
2010 1714 2103 1769 per
2138 1699 2376 1771 singulos
2418 1700 2508 1770 qui
2538 1700 2655 1754 sine
2687 1699 2801 1770 lege
2831 1700 3033 1755 inventi
3062 1709 3187 1755 sunt
3210 1701 3361 1770 justi.

1793 1788 1918 1845 Haec
1939 1792 1982 1846 si
2011 1806 2039 1844 a
2074 1792 2263 1846 vestris
2293 1793 2603 1861 parentibus
2644 1807 2743 1846 suo
2774 1804 3012 1861 tempore
3041 1794 3369 1859 dicerentur,

106 1888 363 1944 librorum
386 1890 553 1944 millia
578 1889 775 1958 ubique
796 1890 1092 1944 recitantur
1120 1908 1133 1944 ε
1158 1888 1274 1961 (47)
1302 1889 1445 1944 unde
1470 1897 1693 1958 apparet
1721 1888 1770 1949 Β
1798 1883 1916 1952 quis
1945 1898 2040 1938 eos
2058 1900 2088 1938 a
2119 1884 2500 1940 communione
2525 1900 2619 1939 sua
2648 1885 2973 1955 repelleret?
3003 1886 3129 1955 quid
3152 1887 3197 1941 si
3226 1886 3373 1942 dice.

106 1991 154 2035 te
179 1990 431 2052 parentes
461 1992 596 2047 tuos,
631 1982 874 2051 quamvis
920 1997 1015 2051 per
1053 1981 1431 2052 ignorantiam,
1486 1980 1685 2034 frustra

102 2088 353 2127 accusare
377 2072 631 2127 voluisse.
661 2072 824 2142 Igitur
873 2073 917 2126 si
950 2083 1203 2142 parentes
1235 2074 1396 2128 vestri
1440 2074 1505 2127 ad
1549 2081 1687 2128 tem-

106 2180 226 2234 pora
256 2165 482 2219 unitatis
508 2173 855 2219 occurrerent
896 2172 977 2219 tot
998 2166 1261 2234 exemplis
1298 2165 1689 2220 rationabiliter

104 2256 345 2317 redditis.
377 2264 433 2310 et
468 2256 567 2325 ipsi
596 2272 624 2309 a
666 2257 1050 2311 communione
1088 2256 1278 2325 repelli
1317 2271 1423 2310 non
1466 2260 1689 2326 posSent

104 2347 313 2415 quando
338 2362 433 2402 vos
454 2362 588 2416 quos
618 2357 820 2402 constat
851 2338 1136 2402 traditores
1163 2363 1268 2402 non
1309 2348 1586 2414 esse,,sed
1627 2349 1689 2402 ﬁ-

68 2498 72 2503 ,
107 2442 197 2494 IiOs
231 2440 569 2505 traditarum,
599 2456 718 2493 cum
753 2448 959 2509 patrum
999 2449 1051 2496 et
1098 2440 1325 2495 ﬁliorum
1354 2444 1408 2496 et
1443 2455 1687 2510 personae

103 2532 472 2588 discernantur
496 2542 549 2588 et
591 2535 825 2597 nomina,
875 2533 1014 2589 inter
1038 2549 1175 2604 quas
1201 2549 1456 2604 personas
1485 2533 1532 2588 si
1581 2549 1687 2588 non

103 2627 167 2679 sit
195 2626 499 2680 eomnnmis
546 2626 702 2697 culpa
731 2668 744 2691 ,
776 2641 883 2682 non
917 2637 1094 2696 potest
1144 2642 1247 2681 una
1297 2642 1419 2683 esse
1470 2637 1686 2682 senten-

104 2721 187 2772 tia.
235 2719 353 2790 (48)
404 2719 732 2790 Quamquam
785 2730 839 2775 et
880 2720 925 2775 si
969 2721 1185 2775 illorum
1213 2723 1386 2775 unitas
1413 2721 1578 2786 ﬁeret,
1618 2719 1685 2773 ad

105 2811 391 2867 Eeclesiam
423 2813 738 2867 catholicam
764 2823 955 2891 sponte
978 2806 1242 2867 venirent.
1276 2811 1469 2867 Caetera
1495 2812 1685 2866 haben-

103 2914 178 2957 tur
208 2906 262 2960 in
290 2915 469 2961 nostra
506 2907 726 2971 editione
756 2907 1075 2977 (Dupiniana
1106 2895 1354 2976 scilicet),
1406 2923 1522 2976 pag.
1560 2905 1681 2960 l00.

93 2990 97 2994 ”
171 2996 293 3051 Post
324 2998 437 3054 haec
461 2999 612 3068 verba
640 3017 758 3070 pag.
780 2998 881 3053 100
908 3014 1078 3052 versus
1108 2996 1364 3051 medium:
1388 3015 1406 3048 ‹
1427 2996 1479 3051 Si
1507 2996 1632 3065 quid
1654 3011 1683 3050 a

103 3091 220 3146 ﬁliis
249 3091 478 3146 forsitan
513 3091 873 3162 delinquatur,
908 3110 926 3143 ι
954 3092 1214 3159 sequentia
1247 3089 1681 3143 habentur:Cum

102 3194 145 3235 et
178 3183 511 3252 temporibus
528 3183 694 3253 Moysi
710 3182 826 3236 sine
849 3182 1161 3251 cujusquam
1186 3195 1348 3250 pinna
1372 3180 1455 3234 lex
1487 3180 1676 3233 iterata

1796 1984 1914 2029 rent
1970 1990 2076 2030 non
2109 1976 2310 2031 debere
2351 1976 2566 2031 silentio
2605 1976 2865 2046 praeteriri
2907 1977 3049 2046 quod
3084 1979 3373 2048 Apostolus

1791 2067 1860 2123 de
1888 2069 2301 2139 extralegalibus
2332 2071 2443 2124 ait:
2480 2069 2664 2125 Gentes
2692 2085 2804 2138 quia
2833 2071 2994 2141 legem
3032 2072 3284 2138 nesciunt,
3314 2087 3373 2125 ea

1790 2176 1904 2228 qua:
1924 2161 2050 2230 legis
2079 2170 2217 2227 sunt,
2243 2161 2439 2232 faciunt
2463 2178 2481 2215 :
2504 2162 2688 2216 habent
2709 2164 2841 2216 enim
2867 2164 3024 2234 legem
3049 2166 3290 2232 scriptam
3321 2166 3373 2218 in

1792 2253 2029 2307 cordibus
2076 2255 2206 2309 suis.
2253 2253 2387 2309 Nam
2436 2264 2489 2310 et
2518 2252 2670 2309 multi
2700 2256 2993 2324 probantur
3021 2256 3074 2310 in
3096 2258 3213 2326 lege
3252 2272 3375 2326 pce-

1792 2360 1966 2411 casse,
1991 2357 2046 2402 et
2072 2347 2223 2402 multi
2256 2348 2391 2415 bene
2418 2348 2535 2403 sine
2565 2348 2680 2418 lege
2701 2348 2919 2403 vixisse.
2950 2347 3060 2404 Lex
3108 2357 3162 2402 et
3207 2348 3369 2405 homo

1792 2438 1914 2493 duze
1929 2454 2019 2496 res
2045 2450 2190 2508 sunt,
2222 2441 2315 2498 sed
2346 2457 2498 2510 pares
2522 2456 2643 2496 esse
2667 2458 2771 2496 non
2798 2454 3021 2512 possunt
3054 2460 3066 2495 :
3098 2458 3203 2497 non
3231 2445 3371 2499 enim

1793 2530 1954 2587 homo
1993 2534 2163 2587 factus
2215 2545 2299 2588 est
2334 2543 2554 2607 propter
2587 2535 2796 2603 legem,
2832 2534 2924 2589 sed
2978 2536 3063 2589 lex
3123 2535 3243 2589 data
3292 2548 3375 2591 est

1792 2633 2011 2693 propter
2050 2626 2316 2680 homines.
2362 2624 2633 2695 Nusquam
2670 2626 2827 2681 video
2871 2624 3121 2679 damnum
3165 2626 3371 2680 illatum

1792 2716 1923 2781 Deo,
1953 2716 2081 2771 dum
2121 2725 2177 2772 et
2205 2718 2354 2787 origo
2382 2717 2515 2788 legis
2547 2718 2687 2788 apud
2730 2733 2851 2773 eum
2879 2726 3059 2773 manet
3088 2735 3101 2771 :
3147 2725 3201 2773 et
3226 2728 3376 2788 post-

1789 2823 1947 2878 quam
1987 2807 2249 2877 seriptura
2281 2809 2811 2880 vestrispareutibus
2839 2812 3039 2866 tradita
3083 2827 3206 2867 esse
3236 2813 3369 2867 dici—

1792 2908 1898 2963 tur,
1932 2899 2065 2953 nihil
2086 2899 2259 2965 deest,
2288 2900 2465 2955 omnia
2489 2902 2728 2956 membra
2754 2902 2888 2973 legis
2908 2918 3037 2958 sana
3066 2912 3209 2969 sunt,
3225 2905 3373 2959 salva

1789 3001 1931 3057 sunt,
1968 2992 2302 3048 recitantur:
2332 2994 2461 3048 nihil
2486 2995 2662 3049 minus
2706 3005 2788 3051 est
2816 2996 2884 3051 de
2912 2996 3029 3067 lege
3053 3005 3108 3053 et
3146 2997 3364 3065 docere,

1789 3092 1841 3137 et
1867 3084 2050 3139 doceri
2079 3086 2439 3155 cupientibus.
2481 3086 2562 3140 An
2586 3087 2718 3142 illud
2749 3097 2865 3143 erat
2906 3091 3073 3160 magis
3117 3104 3369 3147 necessa-

1790 3175 1927 3229 rium
1956 3186 2013 3230 ut
2032 3178 2370 3234 Occideretur
2397 3179 2579 3246 homo,
2605 3196 2671 3235 ne
2702 3183 2966 3253 scriptura
2996 3184 3172 3255 aliqua
3199 3184 3376 3238 trade-

100 3276 183 3341 sit,
199 3287 245 3330 et
272 3292 397 3331 arca
428 3276 757 3333 Testamenti
781 3276 848 3329 ab
876 3275 1118 3329 hostibus
1140 3277 1282 3347 ultro
1296 3276 1363 3330 sit
1385 3274 1683 3338 reddita,ct
1709 3270 1756 3332 C
1788 3268 1979 3322 retur?
2008 3270 2135 3339 quid
2165 3271 2307 3341 quod
2339 3286 2439 3326 nec
2476 3272 2724 3328 homines
2750 3275 2912 3330 occisi
2936 3288 3079 3345 sunt,
3100 3287 3154 3332 et
3183 3291 3371 3331 omnes

101 3370 163 3424 ab
187 3369 421 3426 Jeremia
451 3371 558 3425 Deo
587 3369 932 3439 praecipiente
961 3369 1144 3424 charta
1175 3369 1244 3423 sit
1263 3370 1430 3423 altera
1460 3369 1677 3437 scripta:

102 3476 259 3524 quare
291 3469 510 3529 putatur
560 3458 699 3528 apud
750 3460 981 3529 majores
1022 3468 1229 3514 vestros
1271 3459 1416 3513 solos
1455 3458 1682 3527 capitale

103 3549 258 3605 fuisse
293 3559 596 3619 peccatum,
628 3552 678 3605 in
710 3566 817 3621 quo
848 3566 941 3620 per
969 3560 1045 3603 tot
1070 3550 1315 3618 exempla
1346 3565 1503 3604 nemo
1529 3548 1682 3603 dam-

103 3650 251 3696 natus
264 3643 386 3698 est?
413 3642 544 3698 Nam
564 3642 609 3698 si
638 3643 719 3698 lex
751 3642 875 3698 ideo
899 3642 1023 3697 data
1049 3653 1155 3706 est,
1182 3642 1502 3696 uthomines
1523 3640 1682 3695 doce-

101 3744 300 3799 rentur,
327 3751 437 3790 non
459 3746 516 3790 ut
543 3738 656 3805 ipsa
686 3737 769 3789 lex
792 3735 941 3804 quasi
974 3749 1071 3804 pro
1103 3734 1210 3785 Deo
1230 3734 1520 3795 coleretur,
1555 3739 1677 3800 post

100 3825 290 3881 factum
317 3838 529 3898 patrum
557 3837 858 3881 vestrorum
896 3812 1100 3877 nullum
1132 3824 1384 3876 damnum
1415 3836 1571 3890 passa
1599 3828 1682 3874 est

102 3920 246 3972 turba
295 3918 667 3980 credentium;
718 3917 1084 3984 unusquisque
1141 3930 1328 3969 eorum
1377 3913 1478 3967 sub
1534 3921 1677 3966 metu

98 4010 307 4063 codices
336 4022 467 4062 suos
486 4007 737 4077 perdidit.
766 4006 896 4059 Nam
932 4006 1014 4060 lex
1061 4022 1180 4074 qum
1230 4004 1534 4059 necessaria
1562 4002 1678 4057 fue-

102 4111 200 4165 rat,
229 4101 377 4155 valet
398 4099 535 4169 apud
563 4099 814 4154 doctores
843 4100 1161 4168 pOpulurum
1211 4106 1265 4150 et
1299 4099 1537 4151 cultores
1560 4096 1673 4150 Dei.

98 4192 443 4247 Bibliotheca:
466 4191 677 4247 refertae
704 4202 830 4246 sunt
859 4192 1033 4257 libris;
1056 4192 1186 4245 nihil
1210 4190 1363 4246 deest
1391 4190 1685 4259 Ecclesiae;

100 4298 191 4352 per
210 4284 328 4349 loca
369 4284 580 4355 singula
614 4284 848 4339 divinum
886 4294 1041 4358 sogat
1068 4286 1262 4354 ubique
1309 4284 1671 4353 praeconium;

98 4391 197 4430 non
239 4378 402 4432 silent
432 4393 523 4431 ora
560 4378 841 4443 lectorum;
876 4393 1065 4432 manus
1112 4378 1349 4431 omnium
1403 4374 1677 4430 codicibus

99 4470 266 4534 plena:
294 4481 454 4533 sunt;
490 4470 618 4526 nihil
654 4471 808 4527 deest
856 4470 1063 4542 populis
1092 4470 1272 4531 doceri
1314 4469 1675 4537 cupientibus,

96 4563 337 4629 quamvis
367 4563 452 4618 lex
479 4580 583 4617 non
608 4563 776 4633 magis
796 4579 891 4633 pro
914 4563 1156 4618 doctrina
1185 4577 1342 4631 quam
1371 4576 1469 4630 pro
1499 4562 1675 4615 futuro

1788 3362 2067 3430 scriptura:
2097 3378 2201 3418 non
2229 3364 2458 3419 desunt?
2490 3382 2594 3421 non
2626 3376 2710 3421 est
2734 3384 2892 3423 unum
2927 3369 3010 3425 lex
3040 3378 3094 3424 et
3127 3370 3286 3425 Deus.
3314 3370 3370 3425 Si

1787 3466 1883 3520 pro
1909 3453 2020 3507 Deo
2049 3455 2387 3511 moriendqu
2434 3456 2629 3524 fuerat,
2659 3459 2748 3529 qui
2779 3468 2833 3514 et
2861 3462 3182 3516 resuscitare
3222 3478 3370 3517 mor-

1789 3554 1927 3608 tuos,
1969 3557 2024 3602 et
2050 3548 2277 3604 reddere
2307 3552 2584 3618 praemium
2617 3562 2813 3621 potest,
2846 3554 2978 3608 liber
3004 3569 3109 3608 non
3143 3555 3367 3611 traditus

1783 3637 1850 3692 de
1875 3638 2085 3695 duobus
2112 3641 2193 3696 his
2220 3657 2317 3697 nec
2338 3644 2565 3698 alterum
2594 3654 2789 3721 potest.
2817 3646 3173 3717 (49)Impedit
3201 3650 3365 3717 igitur

1786 3739 2075 3793 necessitas
2106 3740 2244 3792 vires
2284 3755 2427 3793 suas.
2456 3739 2572 3792 Non
2599 3740 2773 3792 minus
2803 3740 3047 3793 videmus
3077 3743 3359 3811 negligen-

1787 3816 1912 3881 tiam
1937 3828 2243 3896 frequenter
2262 3831 2498 3897 operari,
2522 3846 2680 3897 quam
2704 3832 3001 3885 necessitas
3023 3841 3240 3901 operata
3258 3845 3360 3890 est.

1782 3917 1915 3970 Nam
1964 3919 2006 3972 si
2040 3921 2367 3975 membranae
2398 3928 2491 3973 aut
2531 3920 2676 3987 libri,
2705 3921 2898 3990 quibus
2939 3922 3205 3992 scriptura
3238 3926 3365 3997 legi-

1783 4010 1908 4063 tima
1952 4012 2282 4077 continetur,
2331 4011 2384 4064 in
2441 4020 2605 4066 totum
2661 4013 2858 4067 debent
2911 4014 3077 4070 illaesa
3132 4023 3360 4086 servari,

1781 4100 1932 4169 quasi
1973 4116 2077 4153 non
2133 4100 2454 4156 damnantur
2506 4104 2669 4171 aliqui
2722 4105 3081 4175 negligentes;
3117 4124 3221 4162 non
3277 4121 3359 4165 est

1769 4192 1937 4265 longe
1962 4193 2174 4246 tradere
2206 4208 2235 4247 a
2265 4195 2405 4261 male
2439 4210 2660 4263 ponere,
2704 4207 2794 4250 aut
2846 4198 2987 4253 male
3017 4198 3195 4256 ferre:
3224 4204 3361 4258 alter

1782 4284 1833 4337 in
1865 4284 2023 4338 domo
2050 4285 2240 4339 librum
2267 4288 2468 4355 posuit,
2499 4304 2617 4358 quae
2654 4290 2846 4344 domus
2875 4293 3122 4348 incendio
3144 4311 3360 4353 concre-

1782 4390 1921 4434 mata
1952 4390 2037 4434 est
2064 4399 2076 4435 :
2104 4381 2385 4436 damnetur
2420 4385 2509 4453 qui
2544 4386 2877 4456 negligenter
2920 4389 3114 4456 posuit,
3140 4393 3182 4445 si
3211 4393 3361 4446 dam-

1783 4471 1989 4525 nandus
2018 4470 2102 4527 est
2151 4475 2238 4541 qui
2273 4474 2655 4544 postulandum
2692 4476 2882 4533 librum
2914 4480 3132 4535 territus
3162 4481 3307 4536 dedit
3343 4501 3356 4536 :

1782 4562 2104 4617 damnentur
2133 4566 2295 4619 etiam
2326 4566 2400 4620 illi
2457 4568 2546 4636 qui
2598 4568 2870 4638 neglectas
2902 4571 3239 4628 membranas
3269 4581 3362 4629 aut

91 4638 290 4719 judicio
320 4657 519 4724 scripta
555 4655 964 4717 esse’videatnr,
997 4664 1054 4709 ut
1084 4654 1219 4709 sciat
1251 4667 1518 4722 peccator,
1548 4652 1674 4720 quid
1703 4651 1757 4710 D
1782 4656 1945 4710 libros
1970 4657 2040 4711 ita
2071 4668 2385 4727 posuerunt,
2410 4668 2471 4713 ut
2496 4675 2588 4714 eos
2616 4660 2926 4717 domestica;
2958 4662 3219 4730 bestiolae,
3255 4664 3357 4730 hoc

98 4746 196 4810 pati
223 4746 413 4814 possit,
446 4747 490 4801 si
524 4747 861 4814 minusjuste
892 4746 1102 4799 vixerit.
1142 4746 1384 4813 Denique
1415 4745 1672 4813 scriptum

95 4845 171 4889 est
198 4848 249 4890 et
276 4838 473 4907 legitur
498 4857 511 4893 :
541 4839 677 4909 quod
703 4840 853 4905 iustis
881 4839 963 4891 lea;
982 4838 1105 4891 data
1130 4854 1231 4891 non
1263 4839 1325 4891 sit
1355 4837 1428 4909 (Ι.
1464 4837 1602 4891 Tim.
1640 4855 1678 4904 ι,

1787 4756 1887 4815 est,
1920 4764 2101 4804 mures
2126 4751 2193 4803 ita
2225 4752 2571 4815 corroserint,
2602 4754 2775 4821 utlegi
2804 4768 2906 4807 non
2938 4758 3178 4823 possint:
3206 4755 3358 4810 dam-

1788 4824 1941 4895 netur
1968 4848 2020 4894 et
2049 4840 2137 4895 ille
2168 4841 2258 4911 qui
2282 4843 2351 4895 ita
2385 4842 2436 4896 in
2465 4841 2626 4898 domo
2655 4844 2831 4913 posuit
2861 4854 2916 4898 ut
2946 4846 3222 4900 nimietate
3246 4846 3360 4914 plu-

1464 4975 1819 5053 VARIORUM
1856 4977 2083 5034 ΝΟΤιΕ.

162 5067 279 5135 (46)
335 5067 581 5122 Proxime
623 5068 864 5122 reddidit.
926 5068 1050 5122 llaec
1103 5076 1158 5123 et
1209 5080 1674 5139 quas'seqttuulur

96 5136 317 5192 innuere
342 5139 614 5210 videntur,
654 5142 770 5195 sine
801 5140 1075 5205 Scriptura
1095 5183 1107 5205 ,
1138 5136 1255 5210 qua:
1300 5136 1674 5195 nobis'tradita

93 5219 209 5260 sunt
230 5249 244 5268 ,
272 5208 522 5263 sufﬁcere
549 5225 727 5278 posse.
790 5209 1015 5265 ALBASP.

162 5278 279 5343 (47)
322 5280 469 5335 Unde
497 5292 707 5349 apparet
733 5292 778 5335 te
803 5293 1031 5353 parentes
1057 5293 1187 5349 tuos,
1212 5293 1317 5339 etc.
1356 5283 1465 5337 Nisi
1518 5283 1680 5353 Opta-

98 5355 203 5403 tum
237 5353 505 5405 interdum
549 5368 730 5420 parum
757 5364 910 5407 caute
943 5355 1089 5422 loqui
1120 5365 1173 5408 et
1202 5357 1302 5415 alia
1332 5363 1675 5417 testarentur,

95 5423 170 5474 vel
198 5437 263 5475 eo
302 5423 640 5489 potissimum
676 5425 891 5477 nomine
920 5424 1333 5491 ahjudieandutn
1365 5425 1431 5477 ab
1465 5424 1554 5477 illo
1586 5441 1679 5487 pu-

95 5494 245 5545 tarim
292 5496 578 5562 septimum
638 5494 775 5547 hunc
829 5495 1039 5547 librum.
1078 5496 1268 5546 Parum
1312 5495 1453 5546 enim
1498 5494 1665 5545 solida

96 5571 169 5615 c~t
200 5572 310 5619 tota
370 5570 479 5617 hinc
529 5564 846 5629 disputatio,
874 5564 975 5617 nisi
1017 5563 1299 5617 commoda
1346 5572 1396 5614 et
1441 5563 1665 5630 benigna

96 5632 537 5697 interpretatione
570 5634 817 5684 lettiatur.
847 5633 914 5683 Μ.
946 5633 1173 5685 (ΣΑεΑυΒ.
1250 5680 1261 5688 .

164 5702 275 5770 (48)
308 5704 651 5767 Quamquam.
690 5701 889 5754 Sensus
940 5712 1056 5753 est:
1091 5703 1188 5754 etsi
1229 5702 1461 5770 majores
1505 5703 1667 5754 vestri

99 5769 311 5836 propter
364 5775 457 5821 has
503 5771 737 5822 rationes
773 5784 801 5821 a
859 5773 1233 5824 communione
1284 5784 1386 5823 non
1443 5769 1669 5824 fuissent

98 5837 402 5896 revocandi.
433 5846 611 5892 tamen
643 5839 761 5906 quia
810 5850 1115 5907 peccarant.
1158 5854 1273 5894 eam
1331 5854 1569 5908 quaerere
1616 5852 1670 5896 et

1780 5071 2021 5142 ﬂagitare
2049 5072 2347 5139 debebant;
2381 5090 2472 5129 vos
2502 5088 2626 5127 vero
2660 5073 2800 5125 ultro
2843 5072 2907 5123 ad
2939 5072 3193 5126 unitatem
3223 5074 3354 5129 estis

1778 5142 2058 5204 invitandi,
2093 5146 2213 5210 quia
2246 5144 2377 5197 nihil
2408 5144 2681 5210 peccastis.
2717 5142 2943 5194 ALBASP.
3003 5205 3006 5208 .

1853 5214 1982 5266 Ibid.
2016 5212 2334 5280 Quamquam
2352 5216 2443 5265 etsi
2472 5213 2678 5263 illorum
2708 5212 2876 5280 unitas
2897 5210 3055 5275 fieret,
3086 5220 3187 5263 etc.
3207 5212 3354 5267 Scri-

1779 5285 1850 5336 bo
1877 5303 1888 5334 :
1924 5279 2242 5347 Quamquam
2270 5284 2363 5333 etsi
2388 5283 2589 5333 illorum
2622 5280 2788 5331 unitos
2815 5279 2975 5346 ﬁeret,
3001 5289 3046 5332 et
3072 5282 3139 5332 ad
3170 5280 3349 5337 Eccle-

1780 5354 1906 5405 siam
1935 5350 2247 5403 Catholicam
2274 5361 2449 5414 sponte
2478 5349 2714 5407 venirent,
2746 5360 2848 5401 etc.
2880 5348 2947 5402 Μ.
2979 5350 3201 5403 Casam.

1855 5422 1967 5492 (i9)
1998 5420 2224 5492 Impedit
2263 5419 2725 5492 igitut'_uecessilas
2769 5421 2898 5492 uires
2945 5436 3081 5473 suas.
3116 5421 3342 5477 Scribe:

1774 5489 2026 5560 Impendit
2054 5490 2230 5557 igitur,
2278 5497 2404 5552 ctc.,
2430 5489 2480 5540 id
2511 5498 2609 5553 est,
2643 5489 2782 5556 quod
2831 5499 2883 5541 ct
2912 5505 3031 5541 mox
3084 5500 3343 5559 sequitur,

1771 5563 2038 5613 necessitas
2066 5567 2274 5624 operata
2305 5568 2397 5612 est.
2427 5560 2687 5626 sequitur,
2717 5560 2859 5627 quasi
2906 5576 3005 5611 non
3040 5563 3347 5617 damnantur

1770 5630 1926 5701 aliqui
1949 5630 2270 5697 negligentes.
2303 5628 2506 5701 Scribe,
2535 5645 2691 5698 quare
2720 5646 2819 5701 non
2855 5629 3160 5701 damnantur
3185 5635 3345 5701 aliqui

1771 5698 2110 5768 negligentes?
2151 5713 2258 5768 non
2305 5709 2374 5750 est
2418 5698 2587 5768 longe,
2635 5709 2737 5751 etc.
2787 5698 2893 5753 Sed
2941 5701 3200 5766 ejusmodi
3237 5698 3341 5759 non

1772 5767 1935 5836 pauca
1983 5767 2359 5841 sequebantur,
2392 5767 2520 5841 quia
2557 5785 2621 5841 n_e
2662 5768 2953 5837 putidiores
2997 5784 3260 5841 essemus,
3290 5775 3342 5829 in

1773 5842 1888 5907 ipso
1920 5847 2065 5909 textu
2088 5839 2437 5893 correximus.
2468 5839 2533 5892 Μ.
2559 5837 2784 5894 ΟΑεΑυΒ.
