3828 6218
479 298 618 355 1105

1677 282 2182 346 I‘RIEFATIONES
2218 281 2544 342 BALDUINI

3604 271 3611 315 ῗ
3638 270 3765 327 110ρὶ

475 411 679 464 viarum
707 408 861 480 110
888 406 964 462 sic
991 414 1123 462 tecta
1156 406 1334 475 aliqua
1380 403 1651 459 stillicidia
1692 404 2050 473 deliquarent,
2081 408 2130 465 Α
2158 415 2481 471 quemquam
2536 397 2780 454 Judaeum
2828 366 2911 454 est
2955 396 3062 452 ulla
3092 395 3236 452 dicta
3279 392 3595 457 sententia,
3650 390 3767 457 quia

477 511 539 556 ut
563 501 740 555 omnia
788 501 1009 553 humore
1047 499 1330 553 obliterata
1359 497 1462 567 legi
1494 512 1598 552 non
1632 497 1837 566 possint
1860 495 2058 549 :‘dam—

476 600 672 648 nentur
697 600 747 645 et
794 591 867 644 illi
906 590 996 660 qui
1044 588 1282 645 ferentes
1312 589 1476 644 libros
1508 588 1640 657 legis
1678 585 1951 642 temerarii
2000 599 2060 639 se

477 686 757 756 rapacibus
809 683 966 739 undis
1021 682 1299 738 fluminum
1331 681 1698 744 crediderunt,
1733 689 1787 735 et
1837 693 1896 733 se
1922 676 2060 731 lihe-

477 780 585 834 rari
624 778 901 848 cupientes
950 776 1245 847 scripturas
1294 777 1347 830 in
1406 774 1560 829 undis
1594 773 1761 829 esuis
1814 770 2061 825 manibus

477 869 809 925 dimiserunt.
844 869 987 940 Ergo
1038 870 1081 922 si
1126 868 1388 937 scriptura
1416 882 1516 921 una
1574 875 1676 931 est,
1707 873 1763 919 et
1794 863 1931 916 hanc
1969 860 2061 931 qui

473 978 690 1019 servare
718 979 827 1018 nan
851 963 1024 1034 potuit
1056 977 1180 1018 reus
1202 970 1307 1025 est;
1332 961 1468 1015 alter
1490 956 1900 1021 ’undistradi‘dit,
1924 955 2062 1009 alter

471 1058 750 1112 rasarihus
779 1057 964 1112 bestiis
986 1055 1294 1125 dereliquit,
1326 1054 1463 1108 alius
1506 1050 1781 1106 stillicidia
1807 1065 2060 1106 corrum-

472 1148 645 1217 penda
677 1147 943 1218 neglexit,
967 1146 1105 1202 alter
1128 1154 1274 1201 metu
1321 1144 1510 1198 mortis
1534 1142 1755 1197 territus
1777 1140 1938 1195 hama
1965 1139 2063 1195 ha-

475 1241 606 1295 mini
631 1239 778 1294 dedit
808 1259 820 1294 :
854 1240 899 1293 si
931 1255 1094 1293 unum
1140 1246 1241 1303 est,
1273 1235 1415 1303 quod
1451 1236 1519 1290 ab
1546 1234 1793 1290 omnibus
1822 1232 2060 1288 admitti-

475 1340 585 1398 tur,
611 1349 776 1405 quare
822 1333 1057 1404 eligitur,
1091 1332 1182 1401 qui
1205 1330 1514 1399 damnetur,
1540 1343 1662 1383 cum
1709 1326 1877 1382 levior
1907 1326 2060 1395 culpa

475 1424 548 1479 sit
577 1425 848 1480 traditoris
887 1438 1045 1490 quam
1074 1422 1390 1493 negligentis
1420 1439 1434 1477 :
1466 1421 1556 1491 qui
1587 1428 1711 1476 ante
1749 1434 1930 1475 mures
1956 1433 2057 1489 po-

481 1517 590 1573 suit
617 1528 711 1573 aut
750 1517 850 1572 sub
880 1515 1151 1570 Stillicidio
1182 1515 1390 1585 reliquit
1415 1554 1430 1581 ,
1458 1515 1733 1569 voluntate
1785 1513 2058 1583 negligens

473 1610 594 1678 fuit;
618 1619 674 1667 et
703 1612 790 1681 qui
816 1612 869 1664 in
898 1608 1058 1665 ﬂuvio
1082 1608 1335 1678 perdidit,
1367 1608 1435 1664 de
1458 1608 1766 1663 temeritate
1795 1606 2058 1676 peccavit;

471 1705 561 1773 qui
590 1713 734 1759 metu
758 1705 945 1756 martis
972 1700 1173 1771 aliquid
1197 1698 1436 1764 tradidit,
1464 1699 1624 1754 hama
1651 1698 1852 1753 homini
1886 1697 2053 1762 dedit;

474 1799 741 1866 integrum
763 1804 880 1851 erat
903 1795 1042 1863 apud
1073 1793 1311 1855 dantem,
1336 1792 1601 1861 integrum
1622 1790 1760 1861 apud
1782 1789 2053 1860 accipien-
2085 1794 2132 1853 B
2159 1802 2476 1862 peccaverat
2530 1792 2845 1857 necessitas,
2897 1806 3003 1845 non
3055 1789 3309 1844 voluntas
3350 1806 3364 1843 :

474 1896 604 1943 tem.
638 1888 694 1941 Si
720 1887 807 1956 qui
830 1886 1043 1957 accipit,
1070 1883 1299 1939 flammis
1325 1882 1565 1950 tradidit,
1586 1884 1863 1953 peccatum
1890 1882 2061 1952 magis

474 1978 817 2034 accendentis
841 1987 924 2032 est
977 1992 1083 2032 non
1114 1976 1387 2031 tradentis.
1422 1974 1547 2030 Hzec
1592 1975 1638 2029 si
1679 1990 1710 2029 a
1760 1973 2058 2044 majoribus

470 2073 667 2127 vestris
712 2070 1040 2136 dicerentur,
1084 2069 1298 2140 quando
1330 2070 1450 2123 illas
1499 2068 1761 2139 repellere
1789 2082 1818 2119 a
1872 2077 2054 2123 nostra

472 2164 852 2219 communione
875 2164 1191 2234 possemus?
1215 2163 1271 2219 Si
1296 2164 1457 2217 etiam
1476 2161 1726 2215 Antiochi
1756 2161 1899 2231 regis
1921 2169 2056 2215 tem-

473 2269 611 2324 pora
640 2269 1067 2310 commemorare
1090 2253 1408 2317 voluissent,
1440 2253 1633 2322 quibus
1672 2266 1859 2306 omnes
1882 2251 2054 2306 Judaei

478 2349 651 2403 coacti
677 2356 802 2402 sunt
831 2357 889 2401 ut
913 2347 1077 2402 libras
1098 2347 1151 2401 in
1181 2347 1486 2402 incendium
1514 2345 1725 2410 darent,
1755 2352 1811 2398 et
1838 2344 1911 2397 ita
1935 2342 2056 2397 uui-

480 2456 634 2495 versa
663 2443 925 2511 scriptura
956 2441 1078 2495 data
1112 2450 1211 2503 est,
1244 2449 1303 2495 ut
1327 2455 1462 2510 apex
1489 2454 1624 2493 unus
1649 2440 1698 2493 in
1723 2438 2056 2509 aliquolibro

474 2534 700 2591 minime
746 2536 1114 2592 remansisset.
1156 2534 1232 2589 De
1260 2533 1460 2589 Iudaeis
1491 2532 1581 2587 illo
1616 2536 1855 2601 tempore
1894 2545 2055 2586 nemo

472 2624 755 2684 damnatus
809 2636 915 2695 est,
949 2642 1046 2683 nec
1093 2642 1123 2681 a
1155 2626 1265 2682 Dea
1310 2625 1395 2681 vel
1437 2625 1505 2680 ab
1549 2626 1727 2696 aliqua
1758 2626 1963 2697 Angela
1998 2625 2052 2681 in

2163 505 2441 565 peccatum
2486 493 2656 548 fuerat
2680 492 2994 563 imperantis
3038 502 3091 547 ct
3120 491 3402 554 minantis,
3439 504 3554 543 non
3588 485 3769 555 populi

2163 602 2284 642 cum
2314 596 2551 641 tremore
2573 595 2626 641 et
2654 586 2845 641 dolore
2867 586 3149 641 tradentis.
3186 584 3306 655 (50)
3334 582 3439 650 Qui
3463 577 3771 635 Antiochus

2165 694 2232 734 ne
2252 679 2450 750 aliquid
2480 680 2751 748 primitiva
2796 680 2991 748 papula
3017 679 3270 745 nocuisse
3297 677 3614 740 videretur,
3667 682 3771 725 sta-

2164 772 2257 825 tim
2283 772 2718 842 praviditLDeus,
2751 781 2807 827 ut
2849 788 2943 843 per
2970 788 3134 826 unum
3179 771 3461 827 hominem
3514 767 3772 832 Esdram,

2165 866 2254 935 qui
2281 865 2450 921 lector
2498 866 2687 921 eadem
2737 876 2981 937 tempore
3021 866 3326 933 dicebatur,
3352 872 3467 919 tota
3499 862 3600 917 lex
3641 860 3775 915 sicut

2164 969 2321 1015 antea
2354 959 2525 1016 fuerat
2550 961 2615 1015 ad
2646 962 2853 1029 apicem
2897 960 3210 1017 dictaretur.
3235 960 3328 1016 Sic
3360 968 3643 1031 tyrannus
3667 958 3773 1011 An-

2167 1051 2377 1107 tiochus
2395 1052 2623 1107 fructum
2655 1053 3000 1124 malignitatis
3030 1068 3141 1108 sure
3191 1052 3391 1108 habere
3420 1065 3535 1105 non
3570 1049 3771 1119 patuit,

2163 1144 2289 1199 dum
2310 1156 2507 1215 printer
2519 1154 2723 1216 septem
2755 1148 2945 1203 fratres
2972 1157 3026 1201 et
3055 1162 3219 1201 unum
3244 1144 3521 1200 seniorem
3545 1157 3773 1197 carnem

2163 1236 2374 1291 suillam
2393 1236 2717 1294 manducare
2733 1236 3151 1303 detrectanctes,
3169 1236 3374 1291 nullum
3392 1233 3652 1289 Judaeum
3686 1247 3774 1287 ac-

2162 1328 2325 1395 cidit,
2352 1339 2406 1385 et
2438 1330 2521 1385 lex
2543 1330 2722 1401 perire
2755 1345 2857 1384 non
2882 1331 3071 1399 patuit.
3102 1329 3192 1385 Sic
3231 1337 3286 1384 et
3318 1334 3589 1398 parentes
3607 1325 3773 1379 vestri

2163 1432 2406 1495 tempore
2428 1439 2525 1480 suo
2549 1439 2649 1481 nec
2680 1425 2780 1494 ipsi
2809 1425 2974 1480 occisi
3010 1433 3156 1489 sunt,
3186 1433 3242 1478 et
3258 1421 3380 1476 libri
3406 1419 3549 1491 legis
3585 1418 3771 1473 Dami-

2160 1516 2298 1570 nicce
2343 1518 2437 1572 toti
2494 1517 2687 1586 ubique
2733 1516 3042 1571 recitantur.
3084 1513 3143 1569 Si
3172 1523 3422 1583 parentes
3460 1511 3640 1566 vestri
3682 1509 3774 1580 (at

2162 1623 2320 1679 supra
2341 1610 2450 1663 dixi
2478 1609 2495 1680 )
2521 1609 2635 1664 hcec
2662 1609 2925 1674 dicerent,
2949 1607 3067 1677 quis
3090 1605 3216 1660 illos
3244 1604 3298 1658 in
3327 1618 3483 1659 suam
3513 1617 3772 1658 commu-

2161 1701 2374 1756 nionem
2407 1716 2512 1755 nan
2539 1699 2807 1771 intrepide
2836 1699 3152 1769 accepisset,
3183 1688 3295 1762 ubi,
3322 1706 3377 1751 at
3403 1694 3618 1750 dictum
3647 1702 3767 1755 est,

3421 1798 3534 1843 tem
3544 1788 3663 1858 pari
3672 1788 3771 1842 bas

2169 1884 2388 1939 unitatis
2413 1884 2692 1953 Principes
2717 1882 2905 1950 vestri,
2930 1891 3113 1948 cwtera
3143 1891 3217 1950 ut,
3246 1898 3367 1954 pag.
3391 1881 3495 1937 100
3519 1882 3770 1936 editionis

2168 1987 2355 2031 nostra:
2382 1974 2771 2047 (aninianar).
3077 1964 3081 1969 ’

2238 2066 2367 2123 Post
2393 2069 2501 2123 hac
2525 2068 2694 2136 verba,
2719 2068 2894 2123 eadem
2916 2070 3126 2140 pagina,
3160 2069 3317 2139 paulo
3345 2079 3457 2139 past
3484 2068 3725 2122 medium
3750 2085 3767 2121 :

2167 2180 2187 2215 ι
2229 2163 2335 2219 Sed
2380 2162 2660 2233 Principes
2701 2163 2885 2230 vestri,
2926 2181 2947 2216 ι
2990 2165 3254 2232 sequentia
3287 2161 3544 2216 habentur
3578 2178 3593 2215 :
3630 2161 3765 2217 Nam

2162 2266 2412 2326 peccator
2442 2257 2565 2310 talis
2592 2256 2777 2325 quales
2798 2255 3199 2310 fueruntvestri
3224 2254 3479 2324 majores,
3499 2254 3550 2308 si
3569 2253 3635 2306 ad
3659 2253 3765 2307 Ec-

2164 2348 2378 2403 clesiam
2420 2350 2598 2404 veniat
2626 2360 2679 2404 et
2719 2349 3054 2404 necessitatis
3104 2363 3218 2403 sua:
3259 2350 3528 2403 rationem
3580 2358 3765 2403 osten—

2161 2440 2275 2509 dat,
2293 2439 2405 2513 (5|)
2431 2444 2603 2512 prima
2633 2442 2971 2513 recipiendus
2997 2442 3313 2503 est,deinde
3343 2441 3461 2512 (52)
3484 2443 3763 2497 sustineno

2161 2532 2263 2588 dus
2294 2535 2380 2603 pio
2406 2536 2527 2589 sinu
2550 2535 2735 2589 matris
2762 2535 3035 2591 Ecclesiae.
3066 2535 3175 2591 Nec
3206 2535 3358 2605 quasi
3380 2551 3450 2591 ex
3480 2546 3603 2590 tota
3643 2551 3765 2589 san-

2161 2634 2300 2694 ctus,
2320 2636 2501 2682 ca'teru
2520 2637 2572 2681 ut
2596 2628 2647 2681 in
2671 2636 2844 2681 nostra
2861 2610 3079 2683 editione
3107 2626 3472 2699 (Dupiniana),
3486 2644 3613 2699 pag.
3636 2626 3759 2682 100.

1767 2740 2127 2797 VARIORUM
2162 2741 2395 2798 NOTAE.

542 2838 658 2911 (50)
691 2837 787 2905 Qui
804 2837 1082 2911 Antiochus
1104 2854 1165 2892 ne
1181 2838 1376 2906 aliquid
1413 2836 1802 2905 primitive,etc.
1834 2833 1917 2889 An
1949 2835 2058 2903 pri-

471 2909 858 2985 mitivapopula
888 2919 1039 2985 vocat
1082 2912 1645 2985 rods-“upixaiovgtau
1700 2921 1875 2985 quem_
1903 2920 2054 2985 saera

471 2980 695 3035 historia
743 2976 1131 3046 primogenitum
1178 2976 1504 3049 aliquoties?
1536 2977 1641 3034 Sed
1681 2985 1748 3049 _et
1794 2976 2053 3049 primitiva

471 3066 571 3121 pro
598 3050 945 3121 primogenitis
975 3051 1098 3103 alibi
1121 3047 1330 3118 quoque
1357 3059 1590 3121 usurpat
1608 3047 1851 3121 vulgatus
1875 3047 2050 3102 inter-

479 3117 629 3201 pres.
655 3118 929 3201 .Cazterum
960 3135 1115 3201 quant
1142 3117 1309 3201 multa
1358 3120 1410 3201 in
1445 3119 1626 3187 paucis
1673 3117 1807 3201 citra
1834 3131 2051 3201 omnem

474 3188 715 3247 historia:
740 3191 895 3245 fidem
925 3188 1058 3243 mira
1104 3190 1460 3260 incrgitantia:
1490 3189 1738 3257 exempla
1760 3188 2050 3260 abVOptato

470 3272 659 3317 nostra
686 3261 772 3315 hic
796 3262 1055 3320 dicantur.
1091 3259 1247 3313 nemo
1281 3270 1385 3315 tam
1419 3263 1653 3314 oscitans
1698 3270 1788 3314 aut
1836 3259 2051 3330 ignarus

472 3342 535 3387 ut
562 3347 666 3386 non
697 3330 879 3385 Statim
910 3330 1314 3385 animadvertat.
1366 3332 1437 3384 Ea
1473 3332 1713 3400 pluribus
1758 3331 2052 3400 exagitare,

472 3418 647 3472 neque
692 3400 860 3472 nostri
903 3399 1065 3453 ofﬁcii
1120 3415 1290 3467 neque
1320 3401 1441 3453 boni
1478 3399 1706 3455 fortasse
1735 3399 2054 3472 morisgl‘ue—

469 3470 717 3527 ritilllud
747 3471 933 3524 saltem
970 3472 1243 3534 lectorem,
1275 3482 1329 3524 ut
1362 3472 1610 3525 observet
1637 3485 1859 3525 monere
1877 3470 2050 3525 visum

471 3553 596 3609 est,
650 3542 787 3613 quod
834 3541 876 3595 ll
922 3541 1158 3613 Maccab.
1210 3557 1320 3606 vui,
1359 3541 1450 3604 ‘23,
1490 3542 1546 3613 iu
1600 3540 1803 3613 Latina!
1828 3540 2053 3611 Vulgata

469 3611 679 3669 Esdras
703 3613 907 3684 legatur
935 3627 1032 3683 pro
1072 3612 1311 3678 Eleazar,
1364 3612 1503 3683 quod
1544 3622 1627 3668 est
1665 3613 1719 3666 in
1766 3611 1957 3668 Greca
2000 3623 2056 3668 et

482 3745 3031 3773 .——.————-————_——_——————_———.—_—_

2163 2852 2286 2891 cum
2327 2836 2673 2908 sequentibus
2710 2837 2890 2893 verbis
2918 2877 2934 2903 ,
2964 2851 3121 2893 secus
3142 2851 3302 2908 quam
3344 2836 3401 2891 in
3446 2836 3659 2892 Grzecis
3712 2847 3765 2891 et

2163 2908 2279 2975 ipsa
2303 2908 2439 2961 ratio
2470 2907 2677 2971 suadet,
2710 2906 3085 2975 caujungal‘ur.
3136 2906 3249 2963 Non
3280 2907 3331 2963 id
3354 2908 3517 2962 hodie
3550 2919 3608 2963 et
3646 2908 3762 2962 heri

2160 2979 2410 3045 cmpisse,
2443 2988 2532 3032 aut
2574 2979 2932 3033 recentiorum
2984 2978 3327 3034 librariorum
3378 2980 3585 3034 incuria
3619 2982 3763 3033 acci-

2159 3050 2324 3121 disse,
2370 3058 2429 3103 ut
2466 3050 2666 3119 opinati
2702 3059 2829 3104 sunt
2856 3051 2957 3105 viri
3004 3050 3180 3116 docti;
3213 3050 3309 3106 sed
3351 3051 3461 3121 jam
3498 3050 3635 3104 alim
3691 3052 3762 3104 ita

2159 3119 2355 3192 lectum
2384 3136 2502 3175 esse
2533 3132 2586 3175 et
2617 3122 3026 3192 antiquissimae,
3053 3132 3113 3176 ut
3145 3124 3213 3176 ita
3237 3119 3435 3188 dicam,
3462 3121 3758 3192 antiquita—

2159 3190 2225 3245 tis
2253 3207 2493 3248 errorem
2527 3208 2649 3247 eum
2678 3190 2819 3247 esse.
2868 3192 2984 3247 Non
3027 3194 3168 3247 enim
3212 3193 3433 3248 dubium
3471 3192 3605 3262 quin
3639 3190 3761 3244 huic

2154 3271 2340 3335 nostro
2380 3273 2473 3335 tot,
2510 3265 3024 3329 halluciuationum,
3058 3266 3139 3335 fin
3190 3279 3324 3335 quas
3364 3265 3548 3335 paucis
3602 3262 3764 3316 lineis

2158 3334 2424 3403 impingit.
2456 3334 2573 3388 fons
2602 3334 2749 3388 illinc
2780 3345 2834 3389 et
2865 3336 3016 3403 origo
3047 3334 3226 3388 fuerit.
3260 3336 3330 3389 M.
3362 3334 3597 3390 Casum.

2227 3405 2342 3477 (5i)
2369 3402 2544 3477 Primo
2576 3406 2915 3477 recipiendus.
2936 3402 3116 3461 Primo
3146 3421 3250 3462 non
3280 3414 3363 3461 est
3384 3404 3763 3461 excommuni-

2156 3475 2383 3530 candus.
2409 3475 2636 3530 ALBASP.

2228 3546 2346 3618 (52)
2390 3545 2752 3604 Sustinendus.
2813 3548 2940 3620 Ejus
3005 3548 3336 3674 paenitentiaA
3397 3550 3760 3671 cipectauda.

3342 3634 3439 3673 Las
3468 3634 3519 3671 ιι.

3342 3632 3497 3673 ωιιειι
3504 3658 3519 3670 .

3051 3750 3735 3775 Μ

584 3844 735 3913 ιιι
819 3845 963 3916 DE
1026 3843 1772 3931 SEQUENTIBUS
1840 3844 2809 3924 ANNOTATIONIBUS
2873 3850 3411 3923 MONITUM.

544 4084 659 4139 Etsi
687 4095 798 4155 post
823 4087 1162 4141 restitutiones
1202 4088 1429 4153 a'nobis,
1462 4103 1556 4157 ope
1588 4087 2051 4160 manuscriptarum

473 4178 727 4245 codicum,
756 4179 917 4248 [actas
942 4182 995 4232 in
1019 4179 1190 4251 Optati
1217 4181 1378 4247 libris,
1407 4181 1801 4249 quamplurima:
1820 4180 2054 4253 difﬁcul—

476 4278 603 4323 tates
640 4271 819 4337 quibus
850 4272 1128 4325 enodandis
1156 4273 1453 4326 insudarant
1484 4275 1578 4327 viri
1613 4275 1929 4341 doctissimi,
1960 4291 2051 4345 pe-

472 4360 609 4415 nitus
635 4360 848 4416 sublata:
875 4363 1013 4423 sint;
1045 4370 1236 4415 caetera:
1265 4379 1380 4416 vero
1422 4367 1830 4421 annotationibus
1867 4367 2054 4435 nostris

2160 4091 2338 4159 [annm
2360 4094 2698 4149 eruditionem
2726 4095 3062 4167 spectantium
3084 4094 3376 4148 varietatem
3408 4093 3703 4147 contineant
3735 4107 3755 4141 :

2161 4200 2223 4238 ne
2248 4186 2369 4255 quid
2398 4185 2517 4239 huic
2543 4187 2755 4240 editioni
2778 4186 2967 4240 deesset
2986 4186 3122 4256 quod
3145 4187 3199 4238 in
3223 4186 3339 4238 aliis
3360 4183 3649 4245 haberetur,
3678 4184 3754 4233 ad

2160 4276 2314 4345 ﬁnem
2334 4277 2414 4331 hic
2435 4278 2665 4352 adjicere
2688 4279 2849 4332 visum
2873 4287 2946 4332 est
2967 4278 3197 4348 prolixus
3218 4276 3461 4329 Balduini
3483 4284 3535 4327 et
3565 4273 3757 4326 Alba-

2160 4368 2316 4438 pinazi
2344 4369 2736 4436 observationes,
2787 4379 2893 4423 tum
2933 4356 3084 4422 etiam
3132 4368 3426 4421 earumdem
3453 4383 3513 4419 ac
3564 4365 3757 4418 laici

470 4455 598 4508 satis
624 4464 673 4509 et
716 4455 917 4509 abunde
951 4456 1200 4523 expedin
1229 4471 1333 4509 esse
1359 4456 1626 4511 videantur
1669 4478 1683 4513 :
1728 4459 2055 4514 nihilominus
2079 4500 2133 4560 Β
2162 4458 2447 4515 Casuuboni
2479 4461 2801 4537 aliorumque
2839 4461 3085 4514 breviores
3123 4458 3505 4523 annotationes,
3562 4460 3751 4529 presi-

474 4552 643 4601 tamen
680 4563 793 4600 cum
832 4549 885 4600 in
928 4547 1146 4602 aliorum
1175 4550 1586 4605 annotationibus
1609 4567 1708 4605 non
1739 4570 1901 4623 pauca
1929 4554 2051 4619 sint,

472 4655 586 4705 qua:
612 4640 996 4697 Donatistarum
1020 4642 1285 4697 historiam
1312 4653 1357 4698 et
1374 4629 1649 4713 antiquam
1674 4644 1917 4701 Ecclesia:
1945 4648 2055 4701 dis-

471 4732 711 4802 ciplinam
734 4734 1012 4801 illustrant,
1042 4752 1102 4790 ac
1132 4738 1313 4792 miram
1344 4754 1512 4793 rerum
1540 4738 1609 4791 ad
1631 4754 1830 4793 sacram
1859 4750 1905 4795 et
1931 4757 2053 4811 pro-

2156 4554 2326 4623 gnatis
2352 4554 2575 4623 paginis,
2619 4554 2673 4606 in
2715 4551 2897 4621 quibus
2937 4567 2996 4605 ea
3031 4552 3260 4621 reperire
3301 4558 3371 4605 est
3406 4549 3472 4603 ad
3498 4550 3753 4620 quasi»

2157 4648 2281 4717 gula
2302 4652 2610 4717 referuntur.

471 4861 3729 4892 ———_—_———_—————_—__—_

640 4980 2071 5116 PR/EFATIONES
2216 4988 2488 5113 FB.
2624 4986 3633 5187 BALDUINI,‘

1124 5205 1281 5285 AD
1356 5205 1830 5289 PRIMAM
1901 5208 2054 5289 ED

2184 5197 2566 5285 IONEM
2638 5203 3100 5290 ΟΡΤΑΤΙ.

480 5488 565 5527 Hi.
600 5491 881 5531 BALDUINUS
904 5491 1215 5531 REVERENDO
1236 5489 1358 5533 νιιιο
1379 5494 1431 5533 D.
1458 5493 1639 5534 JOANNI
1662 5496 2048 5547 LBNTALLERIO,

861 5586 1125 5625 ANTISTITI
1157 5585 1601 5637 AQUISCINCTENSI,
1623 5588 1669 5627 S.

544 5656 676 5711 Cum
708 5659 852 5714 hisce
878 5660 1066 5715 diebus
1094 5663 1146 5713 in
1179 5661 1277 5714 hac
1311 5661 1443 5716 urbe
1484 5663 1741 5730 Irenazus,
1782 5664 1954 5732 qualis
1983 5661 2051 5718 ab

479 5742 703 5801 Erasma
724 5749 951 5817 primum
982 5752 1158 5807 editus
1187 5750 1305 5819 fuit,
1335 5768 1552 5810 recusas
1578 5764 1740 5821 esset,
1772 5756 1919 5811 dolui
1940 5770 2048 5811 non

2157 5478 2530 5547 praemunitum
2562 5478 2729 5534 fuisse
2768 5480 3088 5546 Librarium,
3119 5490 3179 5536 ut
3229 5482 3366 5538 bona
3409 5483 3496 5539 illa
3539 5481 3733 5539 limiti

2156 5568 2330 5625 (ἓνωοί
2361 5586 2504 5640 pars,
2536 5587 2657 5642 qua:
2701 5571 2755 5625 in
2795 5571 2945 5627 libris
2973 5572 3260 5644 Epiphanii
3290 5577 3482 5650 integra
3524 5583 3728 5643 exstat,

2154 5662 2311 5716 simul
2340 5665 2609 5720 ederetur.
2636 5664 2726 5720 Sic
2746 5665 2888 5720 enim
2920 5667 3089 5723 multo
3124 5672 3318 5727 melior
3336 5668 3727 5742 3!!“un

2155 5754 2242 5810 hic
2266 5756 2518 5814 Ecclesia:
2539 5757 2855 5815 Christianae
2885 5758 3131 5831 Scriptor
3161 5764 3216 5820 in
3239 5763 3505 5821 hominum
3530 5770 3727 5817 manus
