3828 6218
118 287 280 345 H05

1221 287 1311 341 AD
1360 285 1621 343 PRIMAM
1672 282 2045 343 EDITIONEM
2083 280 2355 338 0PTATI.

3267 287 3411 345 “06

118 404 394 469 venisset,
429 401 639 457 tametsi
665 402 865 472 reliqua
891 416 1013 471 pars
1034 399 1274 470 ejusdem
1298 403 1508 471 generis
1529 399 1720 455 etiam—
1743 408 1799 468 Α
1823 409 1877 455 et
1903 398 2234 469 Augustinus
2262 398 2313 452 in
2347 397 2495 452 libris
2519 405 2708 453 contra
2738 397 3172 467 Parmeniauum,
3206 411 3264 456 ut
3294 420 3408 461 tue-

119 509 263 549 num
305 493 720 550 desideraretur.
752 492 869 547 Jam
911 481 1209 563 autem'(ut
1241 491 1343 548 hoc
1366 504 1613 563 tempore
1652 492 1719 547 ad

128 589 432 644 lectionem
454 598 613 659 atque
634 587 1053 657 recognitionem
1077 587 1340 656 religiosa:
1383 585 1717 656 antiquitatis

116 678 535 738 EcClesiasticze
566 681 857 737 multorum
879 681 1052 735 studia
1084 688 1423 746 revocantur,
1453 695 1537 745 ac,
1561 680 1606 735 si
1632 694 1720 734 sa-

117 786 328 846 perent
354 776 545 841 multi,
584 776 766 846 plures
794 774 1196 845 revocarentur)
1226 790 1345 829 cum
1382 783 1630 843 ageretur
1652 772 1719 829 de

116 869 451 925 recudendo
481 886 693 941 quoque
732 870 925 940 Optato
956 868 1105 935 Afro,
1138 872 1227 940 qui
1267 870 1392 923 olim
1422 869 1718 924 mendosis-

116 964 302 1019 simus
333 965 386 1020 in
408 964 696 1021 Germania
724 965 898 1020 editus
924 963 1043 1029 fuit,
1075 964 1173 1018 elsi
1208 962 1597 1033 meLibrarius
1626 977 1717 1032 ap-

117 1054 367 1124 pellarit,
422 1055 515 1125 qui
560 1056 930 1126 suspicabatur
976 1070 1060 1109 me
1107 1054 1351 1109 lubenter
1394 1054 1523 1109 dare
1571 1054 1718 1109 hisce

117 1148 504 1219 Scriptoribus
558 1148 950 1221 Ecclesiasticis
996 1147 1541 1218 quantulumcumque
1582 1155 1718 1202 tern—

113 1240 276 1309 poris
308 1255 525 1311 possum
553 1240 798 1296 civilibus
836 1241 1012 1310 legum
1043 1238 1235 1294 studiis
1279 1238 1593 1305 detrahere;
1640 1248 1718 1292 ta-

114 1348 248 1389 men
281 1332 453 1405 magis
483 1333 790 1397 festinabat,
819 1348 977 1403 quam
1009 1340 1065 1386 ut
1106 1332 1350 1403 conquiri
1400 1330 1577 1385 omnia
1621 1345 1718 1385 au—

115 1426 258 1482 xilia
285 1438 530 1499 possent,
558 1442 679 1499 quae
698 1427 947 1499 Optatum
981 1427 1031 1483 in
1053 1427 1319 1497 integrum
1346 1426 1710 1481 resumerent.

114 1517 311 1590 Itaque
350 1519 635 1590 respondi,
676 1520 816 1574 hunc
844 1518 1171 1588 Scriptorem
1198 1517 1414 1590 quidem
1463 1518 1713 1589 dignissi-

110 1625 269 1665 mum
304 1626 442 1677 esse,
488 1611 577 1682 qui
605 1610 915 1681 diligentius
961 1620 1457 1682 recognosceretur,
1489 1611 1583 1665 sed
1623 1624 1711 1666 me

110 1702 221 1758 hoc
255 1713 504 1773 tempore
544 1712 746 1758 tantum
793 1702 1041 1758 conferre
1071 1718 1227 1770 posse
1250 1710 1625 1759 sexcentorum
1656 1702 1709 1757 in

1823 493 1979 549 minit
2014 493 2185 547 nostri
2238 489 2439 562 Optati,
2495 494 2573 546 sic
2616 500 2669 547 et
2717 492 2937 546 alterius
2983 493 3280 562 cujusdam,
3311 499 3406 567 qui

1824 586 2086 640 Donatum
2121 583 2445 655 sequebatur
2477 600 2490 637 :
2523 593 2684 653 utque
2714 583 2765 637 in
2812 582 3089 654 Bagaiensi
3134 596 3403 643 conventu

1822 677 2243 743 Donatistarum,
2276 677 2414 731 inter
2442 690 2626 731 eorum
2658 676 2925 732 antistites
2953 680 3259 734 nominatur
3279 680 3399 751 qui-

1820 771 1942 826 dam
1971 768 2201 840 Optatus
2233 788 2246 824 :
2279 769 2355 823 sic
2386 769 2437 823 in
2483 767 2719 824 Cirtensi
2769 768 2973 840 synodo
3000 768 3397 827 Catholicorum

1821 878 1941 918 cum
1973 863 2090 931 ipso
2116 875 2330 932 quoque
2360 856 2658 929 Augustino
2684 860 2990 915 celebratur
3014 861 3150 915 alius
3175 860 3400 932 Optatus

1818 956 2084 1011 bonarum
2136 954 2363 1030 partium
2412 963 2685 1023 patronus.
2718 953 2785 1006 Et
2816 968 2942 1007 vero
2970 954 3298 1023 Augustinus
3332 954 3399 1009 lia

1819 1048 1974 1104 brum
1994 1048 2063 1102 de
2076 1047 2288 1103 Unitate
2304 1047 2579 1101 Trinitatis
2598 1056 2780 1101 contra
2802 1044 3127 1101 Felicianum
3143 1047 3398 1101 Arianum

1820 1142 2041 1213 scripsit
2066 1141 2133 1196 ad
2164 1141 2441 1211 Optatum,
2474 1155 2631 1211 quem
2658 1139 2818 1196 etiam
2849 1148 3004 1196 vocat
3029 1139 3195 1195 filium
3236 1139 3402 1195 dilec-

1820 1234 2107 1290 tissimum.

1888 1423 2041 1478 Alius
2061 1435 2190 1492 ergo
2214 1419 2314 1475 fuit
2334 1419 2526 1475 Noster
2543 1463 2557 1486 ,
2581 1429 2636 1475 et
2662 1420 2831 1476 multo
2855 1421 3050 1476 senior.
3085 1419 3192 1475 Sed
3216 1434 3390 1490 neque

1814 1515 2103 1587 quidquam
2132 1511 2321 1567 habuit
2358 1527 2645 1567 commune
2684 1495 2833 1570 eum,
2857 1511 2948 1566 illo
2989 1510 3184 1581 Optato
3210 1509 3393 1565 Gildo—

1814 1612 1996 1678 uiano,
2038 1609 2193 1679 cujus
2222 1609 2532 1679 frequenter
2560 1609 2805 1663 meminit
2846 1607 3192 1677 Augustinus.
3226 1606 3303 1660 Ac
3328 1620 3397 1660 ne

1810 1702 2029 1773 quidem
2058 1702 2305 1774 eumdem
2332 1700 2498 1757 fuisse
2529 1702 2676 1755 illum
2702 1710 2853 1771 puto,
2887 1714 3045 1769 quem
3077 1697 3397 1752 Athanasius

110 1810 179 1850 eo
202 1796 453 1852 locorum
481 1798 909 1853 emendationem
942 1815 954 1851 :
989 1798 1139 1866 cujus
1169 1798 1379 1868 quidem
1424 1799 1709 1852 maximam
1741 1800 1789 1859 Β
1814 1794 2019 1862 laudat,
2048 1804 2101 1850 et
2140 1792 2194 1847 in
2238 1794 2397 1866 Tyria
2429 1793 2637 1865 synodo
2677 1792 3011 1849 defensorem
3039 1806 3195 1844 suum
3229 1789 3394 1843 fuisse

110 1899 328 1959 partem
361 1890 550 1960 repetii
575 1905 639 1945 ex
669 1891 1034 1960 manuscripto
1060 1892 1374 1959 exemplari,
1406 1890 1547 1961 quod
1575 1891 1705 1945 mihi

110 1981 378 2037 utendum
425 1982 713 2052 aliquando
764 1982 1020 2037 deditvir
1061 1982 1407 2037 doctissimus
1453 1982 1709 2040 Claudius

111 2075 449 2146 ESpenczeus
496 2075 774 2145 theologus
829 2076 1164 2136 Parisiensjs.
1214 2077 1329 2132 Etsi
1374 2084 1552 2132 autem
1599 2092 1707 2132 non

112 2169 390 2225 nescirem
442 2184 547 2223 non
580 2169 747 2223 multo
776 2169 1060 2239 pauciores
1105 2184 1391 2239 superesse
1421 2169 1590 2235 locos,
1617 2169 1708 2240 qui

112 2276 313 2331 magna
342 2260 525 2315 mendi
544 2259 862 2330 suspicione
891 2259 1169 2324 laborant,
1222 2260 1317 2315 sed
1365 2260 1541 2315 sanari
1592 2260 1709 2316 sine

112 2353 323 2408 auxilio
348 2353 546 2408 veteris
577 2353 730 2419 libri,
764 2353 848 2408 vix
871 2368 934 2408 ac
966 2369 1034 2410 ne
1060 2354 1144 2409 vix
1177 2354 1389 2425 quidem
1436 2355 1737 2432 possent
1771 2420 1775 2425 θ

112 2454 166 2501 et
185 2456 474 2516 propterea
502 2445 755 2518 Optatum
779 2448 1034 2518 optimum
1060 2449 1350 2502 maximum
1379 2448 1525 2514 dare,
1551 2448 1709 2504 sicuti
1752 2486 1755 2487 ν

114 2538 397 2608 optabam,
451 2554 554 2595 non
590 2555 800 2610 possem
828 2558 840 2593 :
872 2549 1049 2595 tamen
1078 2540 1285 2596 interea
1317 2558 1421 2597 non
1469 2546 1709 2601 recusavi
1726 2583 1734 2598 ς

114 2632 291 2687 multo
336 2631 639 2700 meliorem,
687 2648 845 2703 quam
896 2632 1156 2688 hactenus
1198 2632 1316 2699 fuit,
1364 2633 1486 2702 edi,
1530 2638 1709 2707 potius

115 2739 302 2794 quam,
336 2724 509 2794 qualis
543 2733 711 2781 antea
765 2725 924 2796 plane
972 2725 1276 2794 inquinatus
1321 2725 1519 2797 fuerat,
1565 2730 1773 2797 idem

116 2816 489 2874 recuderetur.
530 2818 891 2891 ,Speraveram
938 2819 1153 2890 quidem
1179 2829 1325 2875 certe
1365 2838 1707 2880 accessurum

118 2905 350 2968 alterum
382 2914 775 2970 emendationis
821 2914 1130 2985 praesidium
1160 2931 1225 2972 ex
1258 2918 1443 2973 codice
1488 2916 1709 2973 Joannis

117 3003 239 3060 Titii
262 3005 505 3076 episcopi
530 3005 837 3061 Briocensis
859 3016 917 3061 ut
943 3018 1182 3063 veterum
1210 3008 1485 3076 librorum,
1512 3010 1589 3065 sic
1611 3026 1708 3065 an-

119 3097 427 3167 tiquitatum
467 3098 965 3155 Ecclesiasticarum
998 3100 1398 3158 studiosissimi.
1428 3103 1532 3160 Sed
1564 3104 1707 3191 qttod

1809 1882 2109 1958 significat;
2138 1902 2260 1941 nam
2284 1885 2596 1957 Egyptium
2622 1887 2931 1955 episcopum
2958 1883 3122 1938 fuisse
3152 1882 3243 1936 ait.
3277 1880 3394 1949 Qun

1811 1988 2055 2051 tempore
2083 1990 2267 2035 noster
2291 1979 2552 2047 ﬂoruerit,
2592 1979 2779 2050 liquet,
2837 1994 2957 2033 cum
2997 1977 3244 2033 Siricium
3283 1976 3396 2045 epi-

1809 2087 2033 2141 sc0pum
2050 2071 2346 2127 Romanum
2363 2072 2593 2142 appellat
2616 2086 2771 2127 suum
2796 2071 3020 2125 socium.
3037 2068 3393 2138 Hieronymus

1812 2166 1964 2220 testis
1990 2175 2074 2220 est
2096 2164 2195 2220 hos
2224 2161 2543 2221 eum‘libros
2561 2165 2844 2235 scripsisse
2873 2161 3258 2233 imperantibus
3287 2159 3394 2215 Va-

1811 2257 1954 2314 lente
1983 2268 2038 2314 et
2070 2258 2466 2313 Valentiniano.
2520 2258 2786 2312 Potuisset
2815 2256 3014 2322 dicere,
3044 2252 3349 2308 Theodosio
3376 2270 3389 2304 :

1796 2353 2037 2407 multum
2070 2362 2249 2407 autem
2279 2353 2505 2407 interest
2531 2352 2692 2417 scire,
2723 2365 2827 2420 quo
2859 2350 2977 2420 quis
3027 2357 3269 2418 tempore
3297 2346 3394 2400 ali-

1779 2429 1936 2515 C'quid
1964 2445 2263 2516 scripserit,
2296 2444 2595 2515 prasertim
2624 2444 2709 2499 ubi
2730 2443 2797 2498 de
2817 2441 3194 2498 controversiis
3216 2439 3394 2495 eccle-

1811 2538 2042 2594 siasticis
2084 2540 2357 2609 quaeritur.
2409 2538 2859 2604 Parmenianum,
2911 2551 3068 2606 quem
3123 2540 3395 2603 oppugnat

1790 2632 2058 2703 'Optatus,
2094 2633 2258 2688 fuisse
2287 2646 2681 2697 successorem,
2736 2646 2841 2685 non
2874 2629 3016 2683 illius
3063 2626 3249 2681 Donati
3290 2618 3393 2681 Ca?

1813 2725 2005 2792 sensis,
2037 2728 2127 2797 qui
2167 2725 2513 2782 Caecilianum
2547 2739 2745 2780 vexare
2793 2722 2975 2792 capit,
3034 2720 3128 2775 sed
3169 2719 3394 2774 alterius

1813 2835 1920 2875 non
1944 2822 2123 2876 minus
2147 2821 2319 2876 insani
2344 2820 2537 2875 Donati
2567 2816 3027 2887 Carthaginensis,
3056 2814 3143 2885 qui
3176 2828 3393 2869 succes-

1811 2923 1957 2968 serat
1983 2913 2057 2967 illi
2080 2914 2362 2983 Majorino,
2405 2928 2563 2983 quem
2589 2912 2735 2982 prior
2765 2910 3022 2976 Donatus,
3053 2921 3111 2962 ut
3139 2905 3384 2963 Cecilia-

1811 3027 1938 3067 num
1970 3012 2306 3082 percelleret,
2332 3011 2669 3066 ordinaverat
2695 3008 3003 3079 episcopum
3029 3005 3387 3074 Cathaginen-

1810 3120 1947 3170 sem,
2005 3123 2068 3162 ex
2118 3104 2414 3175 Augustino
2453 3101 2756 3157 didicimus.
2808 3099 3147 3156 Parmeniani
3198 3108 3382 3153 autem

113 3189 221 3259 jam
252 3200 479 3261 propter
507 3191 1134 3249 absentiam'doctissimi
1161 3195 1434 3251 Antistitis
1464 3188 1705 3267 prms—tari
1732 3195 1777 3257 C
1810 3197 2112 3265 epistolam,
2145 3197 2229 3253 cui
2262 3194 2552 3266 respondet
2572 3193 2820 3263 Optatus,
2846 3194 3098 3270 scriptam
3129 3190 3294 3245 fuisse
3322 3188 3389 3244 ad

118 3294 222 3335 non
255 3281 454 3351 potuit,
484 3282 654 3337 altera
684 3281 823 3338 forte
852 3283 1017 3340 editio
1040 3294 1221 3355 postea
1246 3289 1537 3357 praestabit.

187 3373 452 3442 Equidem
497 3373 963 3433 dissimulare-nec
994 3393 1207 3447 possum
1250 3396 1350 3453 nec
1377 3382 1500 3437 volo
1520 3382 1703 3453 singu—

119 3461 213 3518 lari
239 3463 473 3535 quadam
502 3464 839 3536 observantia
864 3484 949 3523 me
976 3469 1116 3526 afﬁci
1148 3487 1278 3542 erga
1304 3472 1583 3530 Africanos
1609 3489 1704 3529 ve-

125 3557 253 3612 teris
280 3557 538 3615 ECclesire
558 3554 969 3635 doctores,quos
994 3564 1063 3620 de
1088 3580 1152 3630 ea
1175 3550 1289 3620 tam.
1311 3568 1569 3637 praeclare
1596 3583 1704 3623 me-

120 3650 284 3717 ritos,
310 3659 367 3705 et
405 3651 643 3721 quidem,
674 3654 796 3708 aliis
818 3654 983 3710 veluti
1014 3656 1386 3714 deﬁcientibus
1408 3660 1704 3729 xScriptori.

120 3739 215 3794 bus
242 3741 473 3809 Latinis,
524 3752 629 3817 tam
678 3744 756 3799 illi
787 3745 1015 3802 fideliter
1058 3747 1375 3820 fortiterque
1406 3732 1705 3805 succentu-

122 3832 287 3889 riatos
318 3848 441 3891 esse
480 3838 673 3891 sentio.
714 3838 931 3893 Memini
976 3856 1095 3895 cum
1134 3853 1261 3897 ante
1295 3843 1494 3912 aliquot
1532 3858 1701 3900 annos

123 3926 408 3983 Minucium
438 3929 675 3996 ederem,
703 3948 863 4003 quem
885 3949 1006 3988 cum
1030 3934 1379 4001 Tertulliano,
1409 3935 1699 4007 Cypriano,

125 4024 362 4079 Arnobio
388 4026 753 4095 conferebam,
783 4029 1031 4093 laudasse
1061 4046 1145 4086 me
1176 4040 1478 4099 propterea,
1514 4031 1700 4086 fecun-

65 4185 75 4198 l
126 4115 243 4171 dam
295 4117 443 4172 illam
473 4118 791 4192 felicemque
818 4112 1073 4188 Africam,
1120 4137 1236 4191 qua:
1283 4132 1339 4175 ut
1367 4136 1579 4192 semper
1603 4124 1702 4194 (sic

122 4208 261 4263 enim
290 4225 359 4266 eo
389 4220 629 4281 tempore
656 4213 870 4286 scripsi)
904 4214 1101 4283 aliquid
1131 4214 1251 4267 novi
1281 4198 1433 4285 112
1462 4214 1702 4283 proferre

124 4302 246 4356 olim
293 4303 597 4370 dicebatur,
630 4306 710 4360 sic
734 4307 895 4361 etiam
939 4305 1212 4375 religionis
1244 4317 1441 4360 nostra:
1466 4298 1701 4362 vindices

123 4402 173 4447 et
197 4403 451 4463 patronos
484 4394 829 4450 doctissimos
860 4387 1257 4466 acerrimosquc
1296 4397 1535 4465 protulit.
1566 4397 1701 4453 Nam

124 4494 174 4539 et
197 4501 260 4541 ex
285 4502 349 4541 ea
382 4486 662 4556 prodibant
694 4488 877 4542 hostes
919 4487 1136 4553 minime
1164 4486 1359 4556 ignari.
1404 4488 1571 4555 Quale
1602 4489 1703 4544 Ec—

1811 3291 2091 3347 Ticonium
2117 3288 2388 3345 hominem
2416 3288 2681 3343 eruditum
2712 3295 2766 3340 et
2784 3287 3141 3356 eloquentem,
3173 3282 3261 3352 qui
3283 3297 3390 3337 non

1810 3384 1940 3440 satis
1951 3383 2147 3453 alioqui
2167 3382 2437 3437 Donatista
2455 3395 2574 3436 esse
2591 3374 3045 3444 videbatur,’idem
3062 3376 3390 3445 Augustinus

1808 3477 2071 3548 signiﬁcat
2092 3496 2105 3531 :
2129 3474 2220 3547 qui
2242 3488 2294 3531 et
2312 3484 2496 3546 postea
2519 3474 2774 3528 adversus
2792 3488 2907 3527 eam
2924 3467 3389 3539 Parmeniani'epi-

1807 3567 1999 3621 stolam
2017 3565 2184 3620 libros
2199 3576 2308 3619 tres
2320 3560 2817 3632 scripsit.0ptatum
2841 3573 2969 3613 vero
2992 3566 3231 3611 nostrum
3257 3554 3391 3609 scri-

1808 3658 1980 3728 psisse
2009 3656 2176 3710 libros
2216 3669 2309 3709 sex
2341 3656 2416 3707 ait
2465 3651 2821 3723 Hieronymus
2852 3666 2865 3700 :
2896 3648 3010 3701 scio
3050 3643 3387 3699 circumferri

1805 3746 2089 3818 quemdam
2130 3746 2453 3815 septimum;
2485 3742 2578 3797 sed
2610 3743 2722 3811 ipse
2747 3738 2967 3808 Optatus
3005 3751 3109 3791 non
3158 3735 3389 3791 obscure

1806 3840 2086 3910 profitetur
2107 3852 2211 3891 non
2236 3836 2337 3890 nisi
2360 3850 2452 3888 sex
2474 3834 2570 3888 abs
2592 3848 2650 3887 se
2669 3846 2789 3887 esse
2810 3830 3041 3899 scriptos
3063 3845 3077 3881 :
3097 3828 3187 3882 ubi
3207 3840 3257 3881 et
3276 3826 3387 3881 sin-

1802 3930 2049 4001 gulorum
2090 3936 2459 3998 argumentum
2492 3941 2597 3979 non
2626 3924 2953 3993 ineleganter
2984 3926 3381 3990 praemonstrat.

1803 4025 2093 4081 Pollicetur
2120 4036 2242 4077 sese
2276 4020 2605 4090 adjecturum
2632 4017 2871 4086 quaedam
2902 4028 3052 4079 acta;
3103 4011 3197 4067 sed
3246 4010 3387 4065 hanc

1803 4115 2158 4187 appendicem
2197 4128 2301 4166 non
2330 4112 2563 4165 invenio.
2599 4108 2741 4163 Libri
2776 4106 2931 4175 primi
2963 4104 3229 4174 praecipua
3250 4114 3384 4170 quo-
3444 4171 3449 4177 _

1803 4225 1907 4281 que
1937 4209 2111 4279 capita
2147 4205 2471 4277 Augustinus
2494 4199 2804 4271 perstrinxit
2826 4199 2963 4254 libro
2992 4198 3161 4267 primo
3189 4202 3379 4250 contra

1806 4299 2237 4355 Parmenianum.
2289 4295 2493 4364 Legant
2529 4293 2618 4362 qui
2647 4292 2835 4345 volunt
2863 4289 3077 4359 (inquit)
3103 4302 3220 4356 qua:
3249 4299 3371 4338 nar-

1802 4403 1907 4458 rat,
1953 4403 2006 4447 et
2045 4390 2239 4461 quibus
2277 4385 2613 4443 documentis
2641 4400 2798 4455 quam
2830 4382 2994 4436 multa
3038 4375 3381 4449 persuadeat,

1804 4482 2126 4539 venerabilis
2146 4473 2423 4536 memoria:
2440 4477 2777 4532 Milevitanus
2796 4475 3077 4544 episcopus
3092 4467 3381 4524 Catholica:

126 4579 297 4635 clesite
329 4582 525 4636 bellum
550 4579 822 4645 indixerit,
852 4590 1213 4649 quantumque
1262 4581 1565 4635 incendium
1611 4596 1702 4636 ac-
1730 4569 1780 4629 Ι)
1806 4573 2199 4633 communionis
2220 4570 2448 4643 Optatus
2490 4571 2602 4625 sive
2630 4569 2696 4623 de
2721 4567 2917 4623 Lucilla
2943 4560 3383 4635 pecuniosissima
3428 4558 3432 4563 ’

126 4672 362 4727 cenderit
414 4686 551 4726 unus
579 4671 816 4725 Donatus
838 4670 1085 4735 Numida,
1128 4678 1293 4725 testes
1318 4681 1443 4725 sunt
1471 4671 1702 4727 ﬂamma:

124 4761 365 4818 factionis
422 4763 750 4817 Donatianaa.
797 4762 934 4829 Quid
983 4761 1219 4817 futurum
1260 4773 1396 4830 erat,
1425 4765 1469 4818 si
1501 4765 1566 4819 ad
1610 4781 1702 4823 eas

126 4854 542 4925 exstinguendas
570 4852 758 4910 eadem
791 4854 938 4925 regio
968 4868 1073 4908 non
1113 4856 1382 4910 emisisset
1427 4856 1511 4911 vel
1538 4855 1703 4925 Opta-

128 4955 228 5000 tum
253 4957 495 5002 nostrum
550 4947 603 5001 in
645 4945 887 5002 Numidia
933 4947 1295 5003 Milevitanum
1354 4948 1700 5020 Episcopum,

128 5038 207 5092 vel
236 5039 409 5110 ipsum
440 5039 598 5110 paulo
624 5049 745 5109 post
781 5037 1135 5110 Augusdnum
1170 5058 1182 5093 :
1217 5040 1305 5095 illa
1337 5040 1458 5096 dico
1484 5040 1593 5097 duo
1620 5041 1701 5095 lu.

128 5131 260 5186 mina
288 5130 572 5199 Ecclesiae,
601 5141 656 5186 et
693 5130 958 5187 adversus
1008 5131 1193 5188 hostes
1220 5133 1435 5203 pietatis
1470 5134 1579 5188 duo
1604 5133 1707 5188 ful-

131 5224 260 5279 mina
288 5224 613 5289 sanctissimi
654 5224 813 5280 belli?
853 5225 1099 5296 Magnum
1150 5226 1392 5296 profecto
1424 5226 1704 5297 religionis

130 5319 425 5386 prmaidium
454 5318 552 5373 fuit
579 5319 946 5375 Milevitanum
971 5307 1288 5383 Concilium,
1310 5321 1396 5374 cui
1422 5329 1478 5374 et
1499 5322 1706 5390 Augus-

134 5411 263 5469 tinus
293 5413 552 5469 interfuit.
582 5413 688 5469 Sed
730 5413 891 5481 paulo
948 5423 1074 5469 ante
1125 5412 1368 5467 Ecclesia
1399 5413 1703 5469 Milevitana

131 5504 343 5562 dederat
372 5505 637 5561 Ecclesia:
657 5503 949 5559 Catholicae
972 5521 1217 5575 magnum
1248 5505 1561 5571 subsidium,
1578 5524 1700 5562 cum

132 5596 372 5663 adversus
402 5597 511 5650 vim
561 5605 616 5650 et
660 5595 881 5649 insidias
911 5596 1306 5650 Donatistarum
1353 5612 1507 5650 suum
1539 5596 1701 5668 Opta-

134 5694 231 5740 tum
252 5687 416 5743 dedit.
444 5690 519 5740 Ac
543 5686 739 5739 multos
762 5685 976 5755 quidem
1002 5688 1066 5740 iis
1092 5688 1417 5754 temporibus
1444 5688 1496 5741 in
1522 5688 1700 5744 Africa

136 5758 282 5834 litisse
301 5777 532 5848 Optatos
560 5775 808 5846 legimus,
832 5777 988 5834 valde
1013 5777 1213 5845 alioqui
1233 5777 1540 5836 dissimiles.
1567 5780 1699 5837 Nam

1811 4679 1937 4725 tunc
1974 4680 2028 4723 et
2060 4666 2435 4722 factiosissima
2486 4662 2723 4725 fmmina,
2776 4672 2932 4727 quam
2983 4669 3077 4723 pro
3127 4650 3383 4706 Ecclesia

1808 4761 2092 4831 disciplina
2143 4759 2200 4816 S.
2251 4757 2569 4813 Carcilianus
2615 4752 2789 4806 adhuc
2817 4749 3072 4803 diaconus
3123 4744 3379 4797 lxeserat:

1808 4856 1889 4911 vel
1920 4856 1988 4911 de
2006 4853 2216 4910 caeteris
2242 4849 2490 4906 factionis
2518 4849 2632 4916 ejus
2659 4840 3013 4903 consortibus,
3045 4835 3157 4890 sive
3181 4833 3388 4889 furibus

1809 4944 2161 5003 ecclesiastici
2186 4941 2412 5012 argenti;
2441 4938 2554 4993 sive
2578 4936 2641 4990 ad
2665 4935 3027 5001 episcopatum
3046 4930 3112 4982 'se
3135 4942 3242 4980 non
3266 4942 3385 4994 per-

1810 5041 2023 5096 venisse
2052 5036 2375 5096 dolentibus,
2406 5039 2459 5086 et
2482 5017 2597 5083 sibi"
2614 5026 2888 5095 praelatum
2933 5020 3279 5076 Caecilianum
3301 5019 3384 5072 in-

1810 5132 1981 5195 sidiis,
2010 5128 2203 5199 quibus
2232 5114 2500 5195 poterant,
2531 5116 2945 5179 insectantibus;
2969 5112 3082 5167 sive
3109 5111 3177 5166 de
3195 5110 3383 5165 Numi-

1813 5223 1895 5278 dis
1919 5219 2208 5290 episcopis,
2237 5226 2370 5285 quos
2397 5212 2496 5266 ista
2518 5211 2676 5265 factio
2697 5214 3082 5262 convocaverat
3107 5203 3173 5257 ad
3204 5202 3381 5271 perui-

1808 5315 1944 5369 ciem
1968 5306 2258 5373 Cteciliani,
2284 5314 2423 5360 uteo
2443 5302 2688 5374 deposito
2712 5300 2846 5355 alter
2872 5296 3227 5353 ordinaretur.
3256 5293 3384 5348 Haec

1808 5406 1920 5460 ille.
1951 5403 2081 5470 Quae
2108 5409 2253 5456 tanto
2296 5398 2565 5452 lubentius
2614 5402 2757 5450 nunc
2794 5391 3031 5455 recitavi,
3064 5389 3188 5458 quia
3230 5388 3283 5441 in
3316 5386 3382 5441 iis

1810 5498 2019 5554 dicatur
2040 5504 2223 5550 noster
2244 5492 2470 5561 Optatus
2491 5485 2877 5544 communionis
2894 5482 3204 5539 Catholica.
3240 5480 3380 5551 Ergo

1807 5592 1933 5645 licet
1984 5587 2050 5642 ad
2105 5585 2356 5657 Cypriani
2410 5593 2463 5637 et
2517 5598 2727 5648 eorum,
2768 5579 2856 5649 qui
2885 5578 2958 5631 illi
2986 5574 3253 5641 suffragati
3281 5573 3381 5627 ali—

1809 5683 2023 5755 quando
2050 5690 2211 5746 sunt,
2256 5677 2573 5732 sententiam
2619 5676 2686 5731 de
2712 5670 2973 5742 baptismo
3003 5665 3378 5746 bmreticorum

1812 5774 2058 5833 videatur
2088 5772 2401 5831 accessisse,
2431 5780 2589 5837 quam
2613 5775 2791 5839 postea
2815 5760 3138 5834 Augustinus
3157 5766 3212 5813 et
3237 5758 3381 5809 αιδην
