3828 6218
402 156 539 211 {to7

1600 137 2101 199 PBEFATIONES
2140 136 2456 195 BALDUINI

3585 119 3731 173 nos

401 268 569 332 navit,
603 274 655 320 et
682 258 1032 319 damnandam
1070 274 1189 314 esse
1214 256 1451 313 ostendit
1482 275 1496 311 :
1526 266 1701 311 tamen
1728 270 1976 326 perman-
2004 256 2057 318 Α
2080 254 2180 309 hac
2230 260 2544 321 tempestate
2585 250 2846 320 imprimis
2882 260 3067 318 eptare
3097 246 3399 302 debeamus
3429 258 3470 296 ει
3515 238 3724 292 multis

400 359 473 413 sit
502 360 552 413 in
574 357 868 421 Catholica,
915 357 967 410 in
996 371 1096 424 qua
1129 343 1182 408 et
1211 351 1530 425 Cyprianus,
1564 351 1825 405 Ecclesia.
1859 349 1976 404 Non

402 452 543 507 enim
567 450 788 505 Veteres
817 460 906 503 aut
934 448 1122 503 leviter
1147 454 1239 499 aut
1267 444 1423 500 facile
1451 443 1615 516 (quod
1649 457 1789 497 nunc
1819 442 1978 498 nimis

401 553 604 597 temere
625 548 681 594 et
700 554 917 594 morose
941 549 1099 608 atque
1112 536 1319 601 odiose,
1343 548 1411 589 ne
1432 533 1603 588 dicam
1627 532 1977 597 calumniose,

400 633 714 702 plerumque
742 622 822 700 fit)
844 630 1003 684 alicui
1032 625 1126 683 aut
1149 626 1436 681 iuurebant
1454 665 1467 690 ,
1506 633 1597 677 aut
1624 622 1981 693 aspergebant

402 725 675 779 haereseos
701 732 870 778 atram
898 733 950 778 et
979 735 1196 791 gravem
1227 729 1433 784 n0tam,
1462 710 1522 770 ut
1545 716 1775 785 aliquem
1799 716 1979 770 statim

399 817 711 873 abdicarent
740 815 994 870 Ecclesia:
1017 811 1418 867 communione.

472 909 586 964 Non
638 908 813 962 dicam
868 906 1118 974 Optatum
1167 904 1316 957 locus
1361 916 1530 957 sacra:
1572 894 1864 970 Scriptura:
1890 908 1981 953 aut

402 1001 557 1056 valule
584 1000 828 1069 apposite
855 1011 1066 1067 semper
1088 996 1336 1065 allegare,
1364 1003 1455 1049 aut
1480 1008 1766 1062 numquam
1791 992 1977 1047 inflec-

400 1101 514 1161 tere
541 1091 625 1145 vel
648 1090 992 1166 detorquere.
1025 1086 1253 1142 Fatebor
1272 1086 1450 1156 potius
1477 1086 1539 1139 iis
1562 1075 1802 1154 persaepe
1832 1083 1978 1138 abuti

401 1181 671 1251 imperite.
703 1174 864 1235 Vetus
889 1188 972 1233 est
998 1180 1129 1233 illud
1159 1195 1172 1231 :
1209 1178 1345 1232 bene
1385 1175 1534 1239 dicit,
1575 1174 1669 1229 sed
1700 1190 1804 1229 non
1842 1174 1979 1229 bene

404 1275 613 1344 probat.
661 1273 750 1328 Sic
779 1274 1040 1327 sententia
1072 1286 1191 1326 vera
1235 1270 1489 1335 manebit,
1521 1269 1739 1322 tametsi
1767 1266 1831 1321 ad
1858 1282 1976 1321 eam

400 1364 822 1420 confirmandam
875 1364 1003 1418 falsa
1052 1362 1315 1417 interdum
1363 1361 1682 1415 adhibeatur
1711 1359 1976 1428 probatio.

400 1457 543 1512 Nihil
572 1466 661 1512 aut
683 1457 918 1526 putidius
938 1454 1029 1511 aut
1052 1456 1283 1524 ineptius
1302 1454 1405 1509 dici
1433 1453 1624 1523 potuit,
1650 1468 1807 1523 quam
1836 1451 1979 1521 quod

399 1550 787 1604 Parmenianus
814 1548 880 1603 ad
924 1545 1322 1617 reprobandum
1353 1544 1749 1600 Catholicorum
1778 1542 1983 1611 baptis-

2083 346 2182 415 legi
2205 354 2363 414 atque
2385 343 2538 415 113
2565 341 2835 412 cognosci,
2853 341 2968 396 haec
2988 340 3227 411 profecto
3242 352 3349 392 una
3371 344 3499 401 est,
3530 333 3595 384 in
3620 347 3727 399 qua

2082 452 2133 498 et
2156 442 2313 511 hujus
2335 441 2593 509 temporis
2615 440 2982 509 intemperiem
3001 451 3165 507 prope
3178 436 3464 505 depictam
3478 473 3498 498 ,
3545 440 3613 484 et
3629 443 3726 479 eo-

2085 549 2204 588 rum
2237 514 2614 595 certaminum,
2671 530 2865 604 quibus
2916 529 3066 585 orbis
3114 539 3298 584 uoster
3348 523 3729 584 concutitur,

2082 618 2313 697 effigiem
2343 624 2483 679 vivis
2508 625 2779 679 coloribus
2802 637 3112 693 expressam
3138 634 3261 676 esse
3288 619 3548 674 dixeris.
3580 614 3733 668 Nolo

2082 735 2225 774 nunc
2250 717 2706 787 comparationem
2731 727 3017 787 pertexere
3049 733 3063 770 :
3097 714 3240 785 quod
3265 728 3377 768 non
3400 709 3609 767 modo
3647 708 3731 761 fa-

2082 827 2207 867 cere
2237 826 2340 865 non
2374 825 2583 879 possem
2612 810 2731 865 sine
2760 808 2943 865 odiosa
2975 807 3196 874 invidia,
3231 806 3328 863 sed
3354 821 3425 862 ne
3459 804 3727 874 quidem

2082 905 2200 960 sine
2231 904 2584 959 acerbissimo
2610 903 2821 957 dolore.
2865 902 2931 956 Et
2974 899 3205 955 fortasse
3233 899 3476 954 interest
3534 895 3736 950 nomi-

2080 1001 2165 1054 nis
2210 997 2489 1053 christiani
2522 986 2663 1052 fosda
2716 996 2803 1049 illa
2836 993 3146 1065 opprobria,
3177 992 3361 1058 qualia
3408 990 3552 1045 haec
3583 997 3732 1042 aetas

2080 1091 2244 1157 videt,
2278 1090 2601 1158 sempiterna
2633 1087 2904 1142 oblivione
2955 1087 3130 1155 potius
3159 1083 3386 1153 sepeliri
3416 1096 3619 1152 quam
3656 1078 3731 1133 ad

2083 1180 2412 1253 posteritatis
2442 1181 2755 1236 memoriam
2780 1178 3094 1234 transmitti.
3128 1175 3236 1233 Sed
3264 1176 3359 1230 illa
3385 1166 3731 1230 licet'nunc

2078 1275 2498 1344 supprimantur,
2516 1281 2693 1326 tamen
2713 1270 2895 1325 nescio
2907 1268 3178 1340 quomodo
3192 1276 3249 1323 et
3269 1279 3497 1321 exstare
3510 1275 3582 1320 et.
3612 1264 3727 1331 legi

2078 1365 2329 1419 videntur
2359 1365 2411 1417 in
2440 1363 2574 1417 actis
2604 1362 3028 1427 Donatistarum,
3055 1368 3277 1429 totaque
3297 1374 3498 1413 eorum
3537 1360 3727 1410 terr:-

2081 1459 2173 1515 bili
2206 1458 2482 1528 tragmdia,
2502 1473 2621 1527 qua:
2649 1453 3001 1516 abs,scintilla
3027 1452 3115 1508 vel
3138 1451 3287 1506 fumo
3316 1451 3512 1507 nescio
3543 1449 3728 1519 cujus

2081 1549 2381 1605 ambitiosae
2406 1546 2789 1611 contentitinis,
2822 1546 2875 1599 in
2901 1559 2991 1599 eas
3022 1543 3273 1598 flammas
3301 1542 3543 1604 exarsit,
3585 1555 3723 1609 qua:

401 1658 545 1695 mum
594 1643 863 1710 allegabat
907 1641 1034 1696 illud
1074 1640 1288 1694 Davidis
1322 1657 1335 1693 :
1365 1642 1534 1692 oleum
1568 1637 1849 1709 peccatoris
1881 1654 1983 1690 non
2011 1638 2057 1698 Β
2088 1658 2191 1696 non
2220 1640 2377 1695 modo
2408 1640 2641 1693 Africam
2673 1638 2975 1692 universam
3006 1644 3388 1702 pcrvasernnt,
3413 1643 3473 1688 et
3506 1637 3716 1686 fuites-

402 1745 553 1805 unget
574 1745 725 1806 caput
754 1734 1108 1789 menmsNiltil
1139 1740 1255 1789 erat
1289 1731 1515 1797 facilius,
1546 1746 1704 1801 quam
1746 1730 1862 1785 loco
1893 1730 1979 1783 in-

400 1834 584 1895 specto
613 1834 667 1880 et
693 1826 894 1895 prolata
942 1825 1380 1894 interpretatione
1409 1838 1534 1878 vera
1572 1833 1676 1877 tam
1720 1822 1979 1876 insulsam

404 1916 606 1971 indocti
621 1917 893 1987 nugator-is
914 1916 1209 1972 fatuitatem
1226 1915 1499 1971 irridendo
1522 1915 1793 1970 refellere.
1820 1914 1980 1981 Quasi

405 2019 583 2062 tamen
633 2008 699 2063 ad
753 2024 861 2063 rem
915 2007 1113 2077 aliquid
1145 2008 1392 2073 dixisset,
1442 2008 1598 2061 sudat
1638 2006 1881 2076 Optatus,
1930 2017 1983 2060 et

404 2101 599 2153 frustra
625 2114 685 2154 se
728 2106 969 2169 torquet,
1002 2109 1062 2152 ut
1102 2098 1331 2153 excudat
1374 2097 1589 2167 aliquod
1618 2111 1934 2166 responsum
1968 2113 1980 2149 :

406 2191 568 2259 idque
589 2190 678 2244 dat
711 2189 854 2259 quod
878 2199 932 2245 et
953 2204 1056 2244 non
1083 2189 1257 2243 minus
1279 2191 1375 2243 abs
1404 2189 1598 2243 Davide
1620 2198 1702 2244 est
1726 2189 1982 2245 alienmn.

407 2281 593 2337 Fuerit
621 2296 749 2337 sane
777 2283 865 2337 illa
895 2281 1188 2338 infelicium
1220 2291 1519 2351 temporum
1549 2283 1743 2336 misera
1769 2281 1941 2350 caligo
1970 2300 1982 2334 :

410 2384 463 2429 et
498 2384 698 2430 nostra:
727 2375 891 2439 aetati,
944 2376 987 2431 si
1017 2375 1135 2445 plus
1166 2374 1241 2428 illi
1283 2373 1551 2431 aﬂulserit
1581 2375 1730 2440 lucis,
1755 2374 1988 2445 gratule-

410 2482 548 2521 mur.
574 2467 778 2523 Interea
808 2477 1010 2533 tamen,
1037 2467 1130 2537 qui
1161 2467 1289 2521 recti
1314 2466 1496 2536 judicii
1525 2477 1672 2531 sunt,
1698 2482 1989 2535 agnoscere

403 2559 457 2613 in
492 2560 590 2625 hoc
607 2561 869 2637 scriptore
898 2567 1140 2629 possunt,
1162 2559 1301 2629 quod
1332 2570 1386 2614 et
1412 2558 1467 2613 in
1491 2559 1609 2613 aliis
1634 2558 1780 2614 Afris
1810 2559 1991 2628 Scrip.

334 2724 339 2727 _
411 2650 616 2703 toribus
643 2649 993 2716 admiramur,
1025 2651 1337 2715 vehemens,
1370 2665 1513 2715 acre,
1541 2650 1764 2704 densum
1787 2660 1842 2705 et
1868 2666 1990 2705 ner-

410 2756 597 2795 vosum
630 2742 745 2796 sive
765 2742 975 2797 dicendi
1003 2743 1114 2797 sive
1138 2743 1441 2812 disputandi
1467 2759 1655 2813 genus,
1694 2747 1988 2813 praesertim

410 2834 453 2888 si
500 2834 553 2886 in
616 2848 899 2902 personam
952 2834 1214 2904 agendum
1264 2836 1351 2889 sit.
1397 2836 1726 2904 Scriptorem
1774 2835 1986 2903 quidem

409 2934 557 2980 certe
586 2924 727 2979 hunc
755 2933 968 2994 Oportet
1012 2936 1229 2995 propter
1272 2925 1425 2979 bonae
1454 2937 1505 2980 et
1532 2927 1757 2980 sincerae
1782 2929 1829 2979 in
1860 2942 1985 2998 nar-

2087 1736 2295 1791 tissimo
2314 1734 2603 1790 schismate
2632 1729 3192 1802 permiscuerunt,sed
3220 1736 3276 1782 et
3291 1729 3485 1783 orbem
3511 1728 3717 1781 chris-

2086 1827 2294 1882 tianum
2339 1825 2586 1880 incendio
2616 1823 2830 1893 longius
2854 1831 3132 1893 grassante
3170 1820 3571 1890 implicuerunt
3604 1834 3717 1871 an-

2087 1921 2172 1974 nis
2196 1919 2473 1989 plusquam
2502 1919 2759 1972 trecentis
2785 1933 2797 1968 :
2832 1928 2953 1969 nam
2985 1921 3039 1968 et
3067 1912 3405 1982 temporibus
3434 1911 3713 1982 Gregorii

2087 2010 2353 2081 pontificis
2401 2010 2627 2064 ltomani
2680 2007 2998 2078 perdurasse
3024 2007 3405 2077 cognoscimus
3443 2022 3513 2059 ex
3551 2005 3714 2058 illius

2089 2103 2352 2173 epistolis.
2390 2102 2487 2157 Vix
2515 2109 2693 2156 autem
2742 2099 2793 2155 in
2836 2098 3010 2154 Africa
3061 2107 3358 2168 utcumque
3404 2098 3714 2167 quieverat

2093 2196 2493 2252 Donatistarum
2546 2194 2725 2248 rabies
2770 2211 2781 2247 :
2830 2201 2884 2247 et
2935 2206 3063 2245 ecce
3110 2191 3281 2244 altera
3313 2189 3707 2243 Vandalomm

2092 2288 2413 2343 Arianorum
2457 2283 2755 2348 inundavit,
2779 2282 2997 2352 qualem
3036 2280 3329 2350 descripsit
3355 2278 3553 2335 Victor
3582 2279 3707 2334 Uti-

2091 2379 2287 2434 censis.
2333 2377 2450 2431 Non
2494 2374 2648 2430 fuero
2678 2384 2847 2440 vates,
2876 2374 2922 2427 si
2951 2388 3069 2443 qua:
3098 2374 3300 2427 nostris
3346 2371 3707 2440 temporibus

2094 2469 2465 2541 impendeant,
2512 2467 2718 2521 dixero.
2752 2465 2868 2521 Jam
2898 2466 3041 2519 enim
3070 2475 3122 2519 et
3154 2464 3328 2519 oculis
3357 2473 3699 2521 cernuntur,

2095 2574 2146 2618 et
2177 2562 2422 2616 manibus
2454 2569 2725 2614 tenentur.
2761 2557 2866 2613 Sed
2901 2542 3025 2625 quid
3058 2557 3299 2625 ingratus
3327 2554 3477 2608 orbis
3513 2564 3700 2607 terra-

2094 2670 2211 2709 rum
2239 2654 2399 2709 etiam
2427 2660 2718 2716 mereatur,
2746 2666 2849 2702 non
2874 2649 3109 2718 ignoras.
3133 2646 3319 2715 Itaque
3344 2655 3401 2699 et
3428 2651 3506 2709 te,
3537 2646 3704 2711 eujus

2095 2748 2210 2818 pios
2237 2747 2466 2816 gemitus
2495 2759 2671 2812 nuper
2698 2740 2897 2806 audivi,
2927 2741 2978 2793 in
3010 2738 3109 2792 hac
3136 2738 3380 2792 editione
3409 2740 3702 2809 appellare

2091 2839 2258 2904 volui,
2283 2847 2336 2891 et
2363 2837 2426 2890 ad
2454 2846 2505 2890 te
2528 2835 2729 2888 referre
2774 2832 2875 2885 hoc
2909 2830 3277 2885 testiinonium
3312 2843 3446 2883 mete
3474 2845 3617 2899 erga
3648 2840 3703 2885 te

2092 2928 2471 2986 observantim.
2520 2924 2734 2981 Memini
2763 2926 2928 2983 enim,
2956 2936 3051 2977 nec
3084 2935 3335 2990 umquam
3367 2919 3700 2985 obliviscar,

411 3018 715 3072 rationibus
754 3015 874 3073 ﬁdei
902 3018 1229 3087 Opinionem,
1280 3034 1487 3088 magnre
1519 3021 1848 3075 auctoritatis
1878 3032 1987 3075 sta-
2017 3026 2061 3087 C
2095 3042 2217 3081 cum
2267 3020 2632 3093 superioribus
2663 3018 2873 3082 diebus,
2927 3026 3145 3071 auctore
3202 3025 3280 3080 te,
3324 3013 3596 3068 dixissem
3629 3015 3701 3067 de

416 3110 510 3163 tim
542 3110 730 3176 fuisse,
768 3126 887 3164 cum
918 3111 1081 3165 etiam
1132 3111 1231 3181 ipsi
1280 3111 1588 3175 Donatistae,
1628 3128 1762 3183 quos
1793 3112 1990 3183 alioqui

413 3202 674 3261 acerrime
698 3202 1009 3266 insectatur,
1038 3203 1229 3257 vicisse
1247 3218 1305 3256 se
1337 3211 1600 3270 putarent,
1636 3205 1679 3259 si
1707 3205 1821 3275 ejus
1845 3208 1991 3261 testi-

413 3292 594 3345 nionio
625 3292 699 3346 uti
749 3292 1034 3362 aliquando
1086 3303 1321 3362 possent.
1367 3292 1456 3347 Sic
1487 3293 1795 3364 enim'quod
1828 3297 1995 3365 finge-

412 3385 544 3438 bant
569 3392 731 3454 atque
759 3384 1132 3440 fabulabantur
1171 3384 1239 3447 de
1281 3399 1378 3437 suo
1423 3385 1627 3439 Donato
1667 3386 1916 3440 absoluto
1942 3398 1995 3441 ct

413 3474 698 3531 Caeciliano
724 3477 992 3541 damnato,
1026 3478 1202 3533 conati
1232 3486 1354 3531 sunt
1378 3477 1614 3549 (tametsi
1659 3478 1710 3533 id
1755 3478 1998 3534 facerent

415 3584 521 3623 non
550 3569 725 3625 minus
781 3570 1099 3640 impudenti,
1150 3585 1308 3640 quam
1366 3570 1650 3641 perlidiosa
1705 3572 1995 3644 calumnia)

419 3660 594 3729 Optati
619 3663 788 3716 nostri
814 3664 993 3718 verbis
1018 3664 1256 3732 captiose
1282 3666 1622 3719 confirmare.
1672 3665 1852 3736 Itaque
1885 3666 1994 3739 (in-

419 3754 535 3822 quit
564 3751 891 3823 Augustinus
918 3755 970 3808 in
1003 3756 1277 3811 breviculo
1298 3758 1643 3813 collationum
1677 3774 1797 3814 cum
1821 3759 1999 3814 Dona-

423 3842 587 3915 tistis)
616 3845 759 3899 velut
778 3845 975 3915 aliquid
996 3846 1388 3927 validissimum
1423 3851 1699 3918 prolatnri,
1731 3852 2001 3921 petierunt

424 3935 672 4005 Optatum
696 3937 797 4008 legi
825 3955 839 3990 :
872 3938 1012 4007 quod
1041 3947 1094 3993 et
1124 3952 1279 3994 antea
1304 3943 1567 4010 petierant
1599 3960 1612 3996 :
1650 3954 1703 3999 et
1724 3945 1891 4000 lectus
1919 3955 2002 4002 est

424 4026 577 4082 locus
602 4026 797 4097 Optati,
834 4044 990 4099 quem
1016 4030 1308 4087 Donatistae
1330 4036 1714 4101 praetexebant.
1768 4038 1843 4092 De
1885 4039 2001 4106 ejus

426 4118 689 4171 sententia
712 4120 934 4188 quaestio
956 4118 1071 4173 fuit.
1104 4116 1361 4176 Catholici
1392 4138 1498 4178 non
1524 4134 1629 4179 tam
1653 4126 1999 4196 admirantes,

425 4223 581 4275 quam
614 4208 897 4265 irridentes
944 4212 1203 4267 insaniam
1234 4214 1686 4282 adversariorum,
1742 4221 2005 4289 rogarunt

427 4306 485 4351 ut
516 4299 720 4369 integer
744 4296 965 4370 Optatos
997 4305 1282 4375 legeretur,
1316 4307 1402 4375 qui
1437 4322 1575 4361 unus
1605 4308 2001 4365 Donatistarum

2089 3119 2211 3187 jure
2240 3115 2393 3170 civili
2435 3115 2485 3167 in
2536 3128 2674 3167 nova
2710 3109 2904 3165 Schola
2937 3109 3168 3178 Belgica,
3194 3122 3516 3161 conversum
3552 3106 3702 3159 inger

2096 3226 2195 3264 nos
2222 3223 2341 3262 esse
2372 3220 2676 3260 sermonem
2717 3203 2781 3256 ad
2814 3200 3240 3256 recordationem
3280 3201 3473 3254 veteris
3522 3201 3703 3252 histu-

2096 3303 2190 3356 riae
2246 3297 2659 3361 Ecclesiasticw,
2718 3295 2891 3363 deque
2946 3293 3089 3345 hisce
3141 3292 3335 3346 litteris
3381 3293 3702 3360 studiisogne

2098 3394 2238 3447 idem
2271 3392 2387 3456 tibi,
2440 3389 2581 3461 quod
2614 3389 2765 3455 mihi,
2805 3386 2972 3441 visum
3008 3386 3197 3441 fuisse.
3235 3385 3384 3439 Fecit
3432 3386 3537 3440 hoc
3573 3401 3703 3453 pro-

2098 3489 2237 3542 fecto
2282 3503 2384 3540 non
2416 3494 2524 3539 tam
2572 3486 2652 3538 vel
2702 3484 2892 3553 patria,
2923 3483 3002 3537 vel
3036 3479 3307 3543 educatio,
3340 3479 3421 3533 vel
3451 3480 3699 3531 armetis

2098 3578 2420 3643 communis,
2453 3592 2611 3646 quant
2664 3574 2856 3628 similis
2896 3573 3141 3642 quaadant
3184 3585 3314 3626 cura
3354 3568 3695 3639 reipublicaa

2104 3669 2252 3723 Vale.
2850 3658 2853 3659 ν

2116 3760 2119 3763 ⁷
2175 3759 2402 3831 Lutetite,
2439 3756 2694 3812 Kalendis
2718 3744 3055 3827 Septembris.

2647 3890 2836 3946 Joanm
2876 3903 3121 3944 LUCANIO.

2700 4003 2776 4057 1n.
2821 4001 3076 4056 CALVINO.

2184 4115 2315 4177 Cum
2348 4120 2446 4175 bos
2476 4116 2653 4188 Optati
2681 4114 2976 4184 librosjam
3007 4113 3308 4168 emissurus
3330 4120 3469 4165 esset
3498 4109 3696 4163 Libra-

2105 4217 2248 4283 rius,
2287 4212 2679 4268 admonuerunt
2722 4221 2807 4260 me
2836 4204 2992 4259 amici
3034 4214 3088 4259 et
3133 4202 3426 4256 familiares
3468 4200 3690 4270 quidam

2109 4309 2211 4364 mei
2245 4322 2351 4361 non
2377 4318 2535 4375 posse
2569 4315 2653 4355 me
2687 4298 2803 4353 sine
2833 4295 3254 4366 reprehensione
3283 4294 3693 4364 praetermittere

429 4389 705 4461 mendacia
760 4393 1098 4462 apertissime
1153 4396 1399 4453 refellere
1432 4406 1659 4468 poterat.
1714 4400 1803 4456 Sic
1843 4397 2084 4471 hujus‘D
2109 4402 2250 4475 quod
2287 4402 2461 4456 obiter
2485 4398 2537 4451 in
2567 4393 2798 4451 secunda
2845 4405 2967 4446 mea
3009 4389 3075 4444 ad
3102 4400 3153 4444 te
3178 4390 3525 4457 responsione
3546 4399 3689 4439 anno

431 4480 588 4534 unius
613 4480 908 4551 Seriploris‘
921 4488 1225 4543 testimonio
1247 4490 1463 4545 definita
1495 4490 1558 4545 lis
1581 4492 1669 4545 illa
1694 4493 1809 4547 fuit.
1833 4495 2005 4564 Opor-

434 4580 507 4624 tet
533 4569 749 4642 (iteaum
775 4571 916 4644 dico)
946 4592 1191 4646 magnum
1215 4590 1269 4634 et
1290 4582 1535 4635 maximae
1564 4584 1899 4640 auctoritatis
1920 4586 2006 4640 di-

432 4663 759 4732 gnitatiSque
782 4672 969 4717 testem
1001 4666 1188 4734 fuisse,
1214 4686 1374 4749 quem
1414 4673 1703 4729 Donatistae
1734 4672 1845 4747 (qui
1875 4676 2008 4733 nihil

433 4769 538 4809 non
564 4754 764 4825 alioqui
809 4753 1098 4827 audebant)
1130 4774 1236 4813 non
1266 4763 1377 4816 ausi
1405 4776 1532 4819 sunt
1579 4780 1851 4832 recusare,
1882 4782 2006 4822 cum

433 4860 611 4909 tamen
642 4847 711 4903 ab
740 4863 804 4901 eo
828 4847 1058 4923 jngulari
1087 4853 1429 4917 sepsenlirent
1455 4873 1469 4907 :
1500 4848 1606 4911 inito
1647 4872 1778 4913 vero
1805 4846 2027 4913 αλιυωέ

436 4941 541 4994 nite
571 4950 626 4996 et
653 4940 771 5015 falsi
809 4940 1051 4994 damnari
1080 4940 1405 5008 maluerunt,
1448 4962 1604 5014 quam
1630 4950 1679 5003 ei
1713 4949 1870 5004 [idem
1903 4966 2008 5005 non

432 5033 633 5087 habere
659 5032 850 5087 videri.
893 5031 1154 5101 Equidem
1189 5047 1291 5085 non
1325 5022 1543 5089 instituo
1576 5022 2015 5106 pluribus'vcrbis

434 5140 705 5193 exponere
733 5132 988 5194 quantum
1016 5123 1261 5177 utilitatis
1285 5138 1351 5177 ex
1391 5123 1538 5201 hisce
1557 5126 1733 5196 Optati
1766 5131 1917 5187 libris
1943 5134 2011 5188 ad

436 5218 730 5275 Ecclesiani
772 5220 951 5276 redire
983 5220 1168 5288 possit.
1224 5218 1327 5274 Sed
1377 5200 1503 5273 illud
1534 5200 1692 5275 modo
1723 5224 1879 5280 dico:
1928 5236 2009 5280 ta-

443 5313 595 5365 metsi
624 5313 738 5367 sola
782 5312 831 5366 in
863 5312 926 5367 iis
952 5310 1175 5385 historia
1206 5311 1475 5380 surgentis
1500 5322 1659 5379 atque
1684 5298 2015 5372 invalesccu-

444 5400 508 5454 tis
536 5403 841 5459 Donatianae
872 5415 1034 5460 sectae
1063 5402 1420 5473 factionisque
1458 5413 1715 5470 exstaret,
1740 5407 1896 5463 valde
1921 5425 2016 5465 eos

447 5494 735 5573 nonmon
761 5497 888 5549 olim
917 5494 1104 5563 fuisse,
1129 5495 1223 5551 sed
1253 5496 1545 5551 etiamnum
1570 5494 1690 5549 esSe
1732 5498 1886 5553 utiles
1916 5502 2020 5556 rei-

450 5581 672 5649 publicae
693 5585 1022 5648 christiana).
1056 5588 1124 5644 Et
1148 5603 1278 5645 vero
1299 5589 1343 5645 si
1366 5604 1471 5660 qua
1491 5597 1574 5645 est
1594 5587 1839 5659 historia,
1864 5607 2022 5663 quam

2110 4492 2375 4565 superiori
2418 4487 2684 4560 pollicitus
2715 4499 2836 4539 esse
2863 4483 3067 4546 videor,
3101 4479 3369 4535 dicturum
3399 4479 3526 4532 alias
3570 4492 3688 4531 esse

2112 4602 2220 4652 tne,
2245 4601 2350 4639 non
2377 4598 2533 4653 posse
2559 4597 2624 4636 ex
2658 4577 2883 4633 historia
2919 4575 3128 4644 judicii,
3153 4589 3261 4645 quo
3290 4573 3607 4628 Ctmfiltulllh
3634 4580 3685 4623 et

2113 4679 2350 4732 Donatus
2375 4671 2667 4728 conflictati
2694 4680 2840 4735 sunt,
2867 4667 2995 4723 illud
3021 4668 3163 4730 elici,
3190 4665 3330 4736 quod
3364 4675 3419 4718 tu
3441 4668 3561 4735 (qui
3580 4680 3683 4717 non

2113 4770 2311 4841 optima
2353 4768 2454 4821 fide
2490 4780 2602 4819 rem
2633 4772 2829 4817 tantam
2863 4763 3089 4817 recitare
3119 4760 3362 4836 videris)
3393 4767 3530 4813 tanta
3560 4774 3683 4812 con-

2107 4859 2334 4915 ‘lidentia
2360 4856 2567 4926 colligis
2592 4896 2606 4920 ,
2636 4864 2689 4909 ct
2712 4869 2812 4925 ego
2852 4852 3139 4922 aliquando
3184 4858 3454 4907 errantem
3494 4849 3676 4903 ducent

2117 4953 2307 5024 puerili
2340 4950 2568 5021 quadam
2606 4948 2923 5003 credulitate
2953 4959 3170 5001 secutus
3201 4946 3253 4998 in
3283 4959 3431 4999 meos
3453 4944 3514 4997 de
3542 4941 3676 4995 Con-

2119 5044 2354 5099 stantino
2397 5041 2819 5096 commentarios
2850 5038 3030 5092 retuli.
3054 5035 3213 5090 Certe
3245 5048 3561 5097 cumet-rer,
3594 5032 3672 5100 qui

2118 5140 2268 5201 latet,
2294 5137 2502 5207 longius
2525 5145 2704 5203 serpat
2739 5141 2795 5186 et
2827 5133 3087 5185 increscat
3114 5145 3127 5181 :
3154 5128 3376 5182 nimium
3409 5124 3672 5194 perfidiosa

2102 5232 2189 5283 sit
2216 5226 2615 5295 dissimulatio,
2647 5236 2767 5293 qua:
2797 5236 2918 5276 eum
2948 5220 3030 5274 vel
3066 5220 3159 5273 alit
3179 5218 3266 5273 vel
3290 5218 3437 5287 tegit,
3462 5230 3671 5286 praeser-

2117 5324 2211 5376 tim
2261 5322 2313 5375 in
2344 5317 2736 5385 quiestiouibus
2780 5311 3195 5369 licclesiasticis.
3227 5312 3318 5368 Sic
3353 5311 3561 5367 memini
3586 5309 3673 5363 Pe-

2121 5424 2258 5468 trum
2290 5421 2604 5482 martyrem,
2651 5409 2919 5464 hominem
2955 5416 3009 5461 et
3041 5406 3259 5462 doctum
3289 5416 3342 5460 et
3362 5406 3671 5476 diligentem,

2122 5490 2244 5575 quia
2273 5504 2578 5559 admonitus
2607 5517 2713 5556 non
2753 5499 2872 5566 fuit,
2908 5500 3096 5555 eodem
3141 5510 3232 5553 tuo
3263 5515 3445 5555 errore
3496 5496 3674 5567 impul-

2133 5611 2271 5664 sum,
2302 5613 2367 5654 ex
2397 5597 2505 5665 illa,
2531 5597 2600 5652 de
2626 5612 2731 5673 qua
2762 5599 2969 5669 loquor,
3002 5595 3247 5662 historia,
3274 5595 3454 5650 dicere
3479 5598 3675 5662 praeter-
