3828 6218
169 235 308 293 “09

1318 249 1413 303 AD
1460 249 1719 307 PRISIAM
1781 250 2153 311 EDITIONEM
2192 257 2462 315 ΟΡἸἈΤΙ.

3297 272 3434 327 Ἠἑο

165 364 229 403 ea
262 349 523 417 voluisse,
568 350 844 424 Principes
868 369 990 411 esse
1014 357 1288 428 religionis
1309 358 1576 428 legitimos
1600 359 1747 430 judi-
1776 360 1826 422 A
1856 361 1985 431 fori,
2035 376 2131 421 aut
2164 384 2273 423 suae
2296 370 2727 440 jurisdictionis:
2780 376 2938 431 sicuti
2984 392 3168 435 rursus
3214 382 3335 437 fecit
3378 388 3427 440 in

162 455 257 494 ces
288 442 446 511 :quia
472 441 718 515 (inquit)
746 444 1131 502 Constantinus
1172 449 1269 504 abs
1308 464 1368 504 se
1421 464 1525 504 non
1566 445 1757 519 rejecit

167 534 611 601 provocationem
642 534 1041 592 Donatistarum
1072 538 1346 593 aMiltiade
1363 540 1614 610 episcOpo
1644 542 1753 596 [lo-

160 638 331 678 mano
376 624 790 683 damnatorum:
841 629 936 684 sed
983 631 1253 700 negotium
1298 631 1598 687 Arelatensi
1637 633 1753 701 epi-

161 729 336 785 scopo
360 718 651 773 commisit.
680 703 840 774 Eram
854 722 1192 792 Argentorati
1217 722 1271 777 in
1292 722 1613 792 ejus-domo,
1628 738 1750 778 cum

162 806 297 860 talia
329 807 590 863 scriberet
642 808 699 863 in
750 810 942 865 librum
994 810 1261 868 Judieum.
1293 812 1399 868 Sed
1430 828 1536 867 non
1567 813 1753 868 aderat

164 895 421 969 Optatus,
448 900 537 969 qui
568 915 665 955 suo
691 904 999 959 tesumonio
1020 914 1075 961 et
1102 905 1425 971 auctoritate
1455 906 1753 976 depelleret

159 991 395 1046 nebulas
427 991 575 1047 falsa:
600 993 891 1064 opinionis,
926 995 1000 1051 illi
1032 997 1272 1052 historia:
1299 998 1461 1054 veluti
1495 999 1752 1054 incuban-

156 1093 269 1138 tes.
300 1084 377 1139 Ac
398 1085 659 1155 principio
685 1086 901 1156 quidem
921 1090 1034 1143 scio
1062 1090 1243 1144 mirari
1276 1092 1494 1156 multos,
1523 1093 1610 1162 qui
1637 1092 1749 1160 fiat,

157 1188 221 1233 ut
268 1193 391 1233 cum
436 1178 661 1249 Optatus
689 1188 744 1235 et
770 1181 1097 1251 Augustinus
1132 1182 1269 1238 hanc
1298 1183 1576 1239 historiam
1610 1187 1750 1240 reci-

156 1278 342 1325 tantes
367 1269 708 1325 nihilominus
727 1272 971 1326 attollant
996 1274 1246 1345 πρεσϐεῖα
1267 1275 1466 1329 veteris
1492 1275 1752 1332 Ecclesiae

154 1360 456 1428 Romanae;
492 1372 668 1417 tamen
696 1362 797 1417 hoc
829 1372 1071 1433 tempore
1105 1375 1154 1420 te
1183 1376 1238 1420 et
1284 1374 1404 1419 tuos
1452 1380 1518 1419 ex
1563 1366 1750 1422 eadem

155 1455 389 1510 historia
427 1456 565 1511 velle
592 1455 679 1510 illa
710 1455 1032 1525 deprimere,
1063 1458 1144 1512 vel
1178 1460 1339 1512 etiam
1373 1468 1619 1513 evertere
1653 1477 1665 1511 :
1696 1468 1751 1514 et

152 1548 379 1617 quidem
402 1556 457 1603 te
480 1548 533 1602 in
560 1546 708 1602 illius
731 1548 1081 1615 recitatione,
1113 1547 1352 1617 potuisse
1382 1548 1600 1604 laudare
1630 1550 1748 1619 epi-

152 1638 357 1693 stolam
402 1637 686 1709 Augustini
740 1639 1089 1693 centesimam
1122 1639 1507 1709 sexagesimum
1555 1654 1749 1695 secun-

1852 454 2071 525 Synodo
2095 458 2328 528 Niemna,
2356 477 2477 517 cum
2498 467 2736 535 episcopi
2766 466 2904 523 inter
2922 483 2980 524 se
3001 470 3269 541 litigantes
3302 491 3430 531 soos

1852 545 1927 598 illi
1954 547 2273 605 obtulissent
2315 552 2547 609 libellos.
2589 556 2732 628 Ergo
2786 572 3000 615 causam
3058 563 3328 619 Caeciliani
3377 581 3429 623 ct

1854 637 2040 694 Donati
2087 642 2261 712 rejicit
2299 645 2365 699 ad
2412 646 2672 715 judicium
2718 650 3170 721 Ecclesiasticum,
3199 661 3431 727 cuijnre

1851 744 1951 785 suo
1992 744 2249 802 przeesset
2301 735 2567 794 Miltiades
2606 740 2893 812 episcopus
2933 743 3221 812 Romanus,
3275 766 3429 818 quem

1853 833 2028 880 tamen
2079 834 2132 880 tn
2191 843 2296 883 non
2341 831 2443 885 nisi
2475 847 2541 887 ex
2574 835 2829 890 mandato
2874 837 3159 909 principis,
3195 842 3429 911 judicent

1852 913 2019 970 fuisse
2044 931 2252 972 narras.
2294 923 2373 974 An
2409 921 2570 990 igitur
2592 939 2715 979 eum
2744 926 2988 982 dicemus
3018 930 3132 985 vice
3171 947 3317 987 sacra
3342 934 3431 1003 ju-

1853 1006 2082 1073 dicasse,
2125 1020 2183 1064 ut
2222 1010 2368 1081 leges
2410 1028 2475 1068 eo
2526 1023 2768 1084 tempore
2820 1018 3217 1089 lorjuebantur?
3245 1024 3431 1091 Addis,

1852 1098 2070 1155 Jndices
2097 1101 2192 1157 abs
2220 1103 2577 1161 Constantino
2620 1106 2775 1163 datos
2824 1124 2929 1164 non
2978 1114 3138 1167 modo
3180 1129 3244 1170 ex
3282 1115 3431 1170 Italia

1853 1199 1908 1244 et
1953 1190 2163 1253 Gallia,
2205 1193 2295 1246 sed
2342 1195 2502 1248 etiam
2555 1213 2617 1250 ex
2670 1196 2945 1268 Hispania.
2991 1200 3101 1257 Cur
3147 1204 3319 1268 addis,
3368 1221 3431 1260 ex

1856 1282 2147 1353 Hispania?
2180 1300 2298 1339 nam
2325 1302 2429 1342 non
2457 1289 2675 1343 memini
2731 1291 2866 1346 alios
2897 1294 3060 1350 fuisse
3088 1311 3245 1363 quam
3272 1297 3435 1355 itali-.e

1855 1386 1910 1429 et
1963 1375 2146 1431 Gallia).
2190 1379 2488 1449 episcopos.
2547 1382 2657 1437 Etsi
2716 1385 2859 1438 enim
2920 1385 3247 1457 Augustinus
3296 1394 3433 1447 refe-

1854 1476 1957 1532 rat,
1997 1468 2141 1538 quod
2181 1470 2394 1525 dicebat
2445 1472 2871 1543 Parmenianus,
2930 1494 3028 1547 per
3075 1480 3257 1535 Osium
3315 1484 3434 1538 llis-

1828 1574 2073 1627 'pannm,
2120 1562 2444 1632 adjotoriutn
2487 1563 2578 1636 (ut
2618 1566 3049 1637 aitlpraestitum
3095 1587 3216 1626 esse
3268 1573 3433 1629 CtL-ci-

1853 1649 2239 1708 liano:tamen
2288 1655 2437 1709 illum
2493 1657 2651 1727 hujus
2692 1658 2927 1728 judicem
2990 1662 3154 1719 fuisse
3204 1680 3308 1720 non
3354 1668 3433 1721 (li-

150 1731 551 1829 gamlqlla‘r‘m
576 1745 703 1829 Ϊθτθ
745 1741 950 1797 "armis
983 1730 1470 1829 Q_“°d(l“3¢|;i||'05»
1502 1730 1580 1785 δίο
1600 1732 1748 1786 add”
1778 1736 1823 1796 B
1850 1742 1945 1797 cit.
1996 1743 2111 1797 Non
2183 1746 2529 1803 dubitabatur
2562 1724 2654 1806 vde
2694 1724 2955 1810 'Miltiade
3010 1756 3295 1829 epiSCOPO‘
3327 1760 3433 1817 Ilo-

150 1823 226 1878 de
287 1823 525 1879 Ecclesia
580 1823 817 1878 Romana
841 1865 856 1889 ,
887 1824 1028 1893 quod
1067 1837 1252 1893 negas.
1284 1822 1506 1893 Oportet
1544 1832 1741 1890 autem,

149 1916 340 1986 magni
379 1915 658 1986 cujusdam
682 1918 775 1985 (ut
811 1915 882 1970 ita
928 1915 1147 1985 loquar)
1178 1915 1469 1986 prmjudicii
1495 1913 1745 1971 fuisseil-

148 2008 250 2062 iud
278 2007 561 2077 judicium,
602 2008 671 2063 de
706 2008 860 2077 cujus
902 2008 1036 2062 actis
1061 2022 1357 2076 eorumque
1385 2006 1606 2061 veritate
1638 2018 1741 2061 tam

148 2098 319 2153 valde
345 2098 541 2155 deinde
562 2099 828 2170 litigatum
858 2108 958 2154 est.
990 2100 1045 2153 In
1070 2113 1136 2153 ea
1169 2099 1386 2169 quidem
1417 2110 1566 2153 certe
1598 2114 1742 2153 asse-

149 2190 330 2245 renda
378 2198 537 2260 atque
580 2191 839 2245 adversus
881 2191 1279 2246 Donatistarum
1314 2191 1612 2245 calumnias
1650 2190 1744 2244 de-

149 2281 429 2337 fendenda
464 2282 799 2351 potissimum
823 2283 1172 2338 elaborarunt
1200 2282 1426 2352 Optatus
1457 2290 1514 2338 et
1538 2278 1745 2352 Anglis?

151 2376 309 2430 tinus
342 2392 355 2428 :
389 2390 495 2444 quo
524 2375 694 2445 magis
726 2375 944 2446 indigne
980 2376 1260 2432 ferendum
1288 2387 1430 2432 esset
1461 2390 1598 2430 nunc
1625 2391 1744 2429 eam

150 2482 352 2523 rursus
392 2467 677 2539 depravari
709 2486 720 2522 :
758 2471 967 2524 tametsi
1014 2468 1068 2522 in
1117 2486 1179 2525 ea
1208 2468 1480 2525 recitanda
1512 2469 1619 2524 falli
1651 2468 1747 2521 ali-

148 2578 347 2634 quem,
381 2564 556 2618 minus
583 2564 839 2630 mirabor,
873 2566 995 2633 quia
1027 2567 1366 2620 meminerim
1406 2565 1571 2635 ipsius
1608 2581 1745 2636 quo-

147 2672 265 2728 que
295 2656 596 2727 Augustini,
639 2671 759 2710 cum
791 2656 981 2711 ederet
1019 2659 1436 2713 commentarios
1478 2658 1748 2728 probatio—

148 2766 289 2803 num
346 2758 404 2804 et
460 2747 886 2804 testimoniorum
940 2758 1125 2803 contra
1176 2744 1521 2815 Donatistas,
1583 2750 1747 2805 fuisse

147 2840 379 2911 aliquod
407 2841 702 2913 μνημονικὸν
731 2839 1033 2917 ἁμάρτημα,
1064 2840 1203 2908 quod
1236 2849 1290 2895 et
1315 2842 1368 2895 in
1390 2841 1504 2896 suis
1527 2840 1749 2896 Retrac-

147 2937 426 2987 tationum
457 2933 606 2988 libris
631 2932 907 2987 confessus
946 2939 1048 2987 est.
1096 2932 1276 2986 Dicam
1311 2932 1574 3000 breviter,
1604 2932 1745 3001 quod

144 3027 342 3081 verius
372 3040 511 3097 esse,
533 3025 806 3090 existimo,
832 3039 937 3079 non
980 3035 1037 3078 ut
1076 3033 1129 3079 te
1172 3025 1423 3088 doceam,
1457 3025 1577 3095 (qui
1602 3025 1743 3079 enim

1853 1849 2028 1889 mano.
2078 1835 2183 1891 Sed
2248 1838 2539 1895 Donatistae
2580 1842 2791 1912 judices
2840 1846 3039 1903 habere
3079 1849 3331 1905 volebant
3369 1870 3432 1907 ex

1848 1924 2039 1981 Gallia.
2096 1928 2319 1998 Optatus
2365 1943 2550 1987 narrat
2592 1934 2749 1990 datos
2790 1952 2912 1992 esse
2971 1949 3080 1995 tres
3125 1957 3187 1998 ex
3240 1920 3432 2011 Callia,

1847 2019 2150 2088 quindecim
2206 2037 2270 2076 ex
2319 2021 2469 2077 Italia
2534 2034 2733 2094 praeter
2780 2026 3070 2085 Miltiadem
3099 2074 3114 2100 ,
3171 2036 3262 2103 qui
3311 2037 3436 2091 Afer

1847 2122 1982 2175 erat.
2008 2113 2102 2168 sed
2126 2122 2244 2169 erat
2268 2115 2539 2171 Romanus
2565 2120 2811 2174 antistes.
2834 2121 2953 2177 Jam
2978 2139 3105 2179 vero
3133 2127 3290 2180 tertio
3316 2128 3433 2184 loco

1856 2203 2013 2275 114.
2039 2205 2321 2275 diligenter
2348 2216 2493 2274 nota,
2521 2210 2662 2280 quod
2682 2210 2908 2281 Optatus
2937 2214 3077 2269 inter
3110 2216 3228 2272 illos
3249 2218 3432 2275 Gallos

1848 2306 2096 2364 numerat
2148 2298 2409 2355 Marinum
2472 2301 2846 2359 Arelatensem
2899 2306 3242 2377 episcopum;
3286 2326 3434 2365 enm-

1848 2407 1951 2461 que
1997 2392 2262 2462 significat
2287 2395 2504 2450 venisse
2535 2396 2783 2464 Romam,
2829 2407 2888 2452 ut
2926 2400 3149 2456 Miltiadi
3196 2404 3430 2458 adesset.

1851 2483 1961 2538 lloc
1999 2484 2140 2539 enim
2189 2486 2321 2540 illud
2361 2487 2697 2556 potissimum
2742 2501 2853 2556 est,
2916 2493 3057 2561 quod
3109 2503 3159 2549 te
3203 2495 3429 2553 fefellit:

1850 2591 1979 2645 pace
2005 2586 2090 2632 tua
2116 2588 2170 2635 et
2191 2579 2329 2634 bona
2368 2580 2537 2649 gratia
2571 2581 2640 2635 ita
2684 2582 2890 2652 loquar,
2916 2584 3039 2652 quia
3074 2585 3239 2642 libere
3263 2599 3316 2643 et
3346 2589 3429 2643 fa-

1850 2665 2129 2733 miliariter
2187 2679 2360 2723 tecum
2410 2670 2552 2739 loqui
2610 2671 2802 2726 solitus
2845 2688 2983 2727 sum.
3033 2672 3326 2732 Contendis
3379 2680 3429 2734 in

1854 2759 1950 2811 hac
1990 2772 2148 2812 causa
2188 2760 2559 2815 Arelatensem
2606 2760 2767 2817 fuisse
2799 2762 3042 2820 Romano
3074 2769 3427 2836 superiorem.

1852 2848 2084 2902 Primum
2137 2851 2239 2904 hoc
2294 2851 2527 2905 insolens
2559 2862 2613 2907 et
2653 2853 2946 2909 inauditum
2993 2867 3094 2911 est.
3128 2858 3287 2915 Certe
3327 2859 3431 2932 Cy-

1851 2940 2068 3009 prianus
2096 2939 2243 3006 Afer,
2276 2943 2517 3010 quamvis
2549 2943 2768 2997 minime
2805 2944 3112 3001 blandiatur
3153 2947 3427 3019 Stephano

1852 3032 2105 3101 episcopo
2134 3032 2377 3087 Romano
2402 3077 2415 3100 ,
2452 3044 2627 3088 tamen
2657 3035 2800 3091 illius
2836 3052 2958 3093 esse
3000 3040 3074 3093 ait
3114 3051 3429 3109 potestatem

147 3128 343 3189 posset
370 3133 461 3173 sus
488 3117 852 3187 Minervam?)
903 3117 996 3171 sed
1040 3126 1095 3169 nt
1130 3131 1196 3171 ex
1223 3115 1439 3185 Optato,
1473 3131 1535 3170 ea
1581 3119 1633 3170 in
1688 3131 1745 3173 re
1776 3104 1819 3164 ί)
1852 3125 2144 3195 castigandi
2178 3125 2569 3196 abdicandique
2616 3127 2863 3183 Martiani
2920 3104 3249 3187 Arelatensis
3318 3134 3427 3203 epi-
3467 3184 3473 3189 .

142 3211 363 3283 aliquid
394 3211 645 3267 didicisse
675 3227 760 3266 me
789 3210 980 3276 fatear,
1004 3210 1147 3280 quod
1177 3211 1231 3265 in
1266 3221 1355 3265 tua
1399 3210 1594 3267 Schola
1651 3221 1743 3273 τῆς

142 3306 522 3381 ἀνιστορησίας
559 3318 667 3358 non
709 3312 1007 3373 potueram.
1037 3302 1114 3358 Ac
1145 3303 1408 3373 imprimis
1432 3302 1646 3373 quidem
1680 3304 1745 3357 li-
1784 3318 1787 3324 ί

141 3412 326 3469 qnere
355 3396 591 3454 arbitror
615 3395 961 3452 Caiciiianum
1009 3399 1061 3451 in
1109 3397 1319 3469 synodo
1346 3398 1573 3468 quadam
1613 3397 1743 3452 Car-

144 3490 467 3563 thaginiensi
502 3492 681 3562 inique
707 3493 1038 3558 damnatum,
1076 3505 1196 3546 cum
1222 3491 1417 3546 absens
1445 3499 1611 3553 esset,
1636 3506 1740 3545 non

143 3597 340 3642 tamen
378 3585 680 3655 appellasse
722 3583 1152 3639 Constantinum.
1187 3583 1299 3637 imo
1327 3598 1457 3638 vero
1496 3582 1741 3636 Donatis-

142 3694 234 3738 tas
287 3696 384 3749 per
415 3680 765 3735 Annullinum
797 3678 1079 3748 quemdam
1104 3720 1119 3744 ,
1176 3677 1447 3732 hominem
1494 3676 1734 3745 impium,

138 3786 381 3829 curasse
406 3812 420 3835 ,
449 3782 505 3825 ut
533 3786 690 3826 causa
722 3769 836 3824 haec
864 3769 931 3824 ad
962 3766 1370 3822 Constantinum
1398 3806 1412 3829 ,
1441 3767 1533 3836 qui
1581 3767 1740 3836 paulo

137 3871 286 3919 ante
346 3862 400 3915 in
451 3859 601 3914 Italia
648 3858 975 3914 Maxentium
1030 3865 1393 3927 Oppresserat,
1425 3856 1735 3911 referretur.

135 3955 332 4015 Credo
390 3944 703 4008 diffidentes
754 3951 959 4022 judicio
1018 3952 1395 4021 episcoporum
1461 3951 1735 4017 Afrorum,

135 4046 299 4120 quod
328 4047 383 4101 in
414 4047 690 4101 absentem
738 4046 913 4120 potius
953 4060 1111 4116 quam
1144 4054 1514 4101 contumacem
1560 4046 1740 4115 inique

138 4119 429 4214 prolatum
457 4146 596 4205 erat,
625 4119 862 4193 voluisse
888 4137 1227 4208 imperatoris
1249 4139 1512 4193 sententia
1532 4176 1549 4204 ,
1579 4153 1737 4205 quam

135 4251 257 4291 non
292 4232 475 4287 minus
494 4231 651 4286 facile
681 4231 880 4286 elicere
908 4245 969 4285 se
1007 4245 1169 4301 posse
1212 4230 1576 4296 confidebant,
1608 4230 1738 4287 illud

133 4324 492 4385 confirmari.
526 4323 633 4379 Sed
661 4337 783 4378 cum
819 4322 1063 4377 odiosum
1098 4334 1152 4377 et
1182 4324 1233 4377 in
1265 4308 1444 4378 causis
1475 4321 1739 4377 Ecclesia-

132 4420 304 4476 3ticis
353 4416 591 4473 insolens
625 4415 728 4470 hoc
773 4415 1100 4485 exemplum,
1128 4431 1233 4485 quo
1254 4414 1589 4485 principibus
1617 4414 1735 4467 talis

126 4507 460 4584 jurisdlctio
505 4507 864 4572 deferebatur,
913 4483 1032 4561 esse
1075 4483 1358 4572 sentirent,
1402 4483 1739 4574 impudenter
1766 4483 1816 4542 D

128 4602 394 4663 cavillati
429 4610 553 4656 sunt
598 4600 794 4655 factum
842 4614 965 4654 esse
993 4598 1060 4653 ab
1098 4598 1216 4667 ipso
1260 4597 1565 4663 Caeciliano,
1595 4596 1736 4667 quod

128 4698 245 4767 ipsi
282 4694 545 4751 fecerant.
581 4696 758 4763 Atque
802 4694 918 4746 haec
953 4706 1056 4746 una
1088 4690 1215 4746 facti
1241 4692 1464 4761 quaestio
1490 4701 1573 4745 est
1599 4693 1737 4746 inter

129 4791 411 4859 Optatum
452 4795 696 4840 nostrum
732 4790 786 4839 e‘t
824 4784 1261 4839 Parntenianum.
1296 4782 1401 4838 Sed
1429 4782 1736 4838 Donatistas

127 4878 495 4937 commisisse
537 4876 679 4947 quod
720 4876 1009 4932 Cteciliano
1038 4876 1303 4931 invidiose
1330 4875 1731 4940 adscribebant,

129 4974 249 5029 hoc
304 4978 415 5034 est,
460 4968 556 5023 abs
608 4967 964 5024 Constantino
992 4969 1214 5039 petiisse
1251 4968 1480 5038 judices,
1536 4967 1736 5036 liquide

131 5062 351 5134 probat
377 5060 625 5134 Optatus,
670 5074 793 5117 cum
848 5061 1049 5132 profert
1092 5077 1276 5117 eorum
1318 5061 1554 5117 libellum
1583 5062 1732 5117 obla-

130 5169 260 5213 tum
287 5154 663 5210 Constantino.
700 5153 872 5210 Simul
909 5164 1088 5209 autem
1118 5153 1264 5208 addit
1292 5152 1735 5236 (quodﬁecundo

127 5254 268 5309 loco
291 5261 532 5312 mecum,
573 5247 765 5313 velim,
807 5246 1100 5316 observes)
1124 5242 1477 5312 Constantini,
1501 5245 1731 5316 quodam

129 5339 316 5397 veluti
342 5336 572 5407 pudore,
607 5337 674 5391 ab
710 5336 867 5405 hujus
892 5350 1071 5407 causa:
1100 5337 1405 5406 cognitione
1429 5335 1729 5389 abhorren-

128 5436 233 5498 tis,
266 5442 324 5485 et
355 5442 500 5491 eam,
525 5436 782 5494 quantutn
813 5435 1015 5495 potest,
1049 5427 1349 5481 recusantis
1370 5469 1385 5493 ,
1410 5436 1570 5495 atque
1608 5426 1732 5495 reji-

129 5521 346 5580 cientis
381 5531 699 5585 responsum
735 5532 749 5569 :
790 5517 961 5585 petitis
986 5533 1018 5569 a
1045 5534 1123 5570 me
1154 5518 1205 5570 in
1226 5516 1413 5579 stucqu
1450 5516 1731 5583 judicium,

125 5628 257 5667 cum
281 5623 382 5678 ego
407 5607 520 5676 ipse
540 5602 727 5659 Christi
738 5604 995 5673 judicium
1016 5618 1316 5676 exspectem.
1343 5608 1479 5675 Ergo
1500 5612 1732 5676 optimus

144 5706 468 5775 [inperator
498 5705 841 5769 protestatur,
870 5713 1117 5771 non‘esse
1146 5698 1282 5753 hanc
1302 5714 1515 5755 causam
1538 5708 1628 5754 aut
1648 5703 1729 5757 sui

1847 3218 2017 3286 scepi.
2045 3216 2200 3272 Nunc
2227 3218 2390 3271 homo
2415 3217 2600 3273 Gallus
2646 3220 2873 3288 probare
2923 3222 3037 3275 vult
3061 3221 3427 3279 Arelatensem

1847 3323 1966 3364 esse
1990 3310 2225 3379 judicem
2255 3302 2421 3380 ipsius
2470 3310 2719 3365 Romani.
2765 3312 2869 3367 Sed
2918 3316 3287 3383 probationem
3336 3332 3430 3371 au-

1847 3401 2076 3469 diamus.
2136 3404 2233 3457 Ais
2291 3403 2554 3458 Donatum
2613 3420 2641 3457 a
2681 3404 2915 3460 Miltiade
2952 3406 3261 3461 damnatum
3308 3424 3431 3477 pro-

1847 3508 2100 3557 vocasse,
2151 3493 2670 3564 Constantinumque
2718 3496 2876 3564 hujus
2924 3498 3300 3566 appellationis
3343 3500 3430 3569 ju-

1846 3584 2043 3640 dicium
2094 3583 2452 3639 demandasse
2506 3587 2763 3655 episcopo
2808 3586 3149 3653 Arelatensi,
3201 3592 3287 3657 qui
3344 3606 3427 3645 se—

1846 3676 1969 3732 deat
2009 3676 2213 3741 Judex,
2263 3687 2323 3729 ut
2362 3686 2483 3745 post
2527 3676 2826 3731 Romanum
2887 3680 3196 3746 pontificem
3225 3721 3238 3743 ,
3284 3682 3425 3750 quod

1846 3770 2016 3821 visunt
2047 3766 2236 3832 fuerit,
2272 3768 2583 3835 pronuntiet
2613 3786 2624 3821 :
2656 3768 2801 3822 itane
2839 3770 3015 3822 vero?
3056 3769 3191 3835 Quid
3241 3785 3426 3840 supcr-

1844 3867 1945 3921 est,
1975 3872 2132 3926 quam
2162 3864 2219 3911 ut
2246 3856 2617 3912 Arelatensem
2654 3859 2889 3913 colloces
2929 3873 3088 3927 supra
3132 3861 3325 3913 solium
3357 3863 3427 3930 ip-

1844 3951 1956 4004 sius
1988 3964 2200 4019 quoque
2231 3948 2593 4015 Constantini,
2624 3950 2711 4019 qui
2744 3951 2795 4004 in
2838 3942 3074 4019 antiquis
3123 3951 3429 4021 inscriptio-

1844 4042 1999 4095 nibus
2025 4042 2325 4111 appellatur
2354 4041 2513 4096 etiam
2546 4044 2786 4112 pontifex
2820 4045 3132 4100 maximus?
3163 4044 3321 4115 Atqttl
3371 4057 3427 4101 nt

1845 4140 1895 4185 te
1949 4131 2142 4186 refellit
2169 4131 2413 4203 Optatus,
2445 4150 2570 4189 cum
2608 4133 2843 4189 affirmat
2897 4134 3263 4192 Arelatensem
3307 4138 3429 4207 Epi-

1842 4239 2063 4294 scopum
2110 4226 2162 4279 in
2201 4225 2363 4294 priori
2387 4224 2591 4296 judicio
2636 4224 2870 4282 adfuisse
2895 4268 2910 4294 ,
2954 4239 3115 4299 atque
3149 4228 3427 4285 adsedisse

1842 4317 2217 4374 Miltiadizsic
2269 4335 2455 4374 rursus
2528 4319 2760 4376 alterum
2830 4320 3140 4391 figmentum
3208 4325 3420 4388 evertit,

1844 4425 1965 4465 cum
1994 4422 2212 4476 narrat,
2244 4413 2657 4468 Constantinum
2706 4415 3034 4484 appellatum
3084 4415 3276 4469 iterum
3323 4415 3421 4469 abs

1844 4516 1901 4557 se
1957 4503 2208 4573 rejccisse
2258 4505 2617 4575 cognitionem
2658 4504 2814 4575 hujus
2857 4521 3032 4561 causa:
3074 4505 3415 4578 :etquidem

1843 4599 2201 4654 detestantem
2227 4586 2337 4653 'hoe
2360 4580 2530 4669 genus
2557 4598 2776 4652 furiosae
2798 4598 3212 4668 provocationis,
3237 4598 3417 4651 excla-

1843 4705 2058 4746 masse:
2093 4709 2121 4745 o
2148 4691 2326 4745 rabida
2364 4692 2558 4763 furoris
2603 4691 2866 4744 audacia!
2909 4700 3011 4745 etc.
3054 4690 3130 4744 sic
3170 4690 3310 4744 enim
3365 4700 3420 4745 et

1840 4785 1893 4836 in
1936 4784 2296 4853 manuscripta
2351 4784 2575 4853 epistola
2604 4782 2978 4849 Constantini,
3008 4783 3059 4836 in
3090 4797 3191 4851 qua
3232 4797 3416 4838 rursus

1842 4877 1955 4931 haec
1986 4878 2207 4933 historia
2239 4887 2503 4942 narratur,
2534 4876 2791 4945 scriptum
2822 4885 2909 4929 est
2937 4894 2949 4929 :
2977 4884 3031 4930 et
3064 4873 3128 4927 ad
3156 4875 3414 4941 majorem

1841 4971 2250 5025 detestationem
2278 4970 2545 5038 adjicitur,
2576 4969 2673 5022 abs
2702 4967 2907 5023 caelesti
2947 4966 3156 5035 judicio
3201 4966 3268 5022 ad
3315 4978 3420 5023 ter-

1841 5076 2029 5115 renum
2103 5059 2515 5128 appellationem
2589 5057 2727 5112 hanc
2796 5058 3165 5126 interpositam
3223 5058 3412 5114 videri.

1838 5152 2021 5219 itaque
2051 5158 2104 5203 et
2130 5165 2192 5204 ex
2218 5165 2279 5203 ea
2298 5150 2642 5218 potissimum
2676 5149 2902 5219 epistola
2935 5151 3142 5205 restitui
3172 5162 3225 5205 et
3254 5153 3415 5205 casti-

1839 5244 1960 5314 gavi
2018 5242 2158 5296 hunc
2213 5240 2394 5311 Optati
2434 5244 2628 5299 locum.
2658 5243 2749 5312 qui
2782 5253 3065 5313 corruptus
3121 5244 3318 5310 alioqui
3360 5251 3415 5295 et

1840 5333 2128 5389 mendosus
2154 5341 2299 5398 erat;
2332 5318 2662 5405 cognoviquc
2686 5334 3066 5404 repudiandam
3088 5347 3207 5385 esse
3230 5347 3415 5388 emen-

1837 5426 2104 5479 «lationem
2166 5426 2359 5480 eruditi
2406 5438 2459 5483 et
2520 5427 2780 5497 ingeniosi
2845 5423 3262 5488 Jurisconsulti,
3320 5426 3411 5495 qui

1836 5532 1955 5573 cum
2000 5532 2097 5587 pro
2146 5526 2191 5570 α’
2220 5518 2440 5584 rabida,
2502 5520 2552 5571 in
2595 5515 2908 5586 quibusdam
2938 5513 3087 5568 libris
3124 5514 3307 5583 orbita,
3359 5518 3413 5571 in

1835 5611 1953 5663 aliis
2019 5611 2216 5676 arbita,
2269 5612 2367 5681 legi
2416 5606 2911 5671 animadvertisset,
2967 5613 3125 5661 acute
3181 5609 3417 5679 coniecit

1843 5708 1998 5758 notas
2025 5711 2146 5760 esse
2166 5704 2395 5773 antiqua:
2424 5697 2665 5755 formula:
2688 5738 2701 5764 ,
2736 5711 2854 5766 qum
2881 5695 3276 5769 significarent,
3304 5716 3334 5754 a
3363 5717 3419 5756 re
