3828 6218
415 310 538 365 Illi

1606 308 2113 367 PHzEFATIONES
2147 310 2463 368 BALDUINI

3446 109 3809 179 -τι

3542 310 3706 369 1112

405 430 525 481 bene
543 430 780 500 judicala
807 440 993 485 tentcre
1015 430 1308 501 appellasti.
1346 430 1453 485 Sed
1478 428 1523 484 si
1544 429 1721 483 dicere
1746 444 1849 482 non
1875 442 1989 498 pos-
2016 437 2071 496 Α
2095 444 2195 484 nus
2236 430 2303 483 ah
2334 430 2399 483 iis
2427 444 2609 485 rursus
2640 429 2914 486 absolutus
2959 430 3141 499 fuerit,
3172 444 3279 486 non
3310 437 3497 485 tamen
3526 430 3700 500 quie-

408 537 595 577 sumus
650 531 772 578 tunc
808 524 1227 591 Constantinum
1258 521 1325 576 de
1362 521 1459 576 hac
1506 521 1867 592 appellatione
1904 535 1997 575 co-

408 616 837 687 gnovissehtque
860 616 1131 688 judicasse
1154 660 1167 684 ,
1201 632 1457 687 quorsum
1486 617 1532 671 ei
1563 615 1996 671 adscriberemus

410 709 692 765 formulam
725 713 1027 778 sementim,
1080 727 1182 781 qua
1226 710 1585 780 pronuntiarit
1638 710 1834 779 injuste
1872 724 1996 765 esse

409 802 775 872 appellatum?
817 807 974 860 Certe
1024 820 1143 859 cum
1195 814 1379 875 postea
1424 804 1635 858 tandem
1666 810 1886 859 coactus
1914 813 1997 859 est

406 894 669 964 judicare,
699 897 854 967 longe
890 897 1010 951 aliis
1039 911 1159 952 eum
1190 897 1367 951 verbis
1396 911 1552 951 usum
1584 910 1704 951 esse
1735 894 1995 966 Augusti-

413 1001 514 1039 nus
543 988 694 1041 testis
725 998 826 1042 eSt.
871 987 1101 1057 Optatos
1142 989 1359 1058 quidem
1413 1004 1517 1042 non
1568 988 1819 1061 meminit
1864 988 1999 1061 alio-

412 1092 531 1137 rum
593 1078 832 1147 judicum
895 1080 1091 1133 iterum
1156 1078 1440 1144 datorum;
1491 1078 1585 1132 sed
1647 1078 1999 1135 nihilominus

413 1170 667 1235 exsultas,
702 1171 823 1239 quia
868 1170 964 1239 (ti‘t
994 1169 1110 1240 ais)
1137 1170 1843 1240 ConstantinusZArelatensi
1885 1170 2005 1240 epi-‘

412 1277 575 1332 scopo
642 1263 989 1318 demandavit
1050 1263 1307 1333 judicium
1382 1263 1538 1333 hujus
1598 1263 1994 1333 appellationis.

412 1354 563 1410 Itane
590 1356 759 1410 vero?
798 1358 956 1426 Atqui
992 1357 1078 1411 hic
1107 1356 1437 1411 Arelatensis
1479 1356 1590 1426 jam
1631 1365 1787 1411 antea
1834 1356 1998 1426 judex

414 1445 588 1501 fuerat
628 1463 752 1501 cum
801 1449 1082 1503 Miltiade?
1111 1464 1178 1503 an
1222 1449 1289 1503 ab
1344 1449 1531 1504 eodem
1579 1449 1721 1503 idem
1761 1449 2000 1519 appella-

416 1541 542 1595 tur?
569 1558 636 1597 au
674 1543 765 1614 qui
794 1543 1079 1611 judicavit,
1115 1545 1309 1599 iterum
1341 1546 1445 1601 erit
1473 1544 1637 1614 judex
1685 1544 2001 1616 appellatio-

416 1632 537 1687 nis?
563 1633 700 1699 Quid
732 1644 946 1689 nostras
972 1636 1117 1705 leges
1145 1638 1454 1705 opponam?
1483 1637 1597 1706 ipse
1636 1651 1827 1692 sensus
1853 1652 2001 1691 com-

414 1725 591 1779 munis
639 1727 744 1781 tale
793 1736 1100 1798 portentum
1152 1720 1376 1783 refellit:
1402 1728 1470 1783 At
1514 1730 1871 1799 Augustinum
1922 1738 2002 1785 te—

2099 522 2243 578 visse
2284 524 2618 589 Donatistas,
2668 524 2758 595 qui
2806 539 2909 580 non
2962 524 3123 579 alium
3160 539 3334 596 .quam
3378 520 3707 577 Constanti-

2100 629 2227 669 num
2282 614 2526 683 accipere
2571 614 2807 685 judicem
2849 615 3098 671 volebant
3134 616 3245 670 :ita
3303 613 3572 685 quidem,
3642 622 3708 667 ut

2098 706 2505 771 Constantinus.
2536 709 2627 779 qui
2654 708 2918 765 hactenus
2947 708 3048 765 hoc
3073 708 3338 779 judicium
3377 707 3475 763 abs
3504 722 3569 763 se
3601 721 3703 763 reo

2093 797 2301 867 jecerat
2356 798 2421 853 ad
2468 798 2786 870 episcopos,
2835 800 3047 855 tandem
3098 799 3148 853 id
3200 798 3525 869 susceperit.
3580 796 3706 853 Sed

2101 890 2582 945 extraordinarium
2608 889 2709 945 hoc
2732 891 3036 961 exemplum
3064 889 3227 944 fuisse
3251 931 3267 955 ,
3299 888 3447 959 quod
3474 893 3567 958 (ut
3594 903 3707 942 no-

2100 984 2199 1037 stri
2239 983 2569 1056 loquuntur)
2598 984 2665 1039 ad
2703 986 3139 1055 consequentiam
3170 982 3309 1037 trahi
3341 997 3450 1038 non
3491 983 3703 1054 possit,

2103 1092 2301 1143 negare
2341 1091 2461 1152 non_
2490 1091 2678 1147 posses
2714 1095 2727 1132 :
2762 1094 2935 1149 neque
2979 1077 3231 1134 ferendus
3278 1078 3367 1143 sit,
3428 1077 3520 1148 qui
3566 1090 3707 1146 pro-

2102 1178 2283 1238 pterea
2316 1170 2522 1225 diceret
2546 1170 2956 1226 Constantinum
3002 1171 3054 1225 in
3094 1170 3274 1226 causis
3302 1168 3706 1225 ecclesiasticis

2102 1261 2433 1330 superiorem
2470 1261 2634 1318 fuisse
2660 1271 2713 1319 et
2736 1264 3004 1333 episcopis
3033 1272 3088 1318 et
3114 1264 3381 1319 conciliis.
3413 1262 3528 1318 Imo
3560 1277 3703 1318 vero

2104 1352 2219 1421 ipse
2247 1352 2477 1423 ingenue
2508 1362 2836 1425 protestatus
2865 1364 2950 1411 est
2987 1370 3109 1410 sese
3150 1355 3201 1410 in
3252 1356 3318 1411 iis
3372 1355 3546 1410 multo
3570 1369 3704 1410 esse

2104 1444 2439 1512 inferiorem,
2471 1457 2526 1501 et
2554 1447 2693 1503 hanc
2736 1463 2765 1501 a
2815 1448 3079 1519 principio
3107 1447 3410 1502 detestatus
3464 1454 3552 1502 est
3599 1461 3706 1517 ap-

2103 1538 2487 1608 pellationem,
2532 1550 2587 1596 et
2636 1542 2838 1598 interea
2894 1544 2939 1597 si
2989 1543 3353 1614 cognitionem
3414 1540 3703 1611 suscipere

2103 1634 2317 1688 tandem
2354 1643 2573 1690 coactus
2598 1643 2702 1703 est,
2736 1637 2805 1689 ita
2842 1636 3099 1706 suscepit,
3128 1645 3185 1690 ut
3214 1644 3401 1705 postea
3427 1650 3459 1688 a
3490 1634 3703 1689 sanctis

2103 1726 2433 1781 antistitibus
2459 1727 2669 1783 veniam
2697 1727 2981 1798 petiturus,
3024 1728 3179 1782 sicuti
3226 1727 3561 1798 Augustinus
3598 1729 3700 1782 ait.

415 1828 552 1874 stem
601 1820 755 1875 citas.
802 1821 1059 1891 Accipio:
1092 1821 1217 1891 quid
1268 1822 1399 1877 ille?
1426 1821 1480 1875 in
1524 1822 1614 1876 illa
1661 1821 1795 1893 ipsa.
1840 1836 1998 1891 quam
2032 1821 2077 1880 Β
2106 1817 2286 1888 Neque
2328 1829 2502 1874 tamen
2556 1835 2750 1875 norum
2800 1819 3008 1887 fuisset,
3035 1820 3079 1875 si
3109 1836 3215 1875 non
3258 1826 3570 1875 recusasset
3606 1831 3702 1872 co-

414 1911 622 1979 laudas,
663 1913 924 1981 epistola,
968 1920 1173 1967 tantum
1214 1913 1286 1967 ait
1338 1912 1748 1968 Constantinum
1776 1928 2000 1970 curasse

415 2011 555 2080 apud
586 2012 863 2067 Arelatum
915 2012 1159 2067 eamdem
1202 2027 1416 2066 causam
1468 2012 1879 2067 examinandam
1922 2021 2001 2065 at-

415 2120 519 2173 que
554 2104 984 2160 terminandam:
1023 2115 1079 2161 et
1119 2105 1335 2161 dedisse
1380 2105 1495 2175 (sic
1541 2106 1681 2160 enim
1725 2105 2000 2177 loquitur)

418 2196 562 2249 aliud
608 2196 869 2267 judicium
923 2198 1262 2263 Arelatense,
1309 2198 1540 2252 aliorum
1582 2199 1997 2267 episcoporum:

418 2304 521 2340 non
554 2289 674 2355 quia
701 2288 812 2357 jam
845 2302 1067 2343 necesse
1110 2298 1226 2343 erat
1249 2330 1263 2355 ,
1298 2288 1391 2343 sed
1440 2289 1835 2343 Donatistarum
1882 2304 2002 2358 per-

417 2381 765 2437 versitatibus
817 2382 1126 2447 cedentem;
1194 2391 1249 2437 et
1312 2382 1623 2436 omnimodo
1696 2382 2001 2450 cupientem

419 2485 619 2529 tantam
665 2475 1049 2547 impudentiam
1091 2477 1363 2532 cohibere.
1394 2478 1475 2531 Ex
1526 2478 1610 2532 his
1643 2486 1793 2533 certe
1820 2478 2003 2534 verbis

419 2568 701 2639 Augustini
738 2568 976 2639 intelligo
1026 2570 1439 2624 Constantinum
1481 2570 1868 2638 importunitati
1900 2570 2005 2625 Do-

417 2663 733 2718 natistarum
774 2673 925 2718 extra
972 2664 1217 2719 ordinem
1259 2665 1625 2730 concessisse,
1674 2664 1817 2734 quod
1866 2664 2004 2734 juris

417 2757 678 2812 ordinarii
728 2756 893 2811 fuisse
923 2756 1095 2811 videri
1129 2757 1208 2809 vis
1240 2774 1252 2807 :
1294 2765 1349 2811 et
1389 2765 1565 2810 tamen
1608 2744 1729 2811 cuni
1772 2757 2003 2811 aliorum

415 2852 788 2920 episcoporum
813 2850 1072 2919 judicium
1104 2865 1226 2905 esse
1266 2848 1442 2913 audis,
1500 2849 1627 2905 illud
1685 2865 1791 2905 non
1841 2849 2005 2903 fuisse

416 2943 653 3014 episcopi
709 2936 1045 2999 Arelatensis
1085 2942 1341 3011 colligere
1378 2942 1661 2997 debueras.
1715 2941 1851 3009 Quid
1908 2940 2003 3011 igi-

418 3035 902 3089 tur?convenerat
949 3034 1152 3089 Arelati
1203 3034 1436 3105 synodus
1480 3034 1838 3103 complurium
1886 3034 2001 3102 epi-

419 3126 706 3197 scaporum
728 3169 741 3192 ,
777 3135 833 3180 ut
862 3126 928 3180 de
957 3128 1139 3180 multis
1180 3128 1355 3181 causis
1386 3126 1766 3181 ecclesiasticis
1790 3126 1999 3195 judica-

2104 1924 2365 1980 gnoscerc
2412 1910 2481 1965 de
2517 1926 2577 1966 ea
2624 1912 2815 1967 saltem
2858 1913 3153 1983 qumstione
3200 1911 3347 1978 facti,
3379 1926 3503 1980 quae
3545 1912 3599 1965 in
3632 1926 3700 1967 ea

2106 2019 2317 2074 quoque
2363 2019 2523 2059 causa
2568 2008 2808 2062 suberat.
2856 2006 2987 2062 Nam
3033 2016 3088 2063 et
3116 2022 3275 2077 quam
3323 2006 3546 2062 Atiliano
3572 2021 3704 2076 prec

2104 2096 2312 2150 consuli
2342 2098 2635 2166 mandavit,
2657 2100 2775 2175 jure
2801 2115 2898 2155 suo
2927 2112 3137 2170 poterat
3163 2101 3463 2171 suscipere.
3482 2100 3703 2169 Quere-

2107 2187 2259 2241 batur
2306 2202 2373 2241 an
2425 2188 2607 2256 Felix,
2653 2192 2740 2262 qui
2790 2192 3135 2248 ordinaverat
3186 2192 3575 2257 Caecilianum,
3614 2191 3701 2246 vel

2106 2276 2220 2346 ipse
2250 2293 2464 2350 quoque
2493 2280 2832 2347 Caecilianus,
2862 2284 3050 2339 fuisset
3087 2285 3342 2351 traditor,
3368 2298 3425 2339 ut
3456 2295 3585 2340 tunc
3623 2285 3702 2339 lo—

2105 2371 2364 2441 quebatur
2392 2390 2404 2426 :
2437 2374 2539 2429 hoe
2568 2386 2670 2440 est,
2706 2391 2772 2431 an
2800 2376 3115 2433 Diocletiani
3135 2380 3263 2449 ,‘qui
3290 2378 3541 2434 edixerat
3570 2379 3704 2434 aboo

2107 2460 2292 2517 lendas
2319 2478 2441 2519 esse
2467 2479 2649 2520 sacras
2692 2466 2900 2523 litteras
2946 2465 3377 2525 Christianorum
3403 2513 3417 2535 ,
3448 2471 3703 2526 satelliti-

2109 2554 2207 2609 bus
2247 2564 2410 2627 atque
2450 2558 2863 2629 inquisitoribus
2903 2562 3212 2619 tradidisset
3257 2578 3449 2619 earum
3480 2564 3702 2619 codices

2107 2638 2501 2704 sacrosanctos.
2554 2650 2887 2721 Quicumque
2947 2653 3161 2709 tandem
3231 2655 3301 2709 sit
3363 2654 3531 2725 judex
3584 2655 3703 2725 ejus

2106 2742 2445 2810 quaestionis,
2472 2744 2604 2799 nihil
2628 2745 2863 2802 detrahit
2884 2746 3251 2816 jurisdictioni
3278 2749 3700 2805 ecclesiastica.

2178 2832 2313 2899 Quia
2363 2834 2642 2891 historiam
2682 2852 2787 2892 non
2840 2836 3021 2894 scribo
3045 2880 3061 2905 ,
3091 2838 3186 2894 sed
3216 2839 3457 2896 breviter
3489 2850 3701 2897 tantum

2110 2926 2241 2982 illud
2274 2916 2486 2993 indico,
2512 2929 2654 3000 quod
2688 2946 2795 2987 non
2826 2931 2956 2987 satis
2993 2914 3263 2989 videbaris
3288 2933 3617 2990 observasse
3646 2935 3701 2990 in

2108 3016 2209 3073 hac
2240 3016 2501 3085 historia,
2538 3036 2679 3077 nunc
2722 3036 2827 3077 n0n
2874 3024 3149 3078 immorer.
3202 3023 3339 3079 Nam
3386 3034 3442 3079 et
3488 3024 3561 3080 de
3608 3041 3702 3097 ap-

2110 3111 2483 3179 pellationibus
2541 3114 2961 3181 ecclesiasticis,
3027 3131 3093 3170 an
3155 3117 3298 3188 quod
3354 3118 3701 3175 Sardieensis

339 3246 343 3250 ~
419 3228 523 3274 ret.
557 3219 700 3274 Inter
730 3233 865 3286 quos
894 3219 1135 3289 plerique
1162 3220 1319 3273 etiam
1350 3227 1504 3273 erant
1525 3261 1539 3284 ,
1568 3220 1658 3290 qui
1687 3228 1841 3273 antea
1880 3233 1998 3273 eum

2109 3205 2360 3276 Synodus
2409 3206 2675 3271 decrevit,
2708 3208 3007 3264 decreverit
3036 3218 3191 3264 antea
3232 3225 3448 3281 quoque
3476 3210 3699 3267 Nicena

417 3308 655 3364 Miltiade
708 3307 894 3364 Romae
952 3310 1257 3378 judicarant
1315 3309 1380 3364 de
1448 3302 1674 3363 Donato.
1735 3308 2003 3365 Constan-

418 3401 564 3455 tinus
606 3404 705 3455 hac
751 3402 1037 3455 occasiOne
1090 3416 1240 3464 osus,
1290 3409 1350 3454 ut
1400 3400 1535 3454 nihil
1577 3416 1680 3455 non
1710 3400 1917 3457 faceret
1936 3402 2002 3457 ad

424 3492 856 3547 contundendam
904 3494 1297 3545 Donatistarum
1332 3492 1684 3561 pervicaciam
1710 3537 1723 3559 ,
1768 3508 1874 3547 non
1916 3509 2001 3549 re—

414 3585 623 3638 cusavit
650 3598 743 3637 eos
774 3583 964 3637 iterum
1000 3581 1168 3636 audiri
1194 3583 1245 3635 in
1276 3583 1364 3635 tali
1397 3583 1633 3653 Synodo.
1684 3583 1791 3637 Cur
1842 3585 2003 3639 mira-

421 3675 497 3729 ris
529 3674 823 3729 Miltiadem
851 3675 949 3729 hoc
981 3692 1085 3729 non
1134 3674 1314 3729 nolle?
1346 3675 1453 3730 imo
1485 3690 1613 3730 vero
1642 3690 1741 3730 cur
1767 3677 2002 3731 affirmas

416 3754 725 3834 episcopum
770 3766 1136 3820 Arelatensem
1160 3808 1173 3831 ,
1203 3766 1290 3834 qui
1315 3766 1423 3833 jam
1451 3764 1519 3820 de
1540 3781 1599 3819 ea
1624 3780 1786 3820 causa
1819 3766 2002 3822 Romae

411 3858 722 3927 judicarat,
774 3872 893 3913 esse
946 3859 1181 3925 judicem
1255 3859 1663 3928 appellationis?
1729 3876 1825 3915 cur
1894 3877 2000 3916 non

420 3950 598 4018 p0tius
643 3949 888 4018 agnoscis
946 3950 1105 4003 talem
1151 3948 1537 4019 cognitionem
1567 3952 1809 4008 relictam
1882 3954 2001 4009 aliis

416 4040 683 4110 episc0pis
712 4040 902 4103 fuisse,
934 4042 1023 4111 qui
1056 4041 1243 4095 Roma:
1278 4056 1397 4095 cum
1446 4042 1681 4098 Miltiade
1708 4055 1861 4098 antea
1896 4062 2001 4100 non

419 4131 752 4199 judicarant,
787 4131 945 4186 sicuti
975 4142 1188 4185 constat
1240 4133 1499 4201 plurimos
1542 4135 1675 4189 alios
1723 4134 1999 4190 Arelatum

417 4223 739 4278 convenisse
770 4227 820 4277 ἐκ
850 4223 1094 4300 διαφόρων
1116 4228 1200 4277 καὶ
1230 4225 1497 4295 ἀμυθήτων
1527 4226 1714 4292 τόπων,
1745 4237 1801 4280 lli.
1830 4228 2003 4296 inquit

372 4346 375 4351 η
417 4314 535 4383 ipse
566 4311 948 4369 Constantinus
986 4317 1038 4369 in
1066 4330 1159 4367 sua
1192 4315 1419 4383 epistola
1461 4315 1527 4369 ad
1568 4315 1854 4371 Chrestum
1889 4318 2003 4387 epi-

415 4422 638 4476 scopum
671 4407 1062 4478 Syracusanum
1086 4452 1099 4473 ,
1130 4424 1235 4480 qua
1266 4424 1387 4463 eum
1421 4424 1486 4462 ex
1515 4408 1696 4465 Sicilia
1723 4420 1914 4465 evocat
1933 4411 2000 4466 ad

416 4503 560 4554 hunc
591 4510 936 4553 conventum.
968 4502 1080 4556 Mea
1112 4501 1325 4572 quidem
1355 4511 1525 4568 certe,
1566 4511 1623 4556 ut
1656 4504 1783 4569 scis,
1821 4506 2000 4573 priva-

2109 3297 2279 3368 (quod
2340 3298 2467 3352 olim
2516 3299 2813 3355 dubitatum
2860 3300 2914 3356 in
2971 3300 3151 3357 Africa
3197 3301 3337 3369 fuit,
3384 3313 3440 3360 et
3490 3314 3547 3359 tu
3598 3322 3701 3361 ne-

2106 3405 2218 3460 gas,
2243 3378 2573 3448 Athanasius
2595 3409 2726 3450 vero
2761 3394 3038 3467 affirmat),
3068 3404 3120 3447 et
3150 3411 3393 3466 quaenam
3426 3409 3701 3454 transma-

2106 3484 2237 3538 rina:
2293 3486 2707 3553 provocationes
2776 3489 3082 3543 Milevitano
3155 3490 3388 3545 concilio
3450 3488 3701 3545 inhibita:

2104 3574 2246 3642 sint,
2278 3591 2584 3645 quazremus
2624 3579 2777 3644 alias,
2810 3594 2931 3633 cum
2962 3580 3131 3637 voles.
3177 3580 3319 3636 Sunt
3350 3582 3505 3641 enim
3558 3582 3699 3636 tales

2106 3668 2429 3735 quaestiones
2485 3669 2755 3724 historica:
2784 3680 2838 3726 et
2877 3687 2984 3726 non
3012 3671 3239 3739 odiosm,
3271 3684 3326 3727 et
3354 3671 3451 3726 abs
3468 3674 3599 3740 jure
3622 3674 3699 3727 ci-

2104 3757 2193 3811 vili
2224 3772 2328 3812 non
2362 3759 2674 3827 abhorrent,
2703 3778 2806 3816 non
2856 3777 3010 3818 secus
3041 3773 3203 3834 atque
3225 3762 3576 3818 sidicendum
3602 3763 3693 3828 sit,

2105 3848 2229 3903 olim
2262 3849 2477 3921 quidem
2511 3868 2574 3905 ex
2618 3853 2793 3908 Africa
2846 3856 2897 3908 in
2938 3858 3117 3910 causis
3160 3856 3407 3910 civilibus
3450 3855 3696 3925 appella-

2106 3954 2215 3999 tunt
2277 3945 2587 4015 praefectum
2644 3950 2895 4018 praetorio
2939 3950 3105 4004 Italia:
3170 3949 3335 4005 fuisse
3380 3968 3391 4004 :
3442 3958 3693 4005 nostrum

2104 4053 2233 4092 vero
2253 4038 2609 4095 Iustinianum
2640 4042 2878 4098 Africam
2916 4044 2985 4099 ab
3024 4044 3124 4099 hac
3155 4045 3469 4115 praefectura
3498 4058 3694 4116 prato-

2106 4129 2250 4181 riana
2306 4130 2469 4184 Italiae
2519 4134 2818 4199 exemisse,
2874 4135 3034 4205 eique
3075 4136 3345 4206 propriam
3402 4136 3690 4207 pra-fectu-

2105 4235 2218 4274 ram
2261 4221 2493 4284 dedisse,
2528 4224 2627 4277 sub
2665 4225 2815 4294 cujus
2862 4226 3216 4295 dispositione
3254 4228 3352 4282 fuit
3393 4230 3555 4284 etiam
3588 4229 3689 4283 Nu-

2106 4314 2266 4368 midia
2323 4318 2477 4389 115
2528 4325 2582 4371 et
2622 4317 2905 4388 Byzacium
2936 4336 2949 4371 :
2985 4312 3268 4390 Byzacium
3297 4320 3434 4385 dico,
3459 4307 3605 4391 quod
3634 4333 3688 4376 et

2105 4404 2305 4460 Plinius
2335 4406 2387 4460 in
2421 4406 2612 4462 Africae.
2639 4408 2946 4477 regionibus
2968 4418 3233 4477 numerat,
3260 4420 3314 4466 et
3332 4427 3361 4465 a
3394 4412 3685 4468 Donatistis

2105 4497 2437 4567 inquinatum
2488 4500 2650 4556 fuisse
2699 4502 2898 4556 indicat
2946 4504 3311 4573 Augustinus,
3340 4505 3429 4573 qui
3462 4504 3682 4559 Donati-

414 4592 507 4645 tim
556 4590 689 4645 nihil
741 4590 986 4655 interest,
1023 4592 1296 4647 Romanus
1325 4592 1671 4659 Arelatensi,
1710 4610 1776 4648 an
1810 4596 1999 4651 Arcla-
2023 4577 2078 4637 D
2103 4598 2303 4645 statum
2344 4592 2737 4663 ByZacenorum
2779 4596 3022 4650 meminit
3064 4597 3117 4651 in
3156 4596 3250 4651 lib.
3280 4596 3346 4651 de
3384 4596 3530 4653 Unit.
3580 4598 3681 4653 Ec-

414 4685 585 4739 tensis
615 4684 861 4738 Romano
887 4684 1057 4753 major
1087 4687 1181 4750 sit,
1219 4688 1303 4742 vel
1330 4688 1457 4741 olim
1490 4686 1670 4742 fuerit.
1700 4687 1896 4743 Verum
1932 4706 1998 4745 ne

415 4778 665 4845 profanas
700 4777 913 4848 quidem
950 4777 1197 4835 historias
1228 4782 1465 4850 aspersis
1493 4782 1786 4837 mendaciis
1819 4783 1996 4853 inqui-

416 4871 529 4924 nari
567 4870 729 4923 homo
761 4870 1023 4940 ingenuus
1054 4886 1205 4939 requo
1235 4873 1416 4928 animo
1460 4873 1616 4928 ferat.
1664 4873 1868 4928 Saltem
1920 4876 1995 4930 lc-

415 4960 618 5030 gisses,
650 4977 768 5031 qua:
820 4978 989 5031 nuper
1036 4972 1227 5017 nactus
1275 4979 1414 5030 sum,
1456 4975 1574 5020 acta
1620 4965 1761 5019 illius
1792 4966 1993 5037 Synodi

416 5053 767 5107 Arelatensis.
798 5053 924 5108 Nam
958 5054 1010 5108 in
1042 5054 1106 5108 iis
1137 5055 1361 5124 legisses
1384 5059 1757 5125 episc0porum
1791 5058 1993 5128 episto-

414 5145 521 5199 lam
544 5146 610 5199 ad
636 5146 973 5217 Sylvestrum
1000 5148 1252 5203 Miltiadis
1283 5149 1485 5204 interea
1512 5150 1749 5207 defuncti
1780 5167 1997 5207 succes-

412 5252 592 5291 sorem
623 5254 636 5290 :
661 5252 728 5291 ex
754 5252 856 5306 qua
881 5238 1032 5294 facile
1061 5240 1440 5306 intellexisses,
1464 5256 1619 5309 quam
1646 5242 1720 5297 illi
1746 5258 1866 5298 sese
1889 5258 1994 5298 non

412 5330 667 5386 efferrent
696 5345 858 5399 supra
884 5334 1176 5390 antistitem
1216 5334 1366 5388 urbis
1393 5350 1407 5387 :
1436 5334 1542 5389 imo
1571 5351 1697 5392 vero
1721 5352 1881 5408 quam
1910 5337 1993 5391 ni-

412 5422 487 5477 hil
517 5438 621 5477 non
656 5422 735 5476 illi
761 5421 1035 5477 deferrent
1082 5442 1095 5478 :
1135 5425 1491 5481 simul-etiam
1529 5442 1687 5496 quam
1715 5430 1870 5485 valde
1895 5443 1993 5483 vo-

410 5513 678 5581 luissent,
713 5514 802 5568 ille
832 5522 888 5567 ut
915 5514 982 5567 iis
1028 5515 1231 5572 Arelati
1279 5516 1569 5586 praesidere
1612 5520 1891 5585 potuisset,
1944 5520 1990 5573 si

408 5602 580 5657 Roma
605 5603 883 5659 discedere
912 5619 976 5657 eo
998 5614 1241 5674 tempore
1261 5596 1539 5675 potuisset.
1571 5606 1808 5672 Denique
1830 5609 1989 5663 intel-

401 5692 625 5749 lexisses
662 5697 782 5750 illos
819 5694 1135 5750 convenisse
1187 5710 1293 5748 non
1334 5706 1552 5767 prepter
1602 5713 1763 5752 unum
1810 5699 1987 5753 Dona-

410 5792 542 5838 tum.
583 5786 772 5842 Mirum
818 5796 995 5848 autem
1024 5829 1037 5853 ,
1069 5796 1117 5844 te
1150 5802 1254 5843 non
1286 5786 1578 5855 addidisse,
1611 5791 1711 5846 etsi
1740 5786 1981 5847 Caecilia~

2105 4682 2234 4737 eles.
2268 4692 2323 4737 et
2350 4683 2717 4753 Epiphanius:
2743 4702 3065 4756 quamquam
3109 4689 3250 4760 apud
3281 4687 3419 4743 hunc
3446 4702 3545 4743 vox
3592 4689 3678 4743 illa

2104 4782 2353 4841 corrupta
2376 4776 2458 4857 sit,
2483 4792 2495 4827 :
2533 4784 2591 4829 ut
2614 4784 2669 4831 et
2698 4792 2867 4845 nuper
2887 4776 3165 4833 Librarius
3194 4777 3411 4850 quidam
3454 4788 3577 4836 tuus
3611 4798 3676 4837 ex

2104 4864 2207 4920 isto
2237 4866 2466 4936 Byzacio
2495 4866 2671 4922 effecit
2698 4868 3034 4940 Byzantium.

2174 4966 2288 5022 Non
2318 4969 2651 5024 institueram
2683 4970 2834 5039 plura
2863 5012 2879 5036 ,
2910 4983 3141 5028 nectam
3194 4975 3359 5030 multa
3411 4975 3623 5046 quidem
3651 5020 3666 5043 ,

2102 5073 2246 5113 nunc
2271 5058 2337 5113 ad
2365 5068 2416 5114 te
2449 5060 2706 5127 scribere,
2739 5063 2823 5116 vir
2846 5062 3192 5132 doctissime;
3244 5067 3339 5123 sed
3374 5076 3478 5122 tam
3497 5082 3558 5123 es
3580 5085 3671 5124 nn-

2098 5168 2195 5221 per
2220 5151 2287 5207 de
2314 5167 2401 5206 me
2425 5152 2648 5209 meritus
2675 5153 2831 5222 bene,
2864 5164 2922 5210 ut
2947 5172 3055 5211 non
3088 5160 3289 5227 possim
3320 5174 3424 5215 non
3446 5161 3669 5230 aliquam

2099 5242 2324 5313 gratiam
2353 5240 2590 5297 referre:
2624 5232 2798 5313 neque
2826 5254 3002 5301 tamen
3038 5247 3200 5302 aliam
3249 5264 3387 5305 nunc
3422 5265 3665 5321 possunt,

2098 5352 2259 5404 quam
2287 5336 2333 5390 si
2356 5336 2484 5405 quid
2510 5336 2643 5392 tales
2672 5335 2925 5393 historias
2954 5340 3201 5411 relegens
3244 5352 3497 5412 prteterea
3536 5343 3667 5401 forte

2096 5430 2427 5484 observarim
2460 5429 2603 5499 qttod
2649 5445 2754 5484 non
2783 5432 3025 5499 nescire,
3058 5444 3145 5488 tua
3178 5434 3411 5501 intersit,
3439 5438 3489 5491 id
3519 5435 3663 5493 fami-

2098 5520 2303 5575 liariter
2330 5520 2397 5575 ad
2425 5529 2475 5575 te
2503 5520 2753 5579 referam.
2777 5522 2889 5578 Nec
2918 5522 3074 5596 longe
3094 5527 3301 5583 abiero.
3334 5528 3448 5585 Etsi
3474 5528 3661 5586 Nicaai

2097 5615 2310 5669 concilii
2340 5614 2507 5685 magis
2536 5630 2696 5685 quam
2726 5616 2870 5672 illius
2892 5618 3229 5674 Arelatensis
3258 5630 3373 5677 acta
3400 5622 3591 5695 legisse
3613 5634 3661 5679 te

2096 5705 2293 5771 sciam;
2324 5715 2500 5760 tamen
2532 5707 2697 5761 miror
2726 5717 2874 5764 tanto
2900 5711 3070 5781 magis
3111 5723 3165 5767 te
3184 5713 3426 5769 scribere
3452 5755 3470 5782 ,
3511 5714 3662 5787 idque

2094 5795 2146 5853 in
2178 5806 2262 5853 tua
2286 5797 2580 5855 etiamnum
2605 5798 2963 5871 institutione,
2992 5800 3348 5861 Athanasium
3373 5804 3428 5862 in
3447 5815 3514 5863 eo
3534 5818 3659 5864 οουο
