3828 6218
174 320 318 385 HI?)

1250 320 1340 376 AD
1367 317 1629 376 PRIMAM
1655 317 2027 375 EDITIONEM
2067 316 2340 375 0PTA’l‘l.

3314 316 3451 373 1114

172 436 306 491 cilio
339 436 681 505 pratsedisse,
715 444 874 507 teque
902 443 1207 506 prepterea,
1252 436 1413 490 etiam
1470 448 1655 489 rursus
1684 433 1766 487 in-
1791 434 1843 494 Λ
1868 433 2047 487 cilium
2079 432 2374 487 Nicmnum’.
2398 432 2587 487 Testes
2617 432 2791 501 magni
2823 440 2948 486 sunt
2984 430 3333 500 Athanasius,
3361 433 3449 488 Ilia

176 527 393 584 sultare
422 530 679 599 episcopo
703 529 969 584 ltomano.
998 527 1117 584 Scis
1162 542 1282 584 mea
1311 542 1417 583 non
1456 527 1719 582 interesse
1753 568 1766 591 ,

171 635 368 676 verum
408 621 478 676 sit
520 628 612 676 aut
638 635 746 676 non
789 620 1019 692 sitquod
1048 634 1256 675 narras.
1282 618 1387 675 Sed
1414 616 1766 673 Athanasium

176 720 310 768 tunc
342 712 497 768 valde
525 712 921 769 adolescentem
953 723 1007 769 et
1036 721 1236 767 tantum
1278 711 1445 766 fuisse
1482 710 1767 765 diaconum

175 819 378 861 omnes
402 805 641 861 historiae
664 817 902 861 narrant.
932 806 1098 873 Quale
1138 820 1267 861 vero
1313 804 1526 859 tandem
1583 811 1637 857 tu
1668 816 1767 856 no-

174 896 263 952 bis
287 896 573 952 concilium
594 899 894 968 componis,
928 900 981 952 in
1016 912 1123 967 quo
1173 905 1299 952 ante
1338 910 1525 950 omnes
1555 895 1767 964 episco-

179 1004 285 1059 pos
314 998 368 1044 et
392 988 831 1061 archiepiscopos
851 988 1060 1055 sedeat,
1080 990 1275 1060 cuique
1296 989 1457 1043 etiam
1483 985 1771 1057 praesideat

180 1080 509 1138 adolescens
539 1082 837 1138 diaconus?
869 1092 924 1137 et
970 1096 1067 1137 cur
1093 1096 1215 1137 eum
1242 1080 1515 1152 praeponis
1529 1094 1629 1135 suo
1656 1080 1773 1149 epi-

174 1190 353 1245 scopo
383 1174 935 1233 AlexandrinoiNon
977 1175 1156 1229 minus
1182 1171 1424 1227 insolens
1472 1178 1579 1239 est,
1626 1168 1768 1240 quod

176 1267 381 1323 eodem
404 1268 522 1323 loco
550 1282 738 1323 narras
767 1309 782 1334 ,
825 1266 942 1337 ejus
989 1264 1203 1337 quidem
1248 1263 1466 1321 concilii
1508 1262 1767 1327 decreto,

177 1359 419 1430 primum
445 1358 587 1414 inter
612 1357 949 1429 patriarchas
1003 1356 1180 1411 locum
1224 1353 1477 1424 episcopo
1525 1352 1769 1407 Romano

180 1452 449 1506 tributum
476 1464 598 1506 esse
634 1492 649 1518 ,
680 1449 774 1506 sed
815 1449 933 1520 ejus
959 1457 1139 1503 tamen
1167 1447 1370 1515 legatos
1411 1446 1465 1499 in
1511 1458 1769 1499 consessu

177 1556 308 1598 esse
328 1542 564 1613 rejectos
590 1543 641 1598 in
659 1553 923 1615 quartum.
947 1541 1140 1596 locum.
1169 1538 1273 1595 Sed
1301 1547 1355 1593 et
1400 1551 1595 1592 novum
1640 1535 1769 1590 illud

176 1642 288 1700 est,
344 1634 487 1706 quod
519 1635 633 1704 ipsa
660 1632 909 1706 Synodus
937 1633 1012 1688 ait
1051 1631 1215 1687 fuisse
1260 1632 1481 1710 ἀρχαῖον
1525 1627 1635 1690 ἔθος
1685 1632 1771 1684 καὶ

178 1727 421 1793 amen,
478 1725 573 1780 abs
603 1734 654 1781 te
680 1725 785 1780 dici
821 1766 835 1790 ,
885 1725 1096 1780 nonnisi
1129 1723 1195 1778 ab
1222 1738 1284 1778 ea
1318 1723 1593 1778 decretqu
1626 1736 1766 1777 esse.

1872 525 2054 592 larius,
2080 526 2432 597 Epiphanius,
2452 525 2843 591 Nazianzenus,
2872 525 3124 593 Basilius,
3154 527 3451 583 Theodori-

1872 628 1978 686 tus,
2001 620 2252 677 Socrates
2287 662 2303 688 ,
2340 621 2429 692 qui
2481 621 2709 676 recitant
2748 619 2886 675 hanc
2921 619 3203 675 formulam
3255 636 3319 675 ex
3361 620 3454 676 illo

1871 714 2133 768 concilio:
2162 713 2353 783 quibus
2374 728 2469 768 cur
2491 728 2595 768 non
2628 712 2838 778 credas,
2886 714 3089 768 nescio.
3145 713 3331 768 Dicere
3355 728 3452 768 au-

1874 816 1982 863 tem
2008 806 2380 875 battologicam
2404 821 2523 861 esse
2552 814 2608 861 et
2638 804 2894 859 ludicram
2922 805 3259 871 cantilenam,
3291 820 3450 874 quam

1874 899 2122 971 religiosa
2150 899 2235 953 illa
2263 899 2552 969 antiquitas
2577 898 2834 969 judicavit
2880 913 3095 969 gravem
3122 908 3176 953 et
3212 898 3448 953 divinam

1872 1008 1996 1049 esse
1990 993 2309 1086 [formulam
2340 992 2409 1047 de
2432 1002 2580 1047 tanto
2607 991 2865 1063 mysterio
2886 1034 2899 1057 ,
2929 1006 2996 1046 an
3020 1006 3127 1047 non
3148 991 3289 1061 ipse,
3317 990 3361 1045 si
3385 990 3452 1046 de

1872 1087 1977 1141 alio
1996 1083 2290 1156 iudicares,
2331 1085 2540 1142 diceres
2567 1100 2686 1141 esse
2715 1084 3146 1155 blasphemiam?
3193 1084 3333 1140 Bene
3355 1083 3454 1137 ba-

1872 1180 1980 1236 bet.
2014 1179 2171 1234 Edita
2198 1179 2318 1234 istic
2346 1195 2451 1234 non
2477 1180 2596 1235 sine
2624 1187 2714 1234 tuc
2767 1162 2849 1249 (ut
2877 1180 3128 1250 arbitror)
3174 1178 3454 1250 privilegio

1868 1272 1977 1344 jam
2006 1273 2203 1342 srepius
2233 1279 2315 1327 est
2338 1272 2521 1326 nescio
2544 1288 2662 1341 quae
2682 1270 2894 1342 farrago
2917 1272 2985 1326 de
3004 1280 3145 1327 statu
3173 1271 3451 1337 Ecclesiae,

1871 1380 2029 1436 quam
2054 1373 2173 1418 tuus
2201 1362 2449 1418 librarius
2478 1363 2703 1418 mirifice
2750 1362 3028 1432 prtedicat,
3059 1378 3227 1434 prope
3253 1372 3309 1418 ut
3355 1364 3455 1418 flo-

1872 1471 1984 1511 rem
2012 1454 2405 1511 Ecclesiasticae
2428 1453 2686 1509 historiae.
2732 1454 2843 1509 Etsi
2899 1464 3122 1509 consuta
3154 1454 3227 1510 sit
3251 1452 3452 1525 alioqui

1873 1563 1940 1603 ex
1966 1547 2164 1618 putidis
2185 1546 2379 1601 fabulis
2399 1555 2455 1600 et
2483 1544 2672 1616 nugis:
2711 1553 2889 1599 tamen
2932 1544 3062 1598 illud
3090 1546 3228 1599 bona
3257 1543 3448 1599 saltem

1874 1641 1979 1697 fide
2007 1642 2153 1708 facit,
2186 1638 2327 1708 quod
2353 1639 2655 1704 formulam,
2680 1654 2837 1709 quam
2888 1636 3041 1704 dixi,
3081 1636 3282 1692 referat
3312 1638 3455 1692 inter

1873 1742 1991 1788 acta
2019 1731 2219 1788 Nicazni
2245 1731 2477 1787 concilii.
2527 1729 2725 1787 Verum
2758 1730 2916 1785 talem
2947 1728 3145 1800 alioqui
3197 1728 3455 1784 admiscet

177 1815 460 1872 “mereo
482 1815 626 1887 (υλοά
651 1831 756 1871 ηοη
783 1815 990 1870 meliori
1019 1814 1126 1870 ﬁde
1170 1828 1358 1869 “imas
1404 1813 1683 1869 decretum
1715 1813 1765 1865 in
1798 1820 1844 1879 B
1873 1825 2042 1881 feeem
2072 1823 2474 1880 mendaciorum
2504 1838 2568 1878 ex
2599 1821 2781 1878 nescio
2819 1821 3012 1890 quibus
3054 1820 3259 1876 lacunis
3287 1820 3451 1875 haus-

176 1922 245 1963 ea
269 1907 441 1963 fuisse
459 1924 524 1963 ex
547 1909 815 1964 sententia
846 1907 1130 1977 Paphnutii
1164 1906 1231 1962 de
1266 1905 1514 1976 conjugio
1544 1898 1767 1960 velet):-

176 2000 353 2055 libatu
386 2000 782 2059 ministrorum.
808 2002 913 2057 Sed
964 2000 1303 2056 dissimulare
1343 2014 1447 2055 non
1496 2014 1713 2069 possum
1748 2038 1764 2064 ,

178 2093 331 2163 quod
366 2102 545 2149 tacere
573 2108 678 2150 non
702 2095 894 2151 debeo.
920 2094 1057 2163 Quid
1082 2095 1146 2149 de
1170 2094 1299 2149 Ario
1314 2094 1423 2163 jam
1455 2094 1580 2158 olim
1608 2092 1769 2161 scrip-

178 2190 348 2244 serim
379 2188 434 2243 in
464 2203 584 2244 meo
612 2188 988 2253 Constantino,
1019 2203 1124 2243 non
1172 2189 1387 2258 ignoras
1415 2228 1428 2251 ,
1476 2197 1531 2241 et
1587 2195 1767 2240 tamen

176 2281 421 2336 alienum
446 2281 687 2338 libellum
716 2283 993 2353 exagitans
1037 2296 1142 2337 non
1190 2280 1447 2337 erubuisti
1500 2278 1628 2334 mihi
1664 2279 1767 2333 im-

178 2372 354 2444 probe
368 2373 681 2430 adscribere
700 2382 859 2444 atque
882 2372 1143 2442 aflingere
1165 2372 1348 2429 nescio
1372 2370 1516 2444 quod
1540 2371 1770 2441 patroci—

180 2469 335 2523 nium
366 2467 482 2537 ejus
508 2468 817 2537 impietatis.
845 2466 916 2523 Ut
944 2476 1121 2522 autem
1149 2468 1371 2535 sentias,
1393 2479 1443 2522 te
1473 2481 1612 2521 caeca
1640 2481 1771 2535 qua-

178 2560 306 2615 dam
332 2559 597 2631 vertigine
624 2569 838 2632 raptum
868 2570 993 2614 tunc
1014 2575 1163 2625 esse,
1196 2561 1376 2628 relege
1394 2600 1407 2621 ,
1431 2558 1574 2629 quod
1612 2558 1770 2612 simul

178 2650 403 2723 affingis
433 2652 634 2707 dictum
658 2667 800 2717 esse,
828 2652 1060 2706 Arianos
1081 2665 1303 2721 negasse
1324 2654 1409 2707 τὸν
1454 2650 1598 2724 λόγον
1630 2649 1771 2720 apud

177 2744 450 2800 Joannem
485 2744 789 2815 significare
821 2744 1151 2816 bypostasim
1193 2743 1276 2799 vel
1308 2757 1619 2813 personam:
1653 2742 1773 2811 quis

179 2836 290 2895 hoc
348 2853 599 2909 umquam
668 2846 863 2907 praeter
923 2847 973 2892 te
1033 2837 1206 2891 dixit?
1270 2834 1429 2891 Certe
1487 2835 1773 2904 episcOpus

181 2931 587 2988 Alexandrinus
608 2931 801 2987 Nicmaa
826 2931 1035 2986 Arianis
1064 2922 1259 3000 objecit
1282 2929 1510 2998 primum
1536 2926 1669 2982 illttd
1690 2941 1775 2981 ca-

181 3034 281 3095 put
303 3024 549 3091 Joannis,
584 3040 704 3080 cum
738 3034 1070 3095 quaereretur
1098 3040 1201 3079 non
1232 3025 1446 3094 quidem
1476 3022 1602 3093 quid
1628 3023 1774 3094 λόγος

179 3118 538 3190 significaret,
565 3117 658 3173 sed
683 3118 813 3189 quid
840 3118 939 3172 sibi
971 3118 1171 3172 vellent
1199 3117 1313 3171 haec
1341 3117 1500 3171 verba
1530 3120 1580 3171 ἐν
1602 3118 1767 3191 ἀρχῇ.

1874 1926 2003 1982 tam,
2036 1925 2093 1971 ut
2116 1916 2302 1970 mirari
2334 1915 2464 1970 satis
2516 1931 2624 1969 tton
2654 1914 2856 1984 possim
2894 1912 2987 1968 tibi
3034 1911 3354 1983 jampridem
3376 1920 3457 1966 ta-

1874 2012 1976 2067 lem
2008 2012 2273 2066 sentinam
2298 2010 2436 2064 male
2479 2024 2585 2063 non
2627 2009 2795 2063 olere.
2848 2008 2905 2080 Si
2932 2007 3146 2062 aliunde
3196 2006 3453 2077 prodiret,

1872 2104 2047 2159 minus
2071 2102 2295 2157 fortasse
2313 2101 2562 2165 mirarer,
2578 2108 2633 2154 et
2646 2107 2865 2154 noceret
2884 2098 3115 2153 fortasse
3132 2097 3328 2151 minus.
3349 2096 3455 2152 Sed

1871 2196 2011 2268 quod
2045 2196 2200 2249 iStinc
2218 2194 2437 2264 prodiit,
2461 2191 2584 2263 quia
2612 2207 2716 2245 non
2740 2191 2839 2245 nisi
2868 2200 3085 2244 auctore
3134 2198 3185 2243 te
3240 2186 3455 2258 prodire

1872 2288 2130 2354 creditur,
2155 2296 2207 2341 et
2232 2286 2400 2340 miror
2431 2294 2485 2340 et
2512 2285 2669 2339 doleo
2696 2293 2802 2337 tam
2846 2282 3075 2352 impuris
3117 2280 3304 2336 nmniis
3331 2294 3451 2335 esse

1874 2379 2153 2435 refertum.
2171 2377 2342 2445 Quid?
2366 2377 2686 2448 perquirens
2713 2390 2772 2429 ea
2797 2389 2918 2443 qua:
2939 2372 3006 2428 ad
3027 2371 3206 2443 Optati
3232 2370 3299 2427 de
3326 2371 3455 2439 bap«

1876 2474 2038 2526 tismo
2064 2471 2476 2541 disputationem
2510 2468 2819 2538 pertinent,
2859 2464 3084 2520 miratus
3130 2464 3289 2518 etiam
3332 2478 3452 2518 sum

1873 2565 2147 2620 audaciam
2172 2564 2313 2617 illius
2345 2561 2646 2631 farraginis,
2682 2574 2801 2630 qua:
2847 2556 3182 2613 confidenter
3218 2570 3456 2629 pronun-

1876 2655 2328 2713 tiatmanifestum
2355 2669 2474 2709 esse
2504 2667 2746 2708 errorem
2794 2650 3005 2705 concilii
3034 2648 3236 2704 Nicmni
3265 2647 3453 2703 decer-

1877 2750 2057 2805 nentis
2084 2749 2441 2804 Paulianistas
2466 2762 2590 2801 esse
2628 2743 3058 2815 rebaptizandos.
3092 2742 3250 2812 Atqui
3297 2732 3455 2813 longe

1876 2846 2032 2900 aliter
2062 2842 2407 2915 Augustinus,
2432 2841 2519 2911 qui
2543 2841 2740 2910 alioqui
2762 2854 2899 2895 unus
2921 2840 3180 2894 acerrime
3202 2837 3268 2892 de
3294 2836 3454 2891 unico

1876 2938 2141 3008 baptismo
2170 2937 2468 2991 dimicavit.
2503 2936 2557 2990 ln
2590 2936 2681 2990 lib.
2726 2935 2793 2989 de
2828 2933 3132 2989 Islaeresibus
3164 2930 3453 2987 Paulianos

1880 3028 2474 3103 (iuquit)baptizandos
2495 3044 2615 3084 esse
2647 3028 2699 3083 in
2750 3026 2987 3083 Ecclesia
3044 3025 3314 3081 Catholica
3361 3024 3456 3079 Ni-

1877 3138 2029 3178 cmno
2056 3124 2286 3178 concilio
2309 3123 2660 3178 constitutum
2691 3129 2789 3176 est.
2818 3120 2969 3176 Unde
2997 3117 3323 3174 credendum
3376 3125 3460 3171 est

184 3214 329 3283 l-ngo
358 3228 464 3267 non
492 3219 607 3267 erat
639 3210 796 3280 hujus
838 3219 944 3265 tua:
1001 3221 1106 3265 tam
1148 3211 1463 3265 excellentis
1514 3210 1771 3263 doctrina:
1799 3200 1842 3263 C
1876 3231 1969 3270 eos
2002 3216 2239 3285 regulam
2268 3216 2604 3287 baptiSmatis
2636 3229 2740 3268 non
2788 3225 2969 3268 tenere
3001 3255 3016 3279 ,
3066 3226 3225 3282 quam
3272 3224 3455 3265 secum

181 3304 438 3374 imperite
489 3301 821 3358 confundere
880 3302 1073 3371 dogma
1122 3302 1271 3356 Pauli
1326 3299 1663 3357 Samosateni
1722 3309 1776 3353 et

184 3399 323 3455 Arii.
358 3398 464 3453 Sed
492 3398 644 3468 quid,
676 3413 805 3463 non,
834 3412 956 3453 eum
989 3398 1068 3451 vis
1094 3438 1108 3463 ,
1140 3395 1476 3465 pertuisces?
1507 3393 1621 3449 Non
1672 3392 1772 3447 du-

184 3490 328 3545 bitas
366 3490 419 3543 in
449 3500 534 3543 tua
592 3491 888 3544 etiamnum
941 3488 1279 3543 institutione
1334 3487 1610 3553 seribere,
1656 3494 1775 3555 post

184 3584 379 3640 Arium
407 3582 715 3639 surrexisse
760 3582 1071 3637 Sabellium.
1119 3581 1269 3636 Adeo
1311 3582 1361 3634 in
1416 3579 1637 3633 historia
1674 3620 1687 3644 ,
1722 3578 1775 3632 in

183 3691 291 3744 qua
324 3676 578 3746 princeps
620 3674 789 3730 videri
843 3675 965 3737 vis,
1013 3674 1207 3744 hOSpcs
1244 3686 1295 3727 et
1327 3673 1643 3743 peregrinus
1693 3687 1771 3727 es.

188 3766 345 3823 Dices
369 3766 640 3821 indoctum
668 3780 787 3821 esse
819 3775 1061 3820 nostrum
1113 3764 1395 3835 Optatum;
1451 3774 1504 3818 at
1549 3764 1634 3818 ille
1664 3764 1775 3818 sal—

188 3871 297 3916 tem
326 3860 525 3916 docere
557 3871 609 3916 te
639 3869 841 3929 posset,
874 3858 1168 3913 Sabellium
1212 3857 1381 3911 multo
1419 3866 1543 3910 ante
1586 3857 1773 3910 Arium

188 3952 380 4016 fuisse;
411 3962 465 4006 et
492 3952 634 4022 quod
661 3952 730 4007 de
755 3951 990 4007 Sabellio
1019 3950 1219 4015 dixisti,
1251 3949 1502 4004 debuisse
1530 3958 1579 4004 te
1602 3949 1775 4017 potius

186 4044 373 4100 dicere
394 4044 460 4098 de
483 4043 732 4107 Photino,
757 4057 919 4113 quem
946 4042 1027 4096 sui
1059 4043 1315 4111 temporis
1338 4041 1646 4096 lucreticum
1675 4056 1774 4095 vo-

186 4150 297 4193 cat.
334 4138 449 4207 Age
474 4150 632 4191 vero:
668 4144 792 4191 sunt
813 4136 927 4190 iure
950 4145 1158 4190 tantum
1207 4134 1591 4204 chronologica
1617 4152 1628 4186 ι
1658 4148 1777 4203 quae

190 4240 542 4286 contemnere
598 4238 650 4285 te
695 4229 844 4284 dices
913 4237 1229 4298 occupatum
1283 4226 1647 4296 Theologieis.
1704 4228 1775 4280 At

189 4334 441 4379 nostrum
470 4336 573 4376 non
618 4330 701 4376 est
739 4330 790 4375 te
829 4320 949 4375 aliis
984 4321 1051 4375 de
1100 4320 1259 4375 rebus
1300 4319 1610 4373 admonere.
1659 4317 1773 4372 Non

188 4432 414 4488 possum
439 4425 615 4470 tamen
637 4419 818 4472 omnia
842 4416 1197 4485 supprimere.
1222 4413 1376 4484 Saepe
1397 4415 1619 4467 miratus
1632 4427 1771 4479 sum,

187 4527 288 4567 cur
311 4510 613 4583 symbolum
659 4510 786 4565 illud
823 4552 837 4575 ,
888 4510 1105 4580 propter
1153 4508 1294 4580 quod
1354 4508 1610 4562 hactenus
1669 4517 1775 4561 tam

185 4606 349 4661 valde
378 4604 588 4659 laudata
614 4612 697 4660 est
716 4603 931 4659 Nicaana
962 4603 1202 4674 synodus
1225 4644 1240 4669 ,
1293 4612 1348 4655 et
1371 4600 1511 4670 quod
1556 4609 1776 4670 propter

189 4698 337 4753 illam
372 4705 475 4751 tam
503 4696 658 4752 valde
678 4711 890 4767 quoque
944 4696 1213 4750 laudatum
1271 4706 1351 4749 est
1380 4734 1395 4760 ,
1444 4709 1607 4763 neges
1655 4708 1776 4749 esse

189 4793 490 4849 Nicmnum.
522 4791 806 4847 Meministi
827 4834 843 4859 ,
869 4791 1031 4846 credo
1058 4833 1071 4856 ,
1101 4805 1221 4846 cum
1277 4787 1644 4858 superioribus
1680 4802 1776 4840 an-

189 4888 275 4941 nis
299 4886 548 4940 ministro
590 4883 801 4939 cuidam
834 4892 925 4939 tuo
955 4893 1010 4939 et
1029 4883 1246 4953 collegae
1274 4881 1509 4936 dictares
1556 4879 1774 4933 honoris

192 4979 267 5034 tui
296 4976 667 5031 defensionem
704 4976 959 5031 adversus
1008 4976 1223 5031 Petrum
1276 4973 1526 5029 Carolum
1556 5014 1571 5039 ,
1623 4982 1772 5027 tuum

190 5066 462 5139 quondam
490 5067 750 5138 collegam
784 5109 800 5133 ,
856 5066 946 5135 qui
980 5076 1029 5121 te
1056 5066 1345 5121 Arianismi
1395 5065 1771 5119 insimulabat:

192 5162 489 5217 meministi
525 5158 786 5233 (inquam)
836 5158 1048 5229 qualem
1092 5158 1327 5211 Volueris
1367 5156 1451 5210 edi
1482 5157 1779 5211 confessio-

193 5269 316 5309 nem
344 5260 513 5307 tuam.
536 5252 669 5305 Nam
699 5264 805 5304 non
830 5249 1003 5304 solum
1030 5246 1307 5302 confiteris
1348 5260 1574 5314 negasse
1609 5254 1665 5300 te
1708 5246 1776 5300 il-

192 5348 297 5402 lam
329 5344 614 5400 formulam
647 5342 743 5398 abs
772 5339 992 5411 Synodo
1024 5339 1237 5394 Nlcrena
1270 5338 1565 5408 profectam
1606 5353 1727 5393 esse
1759 5340 1799 5407 ,'

192 5439 286 5495 sed
314 5447 371 5494 et
399 5436 621 5499 dixisse,
649 5432 817 5489 videri
843 5432 1019 5503 potius
1066 5429 1449 5499 battologicum
1502 5443 1722 5483 carmen
1759 5469 1775 5495 ,

192 5529 335 5603 quod
370 5529 437 5584 ad
464 5528 849 5583 cantillandum
878 5533 1083 5581 tantum
1129 5523 1200 5580 sit
1239 5520 1447 5591 aptuin.
1482 5522 1597 5576 Duo
1648 5536 1778 5591 pro-

192 5622 336 5678 fecto
366 5622 455 5675 hic
470 5630 596 5675 sunt
623 5636 811 5690 magna
844 5627 1059 5689 peccata
1085 5631 1292 5686 magna:
1322 5613 1577 5680 audaciae,
1602 5622 1655 5668 et
1684 5629 1776 5684 pe-

190 5715 415 5771 riculosi
461 5715 713 5783 exempli.
763 5715 898 5769 Esse
938 5712 1254 5785 Symbolum
1304 5710 1407 5764 hoc
1454 5710 1728 5765 Nicmuum
1760 5754 1776 5778 ,

193 5812 304 5864 tam
331 5813 538 5863 certum
562 5812 666 5874 est,
698 5818 857 5875 quam
878 5814 961 5861 est
980 5813 1187 5861 certum
1210 5803 1373 5860 fuisse
1398 5785 1622 5872 aliquod.
1643 5816 1775 5858 con-

1879 3306 2030 3361 multi
2055 3306 2318 3373 haeretici,
2347 3321 2466 3361 cum
2497 3307 2564 3361 de
2599 3304 2874 3362 Catholica
2907 3303 3248 3359 discederent
3283 3344 3295 3368 ,
3337 3301 3459 3358 abs-

1877 3400 2112 3461 tulerunt
2134 3409 2186 3454 et
2215 3400 2523 3455 observant.

1949 3492 2017 3547 Ut
2041 3490 2266 3561 Oplalus
2309 3501 2491 3546 noster
2521 3490 2642 3545 fecit
2672 3531 2687 3554 ,
2718 3488 3028 3560 diligentius
3059 3496 3113 3542 ut
3166 3486 3456 3554 cogitarem

1876 3584 1945 3639 de
1977 3586 2193 3638 historia
2222 3585 2641 3650 Donatistarum,
2675 3582 2753 3637 sic
2782 3582 2945 3650 etiam
2980 3582 3162 3635 nescio
3184 3579 3457 3648 quomodo

1880 3692 2021 3731 nunc
2043 3676 2187 3740 facit,
2220 3686 2276 3729 ut
2305 3676 2420 3742 tibi,
2454 3677 2535 3729 vir
2561 3674 2927 3743 optatissime,
2979 3672 3185 3741 tuisque
3206 3670 3458 3723 crimina—

1878 3770 2110 3825 tionibus
2139 3769 2330 3821 iterum
2358 3766 2734 3836 reSpondeam,
2766 3775 2820 3819 et
2849 3764 3037 3833 multa,
3068 3762 3313 3832 quamvis
3343 3761 3455 3815 for-

1880 3872 2020 3916 tasse
2051 3861 2141 3915 tibi
2167 3860 2412 3925 molesta,
2442 3860 2565 3929 quia
2594 3869 2769 3913 tamen
2798 3866 3080 3911 occurrunt
3115 3896 3130 3922 ,
3182 3869 3286 3909 non
3335 3870 3455 3910 om-

1878 3954 2006 4009 nino
2037 3953 2321 4022 negligam.
2370 3951 2446 4006 De
2492 3949 2966 4006 calumniatoribus
3009 3946 3453 4002 commentarium

1877 4064 1944 4103 ex
1983 4048 2191 4119 legibus
2219 4056 2273 4102 et
2310 4057 2493 4102 nostro
2546 4047 2667 4115 jure
2692 4045 2832 4100 civili
2893 4044 3131 4099 breviter
3170 4041 3452 4111 repetitum

1878 4140 2165 4208 aliquando
2206 4138 2273 4194 ad
2302 4149 2353 4193 te
2380 4147 2601 4208 repente
2658 4137 2787 4191 dare
2817 4177 2831 4200 ,
2874 4135 3170 4204 importuna
3226 4132 3455 4203 quadam

1881 4242 1965 4287 tua
1995 4242 2049 4288 et
2069 4232 2458 4287 contumeliosa
2485 4231 2748 4285 calumnia
2770 4236 2985 4287 coactus
3012 4227 3104 4281 fui.
3128 4225 3280 4294 Quod
3307 4224 3360 4279 itt
3387 4237 3455 4279 eo

1878 4328 2263 4382 commentario
2300 4343 2405 4380 non
2450 4325 2609 4379 modo
2661 4324 2736 4377 ttti
2773 4364 2788 4390 ,
2840 4322 2932 4377 sed
2957 4333 3010 4376 et
3061 4320 3453 4375 Donatismrum

1877 4422 2205 4477 mentionem
2236 4420 2477 4485 fecerim,
2508 4417 2689 4482 credo,
2717 4416 2963 4486 agnoscis
2990 4429 3093 4467 non
3125 4423 3325 4467 temere
3345 4409 3454 4464 fac—

1882 4526 1991 4570 tum
2023 4530 2165 4570 esse.
2194 4513 2300 4569 Sed
2329 4511 2707 4566 satisfactionis
2745 4510 2863 4564 loco
2897 4548 2913 4573 ,
2965 4504 3289 4576 respondisti
3325 4501 3454 4557 illud

1884 4616 2123 4661 nostrum
2173 4618 2492 4674 responsum
2543 4601 2787 4672 frigidam
2838 4613 2957 4655 esse
2986 4596 3309 4666 rapsodiam.
3356 4593 3457 4646 Fa-

1884 4708 1998 4754 teor
2019 4697 2263 4767 asperius
2291 4694 2493 4764 aliquid
2544 4705 2598 4748 et
2637 4690 3007 4747 vehementius
3054 4688 3157 4742 dici
3195 4685 3453 4757 potuisse.

1882 4791 1988 4846 Sed
2022 4790 2266 4845 videbam
2295 4789 2347 4843 in
2378 4786 2538 4843 simili
2562 4800 2721 4840 causa
2779 4784 2876 4839 tali
2925 4781 3291 4838 moderatione
3329 4791 3457 4832 con-

1885 4892 2059 4939 tentos
2089 4883 2251 4937 fuisse
2276 4881 2526 4952 Optatum
2569 4889 2624 4935 et
2665 4881 3045 4948 Augustinum.
3076 4872 3300 4943 Optatus
3328 4912 3343 4937 ,
3395 4868 3461 4922 li-

1884 4991 2010 5031 vore
2054 4974 2270 5046 (inquit)
2314 4973 2709 5028 interveniente
2740 4969 2893 5025 facile
2932 4977 3013 5022 est
3057 4966 3206 5020 iratis
3253 4963 3458 5032 jactare

1880 5068 2217 5123 convicium:
2248 5067 2343 5122 sed
2366 5081 2579 5133 semper
2609 5064 2734 5118 dum
2769 5046 3060 5117 intenditur
3082 5058 3285 5113 crimen
3310 5096 3325 5122 ,
3362 5070 3455 5109 ne-

1878 5162 2111 5217 cessaria
2135 5169 2219 5215 est
2244 5158 2525 5215 manifesta
2581 5158 2844 5228 probatio.
2893 5154 3226 5225 Augustinus
3266 5156 3453 5205 contra

1881 5252 2229 5307 Petilianum:
2262 5252 2377 5306 sine
2394 5259 2530 5306 teste
2551 5248 2768 5320 (inquit)
2793 5242 2847 5302 et
2867 5247 2983 5301 sine
3003 5246 3110 5300 ullo
3138 5244 3457 5298 documento

1881 5343 2084 5397 crimen
2114 5341 2393 5410 objicieus,
2415 5340 2706 5395 maledicus
2727 5338 2904 5408 potius
2926 5335 3272 5409 conviciator,
3295 5345 3453 5400 quam

1880 5431 2147 5488 veridicos
2177 5438 2460 5486 accusator
2487 5432 2712 5485 exsistit.
2749 5431 2813 5483 Et
2849 5428 2899 5482 itt
2931 5427 3039 5482 alio
3081 5435 3264 5480 contra
3305 5437 3457 5476 eum-

1879 5522 2001 5576 dem
2025 5521 2161 5574 libro
2191 5538 2204 5574 :
2237 5522 2361 5591 quid
2395 5520 2611 5593 (inquit)
2644 5529 2771 5575 ante
2808 5519 3009 5574 clamas
3037 5532 3191 5587 quam
3222 5511 3456 5582 probas?

1880 5614 1958 5669 Tu
1985 5615 2039 5689 in
2094 5630 2285 5685 magna
2337 5614 2605 5668 sermonis
2653 5610 2931 5665 latitudine
2984 5622 3089 5661 uno
3144 5603 3458 5660 brevissimo

1879 5706 2065 5772 verbo,
2089 5706 2229 5775 quod
2256 5705 2451 5760 dicitur
2491 5704 2675 5773 proba,
2703 5702 2755 5756 in
2797 5699 3126 5754 arctissimas
3166 5694 3458 5749 coarctaris

1879 5799 2170 5869 angustias.
2207 5795 2467 5868 Equidem
2512 5797 2647 5849 hanc
2697 5806 2795 5862 ego
2840 5790 3053 5845 brevem
3104 5783 3461 5856 praescriptio‘
