3828 6218
426 177 562 232 “l5

1625 179 2129 239 PREFATIONES
2168 184 2484 242 BALDUINI

3548 192 3674 247 H13

422 307 541 347 nem
573 292 704 347 satis
728 306 848 347 esse
876 301 1019 362 puto,
1051 300 1107 346 ut
1129 294 1363 348 refellam
1386 294 1641 365 quidquid
1659 296 1991 352 calumniose
2019 303 2065 362 Α
2094 308 2303 353 constet
2345 300 2413 355 de
2472 300 2745 356 voluntate
2771 319 2784 355 :
2834 317 3006 371 neque
3057 306 3515 375 nuncupationem
3566 312 3671 363 sine

417 383 675 438 adversus
706 398 791 439 me
839 382 1106 438 eﬂ'utiisti:
1163 394 1216 439 et
1237 385 1418 440 nescio
1439 387 1526 456 qui
1573 386 1684 451 ﬁat,
1713 396 1770 441 ut
1807 388 1988 458 legens

415 476 554 546 quod
583 490 894 546 responsum
914 477 1070 549 116
1092 478 1218 533 olim
1246 479 1533 535 Donatistis
1558 480 1675 545 fuit,
1701 481 1883 535 videar
1904 483 1991 535 ha-

417 569 543 624 bere
571 567 712 638 quod
742 568 957 622 totidem
985 568 1161 624 verbis
1183 570 1276 624 tibi
1317 570 1690 639 respondeam.
1732 570 1821 627 Sic
1848 585 1994 626 com-

418 659 736 716 mentarium
767 659 918 714 illum
954 675 1127 715 meum
1153 702 1167 725 ,
1196 661 1242 715 si
1272 661 1558 717 voluissem
1589 703 1604 728 ,
1637 661 1792 717 facile
1817 663 1995 717 auxis-

418 769 553 809 sem.
588 752 696 809 Sed
723 754 882 808 missa
928 753 1044 809 haec
1086 752 1383 821 faciamus,
1420 770 1541 826 qua:
1585 754 1709 810 l'acti
1743 766 1898 824 sunt,
1943 766 1997 812 et

416 850 631 919 quidem
663 850 875 919 privati.
899 850 1029 904 Nam
1060 861 1113 906 et
1165 841 1349 920 parum
1379 844 1708 920 Reipublicae
1731 851 1993 919 interest,

414 941 541 1010 quid
572 942 748 997 deme
776 943 861 996 vel
880 941 948 998 de
1002 951 1052 997 te
1075 951 1358 997 statuatur.
1409 942 1516 998 Sed
1565 934 1738 1014 neque
1791 952 1881 998 aut
1910 958 1997 998 me

413 1048 534 1088 cum
556 1033 879 1100 Caeciliano,
929 1043 1021 1088 aut
1052 1043 1103 1088 te
1153 1048 1276 1088 cum
1324 1033 1531 1088 Donato
1583 1049 1858 1104 comparo.
1906 1034 1998 1109 Ni-

416 1125 581 1178 ntium
609 1138 783 1178 essem
810 1124 1044 1194 ineptus,
1076 1125 1120 1178 si
1148 1125 1232 1179 vel
1259 1123 1361 1180 hoc
1399 1126 1689 1197 cogitarem
1723 1166 1737 1192 ,
1771 1142 1868 1181 nec
1913 1141 1997 1183 es-

416 1231 531 1270 sent
561 1216 832 1271 ferendus.
864 1214 1131 1271 Caeterum
1178 1217 1337 1288 longe
1367 1218 1469 1272 alia
1496 1230 1551 1273 et
1592 1219 1760 1273 multo
1786 1220 1955 1289 major
1975 1262 1991 1289 ,

417 1319 472 1364 ut
500 1310 629 1365 olim
653 1320 769 1365 acta
792 1320 875 1365 est
901 1350 914 1375 ,
938 1310 1017 1364 sic
1041 1324 1181 1364 nunc
1206 1311 1405 1379 {agitur
1424 1354 1439 1378 ,
1485 1326 1675 1366 causa:
1708 1312 1758 1366 in
1812 1327 1913 1381 qua
1942 1321 1999 1368 et

412 1402 546 1472 juris
577 1404 806 1457 maxima
831 1405 1053 1473 quaestio
1077 1405 1166 1457 sit.
1187 1403 1328 1460 Sane
1354 1392 1682 1475 Augustinus
1704 1407 1757 1459 in
1776 1406 1996 1462 Retrac-

416 1495 706 1550 tationibus
732 1495 940 1562 scribit,
972 1496 1023 1549 itt
1046 1497 1158 1550 suis
1179 1506 1363 1550 contra
1389 1497 1794 1553 Parmenianttm
1824 1500 1991 1565 libris,

415 1588 766 1656 quaestionem
789 1602 1037 1657 magnam
1071 1590 1268 1643 versari
1310 1600 1361 1644 et
1384 1590 1517 1643 solvi
1545 1628 1560 1656 ,
1592 1603 1764 1645 utrutn
1794 1592 1846 1646 in
1873 1594 1991 1646 uni-

418 1686 527 1731 tate
550 1688 605 1733 et
633 1678 944 1732 eorumdem
967 1679 1341 1735 communione
1367 1691 1841 1748 sacramentorum,
1870 1682 1995 1737 ntali

2095 392 2377 459 scriptura,
2410 392 2453 445 si
2492 407 2595 447 non
2627 392 2802 450 desint
2831 404 3017 461 testes,
3061 397 3287 466 rejicere
3344 414 3627 467 possumus
3656 419 3675 455 ;

2095 490 2150 535 ει
2179 481 2407 552 denique
2439 482 2563 540 ﬁdei
2589 487 2995 542 commissorum
3018 504 3172 542 suum
3192 505 3314 545 esse
3335 490 3427 561 jus
3454 492 3666 546 scimus.

2095 572 2359 639 Quorsum
2389 576 2502 630 htec
2529 575 2553 628 ?
2578 577 2700 648 quia
2719 594 2838 632 cum
2871 579 2939 635 de
2966 581 3234 651 baptismo
3280 582 3523 653 diSputat
3572 586 3669 640 Au-

2095 666 2339 735 gustinus
2361 677 2546 722 contra
2573 668 2873 726 Donatistas
2894 711 2909 736 ,
2942 674 3217 728 contendit
3249 688 3314 730 ex
3347 690 3448 730 usu
3468 683 3525 731 et
3550 692 3668 730 con-

2096 770 2257 811 sensu
2281 767 2333 811 et
2362 760 2666 814 testimonio
2691 761 2942 817 Ecclesia:
2970 774 3117 820 recte
3141 766 3381 835 probari,
3434 767 3665 836 qumdatn

2107 862 2228 902 esse
2254 849 2505 903 mandata
2525 892 2538 915 ,
2573 862 2840 923 praecepta
2864 894 2876 917 ,
2907 854 3146 910 instituta
3174 860 3470 927 apostolica
3500 903 3517 926 ,
3557 877 3666 935 qua:

2098 948 2273 995 tamen
2303 941 2521 1009 abipsis
2544 945 2799 1012 apostolis
2850 947 3045 1016 scripta
3095 963 3200 1002 non
3251 952 3378 1003 sint.
3416 950 3545 1005 Vide
3582 953 3665 1007 ob-

2096 1046 2272 1106 secro,
2304 1034 2374 1087 mi
2403 1034 2507 1098 vir,
2539 1036 2663 1106 quid
2695 1046 2873 1092 tantus
2915 1044 3139 1095 antistes
3170 1081 3185 1105 ,
3237 1044 3320 1096 cui
3370 1052 3427 1097 ct
3475 1054 3527 1097 ttt
3577 1046 3661 1099 ali-

2098 1128 2313 1195 quando
2339 1135 2542 1183 tantum
2574 1130 2763 1184 tribuis
2785 1174 2797 1194 ,
2824 1132 3026 1187 scribat
3073 1133 3165 1187 lib.
3197 1150 3247 1187 tv
3288 1134 3359 1190 de
3409 1136 3664 1206 Baptistno

2098 1229 2283 1272 contra
2309 1220 2629 1288 Donatistas,
2661 1236 2779 1291 cap.
2811 1239 2881 1290 vt,
2907 1232 2961 1277 ct
2981 1225 3156 1294 capite
3182 1241 3340 1292 xxiv,
3371 1235 3425 1281 et
3447 1227 3575 1283 libro
3600 1244 3627 1281 v
3644 1271 3657 1293 ,

2097 1310 2272 1380 capite
2299 1327 2453 1379 unt,
2481 1321 2535 1367 et
2565 1312 2702 1368 libro
2724 1314 2899 1383 primo
2927 1325 3117 1369 contra
3162 1317 3510 1372 Cresconittm
3551 1334 3657 1388 cap.

2096 1415 2285 1455 χχχιιι.
2345 1402 2438 1456 llic
2482 1418 2612 1457 vero
2665 1412 2720 1457 tu
2779 1404 2909 1459 milti
2963 1421 3134 1475 nuper
3170 1407 3466 1461 terribilem
3503 1409 3659 1463 dicam

2094 1494 2375 1563 scripsisti,
2409 1496 2662 1566 lltemque
2692 1497 2966 1552 inlettdislui
2994 1504 3114 1576 περὶ
3153 1500 3491 1578 παραδόσεων

2096 1608 2214 1656 φων,
2273 1597 2329 1639 et
2370 1589 2510 1656 quod
2557 1589 2625 1642 de
2671 1587 2737 1643 iis
2775 1604 2879 1643 non
2926 1592 3245 1659 scripseram
3282 1632 3297 1657 ,
3352 1594 3661 1663 scripsermtt

2096 1688 2272 1733 autem
2305 1680 2778 1735 veterisEccles-ite
2804 1682 2991 1750 cptitni
3038 1683 3311 1738 antistites
3341 1726 3358 1752 ,
3390 1687 3467 1740 sic
3494 1689 3659 1757 exagi-

414 1771 783 1827 contatninent
810 1772 995 1828 bonos.
1028 1773 1131 1829 Sed
1164 1784 1218 1830 et
1238 1776 1401 1831 altera
1425 1792 1533 1831 non
1562 1779 1738 1833 minor
1768 1780 1895 1842 fuit,
1925 1794 1990 1833 an
2023 1794 2070 1854 Β
2101 1772 2219 1825 ιθειί
2247 1813 2262 1837 .
2297 1781 2352 1825 ιιι
2385 1782 2561 1827 ιιιιιιθη
2592 1772 2659 1827 iis
2697 1774 2982 1841 ttrmlerilis
3007 1817 3020 1840 ,
3048 1790 3133 1830 me
3166 1791 3331 1831 unum
3380 1786 3556 1847 petere
3591 1781 3660 1833 ti-

416 1870 750 1917 sacramenta
784 1863 1076 1933 penderent
1125 1881 1190 1920 ex
1218 1867 1475 1936 dignitate
1528 1870 1796 1925 ministri?
1845 1881 1898 1926 et
1924 1886 1991 1925 an

418 1955 717 2025 baptismus
745 1958 815 2012 ab
840 1958 1068 2029 indignis
1093 1960 1491 2020 administratus
1509 1975 1653 2020 esset
1678 1966 1851 2021 nullus
1874 1965 1896 2024 ἲ
1918 1976 1991 2034 ει,

414 2065 481 2104 an
514 2060 730 2121 prepter
754 2066 939 2107 eorum
972 2053 1334 2124 indignitatem
1367 2056 1605 2113 Ecclesia
1653 2057 1852 2113 Christi
1876 2073 1996 2114 esse

416 2141 707 2208 desineret,
742 2159 859 2211 quae
892 2143 957 2198 iis
988 2146 1266 2213 uteretur?
1291 2156 1364 2209 et.
1390 2162 1457 2201 an
1501 2148 1791 2204 Donatista:
1815 2149 1996 2220 aliquo

413 2233 533 2302 jure
557 2232 849 2290 Ecclesiam
892 2236 1003 2291 suis
1039 2237 1252 2292 demum
1303 2238 1997 2312 schismaticis‘synagogis

418 2323 676 2379 inclusam
707 2340 826 2381 esse
853 2329 1277 2392 contenderent?
1297 2346 1416 2399 quae
1443 2341 1620 2386 tamen
1649 2332 1917 2386 levissima
1943 2340 1999 2388 et

406 2430 585 2487 prope
611 2418 755 2470 nulla
782 2419 1065 2475 occasione
1105 2435 1224 2475 sese
1264 2421 1359 2476 abs
1410 2422 1615 2492 reliquo
1638 2438 1865 2493 corpore
1893 2424 2000 2478 dis-

418 2516 714 2563 traxeraut.
743 2510 830 2564 Lis
873 2526 1003 2580 ergo
1054 2527 1244 2582 magna
1296 2524 1419 2580 est,
1454 2514 1601 2569 etde
1649 2529 1709 2570 re
1758 2516 1998 2583 omnium

416 2600 679 2655 maxima:
709 2610 765 2657 et
796 2604 974 2659 nescio
996 2619 1062 2658 an
1093 2621 1197 2659 non
1220 2604 1491 2661 difﬁcilior
1530 2606 1602 2661 sit
1645 2607 1953 2661 schismatis
1981 2647 1996 2672 ,

416 2706 571 2760 quam
604 2692 873 2749 hmreseos
896 2697 1121 2751 curatio.
1174 2697 1403 2768 Scripsit
1443 2707 1629 2752 contra
1678 2697 1997 2753 Petilianttm

415 2781 740 2853 Augustinus
762 2784 828 2841 de
854 2788 1054 2842 unitate
1078 2787 1334 2843 Ecclesia:
1364 2805 1376 2841 :
1424 2790 1713 2857 scripserat
1741 2797 1795 2842 et
1844 2797 1999 2843 antea

416 2874 737 2947 Cyprianus.
771 2879 905 2934 Nam
936 2882 1025 2950 qui
1056 2882 1171 2949 ejus
1209 2890 1469 2935 tractatus
1511 2881 1667 2951 vulgo
1697 2881 2003 2935 inscribitur

417 2967 480 3022 de
504 2956 829 3038 simpliciiate
864 2969 1230 3036 Prwlatorum,
1277 2986 1376 3040 ego
1403 3014 1416 3038 ,
1453 2987 1572 3026 cum
1627 2972 1866 3026 Tridenti
1915 2989 2004 3028 es-

416 3076 528 3116 setn
566 3103 581 3128 ,
617 3061 789 3116 didici.
811 3078 929 3116 esse
963 3043 1361 3118 inscribendum
1392 3064 1453 3118 de
1475 3065 1669 3118 unitate
1717 3063 2002 3121 Ecclesiae:

2098 1861 2325 1916 dereris.
2354 1861 2534 1917 Liceat
2563 1862 2663 1917 hoc
2690 1865 2942 1929 sanetibi
2985 1880 3123 1920 novo
3152 1867 3399 1936 tuojnre.
3451 1869 3551 1925 Sed
3595 1872 3659 1924 al—

2102 1967 2210 2009 tera
2244 1971 2426 2011 rursus
2453 1956 2645 2027 injuria
2678 1969 2779 2028 est,
2809 1960 2951 2029 quod
2978 1962 3045 2015 ita
3077 1963 3126 2015 in
3158 1978 3221 2017 ea
3247 1966 3538 2033 quaestione
3560 1981 3656 2019 om-

2099 2050 2185 2101 nia
2216 2050 2464 2117 misceas,
2495 2060 2550 2103 ut
2574 2052 2730 2106 nobis
2764 2051 2873 2121 jam
2908 2053 3279 2109 dubitantibus
3330 2056 3454 2125 quid
3505 2056 3651 2117 velis.

2102 2151 2265 2212 prope
2292 2142 2495 2197 indicas
2513 2143 2785 2197 silentium
2807 2145 2956 2215 :quia
2980 2154 3035 2199 et
3061 2145 3162 2200 hoc
3194 2147 3287 2201 tibi
3314 2147 3472 2202 licere
3502 2158 3651 2217 putas,

2101 2244 2158 2287 ut
2186 2234 2347 2289 modo
2376 2235 2487 2290 aias
2515 2277 2530 2301 ,
2560 2236 2721 2290 modo
2768 2252 2953 2306 neges.
3006 2237 3120 2292 Non
3162 2247 3248 2294 est
3299 2241 3427 2294 tttihi
3479 2251 3653 2294 tantum

2101 2327 2218 2393 otii,
2248 2334 2307 2381 ut
2333 2326 2510 2381 omnia
2545 2336 2631 2382 tua
2664 2329 2933 2384 volumina
2959 2330 3255 2395 revolvam,
3290 2333 3479 2401 quibus
3515 2335 3651 2386 multa

2102 2418 2335 2489 plaustra
2359 2433 2587 2475 onerare
2608 2435 2831 2488 posses:
2860 2436 3032 2490 neque
3058 2423 3102 2475 si
3122 2433 3286 2481 esset.
3314 2431 3421 2477 tam
3451 2440 3512 2477 eo
3530 2424 3650 2475 abuti

2105 2511 2259 2566 valde
2288 2513 2504 2567 vellem.
2538 2512 2642 2568 Sed
2674 2527 2741 2567 ex
2782 2513 2845 2568 iis
2892 2529 3009 2582 qua:
3039 2514 3326 2583 aliquando
3357 2513 3589 2579 delibari,
3616 2516 3651 2568 si

2104 2622 2190 2661 me
2214 2622 2317 2660 non
2344 2606 2481 2660 fallit
2505 2606 2798 2672 memoria,
2848 2606 3048 2663 videris
3083 2607 3214 2662 mihi
3252 2609 3477 2677 primum
3514 2609 3653 2678 scrip-

2103 2696 2242 2751 sisse
2286 2712 2392 2751 non
2423 2711 2721 2767 repugnare
2747 2707 2800 2753 te
2831 2698 2988 2768 hujus
3016 2699 3229 2768 generis
3255 2700 3611 2754 traditionibus
3639 2741 3651 2763 ,

2104 2778 2225 2857 qua:
2244 2788 2748 2856 demonstrarentur
2777 2806 2841 2845 ex
2869 2802 3019 2847 certe
3048 2801 3103 2846 et
3124 2802 3385 2861 perpetuo
3412 2792 3656 2848 Ortltodoa

2106 2888 2296 2931 surum
2318 2892 2608 2933 consensu.
2640 2878 2697 2934 Id
2723 2881 2868 2935 enim
2914 2881 3077 2952 Pygio
3103 2864 3358 2937 concedis
3376 2925 3388 2947 ,
3436 2895 3546 2938 cum
3572 2883 3654 2935 ad-

2104 2986 2293 3025 versus
2322 2982 2445 3026 eum
2476 2972 2592 3043 agis
2618 2973 2684 3028 de
2711 2973 2881 3029 libero
2910 2972 3155 3030 arbitrio.
3180 2975 3374 3031 Postea
3397 2992 3510 3031 cum
3538 2977 3653 3030 scri-

2106 3062 2255 3132 psisti
2290 3063 2341 3117 in
2372 3062 2651 3132 epistolam
2682 3063 2747 3117 ad
2767 3061 3092 3130 Corinthios,
3124 3050 3388 3135 scripsisti
3432 3057 3534 3120 nun
3580 3080 3657 3119 ue-

418 3153 577 3223 ithue
617 3169 685 3209 ex
726 3154 863 3208 libro
893 3154 1258 3223 manuscripto
1280 3156 1329 3210 in
1352 3155 1545 3224 Apulia
1570 3167 1810 3227 reperto,
1833 3159 2001 3212 Anto-
2026 3160 2071 3223 C
2104 3170 2231 3225 gare
2255 3164 2305 3208 te
2332 3154 2459 3224 quin
2494 3156 2689 3223 aliqua:
2734 3154 2936 3211 fuerint
2966 3156 3333 3225 apostolorum
3376 3156 3654 3212 traditiones

420 3245 493 3298 uii
517 3245 797 3314 Augustini
820 3246 1188 3314 jurisconsulti
1215 3260 1268 3302 ct
1295 3250 1552 3318 episcopi.
1583 3249 1688 3305 Sed
1723 3267 1788 3305 ne
1818 3250 2001 3305 talium

420 3338 634 3407 quidem
663 3338 985 3395 arbitrorum
1029 3340 1225 3410 judicia
1258 3328 1552 3399 consiliave
1588 3345 1868 3398 restituent
1909 3360 2005 3398 no-

423 3428 525 3495 bis,
556 3444 714 3499 qttatu
744 3440 991 3500 optamus
1013 3432 1223 3492 ἑνότητα
1243 3475 1257 3499 ,
1290 3435 1389 3488 nisi
1424 3435 1634 3491 si.Deus
1656 3437 1769 3507 ipse
1796 3437 2006 3490 animos

424 3522 697 3577 hominum
728 3525 1005 3579 conciliet:
1035 3526 1086 3580 in
1130 3527 1317 3597 quibm‘
1348 3528 1523 3598 potius
1552 3545 1711 3599 quam
1763 3530 1814 3582 in
1846 3531 2007 3583 rebus

420 3616 571 3687 ipsis,
601 3626 683 3673 est
707 3618 1001 3674 distractio.
1039 3620 1232 3676 Habuit
1262 3620 1439 3677 Africa
1469 3637 1622 3676 suum
1646 3621 2003 3685 Catholicnm,

421 3709 522 3763 hoc
550 3718 651 3774 est,
682 3720 1080 3779 procuratorem
1109 3711 1341 3769 Caesaris
1386 3714 1500 3768 sive
1531 3713 1671 3782 Fisci
1721 3714 1821 3784 (sic
1862 3714 2005 3768 enim

420 3802 813 3882 appellabatur)
836 3816 995 3875 atque
1016 3807 1094 3859 eis
1118 3806 1334 3876 quidem
1383 3806 1542 3860 etiam
1583 3805 1871 3874 aliquando
1902 3805 2008 3858 Du-

423 3895 648 3949 uatistas
676 3897 966 3950 conciliare
1018 3912 1137 3950 cum
1180 3897 1418 3950 Ecclesia
1467 3895 1729 3949 catholica
1784 3906 2010 3950 conatus

420 3997 523 4043 est.
550 3986 656 4043 Sed
685 3988 819 4043 nihil
844 3990 973 4059 egit.
996 3990 1263 4057 Quaeritur
1282 3985 1573 4043 etiatntiutn
1603 3988 1829 4043 idoneus
1845 3988 2005 4057 judex

423 4080 1003 4135 totiuscontroversitc.
1051 4080 1249 4135 Verum
1298 4080 1437 4134 bene
1480 4078 1661 4135 habet.
1710 4079 1879 4148 Spero
1925 4094 2010 4135 me

424 4169 516 4223 tibi
545 4183 655 4224 rem
698 4173 1056 4241 gratissimam
1096 4170 1357 4225 facturum
1404 4185 1562 4235 esse,
1594 4185 1714 4224 cum
1764 4171 1815 4224 in
1864 4170 2013 4227 hisce

426 4261 606 4316 litibus
653 4262 809 4318 laudo
841 4264 1012 4333 legem
1040 4271 1095 4318 et
1122 4264 1405 4317 formulam
1431 4262 1641 4334 judicii,
1690 4264 1830 4334 quod
1886 4281 2013 4320 nos-

429 4364 511 4409 ter
538 4354 765 4423 Optatus
792 4356 902 4416 dat,
928 4356 1178 4424 exemplo
1209 4355 1438 4426 quodam
1490 4355 1626 4425 juris
1668 4357 1845 4411 civilis
1876 4397 1892 4423 ,
1943 4357 2010 4411 ad

427 4446 1044 4502 causas'ecclesiasticas
1074 4448 1471 4518 elegantissime
1517 4449 1802 4505 translato.
1857 4449 2009 4517 Quod

2107 3260 2213 3299 non
2236 3246 2485 3310 scriptae;
2515 3245 2607 3299 sed
2641 3260 2747 3300 non
2770 3244 3067 3301 concedere
3088 3245 3257 3302 fuisse
3282 3247 3534 3302 doctrina:
3555 3254 3655 3316 par-

2110 3348 2224 3392 tes:
2256 3345 2460 3391 tantum
2499 3348 2676 3391 autem
2712 3337 3034 3405 pertinuisse
3057 3337 3123 3391 ad
3169 3338 3409 3393 ordinent
3454 3349 3505 3393 et
3536 3338 3651 3409 poli-

2111 3430 2269 3493 tiant;
2301 3428 2495 3497 quibus
2539 3426 2716 3482 verbis
2748 3468 2763 3493 ,
2821 3427 2984 3482 credo
3009 3469 3023 3494 ,
3063 3430 3200 3484 ritus
3252 3439 3307 3483 et
3355 3432 3651 3485 ceremonias

2109 3522 2272 3577 etiam
2300 3520 2697 3590 complecteris.
2726 3518 3155 3599 Postremo'cum
3193 3521 3450 3578 adversus
3475 3537 3552 3578 me
3575 3523 3651 3576 de-

2108 3617 2375 3685 clamasti,
2404 3618 2547 3673 visus
2566 3632 2625 3673 es
2652 3617 2823 3673 nullas
2851 3619 3071 3674 omnino
3100 3634 3394 3690 agnoscere
3416 3620 3541 3677 velle
3563 3631 3648 3675 tra-

2062 3714 2066 3718 ’
2110 3710 2362 3766 ditioncs.

2203 3804 2309 3863 Quo
2334 3810 2529 3854 teneam
2550 3804 2711 3856 vultus
2728 3810 2996 3857 mutantem
3016 3806 3229 3856 Protbea
3250 3806 3415 3857 nodo?

2182 3896 2294 3951 Nutt
2341 3907 2445 3951 tam
2493 3897 2709 3953 fuerunt
2750 3898 2896 3968 (utor
2944 3900 3169 3955 libenter
3213 3909 3304 3954 tuo
3337 3899 3514 3973 verbo)
3556 3908 3649 3953 ver-

2110 3990 2327 4059 sipelles
2359 3991 2646 4045 Donatista:
2674 4033 2689 4057 ,
2719 4006 2839 4046 cum
2882 3992 2950 4047 de
2992 3992 3217 4048 crimine
3261 3994 3546 4047 traditionis
3588 3991 3649 4062 (ιιι

2112 4078 2397 4150 vocabant)
2461 4091 2720 4151 agerent,
2775 4099 2936 4152 quam
2982 4092 3040 4138 tu
3090 4082 3211 4138 cum
3262 4083 3331 4139 de
3394 4077 3649 4138 traditionis

2113 4170 2271 4241 longe
2300 4171 2405 4224 alio
2442 4186 2639 4241 genere
2667 4172 2859 4242 litigas.
2908 4173 2965 4229 In
3008 4182 3232 4243 utraque
3261 4173 3354 4228 lite
3390 4184 3470 4228 est
3513 4173 3650 4241 prima

2113 4261 2337 4330 (ιιιιυειίο
2368 4260 2510 4334 facti.
2540 4261 2690 4327 Quod
2733 4278 2862 4317 vero
2916 4263 3246 4334 Augustinus
3299 4261 3353 4317 in
3404 4263 3651 4318 collatione

2115 4354 2195 4423 (ut
2226 4352 2538 4423 vocabatur)
2585 4356 2744 4408 toties
2773 4355 2867 4409 abs
2922 4354 3216 4410 Donatistis
3263 4358 3569 4426 postulavit,
3610 4364 3650 4408 ut

2114 4453 2295 4499 certus
2316 4443 2505 4514 aliquis
2530 4459 2708 4499 causa:
2730 4455 2900 4501 status
2917 4487 2931 4511 ,
2953 4457 3265 4517 certumque
3307 4449 3551 4529 judicium
3585 4463 3650 4502 cs-

428 4538 590 4607 igitur
617 4538 685 4593 de
716 4540 1037 4595 testamento
1066 4541 1196 4595 dicit
1225 4540 1361 4596 libro
1392 4557 1445 4607 v,
1483 4541 1580 4596 tibi
1618 4543 1881 4598 conﬁrmo
1916 4546 2002 4598 mit

2117 4544 2220 4602 set,
2252 4534 2305 4589 id
2332 4535 2681 4604 imprimiset
2700 4535 2914 4606 quidem
2946 4536 3068 4603 jure
3098 4552 3220 4592 meo
3245 4577 3261 4604 ,
3305 4539 3401 4593 abs
3440 4547 3492 4592 te
3530 4547 3647 4608 peto:

425 4625 575 4685 riﬁce
599 4630 731 4684 milti
768 4632 1009 4700 placere:
1042 4633 1255 4687 tametsi
1288 4633 1463 4687 locum
1506 4648 1665 4703 quem
1717 4626 1785 4689 ex
1833 4633 2012 4695 Evan-

428 4721 572 4791 gelio
590 4721 812 4778 Joannis
833 4724 1039 4792 recitat,
1067 4725 1301 4779 alienum
1325 4739 1446 4779 esse
1474 4739 1502 4777 a
1531 4718 1808 4804 propusita
1836 4741 2013 4796 qutcs-

432 4814 578 4868 tione
606 4814 675 4869 de
706 4814 992 4884 baptismo,
1020 4815 1112 4871 tibi
1144 4816 1461 4872 concedam.
1499 4816 1605 4873 Sed
1634 4818 1772 4887 quod
1804 4818 1868 4872 ad
1894 4820 2012 4875 tlte-

431 4904 531 4960 sim
555 4906 768 4972 attinet,
800 4910 1008 4969 tametsi
1032 4923 1091 4963 ea
1118 4909 1230 4963 sola
1262 4910 1310 4963 in
1333 4908 1508 4979 Optati
1547 4910 1699 4964 libris
1725 4911 2009 4981 legeretur,

442 4998 577 5067 ligni
606 5008 884 5069 propterea
916 5000 966 5054 hi
998 4992 1209 5068 essent,
1242 5002 1330 5071 qui
1380 5001 1484 5057 hoc
1516 5014 1756 5071 tempore
1797 5004 1849 5059 in
1897 5020 2012 5058 om-

432 5090 578 5144 nium
601 5091 847 5147 manibus
869 5106 1234 5160 versarentur.
1251 5094 1434 5164 Neque
1450 5093 1636 5150 dubito
1660 5094 2014 5165 Augustinum

432 5168 700 5254 hacjuris
738 5187 909 5241 nostri
952 5188 1302 5245 translatione
1340 5190 1661 5244 delectatum
1691 5232 1704 5255 ,
1756 5190 1821 5244 ad
1868 5190 2019 5243 illum

430 5276 608 5347 Optati
658 5278 835 5353 locum
900 5281 1188 5347 allusisse,
1237 5298 1357 5337 cum
1414 5282 1669 5337 adversus
1715 5282 2020 5345 Donatistas

434 5386 540 5424 non
582 5381 938 5443 agnoscentes
982 5374 1304 5430 catholicam
1361 5375 1655 5431 Ecclesiam
1704 5390 1798 5445 per
1849 5383 2018 5429 totum

431 5464 617 5518 orbem
641 5467 1179 5546 terrarumdiﬁ‘usam
1211 5505 1224 5535 ,
1269 5486 1374 5524 non
1422 5468 1705 5524 dissimilia
1758 5468 1825 5524 de
1856 5476 2050 5523 testa-v

432 5564 615 5609 mento
647 5558 911 5615 scriberet
942 5562 993 5615 in
1038 5564 1242 5632 psalmo
1282 5578 1390 5617 XXI.
1441 5562 1546 5618 Sed
1592 5578 1752 5633 rogo,
1782 5577 1847 5615 an
1891 5560 2022 5617 tnihi

437 5644 597 5697 etiam
635 5653 922 5715 concedes,
951 5660 1107 5723 posse
1138 5657 1225 5711 hic
1252 5657 1541 5725 dici‘quod
1589 5656 1739 5708 aiunt
1785 5654 1927 5722 leges
1958 5652 2026 5707 de

454 5744 778 5796 testamento
806 5744 1044 5815 militari,
1078 5750 1206 5807 satis
1246 5763 1369 5806 esse
1419 5750 1465 5804 si
1494 5760 1831 5819 quocumque
1867 5744 2031 5803 modo

2118 4626 2259 4696 quod
2302 4626 2569 4697 reliquum
2613 4637 2730 4690 est,
2786 4628 3069 4697 prmstabo.
3116 4627 3223 4684 Sed
3269 4630 3514 4700 quamdiu
3547 4644 3652 4683 —ntu-

2118 4728 2219 4785 tas,
2251 4729 2305 4773 et
2332 4718 2478 4774 varie
2501 4718 2735 4789 loqueris
2758 4755 2774 4783 ,
2800 4735 2972 4790 neque
3000 4721 3092 4775 tibi
3144 4732 3362 4777 constas
3386 4764 3399 4787 ,
3459 4722 3572 4777 nihil
3591 4721 3651 4775 di-

2118 4826 2204 4867 co.
2236 4811 2327 4866 Sic
2354 4826 2476 4865 cunt
2510 4811 2577 4865 de
2618 4812 2786 4866 sacris
2835 4812 3028 4867 litteris
3081 4815 3339 4883 quaeritur
3362 4857 3377 4882 ,
3410 4815 3555 4869 modo
3587 4828 3652 4867 ea-

2118 4918 2236 4958 rum
2269 4901 2348 4974 (ut
2377 4900 2617 4974 vocatur)
2660 4918 2865 4959 canone
2906 4907 3072 4962 uteris
3098 4946 3114 4972 ,
3154 4908 3314 4961 modo
3350 4922 3468 4963 cum
3512 4917 3562 4962 ut
3591 4906 3649 4958 in«

2119 5006 2322 5051 certum
2368 5007 2421 5052 et
2462 4999 2666 5053 varium
2720 4998 2989 5069 repudias.
3028 4999 3171 5055 Nihil
3226 5000 3348 5056 dico
3394 5001 3525 5073 quod
3571 5012 3650 5053 non

2121 5095 2298 5143 exstet
2328 5088 2376 5141 in
2410 5088 2561 5143 libris
2582 5091 2723 5144 tuis:
2754 5088 2833 5144 sic
2855 5090 3105 5160 antiquos
3128 5092 3381 5147 Ecclesia:
3409 5092 3652 5160 scriptotes

2124 5182 2282 5235 modo
2312 5182 2496 5237 laudas
2522 5211 2558 5248 ,~
2590 5181 2749 5239 modo
2810 5184 3110 5250 proculcas.
3162 5183 3278 5238 luto
3331 5199 3455 5239 vero
3500 5184 3546 5237 in
3589 5192 3650 5230 tua

2124 5282 2309 5328 contra
2331 5289 2416 5329 me
2443 5274 2830 5330 declamatione
2855 5276 3117 5345 scripsisti
3151 5276 3350 5329 nullam
3368 5291 3433 5329 ex
3461 5274 3518 5328 iis
3534 5282 3653 5341 passa

2082 5407 2091 5410 η
2126 5368 2246 5424 elici
2277 5368 2654 5423 certitudinem
2681 5369 2943 5423 doctrinae
2967 5366 3309 5423 Christianae.
3350 5368 3486 5420 Deus
3510 5366 3650 5420 bone.

2128 5462 2254 5538 quid
2282 5462 2440 5517 audio
2470 5477 2591 5516 cum
2617 5461 2754 5517 istud
2783 5461 2981 5517 audio?
3010 5472 3064 5517 et
3101 5460 3230 5533 quid
3275 5461 3349 5515 illi
3380 5460 3579 5523 dicent,
3620 5454 3650 5507 si

2132 5555 2233 5610 hoc
2263 5570 2405 5609 nunc
2441 5554 2545 5608 dici
2581 5554 2841 5627 audiant?
2891 5553 3007 5609 Jam
3058 5540 3183 5625 quid
3234 5551 3470 5606 dicemus
3493 5592 3508 5615 ,
3547 5542 3652 5616 quod

2133 5662 2253 5700 cum
2297 5646 2579 5699 laudamus
2626 5628 2851 5714 primam
2903 5644 3048 5696 illam
3089 5642 3385 5697 Ecclesiam
3412 5683 3425 5706 ,
3481 5634 3650 5707 queat

2160 5737 2416 5809 apostolis
2436 5736 2622 5795 relicta
2640 5744 2914 5806 superstes
2941 5742 3054 5801 est;
3082 5747 3194 5792 non
3210 5732 3371 5790 modo
3390 5732 3454 5790 ab
3477 5729 3578 5785 aliis
3604 5724 3653 5780 ir-
