3828 6218
217 214 351 270 ΗΠ

1299 219 1388 273 AD
1427 216 1683 273 ptuth
1727 199 2098 272 eumenen
2138 215 2407 275 OPTATI.

3326 219 3461 275 1H3

210 322 415 387 ridetur
437 340 494 385 ut
524 341 657 405 anns
683 332 850 387 delira
878 344 932 389 et
962 333 1352 403 superstitiosa,
1380 333 1461 386 vel
1495 331 1633 386 fatua
1678 331 1778 385 ali-
1808 335 1854 394 Α
1883 332 1974 387 bet
2046 348 2151 388 non
2206 336 2384 391 omnia
2446 343 2621 388 tamen
2694 333 2975 389 excidisse.
3027 333 3183 404 Ergo.
3216 336 3360 391 venit
3411 339 3461 390 in

209 440 313 495 qua
343 423 543 489 Fauna,
576 424 659 479 vel
701 422 900 478 larvala
948 422 1164 489 Lamia;
1194 424 1285 478 sed
1318 425 1478 477 etiam
1510 430 1789 477 acettsatttr

206 522 378 587 prope
401 526 457 570 ιιι
493 516 705 572 oflicina
747 516 1027 582 falsitatis,
1061 516 1408 586 imposturaz,
1452 525 1503 569 et
1551 514 1785 569 fraudis:

208 624 331 664 cum
359 618 536 664 tamen
568 625 628 663 ea
676 609 788 678 ipsa
810 611 898 673 sit,
926 624 954 662 a
988 624 1089 678 qna
1123 610 1324 663 litteras
1370 622 1548 662 sacras
1570 621 1789 675 accepe-

206 700 416 766 rimus,
462 709 513 753 et
555 699 710 769 cujus
751 715 843 754 eas
886 700 1192 754 testimonio
1247 698 1586 768 consignatas
1629 704 1788 767 atque

203 793 567 848 communitas
594 792 955 848 defendimus.
996 792 1180 861 Ecquo
1217 792 1324 861 jam
1380 789 1668 845 recidimus
1696 832 1710 856 ,
1742 791 1785 845 si

208 885 376 940 liceat
401 900 518 939 eam
546 885 653 939 doli
679 883 805 937 mali
838 884 1189 940 insimulare?
1220 882 1332 951 [tuo
1351 891 1404 935 tu
1430 898 1536 951 quo
1558 881 1669 936 ruis
1699 922 1713 945 ,
1741 881 1787 936 si

208 885 376 940 liceat
401 900 518 939 eam
546 885 653 939 doli
679 883 805 937 mali
838 884 1189 940 insimulare?
1247 898 1332 936 mo
1351 891 1404 935 tu
1430 898 1536 951 quo
1558 882 1669 936 ruis
1699 922 1713 945 ,
1741 882 1787 936 si

202 990 330 1031 eam
362 975 493 1030 facis
517 976 704 1030 ream?
728 985 782 1029 et
810 976 897 1045 qui
952 976 1117 1030 Stabis
1142 1016 1155 1039 ,
1189 882 1241 1055 sl
1268 975 1427 1028 talem
1482 972 1647 1027 habes
1693 972 1787 1026 ad-

199 1069 537 1123 Versariam?
568 1067 621 1122 [tl
649 1084 768 1122 cuin
797 1067 970 1135 audis,
994 1069 1183 1122 iterum
1210 1066 1435 1121 fortasse
1462 1065 1787 1121 exclamabis
1828 1068 1835 1074 ’

200 1168 257 1215 et
288 1171 500 1228 repetes
530 1202 545 1226 ,
593 1161 733 1229 qttod
793 1161 847 1215 in
887 1171 972 1214 tua
1012 1168 1195 1214 contra
1249 1175 1334 1214 me
1397 1159 1786 1215 declamatione

199 1256 491 1323 scripsisti,
523 1271 617 1308 nos
643 1265 912 1325 spectrum
944 1253 1274 1322 antiquitatis
1312 1253 1565 1323 objicere,
1594 1269 1657 1307 ex
1682 1269 1784 1322 quo

201 1362 330 1401 mox
367 1348 668 1417 prodigiosa
723 1346 978 1400 scaturiat
1021 1361 1265 1400 errorum
1314 1345 1551 1400 omnium
1584 1361 1783 1416 conge-

197 1441 314 1495 ries
339 1459 350 1493 :
383 1455 503 1493 nam
528 1440 609 1511 (ut
635 1440 738 1506 ais)
764 1439 806 1493 si
834 1453 1011 1508 roges,
1038 1453 1281 1507 quzenam
1310 1438 1381 1492 sit
1404 1446 1669 1503 vetustas,
1718 1438 1785 1493 de

197 1546 306 1601 qua
349 1531 639 1600 loquimur,
665 1546 763 1585 nos
787 1529 1082 1599 jactaturos
1121 1528 1351 1583 insulsas
1394 1529 1595 1595 metti-as
1619 1570 1634 1594 ,
1666 1544 1785 1599 quae

197 1623 305 1677 sub
362 1622 550 1693 Ignatii
598 1632 652 1675 et
714 1620 968 1674 similium
1039 1621 1253 1675 nomine
1309 1619 1779 1675 circumferuntur.

1892 435 2148 491 mentem,
2180 441 2300 480 cum
2330 427 2381 480 in
2412 441 2473 480 ea
2520 422 2999 495 epistolajactares
3048 436 3097 480 te
3144 424 3273 480 nihil
3323 427 3462 482 aliud

1890 518 2098 583 Conari,
2129 532 2287 587 quam
2313 526 2369 571 ut
2395 519 2723 571 instauretur
2778 517 3063 586 aliquando
3119 525 3321 572 vetusta
3376 516 3461 572 illa

1889 607 2145 663 Ecclesia:
2164 609 2350 676 facies,
2375 610 2491 664 hinc
2514 619 2565 664 te
2590 609 2849 679 adjecisse
2873 628 2887 664 :
2911 617 3084 665 statue
3112 609 3223 677 tibi,
3258 624 3461 680 qumso.

1888 699 1959 754 ob
1984 700 2169 755 oculos
2192 710 2427 757 veterem
2475 702 2617 756 illam
2663 702 2918 783 Ecclesiae
2970 701 3158 757 faciem
3191 744 3207 769 ,
3233 703 3460 772 ,qualem

1852 790 1853 793 “
1888 791 2264 865 Chrysostomi
2306 806 2359 851 et
2381 796 2562 851 Basilii
2592 808 2748 852 :etate
2782 797 2920 867 apud
2968 796 3203 863 Graecos,
3245 798 3465 869 Cypria-

1889 887 1967 953 ni,
2020 886 2310 952 AmbrOsii,
2346 888 2624 959 Augustini
2671 889 2868 944 smculo
2915 884 3054 959 apud
3097 888 3316 944 Latinos
3371 906 3463 945 ex-

1888 976 2120 1045 stitisse,
2164 978 2401 1049 ipsorum
2442 980 2785 1035 menumcnta
2830 979 2983 1036 fidem
3015 978 3230 1035 faciunt.
3275 980 3362 1036 Sic
3407 986 3461 1034 tu

1889 1067 2040 1121 olim.
2078 1070 2184 1138 Ego
2213 1071 2300 1139 qui
2325 1071 2438 1125 lucc
2466 1072 2563 1124 abs
2587 1080 2637 1125 te
2657 1072 2801 1125 set-io
2844 1071 2950 1125 dici
3004 1072 3250 1142 putabam
3281 1113 3295 1137 ,
3343 1087 3463 1141 pro-

1890 1168 2070 1229 pterea
2112 1159 2177 1214 ad
2209 1161 2297 1215 illa
2325 1169 2671 1216 monumenta
2695 1162 2925 1233 respexi,
2954 1163 3167 1232 quibus,
3203 1174 3258 1217 ut
3290 1163 3460 1229 vides,

1888 1266 2029 1308 nunc
2055 1256 2216 1309 etiam
2246 1255 2424 1323 Optati
2461 1256 2622 1311 libros
2645 1254 2802 1312 addo.
2847 1256 2979 1312 Cum
3025 1257 3076 1310 in
3122 1252 3315 1310 talibus
3344 1270 3464 1325 spe—
3500 1288 3510 1293 -

1887 1345 2025 1400 culis
2053 1346 2241 1401 faciem
2274 1347 2421 1401 illam
2456 1347 2581 1401 milti
2612 1358 2897 1418 utcumque
2925 1348 3106 1403 videre
3127 1349 3273 1402 visus
3300 1362 3416 1400 sum
3446 1364 3459 1399 :

1888 1437 2137 1506 equidem
2164 1438 2413 1493 cohorrui
2440 1481 2455 1505 ,
2512 1455 2632 1494 cum
2666 1455 2781 1495 eam
2813 1450 2990 1509 postea
3028 1435 3275 1494 fmdatam
3303 1447 3462 1507 atque

1889 1529 2216 1600 inquinatam
2262 1532 2516 1601 conspexi
2560 1549 2573 1586 :
2626 1538 2680 1587 et
2730 1542 2789 1586 ut
2827 1532 3047 1601 Apelles
3098 1532 3143 1587 si
3200 1530 3459 1586 Venerem

1888 1638 2061 1688 suam,
2090 1632 2182 1677 aut
2208 1624 2251 1677 si
2280 1623 2616 1699 Protogenes
2643 1623 2881 1695 Jalysum
2912 1620 3058 1678 illum
3100 1635 3279 1689 suum,
3309 1636 3463 1677 emno

196 1717 353 1771 Bona
383 1714 544 1770 verba
570 1756 584 1778 ,
621 1714 769 1769 here.
804 1713 918 1768 Etsi
948 1730 1051 1767 non
1083 1713 1372 1767 habeamus
1396 1714 1563 1767 salem
1608 1714 1699 1783 qui
1734 1715 1782 1767 in
1815 1728 1862 1788 Β
1887 1714 2108 1769 oblitum
2139 1715 2426 1784 aspiceret,
2452 1720 2701 1785 magnum
2731 1714 3001 1783 acciperet
3027 1711 3267 1768 dolorem
3301 1728 3315 1764 :
3358 1728 3461 1766 non

178 1817 249 1876 te
274 1816 400 1872 est,
432 1815 607 1861 tamen
634 1807 743 1861 scis
772 1820 869 1860 nos
922 1806 1075 1859 valde
1119 1804 1408 1860 abhorrere
1441 1804 1508 1860 ab
1547 1804 1781 1868 insulsis,

193 1898 315 1953 sive
338 1894 554 1961 nmniis,
583 1896 694 1950 sive
745 1895 982 1966 ineptiis.
1013 1896 1129 1950 Scis
1174 1909 1271 1949 nos
1311 1911 1452 1965 εειψθ
1494 1895 1786 1949 detestatos

195 2004 320 2045 esse
343 1987 762 2066 ψευδεπίγραφαε
789 2004 961 2059 neque
991 1989 1204 2058 ignoras
1231 2002 1389 2057 quam
1423 1986 1628 2041 fabulas
1654 1986 1786 2040 ode-

195 2081 338 2146 ritn,
367 2080 456 2149 qui
483 2090 694 2135 nostras
744 2080 910 2135 etiam
963 2080 1380 2135 commentarios
1425 2078 1495 2133 de
1545 2077 1787 2131 historia:

195 2172 546 2226 institutione
569 2172 785 2242 legeris.
814 2172 920 2227 Sed
946 2182 1002 2226 ut
1027 2173 1187 2227 breve
1216 2171 1428 2233 faciam.
1458 2170 1597 2240 quod
1633 2173 1784 2241 117

196 2264 330 2317 olim
364 2263 617 2318 Sadoleto
660 2264 1017 2334 respondisti,
1066 2266 1153 2334 qui
1207 2275 1259 2319 te
1304 2264 1513 2318 hostem
1552 2267 1787 2331 antiqua:

194 2356 460 2410 Ecclesia:
490 2370 609 2411 esse
639 2356 873 2419 dieebat,
907 2356 1128 2410 totidem
1162 2356 1212 2408 in
1251 2355 1411 2409 simili
1464 2371 1622 2409 causa
1668 2370 1785 2407 ver-

196 2448 282 2504 bis
312 2448 406 2503 tibi
440 2447 836 2513 modestissime
877 2448 1254 2519 respondebo:
1312 2446 1408 2500 Hie
1460 2462 1563 2498 non
1608 2446 1786 2515 requi—

195 2554 340 2606 ram,
380 2547 436 2593 ut
462 2554 588 2594 vere
614 2555 675 2593 ac
705 2538 932 2594 candide
960 2538 1237 2593 nubis-eum
1290 2552 1416 2607 agas
1464 2536 1648 2609 (quod
1708 2546 1784 2589 ta—

197 2648 323 2688 men
372 2633 733 2703 philosopho,
786 2633 981 2687 nedum
1034 2630 1363 2695 christiano,
1409 2642 1601 2698 Sponte
1646 2645 1785 2697 prae-

194 2725 457 2781 standum
485 2725 625 2795 erat)
655 2743 669 2789 ;
699 2726 793 2779 sed
835 2723 1035 2793 rogabo
1058 2732 1261 2776 tantum
1294 2762 1307 2785 ,
1342 2736 1408 2776 ne
1452 2721 1519 2775 ad
1547 2721 1782 2776 illibera-

198 2818 307 2873 lem
358 2832 531 2888 usque
578 2816 940 2872 calumniandi
986 2815 1257 2869 licentiam
1297 2813 1617 2881 descendas,
1666 2831 1783 2883 qua:

194 2912 656 2965 existimationem
701 2919 842 2962 tuam
880 2910 1020 2978 apud
1054 2910 1222 2962 bonus
1262 2915 1318 2962 et
1369 2924 1561 2978 graves
1616 2908 1780 2973 virus,

192 3005 355 3058 nobis
396 3018 608 3071 quoque
654 3000 977 3065 tacentibus,
1036 2998 1386 3053 vehementer
1440 2999 1632 3052 laesura
1677 3008 1777 3054 est.

1890 1804 2129 1871 dubitavi
2164 1804 2418 1859 Ecclesia:
2459 1806 2657 1861 veteris
2683 1806 2824 1869 illos,
2853 1813 2987 1874 quos
3016 1798 3260 1870 laudasti,
3282 1804 3464 1859 docto-

1889 1912 1997 1963 res,
2030 1898 2074 1951 si
2107 1898 2367 1963 viverent,
2397 1899 2578 1953 videre
2604 1898 2722 1952 sine
2753 1902 2945 1968 magno
2966 1896 3153 1952 do'loi‘e
3171 1914 3273 1952 non
3308 1911 3464 1967 pOsse

1890 1989 2047 2043 talem
2077 1988 2493 2042 deformitatem.
2526 1988 2707 2057 Neque
2731 2003 2841 2050 non
2871 1988 2921 2041 in
2948 1990 3180 2041 mentem
3216 1989 3361 2040 venit
3408 1986 3459 2040 iu

1890 2095 2026 2151 quos
2052 2078 2154 2135 dici
2188 2092 2386 2152 posset,
2421 2081 2560 2151 quod
2600 2079 2781 2151 Scipio
2809 2079 3086 2135 Africanus
3122 2078 3345 2134 laudans
3374 2093 3460 2133 ve-

1890 2184 2055 2228 terem
2077 2165 2221 2243 illum
2250 2175 2569 2228 versiculum
2590 2190 2604 2227 :
3023 2229 3027 2233 ,

1981 2265 2196 2314 Moribus
2218 2266 2427 2327 antiquis
2451 2279 2533 2315 res
2552 2272 2648 2315 stat
2664 2264 2893 2325 Romana,
2926 2264 3154 2327 virisque.

1885 2366 1943 2412 et
1969 2356 2252 2425 deplorans
2280 2366 2390 2410 suae
2418 2356 2728 2425 reipublicae
2753 2356 2960 2409 ruinam
2991 2396 3007 2417 ,
3040 2356 3167 2408 olit’n
3199 2352 3416 2408 dicebat
3445 2370 3457 2407 :

1884 2447 2075 2503 Nostra
2108 2445 2323 2517 (inquit)
2359 2452 2487 2501 aetas
2515 2457 2635 2501 cum
2667 2445 3068 2515 Rempublicam
3115 2444 3252 2500 sicut
3292 2446 3461 2513 pictu-

1886 2553 1996 2592 ram
2019 2521 2317 2607 accepisset
2339 2539 2629 2608 egregiam,
2656 2536 2750 2591 sed
2773 2540 3184 2611 evanescentem
3224 2544 3455 2591 vetusta—

1885 2640 1973 2697 te;
1999 2646 2101 2684 non
2136 2630 2293 2685 modo
2320 2646 2436 2685 eam
2465 2630 2734 2699 coloribus
2762 2629 2971 2694 iisdem,
3003 2629 3195 2698 auibus
3243 2627 3414 2684 fuerat
3441 2670 3457 2695 ,

1884 2738 2147 2780 renovare
2174 2722 2425 2793 neglexit,
2449 2722 2541 2777 sed
2570 2738 2636 2776 ne
2676 2723 2725 2776 id
2755 2722 2967 2792 quidem
3005 2722 3233 2787 curavit,
3263 2730 3321 2774 ut
3350 2719 3459 2775 for-

1886 2831 2024 2872 mam
2049 2818 2234 2872 saltent
2267 2817 2382 2887 ejus
2428 2828 2481 2871 et
2531 2823 2772 2871 extrema
2822 2824 3090 2886 tamquam
3136 2816 3460 2870 lineamenta

1884 2920 2145 2966 servaret.
2174 2911 2337 2981 Cujus
2369 2911 2499 2965 tanti
2532 2909 2655 2964 mali
2690 2924 2793 2964 non
2826 2910 2987 2963 modo
3019 2908 3291 2963 reddenda
3327 2908 3461 2962 ratio

1887 3003 2062 3066 nobis,
2088 3003 2183 3057 sed
2211 3004 2373 3057 etiam
2407 3012 2674 3072 tamquam
2704 3004 2810 3057 reis
2843 3000 3035 3071 capitis
3065 2998 3461 3069 quodammodo

194 3097 317 3153 Scis
342 3097 464 3159 hoc.
496 3096 566 3148 mi
600 3094 866 3156 Joannes.
918 3102 968 3147 el
999 3134 1013 3159 ,
1066 3093 1110 3145 si
1160 3091 1382 3145 inﬁciari
1437 3092 1639 3163 pergis,
1700 3092 1777 3145 fa-
1808 3096 1851 3157 C
1884 3096 2109 3152 dicenda
2141 3112 2301 3151 causa
2332 3093 2433 3150 est.
2461 3095 2670 3150 NoStris
2692 3096 2832 3149 enim
2862 3094 3025 3160 vitiis,
3052 3084 3155 3147 noti
3188 3102 3315 3145 easu
3358 3090 3455 3143 ali-

191 3190 338 3242 ciam
392 3195 449 3241 ut
474 3195 522 3240 te
551 3186 794 3250 seivisse,
823 3191 876 3238 et
912 3182 1086 3237 calide
1110 3187 1363 3254 val‘reque
1405 3183 1776 3240 dissimulasse

190 3294 390 3335 omnes
418 3276 714 3346 intelligant
747 3295 759 3329 :
788 3290 887 3329 nos
919 3262 1057 3330 bona
1086 3275 1188 3330 fide
1226 3291 1288 3329 ex
1335 3277 1550 3345 optimis
1592 3283 1647 3331 et
1693 3292 1781 3330 ea-

192 3370 456 3424 stiSsimis
485 3369 844 3422 monumentis
878 3378 1124 3439 repetere
1161 3368 1476 3423 memoriam
1517 3368 1780 3437 religiosa:

192 3462 482 3518 vvtnstatis
526 3505 542 3529 ,
620 3478 777 3531 quam
839 3462 1298 3517 commemlamus.
1368 3462 1530 3515 Miror
1568 3455 1778 3514 ’autem

189 3556 322 3625 quid
354 3555 448 3609 tibi
481 3555 531 3608 in
565 3565 798 3608 mentem
840 3558 1080 3618 venerit,
1127 3562 1186 3607 ut
1228 3563 1410 3606 contra
1460 3562 1601 3605 tuam
1647 3567 1776 3607 con-

188 3648 483 3702 scientiam
506 3644 637 3701 mibi
667 3645 1002 3700 adscriberes
1031 3645 1171 3713 quod
1194 3644 1351 3698 aisde
1374 3644 1594 3713 lgnatio.
1618 3642 1790 3697 Certe

188 3739 444 3808 quaedam
473 3737 589 3806 ejus
619 3736 911 3806 fragmenta
956 3737 1008 3789 in
1046 3734 1199 3791 libris
1242 3735 1457 3789 Eusebii
1504 3744 1560 3790 et
1607 3734 1782 3789 Theu-

190 3833 363 3888 doriti
428 3843 664 3900 agnosco
709 3840 764 3884 et
808 3843 1055 3883 veneror.
1098 3831 1178 3883 Au
1223 3829 1384 3882 etiam
1426 3843 1487 3882 ea
1531 3827 1780 3897 repudia-

189 3925 316 3980 bis?
345 3914 529 3990 Nuper
550 3935 669 3974 curn
695 3920 856 3974 homo
881 3919 1226 3974 doctissimus
1254 3919 1344 3973 tibi
1394 3934 1458 3974 ex
1506 3918 1573 3973 iis
1624 3919 1782 3989 quip-

188 3996 341 4089 piam
367 4013 676 4084 obiecisset,
708 4011 848 4083 quod
870 4011 935 4067 ad
960 4010 1310 4067 Eucltaristiae
1362 4025 1581 4088 causam
1617 4010 1782 4080 perti-

187 4110 364 4163 nebat
390 4125 402 4159 :
432 4107 555 4175 quia
583 4104 635 4159 id
666 4114 716 4159 te
738 4106 1038 4175 premebat,
1074 4102 1383 4158 exclamasti
1422 4116 1542 4157 esse
1580 4101 1779 4171 repeti-

188 4212 305 4255 tum
341 4215 408 4254 ex
438 4197 735 4269 uugatoriis
758 4240 771 4263 ,
803 4214 922 4270 qua:
972 4196 1425 4253 circumferuntur
1447 4237 1462 4265 ,
1510 4196 1775 4265 epistolis.

184 4294 359 4363 Atqui
390 4292 553 4345 falsus
578 4305 711 4359 es,o
734 4293 1007 4369 magister).
1064 4290 1199 4345 lllud
1246 4290 1297 4343 in
1341 4289 1406 4344 iis
1437 4304 1544 4343 non
1581 4296 1775 4343 exstat.

186 4385 388 4439 Exstat
426 4394 603 4437 autem
636 4393 691 4438 et
712 4386 962 4437 recitatur
986 4383 1037 4436 in
1061 4383 1277 4451 nptiutis
1300 4383 1448 4437 libris
1479 4382 1780 4437 Theodori-

1884 3200 2010 3259 qun‘,
2058 3188 2463 3258 Rempublicam
2512 3187 2673 3243 verbo
2721 3186 3015 3241 retinemus
3046 3226 3059 3250 ,
3109 3184 3280 3253 reipsa
3336 3196 3461 3235 vero

1880 3282 2198 3352 jampridem
2225 3285 2520 3339 a'misinmS.
2552 3283 2641 3339 Sic
2668 3283 2755 3338 ille
2802 3284 3093 3340 liomanus.
3151 3281 3349 3334 Eodem
3412 3274 3462 3330 te

1883 3375 2061 3429 animo
2081 3391 2211 3444 puer
2230 3376 2481 3447 putabattt
2508 3375 2760 3430 Ecclesia:
2787 3374 3119 3430 senescentis
3150 3371 3464 3427 deformita-

1885 3478 2013 3531 tem,
2048 3482 2223 3537 rugas,
2249 3469 2573 3538 squalorem,
2629 3468 2789 3520 sltttm
2830 3464 3153 3535 deplorare:
3208 3471 3263 3517 et
3304 3460 3459 3515 simul

1886 3560 2217 3629 penicillum,
2265 3566 2322 3614 u’t
2353 3560 2586 3629 priorem
2631 3558 2856 3611 ferntam
2906 3561 3228 3617 renovares,
3285 3554 3459 3619 potius

1882 3666 2039 3721 quam
2072 3651 2369 3720 spongiatu,
2393 3659 2495 3719 qua
2514 3657 2748 3703 extrema
2772 3662 2984 3716 quoque
3004 3646 3120 3714 ejus
3139 3644 3457 3698 lineamenta

1883 3744 2110 3810 deleres,
2142 3743 2436 3813 accepisse.
2465 3742 2595 3796 Nam
2629 3748 2683 3795 et
2726 3741 2777 3794 in
2809 3740 2992 3794 eadem
3024 3740 3249 3807 epistola
3274 3778 3289 3801 ,
3337 3752 3457 3791 cum

1884 3838 2097 3908 indigne
2145 3836 2314 3891 ferres
2373 3846 2423 3892 te
2463 3834 2530 3889 ab
2575 3833 2886 3888 adversario
2930 3830 3170 3886 accusari
3222 3838 3278 3884 ut
3330 3843 3461 3882 cou-

1885 3939 2202 4001 temptorem
2234 3928 2496 3984 Ecclesia:
2523 3927 2741 3991 veteris,
2775 3923 3107 3986 exclamasti,
3130 3922 3312 3992 jamite
3337 3920 3455 3974 hos.

1883 4029 1991 4076 tem
2019 4021 2351 4090 aittiqnitatis
2380 4033 2499 4075 esse
2546 4018 2716 4083 dices,
2744 4016 2835 4088 qui
2865 4018 3096 4086 antiquze
3143 4013 3357 4082 pietatis
3398 4028 3461 4066 ac

1883 4112 2256 4169 sanctimoniae
2282 4110 2484 4175 Studio,
2511 4109 2762 4180 prteSenti
2782 4121 2961 4163 rerum
2981 4106 3328 4174 cnrrdptinne
3354 4114 3460 4158 non

1883 4214 2188 4272 contentus,
2214 4211 2333 4274 ane
2364 4214 2486 4258 eunt
2515 4202 2568 4257 in
2592 4201 2833 4257 Ecclesia
2860 4200 3113 4268 diSsipata
3156 4210 3218 4252 ac
3267 4195 3463 4265 d’epra-

1887 4311 2026 4365 vata,
2056 4299 2327 4368 corrigere
2354 4299 2405 4350 itt
2434 4296 2648 4363 melius,
2680 4309 2743 4349 ac
2774 4293 3059 4349 restituere
3089 4292 3141 4346 in
3180 4289 3461 4361 pristinum

1882 4393 2110 4449 nitorem
2142 4389 2435 4447 molieturi
2463 4392 2584 4444 cum
2614 4386 2757 4444 istltd
2780 4389 2912 4458 piter
2956 4384 3156 4450 audivi,
3185 4383 3461 4447 exsiliens,

184 4478 248 4531 ti.
278 4477 501 4533 Utinam
530 4492 656 4530 vero
681 4476 823 4546 quod
854 4475 1109 4545 lgnatium
1146 4475 1426 4545 scripsisse
1446 4475 1514 4530 de
1543 4476 1773 4547 Aposto-
1804 4486 1859 4547 D
1883 4484 2075 4550 fateor,
2106 4482 2428 4549 exclamavi,
2454 4486 2611 4553 euge,

186 4571 385 4623 lorum
411 4570 804 4633 traditionibus,
838 4578 1061 4624 testatur
1088 4567 1377 4637 Eusebius,
1402 4570 1561 4623 etiam
1593 4580 1775 4625 easta-

185 4671 297 4718 ret.
335 4662 585 4731 Magnum
615 4660 873 4715 adversus
923 4670 1038 4714 tuas
1083 4658 1444 4716 inﬁciationes
1471 4660 1777 4731 praesidium

184 4756 421 4824 Optimae
444 4752 744 4807 testatiouis
768 4751 1111 4807 haberemus.
1144 4752 1248 4807 Sed
1278 4761 1393 4807 tttut
1427 4752 1590 4807 multa
1624 4752 1782 4823 hujus

182 4847 415 4916 generis
448 4855 793 4898 monumenta
819 4844 1189 4901 interciderint
1213 4886 1227 4911 ,
1248 4846 1502 4917 reliquias
1528 4861 1633 4903 non
1664 4864 1783 4918 pes-

182 4936 457 4991 sundahis
485 4936 603 5006 qua:
627 4946 677 4991 te
702 4947 916 5008 urgent.
952 4938 1131 5006 Quid?
1156 4947 1276 4994 utar
1315 4948 1406 4995 tuo
1430 4942 1675 5009 consilio,
1726 4955 1782 4999 ut

182 5029 479 5084 coniiciunt
513 5028 653 5097 quod
683 5030 825 5086 volo.
871 5030 1021 5085 Nunc
1070 5032 1211 5086 enim
1263 5031 1391 5085 tttihi
1444 5033 1496 5086 in
1546 5032 1780 5089 mentem

186 5124 373 5187 venit,
406 5121 549 5190 quod
593 5123 644 5175 in
673 5122 899 5187 eadem,
950 5139 1015 5177 ex
1057 5139 1158 5192 qua
1201 5124 1358 5193 paulo
1407 5134 1533 5179 ante
1581 5126 1783 5194 aliquot

185 5217 360 5272 verba
413 5216 624 5285 repetii,
658 5216 881 5285 epistola
929 5216 1216 5285 aliquando
1262 5218 1387 5287 legi.
1437 5217 1517 5273 Tu
1563 5218 1777 5286 quidem

184 5324 394 5378 nuper,
420 5317 477 5361 ut
506 5323 681 5361 meam
724 5309 1002 5362 stultitiam
1035 5309 1290 5362 irrideres
1317 5349 1332 5374 ,
1375 5301 1638 5376 scripélstl
1693 5323 1779 5361 me

183 5417 421 5473 puerum
473 5401 782 5469 memoriter
817 5401 1098 5467 epistolam
1147 5399 1290 5453 illam
1339 5407 1505 5453 totam
1553 5400 1779 5453 recitare

182 5494 457 5562 potuisse.
492 5482 605 5543 Non
636 5489 858 5543 memini
885 5499 989 5542 tam
1017 5505 1102 5543 me
1128 5488 1416 5558 aliquando
1458 5490 1629 5545 felicis
1666 5505 1778 5545 me-

180 5584 387 5639 moria:
419 5580 610 5647 fuisse,
643 5586 858 5651 tamque
915 5593 975 5636 ea
1030 5582 1303 5650 pueriliter
1345 5581 1489 5638 abuti
1521 5584 1772 5639 vo‘lttlsse.

181 5674 299 5732 Sed
330 5689 431 5745 per
459 5680 673 5755 aetatem
704 5674 831 5731 licet
849 5674 949 5731 sim
981 5675 1150 5732 lactus
1178 5675 1491 5746 obliviosus,
1514 5676 1650 5735 bene
1677 5678 1774 5732 ha-

1979 4588 2134 4649 Verre
2154 4600 2500 4661 pavimentum,
2524 4595 2699 4661 nitidas
2720 4582 3212 4661 ostendeeolumna's,

1979 4662 2124 4712 Arida
2148 4653 2254 4711 cum
2276 4668 2379 4710 tota
2397 4653 2666 4709 descendat
2683 4668 2858 4707 aranea
2883 4653 3002 4704 tela.

1922 4758 2072 4823 ’Jam‘
2130 4770 2257 4822 vero
2309 4776 2429 4821 cum
2485 4775 2541 4820 tu
2594 4765 2772 4818 rerulu
2824 4758 3041 4829 petitus,
3083 4760 3225 4807 tuam
3278 4748 3461 4814 modo,

1888 4870 2053 4927 tuam,
2085 4863 2154 4915 mi
2183 4859 2365 4923 Calve,
2394 4839 2619 4912 formam
2651 4860 2841 4907 novam
2868 4854 3108 4903 Ostentas
3133 4886 3147 4907 ,
3181 4852 3235 4897 et
3266 4852 3322 4895 tit
3347 4843 3460 4895 sola

1835 4958 1841 4963 ’
1887 4964 2174 5025 spectetur,
2206 4953 2356 5007 deles
2385 4949 2697 5016 induetsque
2722 4949 2982 5025 veterem,
3004 4937 3231 4994 etnobis
3256 4936 3460 4989 irasce-

1885 5048 1984 5111 ris,
2017 5044 2108 5113 qui
2139 5044 2293 5097 bona:
2322 5036 2657 5107 antiquitatis
2692 5036 2845 5103 plane
2881 5030 3119 5086 oblivisci
3144 5045 3247 5082 non
3273 5040 3463 5095 possu-

1888 5150 2022 5201 mus,
2054 5144 2105 5190 et
2135 5134 2199 5186 ad
2227 5135 2367 5187 illam
2388 5128 2657 5185 Ecclesia:
2680 5126 2890 5192 faciem,
2939 5140 3056 5194 quze
3087 5122 3259 5177 fuerat
3304 5126 3461 5172 :etate

1884 5224 2089 5290 Basilii,
2123 5219 2523 5292 Chrysostonti,
2567 5218 2769 5288 Optati,
2820 5214 3112 5288 Ambrosii,
3154 5207 3458 5279 Augustini,

1889 5325 1939 5369 te
1966 5316 2303 5377 revocamus,
2335 5311 2481 5365 ut‘ad
2515 5313 2632 5365 eam
2668 5318 2723 5362 tu
2752 5321 2851 5361 nos
2877 5303 3161 5374 aliquando
3195 5317 3206 5350 :
3253 5314 3318 5351 an
3361 5297 3461 5349 mi-

1884 5405 2041 5469 raris,
2068 5404 2201 5468 siis,
2237 5412 2395 5472 quem
2428 5417 2521 5456 sua
2555 5400 2623 5454 de
2652 5410 2703 5453 te
2734 5400 2922 5452 melior
2963 5394 3146 5463 hpinio
3186 5387 3453 5452 lefellErit,

1883 5498 2027 5552 dolet
2052 5504 2109 5551 se
2140 5495 2424 5565 deceptum
2452 5503 2570 5549 esse
2592 5488 2950 5560 iquamquam
2985 5492 3037 5538 tu
3066 5491 3271 5535 meeum
3295 5479 3456 5533 etiam

1886 5588 2053 5658 magis
2084 5595 2210 5657 agas
2241 5588 2376 5646 mala
2412 5584 2535 5639 fide.
2581 5582 2711 5647 Nam
2748 5575 3069 5648 persuadere
3114 5568 3457 5625 ttilillomintn

1882 5678 1983 5747 vis,
2015 5688 2066 5735 te
2092 5678 2285 5736 eodem
2313 5676 2520 5735 scilicet
2549 5667 2878 5746 antiquitatis
2905 5665 3114 5734 studio,
3141 5660 3280 5732 quod
3314 5658 3457 5730 prius
