3828 6218
383 315 523 370 1119

1587 310 2088 367 ΡΠᾹΣἘΑΤΙΟΝΕΒ
2118 311 2438 367 BALDUINI

3515 305 3662 363 “'20

375 431 636 502 jactabas,
669 432 836 487 teneri
863 450 873 484 :
901 446 985 486 me
1008 447 1138 487 vero
1167 433 1324 486 inane
1347 431 1506 486 modo
1541 440 1814 502 spectrum
1862 431 1958 485 ob-
1984 433 2037 494 Α
2062 432 2155 486 sed
2183 430 2310 486 dolo
2341 430 2583 501 peccabit
2609 446 2622 492 ;
2660 429 2784 485 vide
2814 430 2938 500 quid
2988 430 3223 485 futurum
3250 429 3346 494 sit,
3372 427 3417 483 si
3445 426 3663 496 quoties

379 525 565 595 jicere.
599 523 869 579 Mirabiles
892 532 1019 578 sunt
1047 524 1129 578 hcc
1161 524 1465 594 prmstigite;
1493 532 1551 578 ut
1578 523 1959 590 discutiantur,

383 614 656 686 inquisitio
685 615 918 686 legitima
948 615 1275 670 instituatur.
1315 614 1418 670 Sed
1458 624 1510 668 tu
1544 629 1662 669 eam
1686 614 1964 684 perturhas

387 708 762 763 tumultuando
794 718 954 778 atque
982 708 1357 763 conviciando.

478 800 679 862 Projicis
702 800 936 864 ampullas
962 808 1012 850 et
1035 800 1394 864 seSquiprdalitt
1420 801 1585 850 verba.

458 891 547 946 Sic
601 891 718 945 solo
769 892 976 960 crepitu
1005 891 1176 961 abigis
1220 891 1611 945 adversarium.
1655 890 1814 960 Atqui
1843 890 1968 945 licet

389 999 584 1054 pueros
610 994 836 1052 terreas,
871 985 972 1038 hoc
1006 985 1089 1056 (ut
1112 995 1202 1039 tuo
1241 986 1408 1040 verbo
1443 984 1584 1056 utar)
1632 1001 1826 1056 spuere
1864 995 1965 1053 est,

389 1093 493 1134 non
519 1079 686 1150 loqui.
716 1079 828 1133 Etsi
859 1079 988 1133 nihil
1019 1079 1187 1149 magis
1217 1080 1451 1134 alienum
1505 1095 1533 1132 a
1587 1095 1704 1133 mea
1759 1079 1968 1148 profes-

390 1173 542 1227 sione
562 1182 665 1238 est,
699 1189 855 1244 quam
879 1173 1090 1244 litigare
1119 1182 1297 1228 tecum
1321 1215 1333 1239 ,
1363 1183 1537 1227 tamen
1565 1187 1662 1241 age
1693 1191 1705 1224 :
1733 1187 1853 1227 cum
1886 1187 1970 1227 me

393 1264 635 1328 lacessis,
671 1266 918 1334 permitte
947 1276 1004 1319 ut
1033 1281 1182 1335 aequa
1206 1264 1511 1320 conditione
1535 1263 1793 1335 judicium
1817 1264 1971 1318 bona:

393 1356 518 1411 ﬁdei
544 1355 719 1410 detur.
747 1356 861 1412 Etsi
890 1359 955 1410 ad
1000 1361 1449 1412 contestationem
1497 1356 1717 1412 minime
1758 1371 1973 1426 compa-

394 1457 509 1504 rata
536 1449 604 1502 sit
631 1449 969 1505 imbecillitas
1016 1465 1154 1515 mea,
1182 1460 1360 1504 tamen
1394 1450 1516 1504 faxo
1566 1461 1623 1504 ut
1671 1449 1977 1520 intelligant

394 1543 483 1612 qui
511 1542 691 1596 volent
721 1551 772 1596 te
802 1543 898 1597 abs
944 1543 1192 1612 religiosa
1219 1543 1538 1612 antiquitate
1567 1543 1778 1612 longius
1806 1543 1970 1596 abes-

397 1647 457 1687 se
490 1650 502 1686 :
537 1648 710 1702 neque
734 1648 947 1702 semper
973 1635 1109 1687 bona
1143 1633 1268 1700 ﬁde,
1295 1633 1552 1703 quidquid
1589 1633 1656 1687 de
1700 1633 1786 1687 illa
1843 1633 1978 1686 reci-

400 1732 503 1790 tas,
541 1710 937 1789 recitare,'sive
961 1725 1303 1795 negligentia,
1354 1725 1467 1778 sive
1512 1723 1639 1778 dolo
1688 1723 1739 1778 id
1792 1723 1973 1779 facias.

2069 523 2232 590 voles,
2268 523 2534 593 religiosa:
2556 521 2857 591 antiquitati
2892 521 3047 576 fidem
3074 521 3360 575 detrahere
3387 519 3543 574 velis.
3578 517 3663 571 ln-

2071 623 2215 669 terea
2264 623 2445 682 patere
2479 622 2535 667 ut
2572 612 2713 682 quod
2763 623 2948 667 contra
2993 613 3318 667 Manicbaeos
3369 608 3668 680 aliquando

2069 705 2283 774 scripsit
2306 705 2652 775 Augustinus,
2679 719 2819 758 nunc
2845 703 2935 758 tibi
2962 705 3012 758 in
3037 705 3355 758 memoriam
3379 717 3660 775 revocent:

2071 796 2450 864 Consequetur
2498 794 2729 866 (inquit)
2785 794 3023 848 omnium
3080 794 3386 850 litterarum
3446 767 3666 847 summa

2072 888 2364 958 perversio,
2400 897 2454 941 et
2483 887 2746 953 omnium,
2777 888 2864 953 qui
2897 885 3168 941 memorite
3216 883 3456 939 mandati
3506 891 3663 949 sunt,

2074 981 2330 1036 librorum
2355 979 2598 1043 abolitio,
2630 984 2674 1034 si
2702 979 2842 1049 quod
2876 988 3020 1032 tanta
3051 979 3371 1048 populorum
3394 977 3668 1046 religione

2073 1075 2380 1128 roboratum
2409 1085 2511 1138 est,
2544 1081 2685 1126 tanta
2719 1073 2994 1125 hominum
3020 1079 3074 1124 et
3105 1081 3406 1140 temporum
3430 1083 3670 1123 consen—

2073 1165 2224 1220 sione
2254 1165 2543 1228 ﬁrmatum,
2578 1165 2628 1218 in
2661 1164 2798 1219 hanc
2824 1163 3212 1218 dubitationem
3264 1160 3574 1223 adducitur,
3608 1169 3671 1214 ut

2076 1275 2143 1312 ne
2190 1258 2426 1312 historite
2468 1259 2684 1327 quidem
2735 1257 2973 1328 vulgaris
3020 1255 3178 1311 ﬁdem
3212 1255 3383 1326 pOSsit
3425 1254 3672 1325 gravita—

2078 1359 2291 1418 temque
2320 1350 2588 1404 obtinere.

2152 1441 2334 1496 Redeo
2360 1441 2424 1495 ad
2451 1457 2664 1496 causam
2698 1442 3128 1496 Donatistarum.
3162 1442 3242 1496 En
3264 1440 3527 1511 quatritur
3550 1482 3565 1506 ,
3597 1455 3670 1496 an

2081 1533 2328 1603 baptizati
2359 1533 2425 1586 ab
2453 1532 2744 1598 hzereticis,
2768 1533 2959 1607 iterum
2992 1533 3044 1588 in
3072 1533 3316 1588 Ecclesia
3359 1531 3669 1601 baptizandi

2080 1627 2186 1680 sint
2214 1627 2237 1678 ‘!
2269 1625 2645 1696 reSpondebis,
2680 1640 2786 1679 non
2813 1640 2952 1680 esse.
2985 1625 3092 1680 Cur
3121 1626 3236 1678 ita?
3265 1625 3446 1678 locum
3480 1638 3672 1693 quem-

2085 1718 2205 1771 dam
2231 1718 2297 1772 de
2327 1719 2481 1773 uni'ca
2509 1718 2712 1772 lotionc
2760 1734 2823 1772 ex
2867 1718 3167 1788 Evangelio
3213 1716 3436 1770 Joannis
3493 1715 3673 1786 profe—

401 1814 546 1869 Faxo
574 1814 734 1869 etiam
766 1824 821 1868 ut
851 1814 1114 1882 intelligas
1157 1829 1279 1868 cum
1319 1830 1477 1884 quem
1508 1814 1651 1869 aliud
1681 1830 1838 1884 agere
1880 1814 1978 1867 im-
2011 1833 2055 1891 B
2087 1811 2455 1883 runtOptatus
2483 1823 2535 1865 et
2563 1812 2929 1881 Augustinus;
2961 1812 3105 1865 dices
3130 1810 3193 1865 ad
3229 1827 3341 1865 rem
3389 1825 3494 1864 non
3539 1824 3669 1878 per-

403 1905 569 1975 prohe
599 1905 773 1976 ﬁngis,
794 1915 846 1960 ct
873 1908 1035 1972 serio,
1061 1917 1111 1960 et
1140 1907 1397 1973 studiose,
1428 1916 1481 1962 et
1500 1907 1747 1976 religiose
1770 1923 1980 1977 quiore-

403 2013 462 2054 re
489 2014 674 2054 verum
703 2017 716 2052 :
751 2015 923 2070 neque
954 2000 1064 2054 ullo
1087 2000 1211 2054 odio
1237 2001 1463 2068 partium
1495 1999 1720 2055 distrahi
1749 2019 1760 2053 :
1810 2015 1982 2071 neque

401 2106 522 2146 cum
547 2093 704 2146 unius
728 2093 914 2148 vitium
941 2105 1177 2158 accusat,
1204 2094 1424 2148 alterius
1446 2109 1703 2148 excusare
1726 2134 1743 2159 ,
1767 2092 1859 2147 sed
1889 2107 1982 2147 nc-

401 2199 506 2255 que
537 2185 752 2239 sonoris
783 2186 889 2239 tuis
910 2186 1251 2255 crepitaculis
1294 2188 1506 2240 terreri.
1555 2187 1717 2240 Detur
1757 2167 1982 2240 audian

405 2279 499 2340 tia,
532 2277 586 2330 in
614 2276 766 2346 cujus
793 2292 934 2332 nunc
987 2291 1139 2346 spem
1187 2278 1420 2348 aliquam
1480 2292 1640 2332 vocor
1671 2297 1684 2332 :
1718 2277 1874 2342 faxo,
1927 2287 1985 2332 ut

403 2370 484 2423 vel
516 2369 713 2424 invitus
739 2370 921 2425 videas
947 2387 1092 2437 eum,
1118 2371 1218 2426 etsi
1250 2371 1520 2426 hominem
1552 2371 1683 2425 nihil
1713 2386 1833 2428 esse
1876 2372 1984 2426 cla-

404 2462 584 2530 tnites,
613 2472 788 2517 tamen
817 2473 869 2517 et
896 2473 1139 2518 extrema
1163 2480 1279 2534 qum
1305 2465 1496 2519 vitiosa
1528 2475 1670 2531 sunt,
1715 2464 1981 2535 refugere,

404 2564 456 2610 et
484 2555 718 2611 medium
747 2556 887 2626 quod
921 2556 1132 2627 quidem
1174 2558 1436 2627 integrum
1465 2569 1519 2614 et
1550 2568 1754 2614 rectum
1779 2562 1871 2626 sit,
1902 2576 1986 2614 rc-

402 2648 656 2718 quircre:
688 2656 744 2702 et
767 2647 906 2718 quod
941 2648 1306 2704 Nazianzenus
1344 2650 1396 2703 in
1429 2650 1511 2704 bis
1551 2652 1986 2706 contentionibus

402 2741 534 2795 dixit
576 2740 736 2795 rudes
768 2741 1031 2811 agricolas
1062 2743 1112 2796 in
1140 2743 1351 2809 arbore,
1402 2759 1521 2814 qua:
1572 2744 1796 2798 distorta
1845 2753 1983 2810 erat,

405 2834 797 2904 dirigendanon
821 2837 952 2890 satis
975 2835 1374 2902 observavissc,
1401 2853 1594 2893 cavere
1617 2839 1755 2893 velle
1788 2857 1800 2891 :
1828 2848 1882 2892 et
1903 2840 1983 2893 ni-

406 2928 720 2993 hilominus,
745 2944 865 2997 quae
896 2930 1008 2983 haec
1033 2939 1162 2983 aetas
1203 2931 1502 2986 rectissime
1540 2933 1798 2998 correxit,
1827 2933 1982 2986 tueri.

401 3019 572 3075 Nimis
599 3020 838 3090 ingratas
862 3032 1024 3087 esset,
1057 3021 1100 3074 si
1125 3037 1228 3074 non
1258 3033 1576 3092 agnosceret
1604 3033 1856 3092 quantam
1886 3024 1987 3078 hoc

407 3121 650 3180 tempore
683 3112 855 3166 lucem
887 3112 1030 3167 Deus
1059 3113 1387 3178 accenderit,
1439 3131 1706 3184 quamque
1753 3115 1820 3170 de
1862 3117 1988 3170 reli—

2087 1905 2276 1958 tinerc.
2313 1903 2478 1972 Quem
2513 1903 2806 1959 Donatista:
2832 1903 3159 1974 objiciebant
3189 1903 3368 1958 locum
3405 1919 3471 1958 ex
3517 1901 3672 1957 Actis

2086 1997 2460 2068 Apostolorum
2490 2012 2594 2051 non
2620 1997 2819 2066 pateris
2846 1997 3130 2067 explicari,
3175 1996 3420 2050 adhibita
3448 1994 3672 2050 diStinc-

2087 2092 2230 2144 tione
2253 2091 2391 2144 inter
2418 2090 2676 2160 baptisma
2701 2088 2897 2145 Christi
2929 2099 2982 2146 et
3008 2089 3232 2146 Joannis
3264 2107 3276 2142 :
3305 2090 3520 2160 qualem
3559 2088 3671 2142 dis-

2086 2188 2398 2242 tinctionem
2424 2187 2678 2242 adhibent
2705 2186 2929 2256 Optatus
2956 2196 3009 2240 et
3039 2185 3372 2256 Augustinus
3407 2203 3418 2239 :
3453 2194 3507 2238 tu
3536 2198 3665 2238 vero

2087 2296 2204 2334 eam
2231 2279 2542 2349 repudians,
2574 2280 2744 2343 mavis
2768 2277 3116 2348 singulariter
3138 2286 3192 2332 et
3216 2293 3355 2333 nove
3404 2280 3668 2346 interpre-

2091 2375 2187 2429 lari
2249 2376 2299 2428 in
2354 2374 2446 2428 illo
2501 2379 2753 2428 Actorum
2818 2373 2936 2429 loco
2979 2372 3306 2442 baptismum
3351 2388 3458 2426 non
3508 2369 3670 2441 signi-

2091 2465 2251 2522 ﬁcare
2302 2465 2644 2536 baptismum.
2707 2465 2943 2519 Tandem
2970 2474 3144 2520 tamen
3183 2464 3332 2520 redis
3370 2464 3438 2518 ad
3464 2463 3673 2533 Augus-

2089 2562 2257 2614 tinum
2314 2559 2383 2614 de
2442 2559 2599 2612 unico
2656 2559 2959 2628 baptismo,
3030 2569 3083 2612 et
3141 2557 3408 2627 approbas
3448 2569 3671 2612 consue-

2091 2652 2328 2706 tudinem
2387 2662 2645 2714 veterem,
2692 2666 2847 2720 quam
2894 2649 3005 2715 ille,
3056 2649 3183 2703 licet
3240 2647 3536 2717 aliquando
3595 2646 3673 2702 in-

2091 2755 2384 2816 terruptam
2416 2787 2428 2810 ,
2480 2746 2763 2814 approbat.
2828 2743 3012 2798 Recte.
3071 2743 3175 2798 Sed
3224 2757 3333 2810 quo
3389 2757 3673 2814 argumen-

2089 2841 2188 2892 to?
2219 2855 2283 2892 an
2313 2855 2412 2908 qua
2441 2839 2552 2893 sive
2580 2837 2892 2906 conjectura
2920 2837 3031 2890 sive
3073 2835 3488 2890 ratiocinatione
3526 2835 3673 2889 anti-

2089 2932 2402 3002 quissimam
2430 2931 2574 2984 illam
2600 2929 3041 2985 consuetudinem
3089 2927 3258 2982 refert
3305 2928 3372 2983 ad
3432 2937 3673 2997 tempora

2091 3023 2512 3094 Apostolorum?
2541 3023 2658 3078 Jam
2694 3023 2789 3077 tibi
2820 3037 2924 3078 ηοιι
2945 3036 3028 3078 eSt
3059 3022 3326 3091 integrum
3353 3020 3669 3084 reclamare,

2091 3123 2189 3177 nisi
2229 3121 2323 3177 tibi
2353 3122 2451 3191 ipsi
2498 3135 2798 3191 repugnes;
2853 3119 3150 3190 prmsertim
3204 3133 3329 3172 cum
3380 3115 3668 3186 improbes,

403 3205 562 3274 gione
586 3204 736 3258 multi
766 3205 1027 3274 praeclare
1054 3205 1228 3260 meriti
1262 3207 1388 3260 sint.
1429 3207 1534 3262 Sed
1586 3223 1770 3262 rursus
1827 3208 1986 3262 nimis
2012 3227 2056 3289 ρ
2090 3215 2232 3286 quod
2265 3216 2336 3269 illi
2365 3215 2663 3285 Cyprianus
2709 3214 2927 3284 objeeit.
2967 3213 3064 3266 llic
3111 3223 3291 3265 autem
3336 3211 3382 3264 si
3424 3211 3673 3264 concedis

404 3311 577 3350 ρίιεευς
601 3304 766 3362 esset,
793 3297 838 3350 si
863 3311 968 3350 non
999 3297 1207 3352 videret
1237 3313 1404 3368 ecquo
1438 3298 1639 3353 interea
1685 3301 1772 3354 alii
1802 3309 1982 3354 ruant.

406 3386 571 3442 Vetus
597 3395 681 3440 est
707 3387 859 3453 illud,
889 3388 1032 3456 quod
1060 3397 1112 3441 et
1137 3388 1262 3441 olim
1292 3399 1381 3442 tuo
1407 3390 1591 3458 gentili
1615 3391 1884 3456 obiectum
1913 3393 1988 3446 le-

405 3480 527 3552 pide
557 3479 722 3535 fuisse
754 3493 934 3535 narrat
960 3479 1170 3547 Cicero,
1204 3499 1323 3535 num
1354 3473 1613 3537 claudicat
1643 3486 1666 3538 Ζ)
1697 3485 1747 3538 id
1797 3485 1848 3538 in
1883 3488 1986 3540 tuis

405 3587 614 3641 quoque
643 3573 1035 3642 progressibus,
1086 3573 1375 3628 observare
1414 3591 1501 3629 me
1546 3592 1613 3630 ne
1661 3580 1886 3633 moleste
1909 3580 1986 3632 le-

403 3680 511 3720 ras.
543 3664 610 3721 Ut
636 3664 1020 3730 Cassandrum,
1052 3667 1207 3736 cujus
1240 3669 1407 3739 magis
1454 3678 1609 3724 erant
1652 3671 1732 3725 Ira:
1787 3681 1983 3740 partes,

404 3771 592 3826 passus
616 3773 730 3811 sum
762 3759 997 3828 priorem
1023 3759 1090 3814 de
1118 3775 1183 3815 ea
1207 3777 1264 3814 re
1290 3760 1492 3825 dicere,
1526 3761 1590 3816 de
1636 3778 1738 3832 qua
1783 3773 1835 3817 tu
1867 3806 1882 3830 ,
1933 3773 1989 3819 ut

406 3863 492 3902 me
515 3857 566 3902 et
590 3849 736 3902 illum
760 3865 1008 3915 vexares,
1042 3851 1496 3922 impotentissime
1543 3854 1876 3919 declainasti,
1911 3856 1989 3910 sic

399 3939 721 4008 jampridem
751 3953 1007 4011 exs‘pecto
1032 3983 1045 4006 ,
1079 3944 1272 4011 ecquid
1299 3945 1441 3998 illius
1477 3961 1736 4014 reSponso
1770 3946 1986 4002 tandem

405 4049 766 4104 responsurus
794 4037 888 4090 sis.
923 4037 1026 4090 Sed
1058 4038 1252 4091 iterum
1288 4040 1445 4108 118
1468 4039 1562 4093 tibi
1585 4039 1856 4108 spondeo,
1882 4057 1986 4095 non

405 4127 718 4182 defuturum
748 4128 903 4182 bona:
934 4145 1108 4182 causa:
1139 4132 1492 4198 patrocinium
1525 4171 1540 4196 ,
1595 4132 1638 4184 si
1681 4147 1870 4202 pergas
1896 4149 1985 4187 ca-

405 4219 675 4274 lumniari.
706 4220 907 4274 Saltem
938 4220 1069 4274 mihi
1098 4221 1384 4286 concedes,
1441 4231 1497 4276 ut
1531 4223 1764 4278 civiliter
1811 4235 1986 4279 tecum

405 4324 580 4380 agam,
608 4312 694 4366 ubi
727 4311 883 4367 video
906 4327 1028 4367 esse
1068 4316 1420 4383 quaestionem
1472 4314 1598 4370 facti
1628 4317 1801 4385 potius
1828 4333 1985 4388 quam

403 4402 539 4472 juris
575 4422 586 4456 :
619 4405 829 4474 qualem
856 4420 976 4460 esse
1003 4406 1179 4461 sentio
1202 4407 1254 4461 in
1289 4409 1372 4471 iis,
1425 4408 1491 4464 de
1531 4411 1724 4478 quibus
1780 4427 1987 4467 mecum

407 4494 608 4567 litigas.
627 4497 717 4552 Sic
745 4498 796 4552 in
827 4500 1178 4569 conjecturali
1201 4511 1341 4556 statu
1390 4518 1568 4557 causa:
1601 4513 1806 4559 tantum
1857 4507 1988 4561 mihi

2090 3307 2229 3377 quod
2259 3309 2557 3376 Augustino
2585 3323 2685 3360 non
2715 3322 2912 3376 negas;
2949 3306 3159 3360 tametsi
3191 3321 3256 3358 eo
3281 3304 3530 3373 exemplo
3567 3318 3672 3357 non

2096 3411 2235 3464 utar,
2269 3401 2371 3454 nisi
2406 3400 2457 3452 in
2488 3415 2547 3453 re
2577 3400 2753 3453 minus
2781 3399 2939 3452 dubia
2969 3417 2982 3452 :
3017 3409 3178 3453 teneo
3204 3397 3346 3467 quod
3375 3398 3495 3452 volo
3527 3415 3540 3448 :
3591 3395 3673 3449 di-

2091 3493 2370 3546 mittantur
2418 3491 2624 3560 judices
2673 3493 2723 3544 in
2756 3491 3065 3546 consilium.
3093 3490 3190 3545 Ubi
3238 3491 3304 3544 de
3361 3492 3498 3543 facto
3542 3504 3672 3543 con-

2091 3592 2217 3647 stat,
2242 3598 2457 3637 causam
2487 3583 2669 3652 peregi
2693 3625 2707 3648 ,
2737 3591 2791 3635 et
2819 3581 2949 3636 dixi.
2997 3580 3072 3635 Ne
3123 3589 3383 3649 praeterea
3425 3580 3553 3634 mihi
3603 3583 3675 3632 sis

2091 3679 2370 3730 molestus.
2429 3675 2557 3729 Nam
2587 3674 2782 3728 deinde
2815 3673 3072 3742 recipiam
3115 3687 3250 3741 quas
3297 3672 3476 3735 voles,
3508 3672 3676 3728 bonas

2092 3767 2370 3824 cautiones
2399 3786 2411 3833 ;
2441 3784 2506 3822 ne
2528 3768 2618 3835 qui
2654 3767 2754 3821 hoc
2802 3766 3048 3835 exemplo
3077 3765 3403 3830 abutantur;
3434 3780 3498 3821 ne
3527 3764 3675 3820 fraus

2093 3871 2142 3914 et
2175 3860 2541 3930 prmjudicium
2575 3861 2666 3913 fiat
2689 3859 2920 3924 veritati;
2946 3874 3012 3913 ne
3040 3858 3241 3912 veritas
3275 3873 3450 3913 rerum
3477 3859 3674 3913 errori-

2092 3951 2189 4005 bus
2222 3964 2496 4021 gestorum
2547 3952 2801 4016 vitietur;
2841 3959 2895 4004 et
2940 3960 2997 4004 ut
3047 3960 3319 4019 Specletur
3357 3965 3459 4004 non
3498 3949 3672 4004 solum

2092 4043 2217 4112 quid
2249 4043 2436 4098 Romae
2461 4043 2657 4098 factum
2691 4043 2777 4108 sit,
2812 4043 2905 4098 sed
2937 4044 3096 4097 etiam
3128 4043 3254 4113 quid
3287 4042 3399 4097 ﬁeri
3437 4042 3672 4106 debeat;

2092 4136 2323 4207 denique
2356 4154 2420 4192 ne
2466 4137 2586 4192 facti
2623 4145 2677 4192 et
2715 4140 2848 4207 juris
2901 4137 3189 4193 discrimen
3218 4149 3423 4193 temere
3449 4136 3672 4192 confun-

2091 4229 2266 4284 datur.
2303 4230 2439 4285 Sunt
2460 4232 2542 4285 hte
2569 4232 2846 4286 cautiones
2871 4234 2922 4285 in
2953 4233 3152 4285 nostris
3174 4246 3390 4300 quoque
3421 4230 3568 4284 libris
3596 4230 3672 4285 le-

2089 4338 2465 4393 gum,quarnm
2481 4339 2567 4377 me
2580 4323 2800 4378 oblitum
2825 4339 2945 4379 esse
2968 4338 3256 4392 numquam
3271 4323 3428 4377 velim
3455 4323 3666 4382 credas.

2161 4415 2294 4482 Quia
2324 4417 2448 4470 licet
2486 4417 2767 4471 consulere
2795 4415 2957 4486 (quod
2983 4423 3134 4469 vetus
3156 4413 3671 4469 Jurisconsultorum

2092 4507 2314 4560 verbum
2343 4507 2446 4577 est)
2478 4517 2532 4562 et
2577 4507 2809 4577 antiqua:
2855 4505 3232 4561 familiaritatis
3273 4505 3391 4573 jure
3443 4505 3672 4574 quodam

404 4590 666 4658 agendum
695 4591 794 4644 erit
817 4591 1407 4662 deprobationibus,de
1431 4597 1774 4663 testimoniis,
1792 4596 1858 4652 de
1881 4597 1986 4653 ﬁde
2015 4611 2064 4671 ι)
2092 4612 2308 4666 possum
2340 4606 2516 4653 tecum
2542 4613 2700 4667 agere
2729 4598 2969 4664 liberius,
3019 4597 3152 4651 nihil
3185 4597 3555 4652 dissimulabo.
3605 4598 3674 4652 De

405 4681 906 4738 instrumentorum.
938 4682 1050 4738 Non
1080 4693 1199 4739 utar
1231 4686 1334 4740 nisi
1361 4687 1576 4756 optimis
1617 4698 1672 4742 et
1714 4688 1984 4744 authenti-

405 4774 504 4828 cis.
534 4775 589 4831 Si
635 4785 686 4829 tu
739 4777 859 4831 falsi
899 4779 1271 4847 exceptionem
1328 4793 1593 4847 Opponas,
1643 4780 1762 4833 vide
1815 4794 1882 4834 ne
1922 4794 1986 4835 eo

406 4867 633 4935 teipsum
665 4868 892 4923 crimine
913 4870 1178 4938 implices,
1209 4871 1323 4924 sive
1357 4872 1753 4940 temerejactes
1790 4871 1985 4926 falsum

408 4975 526 5014 esse
552 4977 744 5015 nomen
777 4965 1101 5032 optimorum
1144 4963 1384 5026 testium,
1417 4964 1507 5033 qui
1537 4967 1773 5018 citantur
1803 5005 1816 5028 ,
1873 4967 1987 5020 sive

409 5050 555 5106 dicas
578 5068 670 5106 eos
701 5055 934 5119 mentiri,
969 5064 1024 5109 et
1055 5070 1175 5109 reos
1201 5053 1654 5132 ψευδομαρτυρίας
1698 5071 1832 5124 quos
1882 5073 1986 5111 non

408 5145 703 5211 convineis,
740 5161 997 5216 peragere
1024 5147 1139 5201 sine
1163 5147 1268 5201 ulla
1296 5149 1612 5217 probatione
1654 5149 1809 5204 velis.
1855 5149 1988 5207 Vide

409 5234 593 5296 etiam,
625 5249 691 5288 an
720 5234 810 5288 tibi
836 5236 990 5290 liceat
1029 5247 1214 5291 contra
1257 5237 1469 5307 regulas
1495 5238 1633 5308 juris
1665 5241 1854 5304 nostri,
1901 5256 1989 5295 se-

412 5327 518 5381 mel
550 5327 649 5381 abs
686 5337 736 5383 te
767 5330 1089 5398 approbatos
1128 5341 1315 5399 postea
1363 5331 1670 5400 reprobarc,
1704 5343 1756 5386 et
1801 5347 1985 5388 rursus

413 5419 650 5487 probare
680 5420 1031 5492 improbatos.
1087 5423 1268 5480 Liceat
1309 5424 1408 5479 hoc
1438 5441 1588 5492 sane,
1616 5427 1704 5481 ubi
1734 5427 1801 5483 de
1828 5426 1992 5482 variis

411 5530 601 5570 eorum
658 5527 711 5571 et
761 5519 982 5586 privatis
1026 5518 1370 5587 opinionibus
1434 5520 1637 5590 agitur;
1683 5521 1750 5574 de
1797 5522 1989 5590 quibus

417 5623 558 5662 nunc
585 5624 690 5662 non
721 5610 946 5679 agimus.
979 5609 1083 5665 Sed
1111 5626 1230 5664 cmn
1257 5611 1323 5665 de
1353 5613 1668 5666 testimonio
1716 5612 1839 5666 facti
1887 5613 1986 5666 ali-

419 5697 570 5764 cujus
601 5699 795 5765 publici
827 5702 1083 5768 quaeritur
1112 5719 1125 5755 :
1155 5702 1296 5771 quod
1323 5704 1686 5758 testimonium
1717 5705 1806 5775 qui
1839 5706 1988 5772 dicit,

416 5788 460 5839 al
493 5788 671 5842 sciens
701 5791 867 5858 fallat,
902 5792 980 5844 vir
1012 5793 1183 5850 bonus
1214 5808 1318 5849 non
1365 5796 1499 5850 sciet
1529 5835 1543 5863 ,
1595 5813 1763 5865 neque
1811 5815 1994 5857 errore

2095 4687 2337 4743 Ecclesia
2364 4699 2634 4744 certamen
2667 4697 2749 4744 est
2774 4705 2894 4744 cum
2925 4690 3237 4744 Donatistis.
3285 4689 3363 4743 Tu
3408 4703 3544 4758 quas
3589 4705 3673 4744 so-

2094 4778 2210 4834 leas
2249 4780 2461 4835 tradere
2485 4791 2636 4835 notas
2659 4781 2916 4836 Ecclesia:
2939 4780 3337 4851 dignoscendte,
3362 4781 3668 4836 meministi.

2095 4871 2351 4937 Obsecro,
2383 4875 2453 4926 mi
2480 4874 2719 4939 Censor,
2745 4889 2810 4927 an
2841 4889 2919 4929 eae
2963 4875 3096 4929 satis
3132 4885 3321 4930 notant
3360 4885 3410 4930 et
3463 4891 3671 4946 expun-

2095 4974 2224 5034 gunt
2251 4964 2642 5018 Donatistarum
2674 4964 3141 5036 Synagogas‘lcur
3177 4967 3334 5036 longe
3371 4967 3501 5022 alias
3544 4969 3672 5022 alle-

2097 5063 2223 5109 vant
2250 5056 2473 5122 Optatus
2496 5063 2550 5107 et
2576 5053 2906 5124 Augustinus
2932 5056 2954 5108 ?
2977 5067 3030 5109 et
3052 5071 3180 5110 vero
3206 5057 3275 5112 de
3301 5059 3363 5112 iis
3389 5058 3510 5126 quid
3549 5074 3670 5114 sen-

2097 5148 2201 5200 tis?
2230 5145 2308 5199 Tu
2333 5160 2454 5201 cum
2483 5145 2550 5199 de
2565 5160 2792 5214 corpore
2814 5145 3041 5216 quaestio
3065 5157 3167 5213 est,
3192 5148 3271 5202 ais
3289 5149 3668 5218 inspiciendum

2051 5253 2055 5256 '
2092 5251 2213 5292 esse
2235 5246 2416 5307 caput.
2447 5239 2634 5295 Recte.
2663 5237 2822 5307 Atqui
2857 5237 3280 5318 Augustinusait
3302 5238 3401 5293 sibi
3421 5242 3671 5309 quasue-

2091 5344 2215 5384 nem
2237 5344 2355 5384 cum
2381 5329 2668 5385 Donatistis
2683 5344 2920 5386 essenon
2937 5332 3002 5384 de
3017 5331 3214 5400 capite,
3236 5331 3330 5386 sed
3347 5330 3410 5384 de
3422 5345 3665 5400 corpore,

2096 5422 2189 5478 lib.
2215 5421 2439 5479 deUuit.
2473 5424 2675 5480 Eccles.
2708 5438 2826 5493 cap.
2858 5439 2932 5490 tv;
2959 5439 3088 5493 ergo
3109 5423 3178 5478 de
3198 5424 3371 5494 capite
3397 5428 3664 5495 convenit,

2096 5525 2148 5572 et
2169 5526 2343 5572 tamen
2367 5515 2734 5572 controversia
2756 5516 2824 5572 de
2844 5532 3070 5586 corpore
3086 5526 3186 5571 est.
3206 5515 3427 5585 Quid,ut
3452 5517 3556 5574 hoc
3571 5519 3667 5574 sibi

2093 5621 2355 5677 asserant,
2386 5621 2642 5683 prteterea
2683 5611 2883 5666 dixisse
2921 5609 3172 5680 Optatum
3221 5619 3278 5667 et
3323 5611 3668 5682 Augustinum

2097 5704 2292 5774 putas?
2343 5715 2395 5759 et
2455 5703 2523 5758 de
2562 5703 2755 5758 talibus
2799 5701 3044 5757 vindiciis
3093 5702 3218 5773 quid
3272 5704 3498 5759 statuis?
3545 5704 3669 5782 quid

2063 5836 2068 5840 -
2107 5797 2374 5866 (inquam)
2399 5796 2627 5865 iudicas,
2658 5811 2778 5853 cum
2810 5809 2903 5850 eos
2926 5792 3081 5850 nudis
3101 5795 3333 5862 probare
3359 5797 3493 5853 velle
3521 5793 3666 5854 sumit
