3828 6218
260 282 396 340 HQ!

1341 290 1432 345 AD
1478 289 1745 349 PRIMAM
1804 290 2181 354 EDITIONEM
2212 298 2482 356 OPTATI.

3398 312 3534 368 “‘22

252 407 379 449 esse
414 394 811 461 possessionem
859 396 1142 465 Ecclesiae,
1188 412 1252 454 ex
1303 412 1561 472 perpetua
1611 405 1840 475 quadam
1870 406 1915 464 A
1952 411 2108 480 119
2126 410 2213 479 qui
2245 411 2297 465 in
2330 410 2533 478 Africa,
2565 426 2669 482 quo
2697 420 2940 483 tempore
2975 415 3086 473 illic
3116 418 3407 476 etiamnum
3437 422 3533 478 flo-

252 489 602 542 successione
632 498 723 544 :et
748 490 965 560 quidem
1002 491 1068 563 ad
1094 506 1210 546 eam
1252 492 1585 563 probandam
1622 504 1843 550 conten-

253 587 344 635 tos
366 595 488 636 esse
520 580 883 639 Romanorum
914 587 1105 641 saltem
1134 586 1473 653 Autistitum,
1504 602 1623 642 eum
1649 590 1843 658 quibus

181 743 188 748 _
252 675 767 742 communicabant,
797 678 909 747 jam
956 680 1082 735 inde
1119 679 1201 751 (ut
1228 679 1402 749 aiunt)
1455 682 1522 736 ab
1569 665 1843 751 Apostolis

248 763 701 823 descendentium
724 772 1105 839 consensione,
1136 775 1497 844 continuaque
1544 777 1839 832 successio-

250 871 357 922 ne,
392 858 545 929 cujus
582 861 777 916 seriem
819 879 887 919 ex
923 865 1170 935 catalogo
1208 866 1564 921 enumerant?
1608 867 1749 937 quod
1788 877 1845 924 et

248 964 365 1005 non
396 950 645 1007 dissimili
672 953 867 1011 ﬁducia
891 955 1132 1012 feceram
1152 967 1311 1013 antea
1340 958 1598 1026 lrenmus,
1630 959 1844 1016 Tertul-

248 1042 431 1101 lianus
467 1055 525 1101 et
567 1047 701 1102 alii:
745 1064 869 1103 nam
908 1051 1031 1120 quia
1074 1065 1177 1105 non
1222 1050 1567 1107 haereditario
1609 1052 1842 1123 quodam

242 1133 375 1204 jure
396 1137 669 1208 sanguinis
692 1140 962 1195 nitebatur
992 1156 1054 1196 ea
1084 1142 1379 1208 successio,
1422 1158 1607 1199 verum
1654 1143 1845 1200 Eccle-

148 1280 157 1285 _
248 1226 474 1282 siastica
514 1229 785 1284 electione
822 1239 985 1300 atque
1020 1231 1359 1288 ordinatione
1387 1274 1404 1298 ,
1457 1247 1563 1289 non
1594 1233 1845 1290 dubitant

250 1321 418 1376 talem
447 1324 847 1379 successionem
870 1325 962 1379 tali
999 1325 1312 1382 conditione
1363 1326 1645 1391 subnixam
1667 1372 1681 1396 ,
1724 1327 1842 1385 ido-

251 1431 417 1471 neam
438 1432 561 1473 esse
592 1427 785 1475 testem
817 1418 1078 1475 doctrinae
1104 1436 1215 1476 suae
1245 1420 1569 1492 Apostolicaa
1608 1439 1729 1479 cum
1753 1423 1843 1478 illa

250 1508 560 1579 conjunctae
584 1520 745 1581 atque
770 1511 1117 1567 continuatae.
1148 1512 1384 1570 Locutus
1435 1524 1519 1571 est
1550 1558 1565 1582 ,
1615 1526 1675 1571 ut
1714 1515 1843 1583 scis,

249 1600 506 1657 Christus
531 1602 599 1659 de
626 1605 693 1659 iis
721 1605 811 1676 qui
840 1606 1033 1662 sedent
1057 1608 1109 1661 in
1140 1605 1408 1663 Cathedra
1448 1609 1612 1663 Mosis
1647 1626 1661 1661 :
1694 1617 1843 1664 vete-

251 1710 346 1749 res
375 1694 667 1752 Christiani
712 1698 779 1753 de
818 1699 902 1766 iis,
944 1699 1032 1770 qui
1078 1700 1131 1755 in
1175 1700 1345 1756 Petri.
1387 1702 1559 1771 Mitto,
1610 1718 1730 1773 qua:
1777 1702 1845 1759 de

1944 500 2134 554 rebant
2159 502 2448 558 Ecclesize?
2472 519 2568 559 cur
2600 504 2651 560 hi
2672 506 2936 580 (inquam)
2961 510 3136 580 potius
3161 511 3527 570 Romanorum

1944 592 2320 663 episcoporum
2344 597 2740 657 successionem
2763 599 2933 660 citant
2960 610 3016 658 et
3046 602 3294 671 laudant,
3320 616 3373 662 et
3395 607 3446 675 in
3468 623 3531 663 ea

1944 696 2049 736 una
2077 682 2324 740 haerent?
2353 703 2672 759 responsum
2702 689 2791 747 hic
2816 707 2917 763 ego
2944 702 3090 750 tuum
3113 710 3299 751 rursus
3337 712 3533 767 exspe-

1917 774 2121 840 gc1abo.
2152 776 2395 834 Tandem
2427 790 2548 848 post
2578 778 2791 853 longam
2818 783 3206 855 digressionem
3226 828 3240 852 ,
3286 802 3532 844 reversus

1942 866 2009 921 ad
2041 867 2093 922 id
2124 869 2267 939 quod
2295 872 2585 941 qureritur,
2625 876 2821 932 scribis
2845 885 3062 933 sanctos
3087 878 3210 934 illos
3239 878 3490 935 doctores
3510 922 3525 947 ,

1943 974 2065 1015 cum
2120 970 2271 1018 extra
2335 969 2758 1023 controversiam
2810 978 2998 1034 esset,
3058 970 3189 1025 nihil
3210 971 3531 1043 ap_‘principio

1944 1066 2117 1122 usque
2176 1054 2243 1109 ad
2304 1055 2448 1113 illam
2502 1068 2713 1115 (etatem
2749 1071 3025 1117 mutatum
3082 1062 3249 1119 fuisse
3299 1064 3349 1119 in
3406 1064 3532 1121 doc-

1942 1144 2107 1212 trina,
2140 1146 2223 1201 vel
2266 1146 2453 1204 Roma:
2510 1151 2596 1205 vel
2641 1151 2760 1207 aliis
2790 1152 2844 1207 in
2873 1152 3093 1209 urbibus
3124 1153 3271 1227 (nam
3295 1154 3347 1210 id
3378 1156 3530 1212 addi-

1944 1235 2069 1291 disti
2096 1236 2151 1292 in
2196 1238 2399 1296 Gallica
2431 1241 2906 1313 translationejtuae
2933 1245 3347 1316 institutionis),
3388 1254 3534 1305 Sum-

1943 1330 2148 1401 psisse,
2200 1333 2633 1403 quodomnibus
2688 1337 2846 1391 novis
2889 1338 3168 1395 erroribus
3217 1341 3531 1397 refellendis

1942 1422 2234 1491 sufﬁceret,
2279 1425 2347 1481 ab
2393 1425 2720 1484 adversariis
2766 1430 3065 1502 oppugnari
3113 1430 3415 1488 doctrinam
3454 1434 3524 1489 ab

1942 1515 2076 1587 ipsis
2100 1530 2271 1587 usque
2290 1519 2550 1589 apostolis
2571 1530 2884 1578 constanter
2908 1532 2962 1579 et
2993 1523 3235 1579 unanimi
3260 1540 3532 1582 consensu

1941 1617 2225 1665 retentam.
2261 1611 2446 1683 Atqui,
2495 1613 2567 1669 mi
2605 1614 2816 1682 doctor,
2871 1617 3163 1673 adversarii
3207 1618 3311 1675 hoc
3354 1620 3530 1690 ipsum

1944 1704 2233 1773 negabant,
2262 1715 2573 1762 constanter
2599 1707 2619 1778 (
2648 1708 2864 1779 inquam
2896 1708 3055 1780 )eam
3092 1725 3213 1768 esse
3240 1721 3529 1780 retentam,

254 1788 539 1858 utriusque
568 1790 683 1846 sive
705 1791 850 1847 sedis
872 1800 1037 1859 statu,
1081 1794 1197 1849 sive
1241 1794 1513 1851 cathedrae
1564 1810 1847 1865 compara—
1875 1785 1925 1846 B
1952 1803 2006 1851 et
2030 1796 2161 1851 nihil
2187 1797 2240 1855 in
2268 1812 2329 1853 ea
2357 1796 2523 1855 fuisse
2549 1809 2843 1868 mutatum;
2882 1818 3055 1874 eaque
3079 1815 3197 1860 erat
3220 1813 3535 1862 controver-

233 1880 406 1936 -tione
428 1883 711 1939 commode
736 1900 877 1940 nunc
898 1884 1004 1940 dici
1028 1895 1250 1955 possent
1268 1896 1324 1942 et
1348 1887 1609 1957 graviter,
1655 1888 1751 1943 abs
1792 1896 1846 1943 te

253 1975 564 2045 prmsertim
586 1975 632 2031 si
657 1976 844 2032 sedate
870 1992 1079 2047 ageres.
1119 1978 1227 2035 Sed
1258 1979 1384 2050 quid
1416 1988 1471 2036 tu
1511 1979 1581 2035 de
1622 1995 1686 2036 ea
1728 1981 1847 2051 lege

255 2068 671 2132 Theodosiana,
714 2086 877 2141 quam
909 2080 963 2125 et
994 2072 1227 2142 primum
1267 2072 1848 2143 promulgariaudivit

255 2162 509 2231 Optatos,
535 2172 588 2217 et
614 2176 735 2231 qum
764 2164 930 2231 prima
960 2164 1011 2216 in
1042 2163 1192 2217 libris
1225 2165 1422 2220 nostris
1455 2173 1558 2229 est,
1596 2165 1848 2220 similiter

256 2264 499 2320 statuas,
530 2254 778 2310 lubenter
797 2255 1008 2310 audiam
1039 2271 1051 2308 :
1084 2254 1303 2310 Cunctos
1332 2254 1553 2330 (inquit)
1604 2257 1845 2328 papulas,

212 2362 216 2364 ‘
258 2366 389 2419 quos
410 2348 686 2404 clementia:
709 2360 898 2405 nostra:
921 2351 1049 2421 regit
1077 2350 1371 2419 imperium,
1416 2351 1469 2404 in
1496 2350 1588 2404 tali
1614 2349 1847 2403 volumus

257 2445 512 2514 religione
551 2446 743 2500 versari
776 2488 789 2513 ,
840 2462 995 2517 quant
1022 2446 1249 2500 divinum
1294 2443 1511 2499 Petrum
1550 2438 1849 2515 Apostolum

259 2538 537 2594 tradidisse
564 2538 811 2594 Romanis
839 2540 1019 2610 religio
1050 2556 1205 2609 usque
1253 2539 1421 2593 adhuc
1459 2539 1522 2594 ab
1563 2540 1677 2609 ipso
1723 2538 1851 2592 insi-

258 2640 425 2685 nuata
474 2631 735 2701 declarat,
787 2649 1035 2703 quamque
1077 2630 1380 2701 Ponti/icero
1410 2632 1685 2685 Damasum
1708 2630 1850 2700 sequi

261 2723 446 2791 claret,
474 2733 579 2781 etc.

337 2818 595 2876 Eamdem
639 2819 727 2876 hic
754 2818 972 2893 (credo)
1018 2819 1272 2876 fateberis
1305 2818 1515 2875 laudari
1547 2819 1847 2874 successio-

260 2928 391 2969 nem
426 2930 441 2967 ε
470 2915 717 2984 quamvis
760 2923 944 2969 notum
976 2913 1047 2967 sit
1076 2913 1283 2982 etquid
1334 2912 1401 2967 de
1455 2911 1671 2966 [.iberio
1698 2952 1713 2978 ,
1762 2910 1846 2965 cui

260 3006 529 3063 Damasus
556 3011 836 3076 successit,
866 3022 1033 3077 prope
1062 3005 1350 3076 aliquando
1382 3004 1446 3059 ad
1480 3005 1845 3059 Arianismum

260 3097 544 3168 compulso
585 3100 835 3155 traditum
865 3100 955 3166 sit,
986 3108 1042 3155 et
1070 3098 1195 3169 quid
1216 3098 1530 3152 Ammianus
1551 3097 1751 3151 scribat
1780 3095 1847 3149 de

1948 1889 2027 1944 sia
2067 1906 2224 1959 quam
2266 1894 2573 1950 movebant.
2620 1896 2796 1952 Nostri
2843 1912 2969 1955 vero
3028 1898 3360 1970 probationis
3416 1902 3535 1957 loco

1948 1982 2184 2053 allegant
2229 1987 2655 2054 successionem,
2700 2006 2822 2061 quae
2860 2006 2965 2046 non
3019 1992 3177 2048 modo
3224 1992 3534 2051 includebat

1949 2074 2309 2132 conditionem
2338 2078 2578 2147 ejusdem
2601 2080 2863 2137 doctrinae
2893 2082 3188 2139 retinendae
3216 2093 3377 2153 atque
3404 2099 3537 2140 cou-

1950 2168 2243 2235 tiuuandze,
2283 2169 2376 2225 sed
2425 2181 2480 2226 et
2523 2186 2643 2227 eam
2690 2173 3052 2229 conditionem
3095 2173 3364 2245 impletam
3412 2189 3535 2231 esse

1950 2258 2230 2329 probabat.
2258 2258 2365 2315 Sed
2394 2261 2642 2331 obsecro,
2677 2277 2744 2318 an
2768 2263 2910 2320 serio
2942 2265 3203 2335 loqueris,
3238 2280 3360 2320 cum
3386 2265 3536 2321 vide-

1950 2350 2025 2405 ris
2070 2351 2409 2417 concedere,
2454 2369 2623 2425 usque
2661 2355 2728 2410 ad
2771 2364 2982 2412 aetatem
3029 2358 3351 2429 Augustini,
3402 2358 3536 2414 nihil

1954 2442 2257 2511 praesertim
2312 2442 2500 2499 Romae
2540 2444 2707 2500 fuisse
2736 2455 2994 2501 mutatum
3037 2447 3090 2501 in
3118 2448 3361 2502 doctrina
3403 2463 3535 2519 apo-

1948 2535 2180 2591 stolica?
2207 2546 2262 2592 et
2288 2537 2433 2605 illos,
2477 2538 2564 2607 qui
2596 2548 2984 2599 enumerantur
3005 2540 3073 2595 ab
3095 2540 3291 2609 Optato
3312 2541 3395 2596 vel
3425 2544 3534 2595 Au-

1950 2629 2181 2696 gustino,
2227 2630 2512 2700 episcopos
2536 2629 2810 2685 Romanos
2833 2630 2998 2687 fuisse
3024 2631 3165 2686 illius
3191 2631 3448 2688 doctrinae
3478 2644 3534 2689 et

1950 2728 2259 2777 constantes
2297 2731 2349 2776 et
2390 2720 2576 2777 ﬁdeles
2624 2721 2913 2777 custodes?
2951 2723 3007 2779 Si
3048 2723 3194 2780 serio
3241 2724 3357 2782 haec
3398 2727 3533 2782 scri-

1952 2813 2125 2883 psisti,
2161 2828 2331 2882 neque
2354 2813 2673 2869 sententiam
2702 2824 2897 2879 mutas,
2941 2825 3268 2873 transactum
3296 2827 3397 2874 est.
3427 2817 3534 2876 Sed

1951 2919 2108 2974 quam
2138 2918 2331 2959 vereor
2371 2920 2438 2960 ne
2489 2919 2595 2960 non
2631 2914 2745 2962 stes
2770 2909 2942 2977 pactis
2970 2911 3281 2965 conventis!
3330 2911 3536 2968 scilicet

1951 2996 2047 3050 tibi
2074 2995 2295 3051 concedi
2323 2996 2419 3062 vis,
2455 2981 2597 3067 quod
2628 2999 2679 3053 in
2707 2998 2990 3057 duodecim
3028 3003 3245 3073 scriptis
3272 3005 3531 3073 solemus,

1950 3096 2009 3141 ut
2045 3086 2305 3141 calculum
2329 3087 2575 3154 reducas,
2602 3090 2646 3145 si
2680 3100 2731 3146 te
2753 3092 2979 3163 alicujus
3007 3093 3115 3151 dati
3146 3095 3371 3163 pmnitet
3391 3113 3406 3162 ;
3430 3098 3534 3153 sic-

260 3166 497 3248 Dam‘aso
522 3191 589 3247 ad
621 3191 759 3247 hanc
802 3191 985 3248 sedem
1025 3166 1211 3246 erecto
1246 3203 1351 3243 non
1390 3188 1507 3242 sine
1547 3187 1743 3241 sudore
1790 3196 1843 3239 ct
1871 3166 1916 3229 C
1947 3182 2024 3234 uti
2053 3189 2136 3235 est
2192 3181 2243 3235 in
2288 3180 2576 3238 Hortensio
2611 3184 2915 3242 Ciceronis.
2968 3188 3107 3243 Dura
3145 3198 3227 3244 est
3258 3188 3372 3245 hare
3404 3204 3534 3246 con-

260 3285 546 3355 sanguine,
580 3300 688 3339 non
713 3285 829 3339 sine
854 3284 904 3338 vi
927 3292 982 3338 et
1012 3284 1197 3346 armis,
1233 3296 1336 3335 non
1366 3281 1481 3334 sine
1517 3278 1745 3333 tumultu
1789 3287 1843 3333 et

259 3376 519 3433 caedibus.
548 3376 796 3431 Nondum
821 3378 986 3444 enim,
1024 3386 1171 3445 puto,
1201 3374 1287 3427 hic
1317 3371 1664 3436 exclamabis,
1694 3371 1838 3441 quod

260 3469 485 3542 quidam
514 3470 631 3541 ejus
669 3470 875 3525 ordinis
912 3479 1093 3539 postea
1148 3465 1351 3523 dixisse
1401 3464 1568 3519 fertur
1599 3505 1614 3529 ,
1656 3464 1841 3533 plures

258 3562 555 3621 succedere
594 3563 824 3619 Romulo
873 3563 924 3617 in
976 3561 1277 3632 parricidiis
1343 3574 1502 3630 quam
1567 3557 1726 3612 Petro
1788 3557 1841 3611 iu

258 3659 552 3732 pascendis
591 3659 801 3714 Ovihus.
845 3657 980 3713 Nam
1016 3671 1187 3726 neque
1228 3669 1371 3709 nunc
1403 3653 1611 3723 agimus
1645 3651 1711 3707 de
1747 3652 1841 3708 lto-

259 3754 468 3808 minum
503 3752 648 3807 vitiis
675 3793 689 3817 ,
722 3749 816 3805 sed
858 3748 926 3804 de
971 3747 1248 3817 religionis
1285 3743 1622 3801 cunfessione
1643 3788 1657 3811 ,
1683 3754 1845 3815 atque

258 3845 675 3901 conservatione
697 3842 977 3897 doctrinae.
1005 3839 1119 3911 Age
1146 3855 1272 3896 vero
1302 3857 1314 3893 :
1356 3839 1479 3911 quia
1519 3840 1698 3911 Optati
1749 3855 1845 3896 no-

258 3937 358 3992 stri
402 3944 459 3992 et
484 3932 799 4003 Augustini,
839 3930 925 4000 qui
970 3938 1054 3985 est
1096 3945 1219 3986 eum
1255 3938 1505 3998 secutus,
1548 3932 1845 3988 acerrimus

258 4029 523 4084 adversus
548 4024 856 4079 Donatistas
891 4024 1033 4080 aries
1069 4034 1152 4079 est
1189 4025 1240 4079 in
1271 4024 1387 4093 illa,
1431 4041 1587 4096 quam
1614 4026 1839 4096 jactant,

258 4118 646 4177 successione:
677 4125 733 4172 et
769 4131 857 4172 res
895 4128 977 4172 est
1000 4133 1190 4188 magna
1226 4136 1239 4172 :
1293 4134 1446 4189 rogo,
1496 4119 1654 4174 liceat
1700 4130 1843 4174 tuam

259 4213 333 4268 dc
363 4225 423 4265 ea
454 4208 777 4264 sententiam
804 4208 1014 4264 audire.
1044 4208 1157 4265 lmo
1181 4225 1310 4265 vero
1341 4210 1450 4280 jam
1494 4211 1843 4279 reSjiondisse

260 4312 315 4358 te
353 4299 604 4357 iracunde
652 4299 821 4357 dices.
853 4298 988 4355 Nam
1020 4309 1075 4357 et
1109 4303 1160 4356 in
1193 4309 1281 4357 tua
1316 4313 1507 4357 contra
1537 4317 1623 4356 me
1669 4302 1844 4357 decla-

261 4395 501 4454 matione
554 4394 841 4464 imperiose
866 4394 1076 4465 jussisti
1114 4404 1173 4449 ut
1210 4394 1261 4449 id
1303 4404 1580 4465 repetatur
1614 4409 1680 4450 ex
1713 4393 1844 4448 duo-

259 4487 387 4553 bus,
414 4500 549 4556 quos
571 4486 820 4554 laudasti,
868 4487 1020 4543 libris
1059 4488 1185 4543 tuis.
1231 4486 1346 4541 Non
1387 4488 1531 4543 enim
1578 4501 1697 4542 esse
1739 4495 1843 4541 tuae

1944 3274 2098 3340 ditio,
2130 3275 2175 3330 si
2216 3285 2391 3332 tecum
2421 3279 2689 3349 agendum
2720 3281 2809 3336 sit.
2857 3283 2962 3339 Sed
2997 3284 3209 3355 quidvis
3239 3285 3332 3339 tibi
3369 3285 3531 3342 licere

1946 3376 2124 3436 putas.
2173 3367 2263 3423 Sic
2309 3384 2430 3424 cum
2482 3370 2635 3427 nobis
2672 3374 3111 3431 commendasses
3160 3376 3527 3431 Romanorum

1945 3460 2315 3530 episcoporum
2346 3462 2575 3533 (saltem
2606 3466 2860 3536 usquead
2892 3468 3172 3539 Augustini
3194 3477 3406 3523 aetatem
3430 3467 3450 3540 )
3474 3478 3529 3523 et

1944 3548 2245 3607 doctrinam
2279 3562 2334 3609 et
2374 3557 2805 3623 successionem;
2843 3558 2993 3623 alibi,
3045 3574 3165 3614 cum
3211 3558 3380 3625 lubet,
3412 3572 3531 3614 eos-

1944 3641 2068 3698 dem
2098 3653 2152 3698 et
2190 3644 2511 3702 defectionis
2537 3657 2591 3701 et
2628 3648 2933 3717 depravatae
2971 3648 3247 3718 religionis
3286 3664 3525 3705 accusas.

1946 3733 2226 3805 Sicipsurn
2260 3738 2578 3792 nominatim
2618 3737 2888 3803 Siricium,
2932 3752 3090 3807 quem
3124 3747 3397 3809 postremo
3419 3739 3532 3794 lau-

1946 3827 2040 3882 dat
2065 3827 2325 3899 Optatus,
2362 3828 2513 3883 miris
2540 3828 2881 3884 contumeliis
2922 3829 3256 3899 proscindis,
3297 3837 3351 3885 et
3382 3839 3529 3886 atro-

1946 3922 2080 3978 citer
2095 3922 2339 3993 jugulas,
2366 3937 2489 3977 cum
2520 3923 2826 3978 caelibatum
2855 3923 3166 3994 oppugnas?
3206 3938 3526 3994 quamquam

1948 4016 1967 4087 (
1996 4024 2052 4069 ut
2070 4015 2172 4070 hoc
2194 4015 2367 4070 obiter
2392 4014 2608 4086 dicam)
2650 4015 2792 4086 quod
2817 4030 3004 4070 narras
3029 4031 3151 4069 eum
3180 4014 3249 4071 de
3276 4016 3528 4087 conjugio

1945 4106 2225 4177 scripsisse
2255 4105 2319 4161 ad
2347 4105 2632 4176 HiSpanos,
2662 4120 2853 4162 vereor
2878 4121 2945 4162 ne
2973 4121 3079 4161 non
3108 4105 3184 4161 illi
3212 4106 3414 4186 aliquid
3454 4115 3532 4162 te-

1947 4215 2093 4255 mere
2132 4198 2378 4269 afﬁngas.
2409 4197 2599 4253 Exstat
2625 4199 2764 4255 inter
2789 4198 3061 4255 Ambrosii
3090 4199 3348 4270 epistolas
3399 4198 3532 4255 Siri-

1946 4292 2013 4346 cii
2040 4290 2288 4361 epistola.
2311 4305 2433 4360 qua:
2460 4289 2593 4345 nihil
2622 4290 2781 4345 habet
2804 4289 2942 4356 tale;
2984 4304 3159 4361 neque
3199 4298 3274 4354 tu,
3312 4290 3401 4361 qui
3433 4290 3532 4345 mi-

1946 4386 2090 4441 nime
2142 4384 2341 4454 alioqui
2388 4385 2639 4441 credulus
2681 4399 2779 4452 es,
2826 4394 2933 4441 tam
2981 4385 3139 4441 facile
3177 4401 3243 4442 ex
3287 4384 3530 4441 Gratiani

1946 4476 2211 4548 farragine
2261 4475 2478 4533 haurire
2523 4476 2792 4547 debuisti,
2850 4478 2995 4548 quod
3052 4479 3129 4534 illi
3175 4478 3531 4550 ignominiose

259 4577 540 4650 gravitatis
565 4582 765 4650 saepius
794 4595 907 4637 rem
937 4580 1181 4636 eamdem
1200 4580 1401 4636 dicere.
1428 4578 1664 4646 Faciam,
1694 4579 1843 4646 here,
1870 4556 1924 4617 Β
1948 4571 2265 4627 aSCI‘ibereS-
2300 4570 2406 4626 Sed
2435 4586 2533 4642 388
2570 4570 2718 4636 dum.
2742 4572 2886 4627 serio
2932 4582 2987 4627 el
3017 4572 3153 4628 bona
3198 4572 3303 4626 ﬁde
3344 4571 3527 4639 ἀίεῖίο»

259 4671 410 4742 quod
426 4673 605 4743 jubes.

337 4764 394 4821 in
435 4774 526 4821 tua
572 4765 907 4821 institutione
961 4763 1239 4834 disputans
1287 4764 1552 4821 adversus
1601 4762 1847 4834 Papistas

263 4858 426 4929 (quos
455 4872 638 4923 vocas,
672 4859 771 4912 nisi
790 4858 898 4926 jam
951 4855 1107 4911 malis
1155 4856 1422 4927 Papanos,
1474 4866 1531 4910 ut
1575 4871 1603 4909 a
1651 4854 1844 4921 Roma,

259 4951 540 5008 Romanos
567 4948 859 5017 dicimus),
903 4948 996 5018 qui
1053 4948 1405 5015 obtendunt,
1469 4948 1650 5019 quanti
1710 4946 1847 5001 hanc

206 5028 207 5031 A
258 5040 660 5097 successionem
686 5039 913 5093 fecerint
939 5039 1180 5095 Irenteus
1212 5082 1227 5106 ,
1280 5040 1646 5096 Tertullianus
1679 5081 1694 5106 ,
1724 5037 1844 5093 Ori-

258 5146 450 5204 genes,
481 5131 808 5200 Augustinus
838 5171 853 5195 ,
901 5138 955 5185 et
992 5130 1082 5185 alii
1124 5132 1145 5205 (
1173 5131 1423 5202 Optatum
1461 5130 1844 5202 quiuondum

261 5225 501 5295 legeras,
536 5238 641 5278 non
670 5221 972 5292 nominas),
1016 5222 1259 5292 praefaris
1279 5223 1542 5279 facturum
1586 5237 1706 5277 esse
1746 5231 1797 5276 te
1829 5262 1843 5287 ,

262 5326 329 5377 ut
368 5316 668 5388 intelligant
704 5315 833 5370 boni
880 5315 977 5369 viri
1001 5325 1055 5370 et
1097 5317 1197 5371 viri
1238 5317 1465 5373 studiosi
1490 5336 1518 5382 ,ι
1544 5313 1670 5385 quid
1702 5312 1843 5368 istud

261 5414 357 5472 sit.
385 5412 521 5468 Tum
543 5425 692 5475 vero,
721 5407 789 5463 ab
818 5407 1143 5463 adversariis
1173 5412 1394 5480 qumris,
1417 5426 1513 5465 cur
1558 5423 1662 5462 non
1693 5406 1840 5461 Afri-

260 5522 380 5564 cam
416 5506 584 5561 citent
630 5513 688 5560 et
732 5510 897 5557 totam
934 5500 1151 5555 Asiam?
1191 5502 1285 5557 sed
1321 5503 1445 5572 quia
1482 5502 1621 5556 scire
1670 5508 1721 5554 te
1764 5499 1843 5552 ais

260 5612 645 5667 responsuros,
672 5596 779 5650 illic
805 5591 1097 5649 Ecclesiam
1136 5591 1398 5659 desiisse;
1441 5608 1537 5649 cur
1576 5606 1681 5645 non
1730 5590 1843 5658 ipse

262 5689 443 5761 potius
488 5688 540 5742 id
580 5687 778 5757 quaeris
809 5685 889 5740 vel
909 5684 979 5740 ab
1007 5683 1232 5748 lrenaeo,
1264 5686 1354 5755 qui
1379 5686 1432 5740 in
1457 5684 1581 5739 Asia
1632 5696 1843 5751 quoque

266 5779 421 5848 vixit,
471 5776 558 5834 vel
609 5778 677 5833 ab
725 5777 1097 5845 'l‘crtulliano,
1150 5774 1345 5846 Optato
1402 5784 1458 5833 et
1502 5773 1840 5845 Augustino,

1949 4678 2227 4734 quousque
2252 4662 2466 4719 tandem
2508 4672 2660 4735 putas
2703 4662 2926 4719 durasse
2956 4663 3101 4718 illam
3127 4662 3526 4717 successionem

1949 4756 2016 4812 de
2059 4771 2163 4828 qua
2213 4757 2535 4828 qua-rimus,
2584 4766 2639 4812 et
2688 4756 2924 4828 quando,
2981 4754 3063 4810 vel
3115 4770 3210 4825 per
3249 4769 3408 4823 quem
3450 4752 3531 4809 sic

1948 4848 2117 4905 fuisse
2170 4849 2558 4921 interruptam,
2610 4858 2667 4903 ut
2714 4848 2872 4919 plane
2922 4844 3165 4901 desierit.
3213 4844 3343 4915 Legi
3392 4846 3529 4900 vitas

1950 4942 2260 5013 pontiﬁcum
2290 4953 2344 4998 et
2383 4942 2686 5013 tragoedias.
2731 4940 2835 4996 Sed
2865 4939 3014 4994 vides
3042 4938 3183 4993 aliud
3217 4953 3338 4994 esse
3384 4939 3529 5010 quod

1948 5036 2044 5090 abs
2076 5046 2125 5091 te
2145 5050 2347 5106 qurero,
2378 5036 2569 5104 cuique
2598 5049 2702 5088 non
2733 5031 3049 5101 respondes.
3084 5030 3214 5086 Nam
3242 5042 3297 5088 et
3321 5032 3365 5088 si
3385 5034 3529 5104 quod

1949 5128 2144 5182 Paulus
2181 5127 2248 5181 ad
2288 5125 2799 5181 Thessalonicenses
2838 5122 3050 5191 scribit,
3082 5124 3435 5196 praedicitque
3458 5125 3527 5181 de

1946 5218 2267 5283 defectione,
2296 5231 2455 5285 quam
2482 5198 2710 5271 Veteres
2753 5215 3135 5271 intellexerant
3173 5216 3242 5273 de
3284 5217 3527 5271 Romano

1948 5310 2194 5380 imperio,
2248 5319 2302 5361 tu
2341 5306 2408 5363 de
2445 5305 2709 5378 apostasia
2746 5306 2869 5364 fidei
2917 5308 3287 5379 interpreteris
3323 5318 3377 5364 et
3406 5323 3526 5363 eam

1941 5400 2260 5472 jampridem
2300 5398 2545 5453 evenisse
2572 5398 2741 5467 dicas,
2784 5408 3105 5456 tamen-non
3148 5400 3283 5454 dicis
3311 5397 3543 5467 quando

1947 5492 2203 5551 evenerit.
2232 5490 2287 5546 ld
2314 5491 2402 5546 ubi
2430 5491 2653 5560 dixeris,
2680 5492 2889 5549 videro.
2927 5494 3033 5550 Sed
3057 5508 3123 5549 ne
3152 5492 3421 5547 existimes
3443 5497 3526 5544 sat

1948 5601 2066 5643 esse
2099 5584 2142 5638 si
2172 5584 2383 5654 quidvis
2411 5584 2592 5651 dicas;
2640 5586 2775 5641 scito
2817 5601 2923 5642 non
2953 5600 3073 5642 esse
3108 5586 3201 5640 tibi
3246 5598 3359 5639 rem
3400 5596 3524 5637 cum

1948 5680 2051 5734 tuis
2078 5677 2236 5732 fatuis
2274 5679 2476 5748 pueris,
2525 5677 2824 5734 famulisve.
2872 5677 3056 5747 Neque
3086 5692 3216 5734 vero
3242 5684 3326 5730 est
3349 5688 3445 5729 cur
3468 5682 3520 5727 te

1948 5783 2217 5841 torqueas,
2268 5772 2407 5841 quod
2450 5771 2601 5838 facis,
2641 5780 2699 5825 ut
2742 5769 2936 5839 probes
2974 5770 3368 5827 successionem
3410 5781 3515 5823 nou
