3828 6218
440 378 579 434 1123

1650 374 2149 434 PREFATIONES
2180 372 2312 431 BAL
2321 373 2504 432 DUINI

3568 378 3680 432 Ηρι

431 514 550 547 esse
577 508 753 549 veram
782 496 897 549 sine
921 493 1184 549 doctrina.
1221 491 1351 548 Nam
1381 493 1433 548 id
1459 508 1559 565 ego
1587 502 1643 549 et
1674 495 1819 550 ultro
1847 502 1901 547 et
1930 494 2010 546 ln-
2036 498 2088 555 Α
2115 510 2236 548 nem
2266 495 2482 565 allegat,
2526 509 2681 556 quam
2714 494 2851 552 dixi.
2903 494 3094 550 merito
3124 492 3189 548 ad
3236 493 3569 551 refellendos
3586 514 3679 555 ,ησσ-

434 588 619 641 bcnter
647 596 701 643 et
739 586 946 657 prolixe
977 586 1181 650 fateor;
1233 594 1286 641 et
1318 584 1407 639 tibi
1435 595 1648 641 constat
1687 586 1848 641 aliam
1888 600 2007 640 esse

430 677 745 744 doctrinam,
778 678 922 733 aliud
950 692 1072 731 esse
1098 676 1207 746 jus.
1243 685 1417 731 tecum
1453 678 1650 732 Sentio.
1699 677 1804 733 Sed
1834 692 2008 746 neque

429 770 609 825 dubito
640 770 975 825 verissimum
1005 782 1124 823 esse
1153 768 1293 838 quod
1336 768 1414 822 ais
1434 810 1448 834 ,
1481 784 1667 823 verum
1702 768 2008 837 reipublicat

429 872 621 917 statum
651 864 752 917 dici
780 879 886 916 non
919 875 1075 931 posse
1102 861 1434 932 tyrannidem
1458 858 1730 930 Caligulae,
1756 859 2007 922 Neronis,

428 954 753 1024 lleliogabali
786 964 839 1008 et
867 952 1144 1017 similium,
1185 953 1308 1021 quia
1337 953 1537 1018 Brutis,
1570 951 1929 1020 Scipionibus,
1953 960 2007 1004 et

427 1047 664 1101 Carnillis
712 1033 1089 1100 successerint.
1143 1043 1323 1114 Neque
1380 1045 1425 1098 si
1477 1043 1642 1098 addas
1696 1042 2007 1111 scorpiones

426 1137 753 1193 successisse
800 1136 1170 1207 Scipionibus,
1219 1136 1541 1191 reclamabo.
1598 1132 1676 1187 Ac
1722 1132 1768 1186 si
1816 1142 2005 1186 tonare

425 1233 585 1285 etiam
613 1240 666 1285 et
695 1231 977 1286 fulminare
1007 1232 1137 1286 velis
1166 1229 1426 1285 adversus
1452 1227 1606 1292 tales,
1648 1242 1752 1280 non
1785 1240 2005 1279 succes-

426 1339 599 1389 sores,
632 1324 723 1379 sed
760 1324 1070 1394 prmdones,
1120 1339 1223 1378 non
1264 1321 1423 1376 modo
1455 1321 1549 1374 tibi
1580 1321 1875 1385 succiuam,
1908 1319 2003 1374 sed

425 1426 480 1469 et
508 1430 625 1470 mea
649 1416 1002 1485 querimonia,
1048 1423 1307 1484 quantum
1344 1412 1490 1464 omni
1532 1410 1876 1465 contentione
1905 1425 2001 1464 vo-

424 1499 500 1562 cis
542 1518 595 1562 et
632 1509 871 1563 laterum
905 1514 1115 1577 potero,
1161 1503 1517 1574 iustissimum
1568 1503 1857 1556 clamorem
1907 1517 2005 1555 au-

422 1597 871 1668 gebo.-Cmterum
904 1596 1037 1651 nihil
1070 1595 1263 1665 agitur,
1294 1594 1339 1646 si
1370 1593 1626 1647 confusus
1657 1602 1862 1647 tantum
1894 1593 2005 1646 cla-

388 1674 391 1677 λ
423 1706 539 1744 mor
587 1691 688 1755 sit;
741 1689 885 1744 nulla
923 1704 1051 1743 vero
1080 1686 1323 1741 definitio
1364 1685 1501 1755 ejus,
1542 1686 1683 1755 quod
1720 1686 2000 1755 quaeritur.

420 1785 555 1839 Nihil
585 1796 761 1839 autem
792 1785 1008 1849 definis,
1054 1782 1307 1853 qttamdiu
1336 1796 1441 1836 non
1477 1789 1632 1834 notas
1665 1790 1895 1848 tempus,
1925 1793 1996 1853 ex

2114 585 2339 640 hulones
2365 600 2499 640 nova
2531 585 2772 655 qua-dam
2804 592 2857 640 et
2883 585 3041 655 impia
3068 587 3316 656 dogmata
3350 595 3673 657 spargentes.

2110 676 2174 730 iis
2206 677 2523 746 apposuisse
2564 679 2926 731 testimonium
2966 687 3019 732 et
3058 693 3384 736 consensum
3428 680 3675 735 Ecclesia-

2110 786 2247 836 rnm,
2281 786 2401 841 qua;
2427 771 2495 826 ab
2522 772 2795 841 Apostolis
2822 772 3080 827 institutae
3110 772 3343 838 fuerant,
3364 783 3416 828 et
3448 783 3675 844 propter-

2109 878 2169 916 ea
2210 879 2315 916 non
2376 871 2582 919 temere
2609 864 2967 919 credebantur
2987 866 3241 921 custodes
3278 882 3401 923 esse
3431 867 3673 921 doctrinm

2109 955 2440 1023 apostolicae,
2487 956 2639 1025 cujus
2680 959 2969 1011 etiamnum
3014 973 3205 1013 recens
3247 967 3365 1013 erat
3405 960 3669 1014 memoria.

2110 1048 2296 1104 Recte.
2339 1049 2441 1103 Sed
2485 1066 2605 1103 cum
2650 1049 2698 1103 id
2747 1059 2937 1117 teneo,
2990 1066 3057 1106 ne
3099 1061 3152 1106 te
3187 1060 3364 1106 astute
3400 1051 3671 1108 sobducas.

2108 1141 2237 1207 hno',
2292 1150 2350 1196 ut
2391 1143 2484 1196 tibi
2516 1128 2787 1211 consulas,
2833 1144 2976 1211 vide,
3026 1145 3153 1213 quid
3192 1146 3269 1199 sis
3310 1160 3669 1215 responsurus,

2112 1233 2204 1287 ubi
2250 1234 2337 1288 tali
2369 1236 2680 1290 testimonio
2727 1248 2781 1291 et
2823 1252 3093 1295 consensu
3134 1238 3327 1308 aliquis
3370 1249 3422 1292 te
3465 1248 3669 1307 premet.

2109 1326 2191 1379 Me
2215 1324 2427 1395 quidem
2455 1335 2600 1381 certe
2622 1328 2845 1382 nimium
2878 1328 3134 1383 iracunde
3163 1332 3393 1392 vexasti,
3423 1330 3674 1383 cumami-

2107 1430 2202 1470 cus
2227 1416 2365 1472 forte
2396 1433 2546 1473 meus
2576 1420 2798 1474 multum
2828 1421 2916 1473 tali
2944 1421 3251 1475 testimonio
3282 1421 3520 1475 tribuere
3548 1421 3673 1474 visus

2107 1517 2272 1563 esset.
2310 1507 2380 1563 Ut
2421 1524 2526 1563 uno
2576 1510 2741 1565 verbo
2770 1512 3114 1577 dicam,scis,
3148 1512 3275 1580 quid
3306 1511 3528 1581 optem?
3553 1512 3672 1578 Opto

2107 1600 2375 1667 equidem,
2404 1611 2461 1654 ιιι
2487 1610 2539 1654 et
2564 1611 2616 1654 tu
2643 1611 2699 1655 et
2727 1616 2916 1657 omnes
2971 1610 3211 1657 statuant
3253 1603 3560 1657 universam
3588 1602 3673 1656 Ec-

2106 1691 2320 1745 clesiatn
2350 1701 2587 1747 veterem
2634 1694 2762 1753 olim
2794 1693 2862 1747 ab
2893 1694 3149 1761 apostolis
3181 1694 3507 1757 institutam,
3552 1710 3671 1748 nunc

2110 1792 2377 1854 tamquam
2418 1786 2607 1854 capitis
2640 1800 2785 1847 ream
2817 1785 2931 1839 sisti
2972 1801 3152 1840 coram
3189 1796 3280 1841 tuo
3313 1787 3597 1852 tribunali;
3627 1797 3673 1840 et

419 1893 527 1947 quo
567 1878 758 1933 statuis
800 1877 1064 1932 defecisse
1107 1874 1501 1931 successionem
1544 1873 1612 1928 de
1660 1888 1761 1943 qua
1806 1873 2001 1941 agitur.
2034 1875 2082 1935 B
2112 1875 2278 1942 quaeri
2314 1876 2437 1944 quid
2468 1876 2534 1931 de
2564 1891 2624 1930 ea
2658 1885 2763 1929 tota
2808 1876 3019 1931 tandem
3046 1875 3397 1947 judicaudnm
3438 1878 3527 1931 sit.
3573 1876 3672 1931 Etsi

422 1968 577 2024 Soles
618 1969 667 2021 in
701 1967 799 2021 hac
828 1969 1126 2037 qumstione
1170 1982 1267 2021 nos
1300 1980 1553 2021 revocare
1590 1964 1655 2018 ad
1696 1964 1998 2033 exemplum

420 2058 679 2113 Ecclesiae
706 2057 964 2113 Judaicm.
1002 2057 1105 2113 Sed
1141 2072 1207 2112 ne
1229 2057 1281 2111 in
1304 2072 1364 2112 ea
1396 2055 1609 2126 quidem
1633 2054 1845 2120 definis,
1870 2054 1999 2123 quid

421 2149 573 2205 velis.
607 2150 703 2205 Ais
731 2150 783 2204 in
821 2165 881 2204 ea
918 2149 1082 2203 fuisse
1123 2148 1322 2219 gradus
1361 2147 1617 2216 quosdam
1659 2144 1995 2212 defectionis.

418 2243 602 2299 Recte.
634 2242 739 2298 Sed
770 2258 889 2296 cum
914 2242 1188 2296 historiam
1214 2240 1449 2295 delibare
1476 2238 1741 2307 incepisti,
1776 2237 1845 2291 ita
1868 2236 2001 2291 ellu-

418 2338 519 2405 gis,
554 2344 613 2389 ut
636 2350 733 2389 nos
761 2350 1050 2404 suspensos
1078 2318 1370 2402 relinquas.
1405 2333 1495 2385 Ais
1525 2333 1576 2384 in
1605 2330 1786 2385 Judaea
1821 2331 1995 2382 varias

421 2422 586 2482 fuisse
634 2427 995 2490 mutationes,
1055 2425 1228 2480 donec
1278 2425 1376 2494 ipsi
1426 2438 1639 2501 quoque
1690 2422 1998 2478 sacerdotes

420 2519 674 2587 templunt
734 2518 846 2572 Dei?
871 2518 1107 2586 profanis
1151 2516 1625 2584 abontinandisque
1654 2515 1843 2570 ritibus
1876 2514 1992 2583 pol-

418 2610 657 2669 luerunt.
701 2611 805 2667 Sed
860 2612 1075 2682 quando
1125 2609 1178 2668 id
1223 2609 1417 2665 factum
1473 2616 1556 2663 est
1587 2651 1600 2675 ,
1655 2618 1711 2663 ut
1764 2608 1996 2663 sciamus

416 2720 481 2757 ex
538 2718 642 2772 quo
719 2692 981 2773 tempore
1024 2718 1128 2757 non
1192 2701 1400 2757 licuerit
1443 2702 1509 2756 iis
1562 2700 1996 2755 communicari?

418 2795 494 2847 Tu
541 2797 594 2850 in
639 2796 825 2851 eadem
867 2805 956 2851 tua
1018 2796 1178 2865 paulo
1228 2804 1349 2865 post
1399 2795 1734 2849 institutione
1776 2795 1991 2857 scribis,

420 2888 741 2957 prophetas,
775 2891 862 2958 qni
912 2889 1301 2959 Hierosolymis
1331 2890 1413 2943 vel
1442 2888 1492 2942 in
1531 2888 1713 2943 Judaaa
1756 2886 1989 2953 fuerunt,

418 2994 539 3033 cum
576 2995 663 3033 res
687 2979 795 3034 illic
833 2990 1013 3036 essent
1041 2981 1326 3035 admodum
1358 2989 1642 3050 corruptae,
1694 2989 1871 3033 tamen
1909 2993 1995 3032 se-

421 3081 634 3140 paratos
679 3087 786 3126 non
831 3071 1080 3126 habuisse
1125 3088 1252 3126 suos
1295 3081 1499 3135 uetus;
1550 3072 1644 3128 sed
1675 3071 1993 3126 convenisse

417 3178 537 3218 cum
560 3163 679 3217 aliis
707 3163 759 3216 in
785 3163 1062 3232 templum,
1092 3165 1212 3233 quia
1245 3164 1308 3217 ad
1339 3165 1540 3217 nullum
1559 3164 1991 3232 superstitiosum

2107 1982 2228 2035 quae
2255 1976 2341 2021 tua
2370 1967 2440 2021 sit
2466 1968 2685 2021 audacia
2710 2010 2724 2032 ,
2759 1982 2863 2022 non
2898 1968 3161 2037 ignorem,
3194 1978 3376 2022 tamen
3416 1968 3669 2034 existima,

2107 2061 2195 2114 ubi
2248 2060 2354 2129 tale
2400 2076 2590 2131 agmen
2636 2064 2685 2115 in
2721 2062 2809 2115 tali
2844 2074 2992 2116 reatu
3022 2062 3325 2132 conspicics
3355 2064 3409 2117 in
3443 2073 3532 2116 tuo
3558 2077 3670 2116 con-

2103 2152 2621 2217 sistoriocriminali,
2638 2162 2688 2208 te
2701 2153 2928 2223 quodam
2946 2154 3146 2223 pudore
3163 2153 3392 2208 fractum
3419 2155 3506 2218 iri,
3523 2164 3575 2207 ut
3594 2154 3669 2208 ille

2104 2245 2231 2298 olim
2256 2244 2443 2299 Roma:
2462 2246 2698 2316 ingratus
2730 2245 3065 2312 adolescens,
3092 2247 3353 2318 lzotgui
3382 2261 3560 2301 coram
3588 2246 3667 2300 'l'i-

2104 2336 2254 2390 berio
2285 2348 2489 2404 patrem
2514 2352 2698 2392 senem
2727 2344 2782 2390 et
2800 2352 3014 2403 canum,
3045 2337 3344 2406 majestatis
3366 2337 3662 2399 accusabat;

2107 2427 2271 2495 patris
2301 2435 2450 2481 torve
2478 2443 2601 2482 eum
2642 2426 2899 2484 intuentis
2938 2436 3225 2497 conspecta
3268 2428 3429 2493 facie,
3475 2438 3524 2483 et
3564 2427 3663 2496 ejus

2102 2518 2421 2585 compedum
2469 2517 2649 2573 sonitu
2690 2519 2875 2574 audito
2920 2519 3178 2585 territus,
3230 2520 3413 2573 statim
3462 2519 3657 2588 aufugit.

2103 2610 2295 2678 Perge.
2344 2612 2458 2678 Ais,
2503 2612 2857 2682 Augustinum
2903 2626 3170 2682 pugnasse
3214 2611 3476 2666 adversus
3505 2611 3659 2664 Dona-

2102 2708 2277 2774 tistas,
2322 2709 2493 2778 iisque
2542 2710 2796 2764 Ecclesia:
2838 2709 3131 2764 Catholicae
3180 2707 3574 2763 successionem
3614 2715 3660 2760 et

2102 2801 2465 2856 testimonium
2507 2816 2612 2855 non
2656 2812 2859 2855 temere
2894 2799 3163 2870 obiecisse
3184 2840 3199 2865 ,
3232 2814 3353 2853 cum
3390 2799 3426 2852 ii
3458 2812 3554 2851 non
3583 2811 3660 2850 ne-

2102 2902 2292 2961 garent
2336 2907 2484 2956 eam,
2537 2907 2565 2945 a
2618 2908 2722 2962 qua
2773 2901 2948 2945 tamen
2998 2891 3345 2956 defecerant,
3402 2890 3657 2965 retinuisse

2100 2983 2449 3052 apostolicam
2487 2984 2810 3037 doctrinam.
2841 2982 2945 3037 Sed
2979 2983 3103 3053 quid
3128 2983 3311 3044 dices,
3343 2981 3527 3037 eodem
3552 2996 3655 3036 eum

2100 3076 2353 3145 praesidio
2394 3076 2488 3129 niti
2533 3077 2791 3130 adversus
2843 3075 3206 3130 Maniclnros?
3254 3064 3403 3131 certe
3449 3075 3514 3130 de
3551 3076 3657 3129 doc-

2104 3168 2240 3222 trina
2284 3169 2319 3222 ii
2349 3169 2671 3238 pugnabant.
2723 3156 2913 3222 Mirum
2944 3183 3092 3234 vero,
3143 3168 3234 3223 tibi
3278 3167 3470 3233 videri,
3505 3166 3566 3221 de
3605 3180 3656 3218 ea

416 3256 619 3310 cultant
646 3254 1016 3324 adigebantur,
1058 3262 1112 3308 et
1140 3255 1421 3322 agnovisse
1452 3256 1763 3311 sacerdotes
1790 3255 1992 3311 Leviti-
2019 3255 2065 3317 C
2100 3276 2205 3315 non
2265 3275 2530 3331 pugnasse
2591 3261 2947 3332 Augustinum
3002 3270 3189 3314 contra
3219 3258 3562 3320 ,Donatislas.
3612 3254 3657 3310 Si

417 3363 533 3414 eos,
558 3349 680 3418 quia
702 3358 992 3416 utcumque
1023 3346 1225 3414 indigni
1258 3363 1321 3401 eo
1347 3346 1551 3402 honore
1580 3358 1783 3413 essent,
1809 3357 1990 3402 tamen

417 3455 517 3495 nec
562 3438 689 3493 dum
738 3439 967 3493 abdicati
1010 3447 1186 3492 erant.
1238 3439 1395 3506 Atqui
1438 3439 1623 3493 eadem
1671 3441 1827 3508 paulo
1871 3448 1995 3508 post

419 3534 633 3603 pagina,
664 3546 872 3597 narras,
899 3531 1191 3600 pr0pltctas
1214 3531 1474 3584 clamasse
1505 3532 1725 3598 profana
1755 3531 1841 3583 illa
1872 3547 1994 3586 esse

415 3624 810 3689 conventicula,
861 3624 1054 3693 quibus
1100 3639 1203 3675 non
1256 3621 1425 3691 magis
1468 3623 1773 3675 consentire
1814 3622 1991 3689 liceat,

415 3734 573 3788 quam
618 3719 782 3772 Deum
825 3716 1123 3786 abnegare;
1170 3722 1223 3767 et
1254 3728 1475 3768 necesse
1513 3712 1761 3767 habuisse
1796 3714 1862 3764 ab
1903 3729 1997 3766 eo-

416 3827 531 3863 rum
589 3813 823 3865 coetuum
881 3808 1240 3862 consensione
1298 3804 1633 3870 desciscere,
1693 3818 1814 3873 quae
1864 3805 2001 3856 nihil

415 3902 557 3955 aliud
591 3913 706 3956 erat
748 3917 905 3970 quam
949 3900 1108 3968 impia
1137 3900 1396 3955 adversus
1430 3899 1594 3952 Deum
1640 3897 1991 3965 conspiratio.

415 3993 633 4063 Ignosce
691 4010 823 4049 mete
884 3994 1231 4058 hebetudini,
1289 3993 1336 4047 si
1391 3991 1623 4045 nondum
1683 3990 1996 4061 perspicere

418 4101 633 4152 possunt
659 4144 663 4147 Α
689 4085 980 4154 quomodo,
1011 4100 1128 4154 qua:
1158 4084 1310 4146 dicis,
1341 4084 1645 4137 cohaereant
1675 4090 1833 4149 atque
1866 4096 1995 4135 con-

416 4179 670 4231 sentiant.
712 4177 943 4231 Tantum
998 4177 1183 4241 abest,
1232 4184 1290 4229 ut
1332 4163 1463 4231 satis
1503 4176 1816 4246 intelligam,
1862 4154 2010 4243 quo-—

418 4267 577 4320 modo
608 4283 675 4320 ex
703 4268 767 4320 iis
794 4267 1018 4321 definire
1053 4267 1211 4330 velis,
1242 4266 1385 4335 quod
1424 4266 1682 4335 quaeritur
1710 4266 1778 4319 de
1811 4265 1997 4319 Eccle-

418 4360 494 4412 sia
523 4358 838 4413 christiana.
881 4362 957 4414 Ac
982 4361 1111 4413 licet
1143 4362 1194 4412 in
1231 4366 1320 4413 tua
1346 4375 1534 4413 rursus
1567 4370 1751 4414 contra
1781 4358 1993 4413 mede-

415 4450 751 4515 clamatioue,
802 4450 987 4503 eadem
1028 4450 1095 4503 de
1126 4466 1184 4504 re
1221 4451 1398 4514 dicas;
1453 4461 1629 4504 tamen
1676 4453 1801 4521 quid
1850 4451 1998 4504 dicas

415 4540 702 4594 etiamnum
736 4540 938 4594 dubito.
983 4539 1134 4606 Quod
1174 4556 1301 4594 vero
1329 4534 1515 4609 adjicis
1557 4543 1623 4596 de
1653 4558 1817 4611 regno
1863 4541 1989 4595 [lie-

2096 3354 2349 3423 Optatum
2375 3353 2608 3418 diceres,
2638 3353 2728 3422 qui
2756 3368 2850 3408 eos
2878 3353 3048 3422 magis
3074 3350 3331 3405 habuisse
3352 3349 3551 3404 videtur
3576 3362 3656 3417 pro

2097 3445 2457 3501 Sehismaticis
2496 3462 2654 3516 quam
2692 3462 2787 3515 pro
2818 3446 3119 3510 haereticis,
3166 3446 3338 3516 magis
3368 3443 3532 3499 audiri
3567 3441 3657 3496 for-

2100 3544 2243 3591 tasse
2274 3552 2478 3606 posses.
2530 3539 2635 3593 Sed
2680 3552 2786 3592 non
2826 3537 3041 3606 ignoras
3082 3538 3438 3605 Augustinum
3478 3535 3655 3590 centies

2098 3642 2195 3682 eos
2227 3643 2419 3684 vocare
2460 3629 2784 3692 hmrcticos;
2835 3628 3030 3698 quibus
3064 3636 3210 3682 certe
3249 3628 3494 3696 injuriam
3522 3626 3654 3680 fecis-

2100 3730 2204 3785 set,
2232 3722 2274 3774 si
2302 3722 2336 3775 ii
2368 3723 2763 3777 confitebantur
2787 3721 2931 3791 quod
2973 3734 3178 3774 narras.
3208 3719 3322 3773 lmo
3349 3720 3394 3773 si
3427 3720 3522 3773 hoc
3545 3733 3654 3773 con-

2100 3809 2413 3879 lilebantur,
2456 3812 2725 3882 quomodo
2775 3811 3041 3882 negabant
3082 3818 3176 3864 aut
3216 3809 3509 3879 legitimum
3549 3823 3652 3862 esse

2099 3902 2455 3972 baptismum,
2503 3915 2595 3960 aut
2645 3922 2825 3962 veram
2867 3920 2987 3961 esse
3032 3904 3330 3959 Ecclesiam
3376 3902 3652 3958 Catholico-

2102 3996 2258 4050 rum?
2297 4012 2362 4051 an
2396 4008 2452 4051 ut
2479 4013 2537 4052 se
2561 3998 2903 4064 damnarent,
2934 3995 3177 4052 confiteri
3206 3995 3455 4050 volebant
3477 4006 3653 4049 seesse

2102 4096 2394 4163 apostatas,
2418 4104 2539 4143 cum
2567 4104 2716 4144 suam
2742 4089 2957 4144 demum
2979 4088 3322 4144 christianam
3347 4102 3467 4143 esse
3493 4085 3652 4140 Eccle-

2102 4177 2234 4231 siain
2262 4188 2315 4232 et
2336 4183 2707 4248 apostolicam,
2740 4182 2971 4251 reliquas
2997 4196 3118 4234 esse
3141 4181 3465 4249 apostatieas
3488 4176 3648 4243 clami-

2102 4271 2285 4325 tabant
2300 4271 2321 4324 ’ἔ
2335 4273 2459 4328 Scio
2478 4274 2824 4329 Cresconiutn
2838 4273 3271 4342 grammaticum,
3291 4285 3475 4324 eorum
3498 4278 3650 4337 patro-

2105 4380 2250 4431 num,
2276 4377 2450 4423 astute
2470 4368 2815 4422 contendisse
2849 4382 2964 4429 eos,
2989 4365 3087 4419 etsi
3112 4362 3433 4417 schismatici
3454 4374 3561 4415 esse
3583 4358 3649 4412 di-

2100 4466 2372 4521 cerentur,
2395 4469 2570 4514 tamen
2590 4460 2871 4513 haereticos
2892 4456 2994 4510 dici
3017 4470 3120 4507 non
3153 4468 3334 4522 posse,
3364 4449 3647 4519 ctAngosti-

2102 4564 2252 4615 num,
2278 4553 2366 4619 qui
2398 4567 2492 4606 eos
2521 4552 2793 4607 haereseos
2821 4547 3127 4608 accusabat,
3180 4544 3365 4599 odiose
3396 4553 3642 4612 propterea

417 4631 636 4685 roboam
680 4641 731 4684 et
777 4634 1042 4699 apostasia
1086 4630 1329 4695 lsraelis,
1380 4632 1627 4700 equidem
1674 4632 1844 4686 fateor
1869 4649 1993 4687 esse
2026 4624 2080 4683 D
2106 4651 2339 4700 notasse.
2369 4645 2474 4700 Sed
2498 4644 2625 4714 quid
2656 4644 2779 4697 huic
2809 4640 3055 4709 nugatori
3079 4634 3645 4705 responderitAugusti-

415 4723 704 4792 liquidum;
752 4738 927 4791 neque
958 4722 1149 4776 frustra
1182 4724 1379 4778 sudare
1408 4722 1663 4789 debebas,
1708 4736 1763 4777 ut
1796 4725 1843 4777 id
1873 4725 1992 4794 ριιιο

414 4816 562 4870 ribus
584 4817 761 4869 verbis
793 4814 921 4868 mihi
949 4829 1265 4883 exponeres.
1289 4814 1411 4870 ‘Sed
1442 4814 1569 4868 nihil
1598 4815 1663 4869 ad
1696 4816 1988 4871 Ecclesium

414 4907 708 4962 Juilaicam.
749 4908 927 4975 Neque
963 4906 1091 4970 illic,
1125 4907 1212 4960 ubi
1254 4905 1446 4959 vitiosa
1482 4913 1600 4958 erat
1639 4907 1750 4975 ipsa
1780 4922 1991 4976 quoque

414 4999 587 5068 origo,
628 5001 694 5055 de
722 4998 1067 5053 successione
1096 4998 1321 5067 qumstio
1350 4996 1467 5050 fuit.
1499 4996 1691 5050 Testor
1718 4998 1911 5052 etelum
1936 5012 1990 5055 et

415 5101 609 5145 terram
644 5108 727 5146 me
778 5068 952 5147 tecum
978 5106 1137 5161 agerc
1166 5090 1431 5160 religiose,
1466 5097 1522 5143 ut
1548 5092 1590 5143 si
1619 5091 1791 5158 pessis
1816 5095 1992 5161 expli-

412 5197 503 5237 ces
533 5191 586 5236 ct
624 5182 820 5237 liberes
848 5199 981 5251 quos
1022 5184 1125 5237 tuis
1152 5181 1390 5251 strophis
1433 5182 1679 5236 involvis.
1727 5181 1857 5236 Nam
1904 5184 1990 5239 hic

411 5275 627 5331 ludendi
667 5288 757 5329 aut
800 5276 1053 5330 illuden'di
1095 5275 1245 5329 locus
1272 5289 1389 5339 non
1421 5283 1524 5329 est.
1573 5274 1726 5331 Nunc
1754 5277 1875 5346 quia
1911 5276 1991 5330 al-

414 5376 527 5421 tero
564 5382 748 5421 rursus
776 5368 896 5421 loco
932 5367 997 5419 de
1034 5365 1397 5430 successione,
1436 5364 1504 5420 de
1532 5382 1633 5435 qua
1674 5368 1983 5437 quaerimus,

409 5459 731 5527 disseruisti,
761 5460 900 5529 quod
933 5476 1029 5515 nos
1060 5460 1245 5514 audire
1271 5461 1444 5529 jubes,
1479 5477 1687 5515 rursum
1722 5473 1773 5518 te
1801 5461 1986 5516 audie-

410 5565 550 5615 mus,
592 5555 635 5607 si
672 5554 806 5609 fortc
837 5564 891 5609 et
929 5556 1121 5623 (lptato
1158 5568 1344 5607 rursus
1384 5552 1580 5622 aliquid
1613 5554 1745 5608 lucis
1775 5565 1861 5607 tua
1891 5568 1988 5607 ex-

413 5646 600 5707 positio
642 5647 851 5701 adferre
894 5647 1081 5714 possit,
1128 5654 1182 5699 et
1213 5660 1309 5699 nos
1340 5660 1529 5713 magna
1563 5646 1809 5699 molestia
1849 5644 1985 5697 libe-

411 5745 545 5786 rare.
585 5738 713 5790 tium
765 5740 1019 5793 adversus
1065 5739 1417 5807 Augustinum
1466 5738 1660 5791 librum
1706 5735 1883 5790 Caroli
1934 5750 1982 5785 v.

412 5818 538 5887 l"'l‘-
574 5828 855 5893 scriberes,
904 5830 1188 5898 scripsisti,
1222 5830 1477 5883 Irenaeum
1502 5870 1515 5892 ,
1566 5830 1655 5897 qui
1688 5826 1986 5881 successioc

2105 4749 2242 4798 nus,
2296 4753 2399 4789 non
2452 4739 2684 4806 ignoras.
2740 4733 3012 4786 Praetereo
3063 4728 3204 4796 quod
3258 4728 3564 4797 Epiphanius
3599 4733 3641 4778 et

2102 4825 2455 4881 Theodoritus
2482 4842 2576 4882 eos
2602 4827 2764 4880 etiam
2804 4811 3017 4875 Arianae
3049 4820 3337 4886 impietatis
3368 4834 3482 4873 reos
3510 4832 3639 4888 pera-

2101 4928 2251 4984 gunt.
2280 4920 2438 4974 Certe
2484 4919 2837 4985 Hieronymus
2882 4912 2933 4964 in
2973 4910 3141 4965 Catal.
3191 4912 3267 4965 ait
3311 4912 3553 4967 Donatum
3584 4908 3639 4963 de

2102 5010 2298 5078 Spiritu
2329 5021 2513 5066 sancto
2541 5008 2826 5077 scripsisse
2858 5005 3049 5059 librum
3077 5018 3455 5075 congruentem
3469 5007 3638 5063 Ariano

2104 5098 2357 5168 dogmati.
2392 5102 2458 5155 Et
2507 5098 2832 5167 Augustinus
2865 5096 2914 5148 in
2966 5094 3061 5149 lib.
3092 5095 3159 5151 de
3202 5098 3453 5154 Hieresib.
3485 5095 3640 5153 scribit

2106 5191 2365 5246 Donatum
2411 5190 2882 5258 Carthaginensem
2926 5202 3030 5240 non
3060 5186 3314 5245 habuisse
3348 5188 3636 5245 Catholicam

2099 5278 2165 5333 de
2195 5281 2455 5337 Trinitate
2482 5269 2838 5341 sententiam;
2882 5261 2973 5331 sed
3003 5292 3159 5346 quam
3188 5295 3295 5335 non
3335 5280 3635 5335 animadver-

2099 5371 2220 5423 terit
2249 5370 2530 5424 multitudo
2563 5367 2983 5421 Douatistarum.
3014 5369 3076 5422 Et
3104 5371 3156 5423 in
3184 5371 3344 5440 epist.
3378 5385 3552 5426 cum.
3576 5367 3637 5418 ait

2097 5474 2155 5515 se
2183 5462 2476 5525 audivisse,
2515 5450 2761 5521 Arianois,
2796 5473 2914 5512 cum
2945 5475 2971 5511 a
2994 5461 3371 5515 communione
3398 5458 3633 5515 Catholica

2099 5552 2526 5621 discrepasseut,
2582 5556 2814 5603 tentasse
2862 5551 2960 5604 sibi
3008 5554 3215 5607 sociare
3260 5553 3545 5607 Donatistas
3594 5548 3635 5601 in

2099 5640 2296 5695 Africa.
2365 5642 2546 5707 Neque
2612 5654 2737 5693 vero
2799 5640 3025 5705 dubito,
3080 5644 3206 5712 quin
3271 5659 3451 5699 eorum
3503 5638 3636 5710 pleri-

2100 5750 2201 5801 que
2233 5733 2385 5787 facile
2426 5732 2609 5785 l‘acturi
2640 5731 2937 5803 dicturique
2959 5746 3163 5801 essent,
3192 5735 3448 5807 quidquid
3483 5732 3636 5788 catho-

2102 5824 2218 5878 licis
2244 5823 2482 5888 doleret,
2515 5838 2634 5876 cum
2670 5824 2826 5878 etiam
2864 5841 2969 5880 non
3010 5837 3324 5881 recusarent
3369 5823 3636 5892 conspirare
