3828 6218
168 821 340 878 licam
370 840 492 883 esse
519 831 807 893 humanum
840 845 1145 914 ﬁgmentum
1169 851 1192 904 !
1219 853 1391 909 Testis
1412 868 1496 912 est
1514 862 1763 932 Augusti-

170 930 286 971 nus
323 919 461 976 libro
484 938 670 983 contra
700 946 821 988 eum
851 943 1107 999 secundo.
1136 944 1219 1000 An
1267 950 1357 1017 qui
1400 967 1506 1006 non
1551 954 1760 1011 dubita-

166 1008 315 1067 bant
355 1016 477 1072 talia
516 1036 753 1096 vomerc,
804 1030 1109 1091 fatebantur
1156 1055 1273 1094 eam
1315 1042 1609 1102 Ecclesiatn
1643 1065 1764 1105 esse

132 1106 459 1164 -custodem
481 1119 789 1181 apostolica:
822 1123 1115 1182 doctrinm?
1145 1132 1237 1185 sed
1280 1149 1465 1190 rursus
1509 1139 1671 1194 redeo
1695 1142 1762 1197 ad

159 1201 596 1275 successionem,
620 1210 687 1265 de
707 1227 809 1282 qua
830 1218 1109 1285 quaeritur.
1132 1221 1314 1278 Sentio
1333 1228 1475 1282 enim
1496 1231 1759 1288 nihildum

158 1298 354 1345 actum
386 1309 527 1361 esse,
561 1302 680 1370 quia
718 1305 846 1361 alibi
885 1309 1056 1379 ipsum
1102 1315 1419 1386 principium
1463 1325 1627 1393 negas
1652 1367 1666 1391 ,
1693 1326 1760 1381 de

155 1391 279 1444 quo
304 1397 594 1455 numquam
619 1392 919 1453 dubitatum
949 1400 1122 1458 fuerat
1149 1447 1164 1473 ,
1196 1417 1251 1462 et
1274 1425 1409 1465 nova
1434 1391 1758 1472 inﬁciatione

156 1481 393 1529 veteres
412 1476 526 1535 falsi
553 1499 671 1537 rcos
694 1487 830 1555 agis,
853 1499 907 1544 ut
937 1492 1120 1550 falsam
1146 1499 1407 1569 originem
1431 1508 1753 1573 ementitus;

153 1563 311 1629 quod
342 1581 500 1635 quem
534 1573 608 1626 illi
641 1588 915 1635 auctorem
959 1589 1319 1648 successionis
1371 1596 1592 1654 laudant
1615 1642 1630 1665 ,
1662 1617 1754 1658 ne-

150 1667 271 1721 que
306 1655 467 1714 fuisse
496 1679 667 1735 neque
697 1685 817 1726 esse
847 1676 1086 1742 potuisse
1109 1722 1126 1747 ,
1158 1684 1281 1752 quia
1328 1686 1514 1743 Romae
1552 1691 1752 1749 nullam

148 1748 351 1804 sedem
411 1754 657 1814 habuerit
718 1766 806 1819 aut
858 1768 1205 1839 cathedram,
1247 1782 1559 1837 contendas.
1613 1785 1749 1852 Quid

150 1836 307 1894 istud
344 1846 555 1901 tandem
591 1866 742 1908 novae
774 1857 849 1911 rei
891 1862 1015 1915 est?
1040 1863 1235 1921 Noster
1261 1870 1484 1940 Optatos
1514 1876 1577 1930 ad
1627 1878 1747 1932 Par-

148 1935 515 1993 menianum:
568 1944 774 2014 Negare
817 1950 1037 2024 (inquit)
1080 1973 1180 2011 non
1224 1973 1363 2028 potes
1390 2007 1402 2027 ,
1441 1967 1569 2021 scire
1616 1980 1663 2023 te
1700 1973 1753 2026 in

146 2029 285 2082 urbe
340 2031 505 2087 Roma
556 2036 711 2092 Petro
779 2045 943 2113 primo
1007 2047 1319 2108 Cathedram
1386 2057 1751 2133 Episcopalem

145 2132 265 2171 esse
302 2119 562 2177 collatam.
606 2126 742 2195 Quid
784 2134 879 2185 tu?
918 2135 970 2188 in
1010 2145 1095 2191 tua
1146 2142 1359 2209 quidem
1416 2119 1753 2208 institutione

142 2208 257 2261 etsi
290 2224 456 2281 neges
489 2215 701 2273 Petrum
736 2221 841 2276 illic
891 2227 1201 2299 episcopum
1232 2232 1414 2302 fuisse,
1440 2248 1532 2293 aut
1560 2242 1747 2299 saltem

139 2586 560 2649 commentariis
581 2589 647 2643 ad
679 2592 936 2661 epistolas
968 2598 1149 2667 Petri,
1195 2604 1323 2660 illud
1363 2625 1574 2682 quoque
1619 2631 1743 2685 per-

138 2675 382 2743 negasti.
411 2676 523 2743 [mo
553 2681 777 2755 (inquis)
824 2689 922 2743 nisi
966 2693 1128 2747 maria
1175 2707 1227 2751 et
1257 2706 1426 2754 terras
1468 2718 1740 2762 momento

138 2766 561 2824 transvolaverit
587 2773 799 2847 Petrus,
832 2784 1017 2849 procul
1046 2785 1114 2840 ab
1134 2785 1281 2844 Italia
1312 2803 1579 2851 mortuum
1608 2814 1728 2855 esse

136 2865 381 2912 constat.
414 2859 517 2915 Sed
550 2866 691 2921 unde
720 2868 1083 2930 hocconstare
1116 2882 1310 2948 probas
1334 2884 1597 2943 adversus
1620 2898 1729 2946 tes-

138 2946 433 3006 timonium
467 2958 627 3012 totius
673 2963 1052 3033 antiquitatis?
1096 2946 1150 3026 et
1193 2974 1277 3028 ubi
1327 2979 1539 3034 tandem
1586 2997 1731 3038 mor-

135 3047 291 3094 tuum
321 3046 499 3111 potius
529 3064 649 3105 esse
693 3059 889 3121 putas?
916 3059 966 3113 in
1000 3061 1337 3134 Babylonia?
1377 3072 1499 3139 quia
1532 3089 1596 3129 ex
1628 3077 1727 3130 Ba-
1782 3071 1792 3083 ’

134 3131 341 3203 bylone
368 3136 579 3195 dicatur
604 3143 798 3215 scripta
826 3151 973 3217 prior
1001 3131 1125 3222 ejus
1145 3131 1554 3229 epistola-Quid
1589 3169 1728 3220 tum?

132 3238 247 3278 non
281 3226 460 3296 placet
488 3232 709 3303 (inquis)
743 3240 883 3308 quod
917 3242 1138 3298 Romam
1169 3264 1233 3301 eo
1267 3249 1384 3304 loco
1416 3226 1598 3309 notari.
1625 3256 1721 3312 γε.
1753 3253 1799 3311 C

132 3322 287 3370 teres
318 3319 689 3378 existimarunt
726 3346 739 3382 :
764 3345 938 3401 neque
965 3349 1062 3388 cur
1090 3336 1140 3393 id
1171 3340 1567 3413 existimarint,
1595 3363 1722 3403 cau-

127 3419 248 3461 sam
272 3410 467 3477 video,
502 3417 603 3470 nisi
637 3421 755 3487 quia
784 3423 872 3476 illo
896 3441 1084 3483 errore
1114 3432 1225 3499 jam
1277 3438 1519 3507 occupati
1570 3451 1725 3497 erant

128 3496 360 3553 Petrum
392 3501 576 3559 Romm
605 3505 790 3566 fuisse.
817 3513 921 3569 Sed
952 3517 1021 3572 de
1048 3520 1149 3575 hoc
1179 3526 1261 3590 (ut
1287 3526 1468 3598 vocas)
1499 3544 1718 3598 errore,

127 3589 220 3656 qui
256 3591 307 3643 in
342 3592 431 3647 tali
461 3602 730 3668 tamquam
765 3606 976 3671 publico
1006 3608 1146 3663 facto
1171 3628 1293 3669 esse
1337 3632 1441 3671 non
1494 3633 1674 3688 posset
1701 3664 1716 3687 ,

125 3679 269 3735 alias
298 3684 610 3743 viderimus.
638 3690 881 3749 Nondum
932 3710 1109 3754 autem
1141 3705 1378 3770 probasti
1423 3711 1564 3778 quod
1596 3711 1674 3767 vis
1700 3756 1715 3777 ,

124 3767 178 3823 in
205 3771 509 3844 Babylonia
541 3779 690 3834 illum
719 3798 843 3839 esse
866 3798 1153 3844 mortuum.
1187 3793 1297 3846 lmo
1336 3812 1463 3852 vero
1495 3801 1715 3873 (inquis)

122 3864 251 3930 quia
278 3863 332 3918 in
365 3870 597 3923 secunda
625 3874 846 3940 epistola
886 3877 1090 3948 inquit,
1134 3899 1190 3937 se
1234 3889 1392 3941 morti
1440 3904 1562 3946 esse
1590 3895 1717 3948 vici-

124 3953 285 4010 nn‘tn.
310 3957 475 4028 Atqui
517 3966 804 4020 secundam
837 3962 1118 4037 epistolam
1148 3991 1310 4046 negas
1335 3995 1455 4036 esse
1499 3984 1566 4038 ab
1596 3984 1713 4055 ipso

122 4042 291 4099 Petro
318 4050 608 4118 scriptam;
644 4072 815 4126 neque
848 4062 985 4116 ullus
1007 4042 1251 4136 umquam
1283 4071 1416 4126 dixit
1456 4076 1707 4146 scriptam

1175 362 1266 417 AD
1326 367 1585 427 PRIMAM
1641 374 2015 437 ΕϋίΤΙΟΝΕΜ
2063 386 2335 448 ΟΡΤΑΤΙ.

177 464 315 505 cum
338 453 549 515 Juliano
577 474 839 532 apostata.
861 469 1010 529 Nunc
1039 479 1193 535 nobis
1222 485 1353 539 satis
1378 488 1469 555 sit,
1502 506 1687 548 eorum
1709 497 1775 551 de

175 540 464 613 Baptismo
493 562 545 607 et
570 554 637 610 de
660 556 897 618 Ecclesia
936 567 1132 639 dogma
1170 574 1390 645 impium
1419 592 1474 637 et
1504 588 1769 652 pernicitr

171 650 308 691 sum
338 641 521 698 fuisse.
552 645 690 715 Quid
711 652 885 711 dicam
917 675 1076 716 unum
1098 680 1284 724 eorum
1305 673 1597 732 antistitem
1626 678 1770 735 Gau-

170 730 428 790 dentium
450 752 635 797 ausnm
663 760 785 803 esse
812 753 984 819 palam
1012 755 1212 827 dicere,
1250 763 1543 822 Ecclesiam
1581 773 1768 825 catho-

3326 427 3462 488 i126

1803 502 1851 561 Α
1880 500 2000 569 quis
2021 502 2255 561 clamitet
2287 525 2351 565 ne
2383 511 2435 565 in
2468 515 2596 571 orbe
2646 521 2859 589 quidem
2902 527 3145 589 Romano
3195 551 3461 599 mortuum

1877 604 2030 657 esse,
2066 594 2255 665 lingat,
2284 598 2436 667 licet,
2471 606 2609 674 apud
2658 608 2957 683 Antipodas
3003 637 3125 679 esse
3169 633 3458 698 sepultum.

1876 680 2004 749 Mira
2041 688 2278 753 profecto
2323 704 2405 749 cst
2456 700 2714 767 audacia,
2750 680 2921 764 dicam
2974 730 3038 769 an
3084 680 3413 789 impudentia
3444 771 3458 794 ,

1876 772 2017 794 ..-με
2225 784 2237 794 -
2480 790 2511 794 -ν

3162 772 3181 789 ι
3208 772 3413 780 νννν---ν-
3444 772 3452 794 ς

1873 772 2147 834 hominum
2188 784 2257 838 ab
2296 786 2417 842 aliis
2460 790 2751 852 dissentire
2801 803 3115 866 vnlentium.
3143 813 3277 881 Quid
3307 823 3452 876 enim

1871 879 1976 920 non
2008 868 2189 927 dicent
2235 877 2573 950 potiusquam
2606 886 2727 943 aliis
2773 909 2877 947 non
2921 902 3331 963 contradicant?
3357 912 3456 965 sed

1866 1061 2226 1112 monumentis
2256 1062 2524 1129 proditum
2564 1078 2681 1139 est,
2731 1075 2855 1145 quid
2906 1083 3119 1138 tandem
3152 1086 3289 1144 fiet?
3318 1095 3446 1162 quid

2752 1141 2759 1145 _
3201 1141 3239 1143 ,_
3271 1141 3281 1144 -
3321 1141 3446 1162 Ἰ---

1865 1141 2128 1220 (inquam)
2160 1150 2252 1207 fiet
2273 1156 2539 1214 universa:
2563 1160 2954 1226 Ecclesiastica:
2975 1173 3236 1243 historiae,
3261 1183 3304 1236 si
3328 1184 3449 1253 ejus

2978 1226 3449 1253 -.η-,υ

1864 1226 2121 1309 principia
2171 1256 2224 1298 et
2272 1255 2542 1321 tamquam
2593 1255 2969 1331 fundamenta,
3018 1269 3082 1324 iis
3128 1276 3451 1334 testimoniis

1861 1333 2226 1404 comnmuita,
2255 1341 2450 1411 quibus
2494 1348 2724 1404 certiora
2775 1368 2895 1409 esse
2942 1359 3029 1413 vix
3069 1370 3448 1434 possunt,‘vel

1860 1416 2101 1478 fabulosa
2151 1440 2278 1485 sunt
2326 1434 2410 1489 vel
2459 1439 2577 1493 solo
2623 1442 2850 1514 alicujus
2896 1449 3237 1512 inficiationis
3281 1461 3441 1516 sibilo

1859 1516 2027 1568 everti
2073 1524 2337 1586 possunt?
2388 1527 2625 1601 Denique
2672 1537 2799 1604 quid
2850 1542 3063 1598 tandem
3124 1563 3226 1603 non
3274 1553 3443 1609 aude—

1857 1600 1974 1670 bit,
2009 1609 2096 1675 qui
2125 1609 2226 1666 hoc
2251 1616 2459 1673 audet?
2487 1600 2732 1693 equidem
2756 1630 2866 1685 scio
2893 1636 3087 1691 multas
3116 1600 3325 1708 putidas
3357 1646 3440 1701 fa-

1856 1692 2009 1752 bulas
2069 1710 2334 1774 tamquam
2395 1716 2630 1772 maculas
2697 1720 2828 1789 ipsis
2892 1741 3103 1799 quoque
3158 1735 3434 1805 principiis

1856 1785 1953 1805 .,.,
2032 1793 2043 1803 .
2123 1797 2160 1805 ._
2231 1799 2242 1805 -
2314 1803 2323 1805 -

2721 1785 2731 1789 -
2909 1785 2920 1796 .
3015 1785 3029 1799 ι
3158 1785 3433 1805 I"""l""'

1855 1785 2095 1848 historiae
2119 1797 2511 1861 Ecclesiasticac
2533 1824 2779 1895 aspersas
2804 1832 2924 1874 esse
2942 1862 2955 1885 ,
2979 1837 3111 1892 quas
3139 1836 3193 1881 et
3217 1833 3443 1900 repudio

1783 1884 1828 1945 Β
1858 1889 1913 1933 et
1938 1884 2104 1940 delc-ri
2137 1892 2312 1958 cupio.
2366 1896 2470 1952 Sed
2517 1918 2583 1956 an
2615 1888 2897 1975 propterea
2930 1884 3112 1971 verum
3157 1884 3441 1981 cum'falso

1865 1979 2065 2031 temere
2109 1986 2336 2053 expungi
2369 1991 2579 2054 patiar?
2608 1994 2734 2049 Scio
2762 2000 2965 2057 incerta
2993 2008 3234 2075 quaedam
3278 2029 3398 2072 esse
3422 2060 3437 2084 ,

1856 2063 1926 2118 de
1969 2068 2164 2135 quibus
2222 2075 2451 2132 dubitari
2494 2087 2684 2149 possit.
2741 2090 2846 2145 Sed
2900 2063 3025 2149 aut.
3057 2112 3261 2159 certum
3315 2063 3435 2176 est:

3160 2156 3189 2157 ρ
3320 2156 3434 2176 ην,

1856 2156 1996 2224 quod
2030 2158 2114 2214 hic
2144 2179 2305 2233 negas
2328 2210 2341 2233 ,
2370 2179 2463 2225 aut
2493 2179 2674 2233 nescio
2696 2183 2820 2251 quid
2852 2198 3053 2246 certum
3094 2209 3213 2250 esse
3241 2197 3390 2255 dicas
3418 2216 3434 2266 ;

1854 2257 1907 2299 et
1929 2288 1943 2313 ,
1978 2258 2034 2303 ut
2061 2251 2150 2308 ille
2180 2254 2455 2318 Romanus
2480 2281 2603 2348 esse
2625 2271 2868 2344 dicebat,
2897 2290 2990 2335 aut
3034 2282 3134 2340 hoc
3184 2292 3433 2361 testium,

1854 2339 2037 2361 ι---Ξιμηκ
2091 2346 2101 2356 ⁸
2126 2345 2138 2361 ¹
2292 2352 2302 2361 ¹

2855 2334 2867 2344 ,
2942 2334 2945 2335 ν
3034 2334 3132 2340 --η
3184 2334 3433 2361 mm...”

1730 2367 1743 2378 .
1814 2334 2043 2407 'qnibns
2090 2345 2140 2399 id
2188 2342 2490 2424 probatur,‘
2517 2363 2647 2418 satis
2688 2376 2800 2430 est,
2842 2384 2931 2429 aut
2974 2381 3157 2435 nescio
3209 2386 3333 2453 quid
3366 2388 3434 2442 sit

1730 2450 1733 2453 b
1851 2431 1977 2453 Μαι-
2012 2435 2105 2453 ,ον
2153 2439 2185 2453 ἰ
2210 2440 2221 2452 -
2428 2448 2442 2453 -

1849 2431 2251 2494 εδιίε.“8ειινίὺὶε
2301 2448 2529 2511 quodam
2573 2453 2694 2510 loco
2736 2477 2750 2512 :
2804 2460 3021 2522 Veteres
3064 2431 3276 2540 quidein
3332 2494 3437 2535 uno

1848 2537 2114 2581 Consensu
2148 2532 2392 2603 tradere,
2425 2540 2699 2602 Simonem
2728 2549 2935 2623 Magum
2963 2558 3151 2616 Roma:
3181 2580 3301 2621 cum
3336 2571 3434 2624 l’cc

1849 2620 1932 2664 tro
1958 2614 2286 2685 disputasse.
2319 2624 2375 2679 Id
2403 2643 2711 2698 suspectum
2747 2642 2837 2695 tibi
2866 2660 2986 2702 esse
3012 2651 3093 2705 ais
3132 2670 3145 2705 :
3199 2672 3301 2710 non
3350 2667 3429 2716 ta-

1844 2718 1965 2757 men
2014 2721 2198 2777 aperte
2236 2715 2401 2772 audes
2445 2721 2627 2780 dicere
2665 2732 2805 2799 quod
2858 2740 3060 2807 cogitas
3087 2784 3100 2807 ,
3147 2744 3423 2805 Simonem

1840 2796 1987 2851 illum
2014 2818 2297 2874 numquam
2324 2814 2534 2871 venisse
2576 2818 2821 2879 Romam.
2864 2827 3065 2903 Nempe
3098 2837 3211 2907 ipsa
3258 2845 3417 2901 etiam
3494 2829 3496 2831 θ

2999 2886 3059 2903 Γ
3098 2886 3211 2907 τ--

1839 2886 2093 2962 inscripta
2126 2912 2251 2952 saxa
2284 2901 2477 2960 Insulae
2526 2909 2790 2972 Tiberium
2834 2924 2991 2979 talem
3042 2929 3424 2995 inliciatiOnem

1841 2990 1987 3037 tuam
2031 2988 2302 3045 refellunt.
2345 2992 2453 3051 Cur
2501 3001 2729 3060 alterum
2769 3009 2935 3081 illud,
2986 3022 3127 3089 quod
3174 3035 3423 3087 testatum

1836 3074 2006 3143 magis
2028 3080 2190 3135 etiam
2213 3095 2329 3151 est,
2360 3092 2528 3160 magis
2552 3097 2724 3155 audes
2769 3103 2993 3165 inliciari
3020 3114 3042 3165 ?
3083 3114 3271 3176 Judam
3316 3141 3420 3180 non

2876 3160 2910 3162 ,γ
2951 3160 2993 3165 --
3023 3160 3034 3165 -
3083 3160 3271 3176 νυυυιιι
3316 3160 3420 3180 ΙΙυΙΙ

1835 3160 2139 3225 interfuisse
2179 3188 2346 3231 caena:
2390 3181 2707 3255 dominica},
2760 3211 2931 3266 neque
2978 3218 3098 3261 cum
3150 3213 3425 3281 Apostolis

1838 3254 2059 3281 ..ΛΙζι---ἷκ
2110 3262 2183 3281 1'”
2474 3275 2484 3281 ⁸

2696 3254 2699 3255 ν
2848 3254 2858 3266 ⁸
2914 3254 2919 3255 ,
2984 3254 3098 3261 -----.
3150 3254 3415 3281 "rvuuau:

1837 3254 2061 3322 reliquis
2108 3262 2184 3318 illi
2216 3275 2667 3347 communicasse,
2720 3288 2819 3341 etsi
2866 3291 3195 3365 Augustinus
3234 3319 3415 3364 contra

1837 3342 2026 3365 n.__--
2064 3360 2072 3365 -
2186 3355 2234 3365 "
2286 3358 2298 3365 ‘
2357 3361 2369 3365 ‘

1836 3342 2140 3407 Donatistas
2184 3355 2234 3409 id
2284 3358 2478 3418 habeat
2519 3386 2613 3437 pro
2641 3342 2827 3447 certo,
2857 3393 2911 3438 et

1830 3434 2009 3504 fesso,
2070 3446 2143 3502 tui
2195 3455 2671 3521 conﬁdentissime

2712 3527 2722 3535 υ
2817 3527 3030 3547 "qr--."
3085 3527 3214 3552 κυια
3256 3527 3404 3562 Ἱυυῡ¹

1828 3527 1950 3583 dam
1998 3533 2193 3594 habent
2231 3559 2295 3599 cx
2332 3547 2614 3610 Veteribus
2662 3563 3051 3639 snﬂ'ragantes.
3100 3583 3404 3643 audiuntur.

1828 3618 1932 3643 οη]
1987 3640 2071 3643 ιη
2106 3627 2118 3643 ι
2189 3631 2199 3643 ·
2289 3635 2318 3643 -ι

2772 3618 3051 3639 ηαμηνυ.
3100 3618 3404 3643 "mauu-ut.

1826 3618 1932 3722 Sed
1979 3627 2119 3694 quod
2168 3631 2234 3686 de
2284 3635 2443 3695 Petro
2492 3661 2686 3717 negas,
2736 3658 2973 3716 audacire
3000 3674 3083 3721 est
3134 3672 3405 3731 inaudita’.

2563 3709 2588 3715 -,
2672 3709 2684 3717 ι
2793 3709 2971 3716 ν-ήτν--ν
3001 3709 3083 3721 νυ.
3134 3709 3405 3731 ιυῑιιιυιιιιό

1824 3709 1955 3775 Quis
2001 3731 2104 3770 non
2147 3724 2370 3780 miretur
2412 3740 2498 3797 te,
2550 3739 2636 3792 ubi
2688 3746 2800 3811 vis,
2862 3762 2966 3807 tam
3017 3757 3171 3815 facile
3242 3765 3405 3821 ίηιριι-

1828 3798 1944 3821 -Ι-,Λᾲ
2169 3812 2180 3821 ι
2219 3815 2228 3821 .

1823 3798 1950 3856 dum
1980 3812 2228 3866 assentiri
2253 3830 2357 3871 non
2383 3824 2543 3877 modo
2569 3830 2745 3889 dubiis
2766 3879 2779 3903 ,

2947 3403 3119 3445 sumat
3165 3412 3263 3464 pro
3292 3415 3419 3457 cou-

2712 3486 3030 3547 pernegant.
3083 3487 3214 3552 Quia
3256 3508 3411 3562 quos-

120 4151 248 4193 esse
275 4140 329 4193 in
357 4140 668 4216 Babylonia.
703 4149 808 4204 Sed
841 4169 1010 4224 neque
1034 4160 1121 4225 qui
1151 4164 1306 4216 morti
1355 4166 1589 4223 vicinum
1622 4186 1710 4226 es-

117 4241 176 4282 se
206 4244 271 4284 se
315 4233 527 4301 credit,
580 4251 860 4310 prepterea
912 4260 1152 4307 mortuus
1202 4242 1490 4312 cenfestinr
1524 4262 1708 4317 dicen-

116 4320 219 4376 dus
266 4334 369 4379 est.
412 4328 606 4410 Paulus
649 4334 714 4388 ad
759 4337 1099 4399 Timblheum
1136 4363 1149 4399 :
1189 4364 1281 4419 ego
1328 4350 1544 4424 (inquit)
1590 4360 1707 4428 jam

1216 4402 1241 4419 ιι
1331 4402 1542 4424 \""I""l
1590 4402 1704 4428 J'""

113 4414 377 4484 immolor,
404 4402 458 4474 et.
477 4432 672 4495 tempus
698 4445 821 4483 mea:
846 4434 1169 4491 resolutionis
1198 4442 1369 4495 instat.
1396 4444 1553 4513 Atqui
1581 4459 1704 4503 tunc

2268 4513 2276 4514 ,
2321 4513 2367 4534 τ

114 4513 392 4562 mortuum
441 4526 590 4580 esse,
625 4534 690 4572 ne
736 4528 788 4572 tu
834 4524 1050 4592 quidem
1095 4528 1415 4588 alfirmares.
1450 4538 1607 4592 Certe
1655 4542 1701 4594 si
1811 4540 1921 4590 lum
1948 4553 2068 4597 esse
2096 4544 2367 4623 Cepham,

114 4609 221 4623 “An.
251 4598 449 4623 l:~..-_-
490 4605 529 4623 .l‘
552 4622 555 4623 ν
580 4622 589 4623 κ
1140 4620 1146 4623 .
1190 4621 1217 4623 _

2146 4598 2367 4623 -r-__...,
2414 4598 2481 4630 Ψ,

114 4609 222 4649 non
249 4598 454 4668 liquere
479 4605 723 4676 diceres,
758 4627 862 4681 quo
900 4630 1040 4672 anno
1068 4620 1148 4673 vel
1188 4621 1411 4678 Romam
1455 4631 1692 4700 venerit,
1725 4629 1780 4688 D
1807 4628 1900 4681 tibi
1932 4629 2086 4689 facile
2114 4645 2404 4703 concedam
2446 4655 2488 4703 ri

113 4687 193 4741 vel
255 4688 441 4747 Romae
487 4707 726 4757 mortuus
774 4705 845 4755 sit
892 4705 1115 4774 Petrus,
1170 4721 1224 4765 et
1268 4716 1519 4781 quamdiu
1587 4719 1698 4772 illic

110 4779 340 4847 vixerit,
372 4781 600 4841 fortasse
646 4806 753 4846 non
801 4797 1171 4854 reclamarem.
1226 4803 1329 4859 Sed
1380 4818 1695 4879 contempto

110 4872 380 4926 universa:
429 4880 759 4947 antiquitatis
806 4890 1112 4946 testimonio
1169 4904 1328 4965 atque
1376 4890 1684 4969 consensu,

108 4970 297 5016 contra
327 4980 483 5032 quem
512 4969 707 5041 alioqui
754 4977 967 5033 dixeras
1000 4984 1140 5040 nolle
1171 4996 1221 5042 te
1249 5003 1482 5060 pugnare
1507 5033 1520 5052 ,
1549 5011 1691 5049 nunc

108 5051 381 5107 afﬁrmare
409 5054 624 5112 Petrum
664 5078 835 5132 neque
861 5068 1086 5129 Romam
1134 5094 1384 5147 umquam
1435 5085 1643 5141 venisse
1670 5130 1685 5151 ,

109 5156 283 5210 neque
307 5142 413 5197 illic
443 5159 710 5204 mortuum
737 5168 858 5211 esse
886 5200 899 5223 ,
952 5164 1187 5229 profecto
1232 5172 1555 5237 paradoxum
1605 5187 1689 5231 est

107 5231 352 5296 axioma,
385 5236 524 5301 quod
553 5237 683 5293 mihi
709 5257 814 5297 non
845 5256 1204 5320 persuaseris,
1238 5261 1337 5313 nisi
1385 5264 1427 5316 si
1473 5266 1688 5322 univer-

96 5334 219 5373 ‘sam
255 5322 529 5377 historiam
556 5328 984 5393 Ecclesiasticam
1014 5359 1133 5399 esse
1163 5351 1393 5414 putidam
1428 5355 1681 5425 fabulam,

108 5423 155 5463 et
184 5427 377 5467 omnes
407 5414 660 5473 Ecclesite
703 5424 989 5493 scriptores
1035 5438 1434 5507 antiquissimos
1464 5454 1520 5516 et
1556 5446 1685 5500 fide-

108 5501 340 5558 lissimos
364 5520 484 5559 esse
512 5516 567 5562 ct
594 5522 882 5580 nugatores
910 5528 963 5572 et
982 5521 1302 5593 impostores
1334 5534 1677 5600 persuadeas.

105 5590 273 5655 Quid?
312 5594 509 5650 Julium
550 5598 815 5657 Cmsarem
862 5606 1046 5665 Roma:
1085 5628 1350 5674 mortuum
1399 5639 1520 5679 esse
1545 5668 1559 5691 ,
1589 5640 1680 5682 aut

109 5682 345 5747 pluribus
390 5696 479 5740 aut
526 5691 834 5751 melioribus
891 5702 1208 5761 testimoniis
1256 5714 1519 5779 proditum
1572 5734 1677 5773 non

107 5784 179 5826 est
210 5814 222 5838 ,
249 5788 409 5842 quam
462 5775 675 5835 Petrum
723 5783 904 5843 Romae
932 5803 1053 5847 esse
1099 5805 1387 5857 mortuum.
1437 5803 1588 5862 Nunc
1631 5810 1678 5865 si

2854 4725 2879 4743 τ
2900 4725 3113 4736 __-...,.u
3143 4725 3261 4743 ιοου
3300 4725 3378 4746 Cl-

1805 4732 1984 4776 rorem
2032 4725 2263 4788 hominis
2306 4753 2490 4798 vocem
2543 4750 2781 4813 Gra-cam
2809 4802 2823 4827 ,
2869 4781 2987 4835 quae
3014 4772 3225 4844 Syriaca
3255 4792 3378 4851 est,

1805 4826 1923 4851 ρςαιι
1954 4820 2307 4851 ονίοιζηυι-ειει
2381 4845 2418 4851 κ·

2809 4820 2820 4827 ,
2886 4820 2900 4835 .
2969 4820 2980 4821 ί
3020 4820 3040 4823 τ
3091 4820 3225 4831 --ηνκ
3255 4820 3378 4851 νοοῖ

1803 4826 1923 4868 esse
1954 4820 2340 4897 existimantis,
2371 4845 2423 4888 et
2447 4853 2724 4911 propterea
2752 4868 2815 4906 ex
2849 4870 2994 4923 petra
3032 4820 3111 4919 vici
3134 4884 3263 4925 saxo
3287 4890 3378 4929 ρει-

2546 4907 2558 4911 -
2849 4907 2861 4923 .
2890 4907 2994 4913 ---η
3041 4907 3263 4925 wn...“
3287 4907 3377 4929 ιι.-

1802 4915 1893 4970 put
1937 4907 2165 4978 ineptius
2221 4919 2557 4997 effingentis,
2588 4952 2745 5005 quam
2786 4945 2829 4996 si
2875 4949 3189 5026 allegassct,
3235 4969 3377 5033 qum

1802 4993 1992 5033 FncIna
2021 5008 2227 5033 ωηξηηε.
2272 5014 2342 5033 ne
2562 5026 2589 5033 ..

2543 4993 2553 4997 _
2606 4993 2619 5005 ι
2736 4993 2741 4994 γ
2789 4993 2829 4996 Ὕ-
2876 4993 3189 5026 --ινδαυουι,
3275 4993 3376 5022 uuu

1801 4993 1994 5055 Festus
2021 5008 2250 5077 scripsit,
2272 5014 2493 5074 Romam
2523 5026 2646 5080 olim
2667 5036 2984 5100 appellatam
3017 5061 3136 5103 esse
3164 4993 3376 5123 Cepha-

1802 5087 1886 5123 ιηη
1928 5092 2019 5123 φ..
2046 5099 2172 5123 -.:..-
2446 5110 2459 5123 -
2520 5114 2538 5123 -
2601 5117 2612 5123 -
2676 5122 2681 5123 ν

1800 5087 1908 5142 lon.
1928 5092 2019 5147 ’Tu
2042 5099 2173 5152 alias
2195 5110 2494 5165 verecunde
2514 5114 2563 5168 fe

2566 5117 2682 5171 cisti
2704 5161 2717 5182 ,
2747 5138 2866 5178 cum
2900 5145 3122 5201 negares
3143 5147 3257 5198 sani
3282 5162 3374 5206 aut

1796 5182 1963 5238 sobrii
1994 5202 2112 5244 esse

2155 5193 2385 5253 hominis
2425 5212 2610 5269 putare
2643 5212 2798 5267 talem
2851 5222 3369 5311 interpretationem,

2966 5276 3344 5297 _'--..-..-qu|\,|||

1796 5286 1953 5339 quam
1982 5276 2265 5336 Gratianus
2303 5286 2354 5340 in
2387 5304 2479 5344 sua
2521 5302 2766 5364 rapsodia
2796 5309 3047 5373 adscribit
3074 5288 3363 5400 Anni-leto:

1796 5376 1916 5400 nccn
1954 5368 2186 5400 Διιηηίηίῗ
2248 5376 2351 5400 0“,
2399 5382 2445 5400 9"
2650 5396 2657 5400 ’
2727 5397 2755 5400 ’ν
