3828 6218
442 223 579 280 1127

1631 220 2134 281 ΡΒᾹΖῈΑΤΙΟΝΕΞ
2175 218 2492 279 BALDUINI

3594 215 3745 272 “'23

438 338 722 395 defendam
752 336 892 409 quod
938 337 1049 394 scio
1095 350 1218 393 esse
1262 336 1537 394 vitiosum’.
1571 339 1746 409 Atque
1796 349 1851 393 ut
1882 337 2014 394 mihi
2044 342 2089 399 Λ
2118 338 2383 407 baptismo
2412 335 2709 394 adhibitum
2737 349 2877 404 esse,
2927 348 3061 407 quas
3087 349 3175 391 res
3206 340 3315 389 tam
3342 308 3745 390 intolerabiles

438 430 693 501 deinceps
720 430 920 501 aequior
947 431 1055 498 sis,
1088 430 1335 500 equidem
1386 431 1529 486 clara
1579 446 1707 486 voce
1740 433 2014 503 protitcor,

351 564 357 575 .
439 522 579 593 quod
618 531 672 579 et
697 537 843 594 smpe
885 524 1017 579 alias
1058 522 1196 589 feci,
1235 539 1323 580 me
1366 538 1469 579 non
1520 523 1682 579 modo
1734 524 1812 578 illi
1856 523 2019 580 solo:-

437 616 632 683 cismo,
666 630 825 687 quem
870 615 1013 681 dixi,
1050 631 1158 670 non
1190 617 1513 686 patrocinari
1533 658 1548 684 ,
1580 615 1675 671 sed
1702 617 1868 671 etiam
1894 630 2020 687 gra-

436 710 652 766 vissime
681 725 773 766 eos
801 709 1095 776 detestari,
1140 711 1524 782 quigraviores
1552 711 1688 766 alios
1715 710 1832 779 ejus
1852 726 2018 782 gene~

437 801 513 857 ris
535 800 871 871 soloecismos
893 802 1011 858 orbi
1034 808 1302 857 terrarum
1351 801 1645 857 obtrudunt
1670 845 1684 869 ,
1725 803 1873 874 digni
1915 819 2020 859 non

387 902 395 907 '
440 900 545 947 tam
577 890 778 958 ferula,
819 906 977 962 quam
1006 892 1175 963 flagro
1201 900 1256 948 et
1281 892 1481 947 scutica
1522 894 1761 963 magistri
1811 893 2025 951 fatuita-

441 984 509 1039 tis
551 1002 566 1039 :
612 984 877 1056 simulque
900 984 1168 1041 exsecrari
1195 994 1443 1041 auctores
1474 986 1761 1042 multarum
1791 986 2023 1041 nefaria-

438 1089 559 1131 rum
585 1074 882 1131 fabularum
905 1118 920 1144 ,
943 1093 1064 1148 quae
1093 1076 1335 1132 confictae
1366 1088 1525 1148 alque
1549 1092 1753 1147 sparsa:
1780 1087 1942 1145 sunt,
1966 1088 2026 1133 ut

443 1180 607 1227 totam
639 1171 779 1228 illius
800 1166 1130 1244 antiquitatis
1162 1172 1557 1228 Ecclesiasticae
1590 1172 1790 1228 bonam
1821 1186 2030 1227 memo-

443 1262 575 1317 riam
599 1263 684 1320 vel
715 1264 1057 1335 inquinarent
1084 1264 1169 1320 vel
1199 1265 1523 1329 obruerent;
1556 1263 1795 1335 denique
1819 1278 1915 1319 eos
1943 1279 2031 1319 re—

440 1352 622 1426 fugere
640 1396 654 1421 ,
682 1355 770 1426 qui
800 1355 955 1412 bona:
983 1363 1038 1412 et
1060 1356 1325 1426 religiosae
1354 1356 1639 1411 vetustatis
1663 1355 1855 1423 titulo,
1886 1362 2029 1410 tam-

440 1463 600 1519 quam
632 1448 787 1517 fuco,
820 1450 1006 1507 volunt
1031 1450 1177 1505 abuti
1204 1450 1269 1504 ad
1302 1450 1531 1521 tegenda
1559 1450 1760 1506 scelera
1794 1449 2027 1520 degene-

442 1540 517 1596 ris
548 1541 895 1610 posteritatis.
924 1542 1031 1599 Sed
1076 1558 1196 1597 cum
1229 1541 1333 1596 hoc
1363 1550 1627 1610 praetextu
1655 1549 1918 1611 praeterea
1948 1543 2032 1597 vis

445 1633 749 1690 universam
791 1634 1106 1689 memoriam
1133 1642 1371 1689 veterem
1402 1632 1584 1688 delere
1618 1650 1633 1689 :
1665 1632 1786 1687 dico
1823 1646 1918 1687 eos
1944 1632 2035 1702 qui

2121 446 2241 487 esse
2274 431 2507 501 judicas,
2555 438 2616 486 ut
2661 438 2944 501 propterea
2973 430 3283 486 institueres
3318 428 3558 483 alteram
3602 424 3747 493 bap-

2124 525 2267 580 tismi
2303 523 2550 589 formam;
2581 530 2770 592 etme,
2801 522 2891 594 qui
2920 537 3106 579 earum
3152 519 3357 592 alioqui
3401 534 3595 575 rerum
3642 530 3749 570 au-

2123 625 2240 673 ctor
2276 631 2384 673 non
2416 631 2557 684 sum,
2588 631 2760 687 neque
2786 603 2855 671 de
2880 615 2947 671 iis
2972 614 3264 687 quidquam
3292 612 3517 684 scripsi,
3546 622 3748 667 earum

2126 711 2249 766 odio
2298 710 2604 766 immaniter
2650 708 3025 779 exagitaveris.
3077 707 3161 764 An
3218 705 3367 763 dices
3419 702 3751 760 Donatista;

2127 812 2276 859 recte
2316 812 2369 858 et
2397 802 2644 873 religiose
2673 802 2885 869 fecisse,
2915 798 3058 871 quod
3088 797 3488 856 contumeliose
3508 795 3747 870 procul-

2126 894 2298 950 carint
2328 894 2462 948 illud
2489 891 2747 959 chrisma,
2779 875 3007 962 quod'tu
3037 890 3208 946 multo
3236 891 3411 962 magis
3436 886 3751 960 conSpuis?

2129 986 2290 1059 Atqui
2318 986 2546 1059 Optatus
2572 986 2665 1041 tibi
2697 984 2938 1041 narrabit
2970 983 3211 1039 divinum
3242 982 3512 1040 adversus
3534 997 3642 1038 eos
3663 980 3754 1051 ju—

2128 1079 2327 1135 dicium
2371 1079 2534 1135 etiam
2562 1078 2826 1135 miraculo
2860 1077 3237 1149 consignatum
3269 1076 3458 1132 fuisse.
3486 1074 3548 1133 Si
3590 1074 3752 1131 dicas

2128 1186 2251 1227 eum
2307 1171 2553 1237 mentiri;
2610 1169 2735 1225 vide
2796 1184 2898 1240 qua
2950 1168 3269 1240 probatione
3323 1152 3559 1239 perages
3624 1166 3753 1221 falsi

2130 1262 2300 1320 reum.
2330 1264 2436 1320 Sed
2462 1263 2811 1320 nihilominus
2842 1264 2894 1334 in
2918 1279 2981 1319 ea
2999 1280 3058 1320 re
3088 1278 3306 1336 semper
3336 1270 3390 1318 te
3411 1261 3621 1332 premit
3652 1258 3753 1315 ad-

2131 1356 2391 1411 mirabilis
2411 1370 2712 1412 consensus
2728 1356 2929 1412 veteris
2956 1356 3235 1413 Ecclesiae.
3266 1354 3353 1411 An
3372 1353 3740 1411 confiteberis

2133 1464 2239 1503 non
2271 1448 2524 1504 debuisse
2551 1449 2877 1513 Donatistas,
2905 1448 3050 1519 quod
3096 1448 3170 1504 tui
3216 1447 3443 1513 faciunt,
3490 1455 3751 1501 evertere

2136 1540 2366 1595 altaria?
2398 1539 2556 1609 Atqui
2600 1539 2743 1609 quod
2787 1540 3012 1609 Optatus
3041 1540 3245 1611 objicit,
3290 1554 3495 1610 corpus
3537 1537 3751 1593 Christi

2138 1630 2191 1686 in
2220 1631 2286 1686 iis
2318 1631 2608 1696 habitasse,
2640 1639 2753 1685 tam
2784 1630 3057 1701 indignum
3088 1639 3145 1685 et
3176 1630 3459 1685 infandum
3481 1645 3611 1685 esse
3643 1628 3749 1683 do-

446 1724 597 1782 hisce
624 1727 728 1781 tuis
755 1725 962 1801 ipsidiis
991 1742 1095 1781 non
1128 1733 1439 1790 occurrunt,
1466 1732 1559 1779 aut
1585 1724 1754 1795 turpis
1786 1723 2034 1789 inscitia,
2067 1721 2115 1781 B
2141 1737 2251 1788 ces,
2284 1730 2343 1776 ut
2380 1722 2523 1776 illam
2549 1723 2717 1791 ipsam
2736 1721 2934 1791 justam
2956 1736 3173 1777 causam
3193 1736 3320 1777 esse
3344 1722 3625 1787 clamites,
3650 1738 3749 1777 cur

448 1827 539 1872 aut
586 1817 861 1873 sceleratae
909 1817 1185 1888 perﬁdiae,
1240 1826 1332 1871 aut
1380 1816 1660 1886 utriusque
1715 1830 1839 1870 reos
1890 1830 2033 1869 esse.

447 1914 589 1985 Ergo
610 1914 770 1969 etiam
798 1922 923 1983 opto
949 1912 1107 1968 talem
1138 1927 1323 1967 eorum
1344 1954 1360 1976 ,
1386 1911 1477 1982 qui
1509 1910 1601 1966 tibi
1630 1918 1737 1964 tam
1764 1909 1925 1965 facile
1948 1923 2040 1965 ce-

451 2005 617 2073 dunt,
650 2007 960 2061 ἐθελοκακίαν
988 2004 1237 2075 castigari
1269 2021 1282 2057 :
1314 2002 1508 2074 quibus
1538 1992 1679 2057 nunc
1709 2009 1886 2058 tamen
1917 2010 2035 2056 tan-

451 2104 564 2151 tum
593 2095 842 2165 objiciam
866 2097 993 2151 illud
1024 2105 1179 2151 vetus
1200 2136 1215 2160 ,

543 2187 740 2238 Tradite
761 2188 900 2252 signa
922 2174 1058 2247 viris,
1080 2187 1240 2248 ignavi
1262 2187 1404 2248 signa
1427 2186 1663 2245 Quirites.

526 2281 700 2350 Atque
738 2288 797 2333 ut
831 2276 1148 2333 concludam
1187 2275 1330 2345 quod
1379 2275 1445 2331 de
1493 2274 1837 2330 successione
1884 2272 2035 2340 dixi,

454 2371 649 2437 iterum
675 2368 798 2425 dico
817 2411 832 2437 ,
861 2378 917 2424 et
944 2382 1159 2438 semper
1190 2382 1300 2438 pra:
1328 2365 1620 2423 me‘feram
1640 2408 1655 2433 ,
1690 2374 1877 2436 optare
1907 2379 1993 2419 me
2019 2405 2035 2431 ,

452 2473 510 2521 ut
535 2463 735 2535 indigni
766 2477 1138 2529 successores,
1170 2462 1262 2533 qui
1286 2470 1340 2516 et
1365 2460 1707 2526 desertores,
1751 2469 1806 2515 et
1855 2457 2041 2529 prodi-

455 2565 629 2624 tores,
651 2566 704 2610 et
733 2555 813 2627 (ut
832 2555 1000 2611 verbo
1026 2554 1195 2609 veteri
1226 2562 1367 2619 utar,
1391 2567 1564 2624 neque
1610 2552 1785 2607 dicam
1833 2550 2038 2621 aliquid

453 2648 695 2720 gravius)
741 2646 1026 2702 traditores
1071 2655 1229 2711 sunt,
1272 2644 1432 2709 dent,
1473 2660 1607 2715 quas
1656 2643 1832 2697 meriti
1882 2650 2040 2701 sunt.

457 2756 663 2815 pinnas.
695 2741 801 2797 Sed
824 2758 928 2797 non
955 2743 1170 2811 ignoras
1191 2782 1204 2805 ,
1235 2740 1481 2811 quisnam
1529 2738 1621 2793 ille
1648 2737 1753 2803 sit,
1784 2736 1873 2806 qui
1906 2734 2043 2788 tales

458 2850 580 2892 esse
602 2834 713 2889 vult
737 2843 791 2889 et
810 2841 957 2903 optat
979 2875 994 2899 ,
1024 2840 1083 2887 ut
1132 2833 1197 2886 iis
1232 2831 1457 2900 dejectis
1478 2871 1494 2897 ,
1542 2837 1819 2884 vacantem
1869 2826 2043 2881 locum

461 2926 638 2983 statim
667 2934 927 2995 occupet,
958 2933 1013 2979 et
1040 2939 1241 2978 novum
1280 2922 1383 2977 sibi
1412 2936 1633 2992 regnum
1659 2919 1856 2974 condat
1878 2917 2046 2972 multo

464 3019 652 3090 majori
682 3016 966 3089 supercilio
995 3033 1008 3069 :
1030 3015 1227 3087 quique
1247 3024 1526 3084 propterea
1550 3013 1717 3068 nollet
1743 3011 1877 3065 alios
1896 3026 2042 3077 esse,

2141 1831 2329 1873 omnes
2372 1831 2479 1870 arae
2520 1823 2852 1870 evertuntur.
2901 1815 2980 1869 An
3015 1814 3108 1868 tibi
3139 1814 3341 1885 placet,
3375 1814 3523 1885 quod
3555 1814 3751 1869 dicun-

2143 1920 2228 1963 tur
2280 1907 2568 1962 Donatistas
2598 1907 2836 1962 erexisse
2874 1905 3043 1961 altare
3083 1914 3269 1961 contra
3316 1906 3534 1961 altare?
3585 1906 3747 1974 Atqui

2140 2002 2337 2058 summi
2388 2000 2627 2056 criminis
2653 2001 2770 2056 loco
2800 2014 3016 2071 semper
3041 1990 3285 2056 habitum
3318 1999 3370 2057 id
3400 2002 3537 2065 fuit,
3571 2016 3751 2069 neque

2142 2097 2315 2152 solum
2347 2095 2573 2166 Optatus
2613 2103 2668 2150 et
2714 2094 3043 2163 Augustinus
3084 2100 3376 2164 propterea
3430 2093 3749 2149 Donatistas

2143 2196 2411 2258 tamquam
2440 2203 2507 2243 ex
2537 2185 2787 2252 formula,
2811 2185 3083 2255 conceptis
3106 2186 3310 2251 verbis,
3334 2196 3626 2251 accusant,
3652 2186 3748 2242 sed

2142 2288 2195 2334 et
2220 2288 2375 2333 antea
2405 2278 2705 2349 Cyprianus
2752 2278 2972 2333 totidem
3012 2277 3193 2332 verbis
3216 2276 3559 2335 Novatianos
3591 2280 3749 2334 θεὸν·

2143 2381 2375 2428 saverat.
2406 2373 2546 2441 Scis,
2571 2374 2756 2442 credo,
2784 2376 2968 2432 altaris
2989 2378 3156 2434 verbo
3180 2376 3543 2447 signiﬁcasse.
3578 2386 3746 2433 torum

2145 2465 2501 2520 ministerium
2537 2467 2824 2533 Ecclesiae;
2871 2469 3013 2539 quod
3041 2478 3097 2525 et
3133 2470 3387 2539 baptismi
3415 2485 3555 2525 voce
3585 2470 3751 2524 inter-

2144 2555 2271 2611 dum
2311 2558 2681 2628 significatur:
2734 2560 2869 2616 adeo
2918 2570 2977 2615 ut
3018 2561 3179 2615 etiam
3221 2562 3296 2615 in,
3323 2559 3572 2632 Egypto
3621 2563 3748 2631 ipsa:

2147 2646 2402 2703 Ecclesia:
2431 2649 2834 2719 appellarentur
2862 2648 3056 2714 Labra,
3086 2650 3132 2704 si
3160 2664 3246 2705 me
3274 2664 3382 2704 non
3432 2649 3575 2705 fallit
3605 2650 3747 2721 quod

2148 2738 2296 2794 hisce
2325 2741 2551 2809 primum
2585 2740 2772 2796 diebus
2800 2741 2851 2796 in
2881 2740 3182 2811 Epiphanio
3206 2736 3515 2798 observavi.
3540 2746 3628 2798 An
3660 2747 3745 2815 qui

2152 2831 2396 2899 privatim
2429 2840 2590 2903 atque
2631 2835 2917 2907 separatim
2947 2833 3063 2890 haec
3099 2851 3220 2905 quae
3262 2852 3371 2891 non
3417 2847 3525 2892 tam
3561 2853 3750 2895 sacrao

2151 2931 2352 2987 menta,
2381 2939 2541 2993 quam
2567 2936 2976 2981 exsecramenla
2998 2931 3168 2998 lvocat
3213 2928 3265 2983 in
3292 2929 3599 2986 Donatistis
3646 2933 3749 2986 Au-

2149 3019 2414 3089 gustinus,
2450 3018 2567 3074 haec
2596 3020 2859 3092 (inquam)
2908 3024 3058 3094 signa
3103 3022 3489 3080 funestissima:
3533 3024 3752 3082 dissen-

360 3172 365 3178 .
463 3112 817 3183 resipiscere.
851 3110 1030 3165 facere
1057 3108 1291 3165 ofﬁcium
1322 3123 1511 3173 suum.
1550 3106 1828 3177 detergere
1873 3106 2045 3174 inqui-
2070 3101 2116 3170 C
2149 3112 2316 3167 sionis
2354 3113 2702 3179 attollebant,
2749 3114 3167 3183 reformationis,
3202 3116 3544 3188 potiusqnam
3574 3117 3753 3172 defor-

465 3216 644 3260 natam
678 3203 864 3259 faciem
908 3202 1161 3257 Ecclesiae
1206 3218 1218 3255 :
1252 3209 1310 3255 ut
1340 3201 1495 3269 cujus
1526 3199 1698 3255 fmdus
1724 3197 1959 3269 Squalor,
1995 3206 2050 3253 et

469 3293 688 3350 horrida
732 3293 1079 3359 deformitas,
1119 3303 1428 3361 mutumque
1476 3291 1703 3347 cadaver
1728 3292 1925 3345 multos
1956 3305 2049 3360 po-

468 3386 623 3457 pulos
649 3385 1002 3451 abalienavit,
1032 3398 1167 3455 quos
1198 3392 1254 3438 tu
1282 3383 1518 3437 suaviter
1543 3381 1871 3437 cantillando
1899 3379 2052 3436 facile

470 3478 522 3535 in
556 3487 672 3534 tuas
693 3488 876 3551 partes
894 3478 1260 3549 pertraheres;
1316 3476 1433 3547 ejus
1463 3475 1632 3530 forma
1664 3475 1810 3545 prior
1838 3473 2053 3528 melior-

469 3587 605 3644 que,
638 3570 800 3639 nitor,
826 3570 1007 3637 decor,
1049 3585 1154 3626 vox
1176 3578 1231 3627 et
1261 3569 1435 3624 oratio
1460 3610 1475 3636 ,
1506 3582 1600 3622 cos
1624 3566 1690 3622 ad
1721 3581 1778 3621 se
1829 3580 2051 3622 revoca-

468 3675 587 3734 ret,
616 3666 852 3739 atquein
880 3666 1086 3723 unitate
1129 3664 1406 3720 retineret.
1458 3661 1529 3718 Ut
1574 3661 1640 3717 ad
1679 3662 1933 3731 Optatum
1961 3674 2047 3716 rc-

418 3792 423 3795 ι
468 3767 648 3815 vertar
668 3801 683 3827 ,
710 3769 997 3833 supersunt
1021 3759 1140 3816 duae
1167 3759 1527 3831 quaestiones,
1568 3773 1689 3828 qua:
1735 3765 1877 3811 tuam
1907 3756 2058 3811 solu—

472 3858 670 3913 tionem
713 3855 1012 3926 requirunt.
1042 3854 1311 3921 Quazritur
1346 3852 1473 3924 quid
1517 3852 1719 3907 sentias
1770 3851 1838 3906 de
1878 3848 2054 3904 schis-

472 3959 616 4003 mate
640 3947 1039 4001 Donatistarum
1065 3985 1080 4011 ,
1126 3945 1301 4015 deque
1339 3959 1526 3998 eorum
1555 3944 1690 3998 actis
1714 3984 1729 4007 ,
1780 3957 1899 4012 qua:
1928 3940 2054 4011 qui-

471 4038 593 4094 dem
623 4038 874 4093 dixerunt
897 4052 1017 4093 esse
1037 4035 1303 4106 religiosa:
1350 4044 1405 4091 et
1449 4034 1838 4091 Ecclesiasticae
1886 4033 2058 4088 refor-

476 4129 745 4186 mationis.
774 4128 853 4183 Ne
880 4138 1057 4182 autem
1083 4127 1287 4197 privata
1312 4142 1469 4182 causa
1509 4139 1595 4183 tua
1643 4136 1803 4198 atquc
1844 4126 2060 4182 affectio

477 4220 731 4292 impediat
759 4220 1040 4287 ingenuam
1071 4217 1463 4274 confessionem
1488 4261 1504 4288 ,
1536 4235 1788 4289 rogamus
1826 4230 1881 4273 ut
1936 4233 2057 4273 cum

478 4314 546 4371 de
574 4314 638 4369 iis
668 4309 1102 4381 respondendum
1130 4309 1222 4363 tibi
1250 4311 1380 4373 erit.
1412 4311 1485 4365 tui
1536 4312 1809 4381 paulisper
1835 4309 2058 4365 oblivis-

478 4408 646 4474 caris;
681 4421 855 4477 neque
892 4406 961 4460 de
987 4412 1042 4460 te
1083 4404 1169 4474 agi
1205 4403 1430 4473 cogites.
1477 4405 1625 4469 Scis,
1672 4406 1848 4476 qualis
1899 4404 2062 4460 fuerit

2154 3204 2352 3260 mitatis
2381 3214 2434 3261 et
2462 3206 2795 3263 confusionis
2814 3249 2828 3275 ,
2858 3208 3203 3264 fundamenta
3231 3208 3506 3279 jaciebant
3530 3210 3559 3264 ἲ
3614 3209 3751 3278 Quid

2154 3311 2282 3351 vero
2324 3295 2496 3362 dices,
2530 3311 2623 3350 eos
2651 3297 2955 3352 admirabili
2999 3299 3231 3368 quodam
3276 3299 3444 3355 frmno
3492 3298 3755 3356 divinitus

2154 3405 2273 3445 esse
2295 3398 2557 3456 retentos,
2586 3397 2643 3443 ut
2663 3403 2783 3443 cum
2821 3389 2950 3443 nihil
2983 3390 3181 3461 alioqui
3209 3392 3496 3461 auderent,
3526 3402 3591 3449 et
3632 3393 3754 3448 odio

2153 3481 2557 3537 Catholicorum
2587 3480 2797 3552 quidvis
2817 3482 3077 3547 facerent,
3102 3490 3280 3537 tamen
3312 3499 3487 3555 neque
3504 3500 3757 3539 ceremo-

2158 3578 2275 3632 nias
2304 3591 2476 3647 neque
2503 3574 2760 3631 formulas
2807 3574 2860 3631 in
2903 3573 3144 3629 Ecclesia
3172 3584 3442 3645 receptas,
3486 3577 3758 3633 auderent

2160 3669 2323 3743 (quod
2355 3670 2579 3740 Optatus
2624 3668 2829 3739 narrat)
2874 3678 3083 3723 mutare
3114 3685 3126 3721 :
3169 3670 3382 3723 tametsi
3419 3682 3513 3724 eas
3538 3684 3759 3740 quoque

2156 3761 2499 3819 adversarias
2527 3760 2727 3817 habere
2758 3777 2818 3817 sc
2846 3760 3153 3818 sentirent?
3181 3776 3251 3816 an
3283 3776 3427 3817 nunc
3452 3762 3759 3833 religiosior

2158 3865 2241 3912 est
2284 3854 2532 3919 audacia,
2576 3870 2697 3927 quae
2728 3854 2902 3926 major
2954 3855 3071 3911 est?
3123 3871 3189 3909 an
3234 3864 3313 3911 est
3352 3855 3610 3920 astutior,
3644 3871 3759 3926 qum

2159 3949 2304 4005 delet
2342 3949 2562 4004 omnia“!
2607 3949 2918 4016 Donatistae,
2956 3963 3078 4004 cum
3127 3949 3378 4020 exemplo
3426 3948 3762 4004 Novatianov

2160 4056 2300 4107 rum,
2343 4036 2561 4095 Cathari
2590 4038 2762 4094 videri
2805 4040 3024 4103 vellent,
3071 4054 3208 4110 aqua
3238 4039 3403 4095 etiam
3435 4038 3759 4108 expirabant,

2162 4132 2419 4203 quidquid
2478 4131 2593 4193 illi,
2647 4146 2677 4185 a
2727 4130 2923 4202 quibus
2965 4130 3315 4194 defecerant,
3370 4131 3761 4199 contigerant,

2163 4228 2288 4299 quia
2319 4226 2581 4297 pollutum
2625 4240 2746 4280 esse
2772 4224 3097 4280 clamabant.
3144 4223 3227 4279 An
3268 4223 3389 4279 haec
3428 4224 3593 4278 valde
3627 4239 3760 4293 pura

2164 4319 2472 4391 repurgatio
2527 4317 2666 4371 fuit?
2717 4315 2931 4372 Scimus
2976 4325 3033 4370 et
3088 4316 3480 4385 posterioribus
3540 4316 3764 4369 S'JL‘CUHS

2164 4413 2383 4469 Graecos
2413 4414 2464 4467 in
2503 4411 2794 4467 schismate
2839 4425 2945 4466 non
2990 4410 3169 4465 minus
3210 4417 3460 4477 proterve
3485 4415 3540 4463 et
3566 4420 3766 4464 contu-

480 4510 651 4559 status
701 4496 987 4561 Ecclesiae,
1053 4504 1296 4565 tempore
1360 4496 1537 4565 Optati
1614 4497 1697 4551 vel
1754 4498 2056 4568 Augustini.
2089 4496 2142 4556 D
2168 4504 2391 4560 meliose
2430 4504 2603 4573 egisse
2625 4518 2746 4559 cum
2779 4502 3003 4557 Latinis.
3034 4501 3141 4558 Sed
3172 4515 3293 4557 cum
3322 4500 3458 4555 tales
3498 4514 3765 4556 exsecra-

480 4595 672 4662 Quzero
698 4633 713 4658 ,
743 4607 812 4647 an
858 4588 1003 4646 nulla
1047 4589 1193 4658 justa
1222 4588 1433 4643 ratione
1483 4590 1788 4644 Donatistas
1834 4591 1901 4645 ab
1946 4590 2062 4659 ejus

481 4685 738 4744 Ecclesia:
784 4679 1161 4739 communione
1188 4680 1484 4735 descivisse
1516 4682 1706 4750 putes?
1734 4682 1909 4737 Credo
1931 4724 1944 4747 ,
1975 4683 2059 4737 di-

483 4791 595 4840 ces,
625 4775 792 4831 nulla.
844 4772 1006 4843 Atqui
1049 4786 1168 4842 qua:
1210 4770 1543 4841 potissimum
1573 4785 1716 4825 nunc
1746 4785 1967 4825 accusas
2013 4784 2067 4826 et

485 4868 622 4940 fugis
648 4879 705 4926 et
730 4867 938 4932 aboles,
961 4868 1067 4936 iam
1097 4875 1206 4919 tum
1238 4864 1591 4917 invaluerant.
1620 4862 1736 4917 Non
1762 4874 2061 4932 exspectas,

485 4973 545 5019 ut
569 4964 775 5035 singula
806 4974 1138 5018 enumerem.
1170 4958 1335 5025 Nam;
1370 4956 1414 5010 si
1459 4955 1558 5023 vis,
1613 4955 1922 5010 meministi.
1954 4954 2069 5010 Non

487 5057 723 5115 debuere
774 5053 1066 5111 Donatistzn
1105 5051 1267 5106 alium
1314 5049 1416 5104 sibi
1478 5048 1696 5118 suisque
1744 5048 2065 5118 baptismum

491 5150 738 5221 privatim
768 5148 1071 5203 instituere.
1103 5144 1222 5199 Jam
1264 5159 1373 5197 non
1411 5142 1600 5212 loquor
1627 5140 1693 5197 de
1724 5157 1909 5196 eorum
1943 5155 2071 5195 ana-

493 5245 780 5315 baptismo.
827 5240 1020 5309 Quaero
1062 5254 1129 5292 an
1163 5251 1284 5293 cum
1314 5236 1544 5307 primum
1580 5222 1809 5305 aliquem
1842 5233 1922 5287 sui
1952 5248 2074 5303 gre-

491 5337 602 5408 gis,
652 5335 742 5407 qui
788 5332 1021 5389 nondum
1065 5329 1364 5399 baptizatus
1412 5327 1613 5392 fuerat,
1670 5328 1936 5398 tingerent
1978 5339 2077 5378 suo

495 5445 643 5484 more
683 5427 1020 5498 p0tiusquam
1075 5433 1382 5493 paterentur
1427 5422 1480 5476 in
1529 5420 1767 5476 Ecclesia
1805 5418 2076 5474 Catholica

496 5518 790 5589 baptizari,
821 5529 970 5576 recte
1013 5514 1287 5571 facerent?
1323 5512 1507 5579 credo,
1550 5513 1768 5582 negabis
1818 5520 1965 5567 recte
2003 5510 2079 5565 fe-

500 5610 657 5664 cisse.
689 5611 844 5680 Atqui
876 5626 939 5666 ex
970 5609 1086 5681 ipso
1115 5622 1327 5677 quoque
1368 5606 1562 5675 Optato
1601 5605 1776 5659 disces
1801 5604 1910 5673 jam
1964 5611 2076 5657 tum

507 5701 559 5754 in
590 5701 827 5757 Ecclesia
862 5704 948 5757 illa
976 5700 1248 5757 Catholica
1287 5706 1343 5755 ct
1366 5696 1723 5753 cxorcismuln
1765 5704 1820 5751 et
1845 5693 2075 5749 chrisma

2171 4596 2363 4662 tiones,
2392 4613 2510 4667 quae
2540 4611 2607 4651 ex
2646 4596 2892 4652 odiorum
2941 4593 3192 4651 incendio
3238 4602 3559 4663 erumpunt,
3598 4593 3767 4647 hodie

2171 4703 2380 4759 quoque
2427 4682 2601 4755 audis,
2648 4689 2838 4760 ecquid
2882 4689 3148 4759 religiosae
3201 4686 3294 4744 tibi
3325 4685 3619 4741 videntur?
3647 4689 3767 4756 Age

2170 4796 2301 4835 vero
2333 4800 2347 4836 :
2374 4797 2496 4836 cum
2525 4783 2674 4837 brevi
2708 4794 2947 4851 tempore
2970 4783 3206 4839 Africam
3230 4796 3398 4854 prope
3429 4791 3616 4845 tatam,
3651 4794 3768 4833 non

2175 4871 2337 4925 modo
2383 4887 2491 4926 non
2540 4872 2953 4942 adjuvantibus,
3001 4875 3093 4930 sed
3139 4876 3314 4946 potius
3340 4873 3770 4942 reclamantibus

2173 4960 2529 5031 principibus,
2559 4963 2610 5015 in
2638 4978 2762 5018 suas
2789 4974 2967 5033 partes
2998 4967 3237 5027 Donatus
3259 4966 3535 5038 pertraxit,
3563 4974 3623 5019 ut
3646 4964 3765 5033 jam

2177 5052 2359 5120 plures
2408 5053 2461 5106 in
2516 5068 2579 5108 ea
2621 5069 2791 5124 prope
2833 5069 3244 5115 numerarentur
3290 5058 3519 5130 episcopi
3576 5057 3767 5112 Danao

2178 5142 2315 5196 tistae
2364 5156 2522 5212 quam
2551 5141 2809 5199 Catholici
2840 5161 2855 5211 ;
2903 5161 2971 5201 an
3021 5148 3110 5202 tali
3142 5164 3395 5206 successu
3447 5156 3501 5204 et
3528 5147 3763 5202 victoria

2181 5236 2388 5305 elatus,
2446 5248 2498 5293 et
2540 5239 2710 5309 gloria
2758 5240 3002 5312 fastuque
3046 5230 3317 5316 tamquam
3359 5242 3627 5299 fermento
3672 5243 3761 5295 in-

2182 5330 2361 5397 ﬂatus,
2387 5332 2579 5388 cristas
2606 5345 2890 5405 propterea
2919 5338 3167 5394 attollere
3192 5338 3400 5404 debuit,
3422 5336 3612 5407 quales
3635 5352 3760 5391 eum

2180 5422 2464 5480 sustulisse
2487 5433 2671 5481 narrat
2694 5425 2918 5496 Optatus
2945 5412 3080 5483 libro
3111 5430 3305 5485 tertio?
3330 5428 3501 5484 Minus
3527 5426 3760 5483 fortasse

2182 5513 2235 5569 id
2278 5513 2476 5571 factum
2506 5530 2626 5573 esse
2650 5518 2976 5585 .miraberis,
3006 5520 3097 5590 qui
3132 5535 3242 5574 non
3266 5520 3480 5590 ignoras
3505 5518 3665 5589 quale
3692 5519 3762 5571 sit

2180 5604 2427 5661 humana:
2452 5608 2718 5678 superbire
2744 5609 3035 5681 ingenium,
3065 5621 3404 5681 quantusque
3430 5621 3630 5665 tumor.
3654 5607 3757 5664 Sed

2182 5699 2313 5754 nihil
2351 5703 2516 5772 magis
2546 5712 2722 5760 tanton
2755 5705 2852 5761 abs
2880 5704 3140 5774 religione
3184 5706 3423 5762 alienum
3453 5714 3512 5762 et
3544 5718 3673 5762 esse
3705 5709 3761 5758 ct
