3828 6218
169 255 310 315 11ἑο

1242 252 1335 308 All
1372 251 1634 308 ΡιιιΜΑιι
1673 251 2046 308 EDITIONEM
2082 250 2354 310 Ol’TATi.

3326 260 3468 318 i150

168 374 361 439 videri,
408 376 564 447 123
610 371 921 427 meminisse
950 368 1383 439 quoque,debes.
1407 366 1545 433 Quid
1576 367 1750 421 dicam
1784 368 1994 432 Aciuia
2050 369 2143 422 tibi
2197 369 2465 439 relinquo.
2513 367 2754 425 Verbum
2798 376 2980 423 autem
3038 385 3202 425 unum
3245 371 3314 427 de
3357 376 3465 429 Do-

126 484 127 487 η
168 466 438 522 Donatum
458 468 605 522 illum
617 462 1142 533 Pseudoepisccpum
1154 458 1655 529 Carthaginiensem,
1674 473 1766 512 ne-

166 560 426 618 bulonem
447 576 479 616 e
509 574 667 616 coeno
700 551 992 623 emersum,
1027 565 1249 626 repente
1278 553 1477 608 factum
1506 565 1627 606 esse
1655 566 1763 605 non

104 650 117 659 ’
165 653 335 709 modo
358 652 622 722 Regulum
650 650 905 719 aliquem,
939 646 1030 716 qui
1058 645 1282 701 auderet
1303 642 1444 712 quod
1473 656 1765 710 numquam

165 744 404 802 Annibal
431 744 514 798 vel
544 740 815 802 Asdrubal
843 739 952 795 illic
972 747 1056 796 est
1074 752 1261 803 ausus,
1288 734 1385 792 sed
1402 744 1457 791 et
1479 743 1767 807 tyrannum

166 837 686 902 insolentissimum,
710 835 799 905 qui
829 834 988 888 etiam
1020 847 1127 888 non
1166 830 1438 886 dubitaret
1468 828 1771 882 Romanum

166 929 557 1000 Imperatorem
612 926 1002 983 contumeliose
1042 921 1429 980 contemnere?
1481 920 1595 977 lmo
1639 934 1771 973 vero

165 1022 323 1077 visus
347 1030 430 1076 est
445 1020 548 1075 sibi
571 1028 838 1089 tamquam
866 1017 1024 1071 Deus.
1040 1015 1173 1071 Nam
1201 1015 1311 1070 tale
1332 1013 1540 1068 idolum
1569 1010 1776 1067 descri-

167 1113 254 1169 bit
278 1127 491 1184 quoque
512 1110 760 1181 Optatus,
795 1108 938 1180 quod
976 1109 1065 1163 illa
1100 1107 1280 1173 natio,
1311 1107 1459 1161 vafra
1489 1104 1689 1175 alioqui
1720 1113 1775 1158 et

165 1212 367 1269 acuta,
398 1204 559 1257 bruto
603 1201 836 1272 quodam
877 1212 1098 1270 stupore
1138 1198 1418 1255 adorabat.
1463 1196 1563 1252 Hic
1606 1194 1774 1250 multa

167 1305 302 1352 sunt
321 1337 335 1358 ,
368 1311 487 1365 (ιιι-υ
516 1302 568 1349 te
589 1302 644 1349 ct
670 1292 805 1348 alios
824 1307 1035 1346 mecum
1056 1292 1347 1347 observare
1372 1288 1555 1344 velim.
1580 1285 1688 1342 Sed
1715 1284 1777 1338 il-

168 1388 270 1443 lud
303 1385 568 1467 imprimis
597 1402 610 1439 :
643 1384 817 1456 qualis
862 1394 916 1439 et
966 1388 1165 1453 quanta
1193 1382 1264 1436 sit
1294 1382 1502 1434 vanitas
1542 1377 1779 1432 hominis

167 1479 413 1543 ventosi,
435 1493 581 1535 caeca
602 1478 684 1533 sui
716 1476 1078 1532 admiratione
1104 1474 1240 1531 ebrii
1271 1482 1433 1544 atque
1462 1471 1777 1535 temulenti,

167 1572 267 1643 qui
283 1580 462 1626 tamen
482 1568 782 1639 Religionis
796 1577 848 1621 et
859 1566 1117 1620 Ecclesia:
1143 1565 1474 1619 instaurator
1489 1562 1594 1617 dici
1622 1570 1781 1630 atque

166 1662 349 1721 videri
371 1662 612 1718 volebat.
634 1658 752 1714 Non
786 1668 989 1713 temere
1010 1664 1115 1723 est,
1143 1654 1288 1727 quod
1315 1654 1589 1721 desidero,
1617 1663 1669 1708 te
1696 1654 1781 1705 in-

1869 459 2079 512 natistis
2107 459 2322 525 addam,
2367 461 2523 529 cujus
2553 464 2817 515 etiam‘te
2863 461 3177 517 meminisse
3204 462 3467 519 interest:

1869 565 2011 613 eam,
2044 553 2289 623 inquam,
2321 542 2539 608 illorum
2574 553 2742 608 fuisse
2779 552 3193 623 impudentiam,
3233 565 3289 609 ut
3324 560 3471 627 quod

1870 643 2166 699 crudeliter
2210 644 2500 712 faciebant,
2560 644 2778 717 indigne
2836 645 2945 713 pati
2994 662 3054 702 se
3108 648 3468 706 clamitarent.

1870 732 2068 803 Credo,
2121 737 2333 795 ludibrii
2382 753 2568 806 causa,
2617 739 2721 794 hoc
2764 753 2860 795 eos
2912 739 3199 810 adjecisse,
3248 744 3336 815 qui
3383 761 3475 799 cu-

1875 827 2050 882 mulus
2073 837 2155 882 est
2179 831 2388 886 acerba:
2417 832 2805 887 insultationis.
2830 831 2992 887 Certe
3015 840 3071 887 et
3096 833 3272 904 legum
3301 878 3314 900 ,
3363 839 3475 907 qui-

1874 915 1977 970 bus
2018 920 2449 988 castigabantur,
2484 923 2788 991 lenitatem,
2830 932 2887 977 et
2924 934 3232 979 nostratem
3264 929 3477 982 antisti-

1877 1017 2011 1071 tum,
2044 1014 2135 1081 qui
2177 1012 2558 1083 deprecatores
2608 1018 2948 1087 potiusquam
2992 1029 3335 1077 accusatores
3382 1038 3476 1077 eo-

1878 1117 1998 1155 rum
2040 1095 2215 1166 erant,
2249 1108 2712 1163 mansuetudinem
2758 1109 3094 1175 irridebant,
3147 1128 3270 1165 cum
3298 1114 3381 1168 vel
3408 1116 3478 1169 de

1879 1194 2127 1263 illarum,
2161 1196 2244 1250 vel
2286 1197 2355 1252 de
2398 1197 2588 1253 borum
2637 1202 2841 1256 savitia
2876 1203 3293 1271 quiritabantur.
3337 1206 3473 1273 Quia

1879 1298 2060 1343 autem
2092 1302 2268 1358 neque
2294 1288 2440 1359 leges
2471 1300 2699 1354 nostrae.
2752 1309 2925 1364 neque
2952 1294 3131 1365 Optati
3163 1296 3481 1366 Augustini-

1884 1394 1989 1448 que
2016 1392 2275 1449 responsa
2306 1380 2399 1434 tibi
2443 1380 2818 1449 satisfaciunt,
2850 1385 2938 1455 qui
2974 1402 3070 1455 pro
3119 1398 3210 1441 tuo
3249 1388 3480 1458 imperio

1881 1479 2069 1545 contra
2095 1471 2350 1535 edixisti,
2397 1471 2686 1528 haereticos
2735 1474 2893 1546 (quos
2938 1478 3156 1547 quidem
3203 1478 3481 1539 hatreseos

1883 1563 2194 1635 damnabis)
2237 1564 2457 1635 capitali
2500 1565 2769 1636 supplicio
2813 1566 3131 1634 afﬁciendos
3177 1587 3298 1627 esse
3348 1576 3483 1631 :hic

1885 1654 2035 1711 locus
2069 1658 2399 1726 postularet,
2431 1667 2488 1712 ut
2538 1659 2607 1713 de
2655 1658 2891 1729 legitima
2938 1677 3124 1717 eorum
3158 1667 3487 1725 coercitione

168 1757 314 1813 tu'eri
344 1755 395 1811 in
440 1754 581 1810 hanc
608 1751 842 1822 effigiem
875 1750 1123 1804 humana:
1158 1763 1265 1803 non
1296 1746 1647 1810 infirmitatis,
1676 1743 1771 1800 sed
1804 1748 1853 1808 B
1880 1749 2123 1819 pluribus
2151 1748 2329 1805 tecum
2374 1765 2612 1820 agerem.
2645 1750 2752 1805 Sed
2797 1752 2921 1822 quia
2960 1752 3071 1822 jam
3120 1753 3349 1813 fortasse
3392 1759 3486 1814 tibi

169 1849 425 1905 insaniae.
455 1845 564 1903 Sed
594 1846 701 1901 erit
730 1845 862 1899 satis
885 1852 991 1897 uno
1021 1857 1141 1896 eam
1164 1839 1350 1908 verbo,
1383 1848 1656 1908 tamquam
1689 1837 1776 1891 di-

169 1942 314 2015 gito,
357 1939 644 1995 indicasse.
674 1937 935 1993 Audierat
982 1934 1073 1990 ille
1114 1933 1314 1988 stultos
1361 1930 1648 1999 Principes
1684 1944 1780 1983 vo-

172 2034 351 2090 luisse
375 2030 755 2102 jusjurandum
786 2027 994 2097 concipi
1029 2041 1125 2096 per
1155 2039 1310 2079 suum
1343 2023 1561 2094 genium
1608 2031 1772 2091 atque

172 2124 544 2196 maiestatem.
579 2123 729 2199 lianc
751 2133 966 2191 quoque
986 2116 1288 2173 divinitatis
1312 2115 1549 2187 speciem
1571 2114 1673 2168 sibi
1692 2128 1783 2167 ar-

172 2215 414 2287 rogavit,
449 2229 571 2270 cum
600 2228 697 2283 per
726 2227 882 2266 suum
911 2225 1106 2265 nomen
1130 2250 1145 2276 ,
1193 2208 1349 2278 quasi
1382 2221 1580 2261 numen
1611 2204 1783 2275 quod-

172 2307 327 2371 dam,
362 2322 469 2361 non
500 2305 671 2360 noluit
692 2294 1210 2372 suosjurarezquod
1237 2309 1292 2354 et
1317 2297 1509 2353 eodem
1540 2307 1783 2366 tempore

174 2401 232 2457 in
250 2399 430 2457 Gallia
459 2398 833 2454 Priscillianus
863 2396 1124 2465 impurior
1153 2394 1512 2449 literesiarclta
1544 2390 1781 2446 volebat.

174 2493 321 2561 Quid
355 2508 462 2547 non
497 2491 598 2546 sibi
640 2497 897 2561 arrogant
937 2485 1279 2557 impudentes
1316 2483 1648 2561 hypocritae,
1691 2482 1785 2551 qui

174 2593 395 2641 tantum
427 2584 528 2639 sibi
576 2557 835 2637 sumunt?
863 2578 994 2644 Sed,
1025 2577 1276 2642 obsecro,
1321 2590 1390 2651 an
1423 2557 1786 2630 tninus‘hodie

176 2677 560 2742 insolescunt,
606 2675 697 2745 qui
742 2686 935 2729 omnes
960 2671 1014 2725 in
1040 2686 1137 2726 sua
1165 2669 1327 2725 verba
1348 2669 1535 2737 jurare
1565 2664 1790 2722 volunt?

176 2773 328 2830 Nihil
376 2785 517 2827 nunc
540 2769 717 2825 dicam
764 2766 829 2822 de
874 2765 1273 2821 Donatistarum
1324 2761 1598 2833 martyriis
1627 2766 1789 2829 atque

177 2865 483 2923 miraculis.
517 2862 612 2918 llla
646 2860 875 2932 probant
901 2858 1068 2913 fuisse
1098 2856 1362 2911 fanaticos
1392 2854 1636 2909 homines
1655 2893 1670 2919 ,
1698 2851 1787 2921 qui

182 2972 333 3014 caeca
366 2954 631 3025 vertigine
670 2948 864 3025 raptari
911 2964 1032 3005 sese
1059 2947 1281 3003 dabant-
1306 2945 1635 3017 praecipites,
1661 2942 1795 2998 sibi~

181 3064 292 3119 que
352 3056 582 3102 mortem
624 3036 1027 3108 conciscebant,
1080 3037 1311 3118 quadam
1356 3037 1439 3110 (ut
1469 3044 1657 3091 noster
1702 3032 1794 3089 Ul-

181 3136 383 3212 pianus
410 3136 511 3210 ait)
531 3136 850 3207 jactatione.
883 3128 1141 3188 Miracula
1170 3122 1320 3194 vero,
1352 3144 1472 3198 qua:
1489 3125 1789 3198 jactabant,
1822 3133 1865 3194 ρ

181 3232 317 3306 quid
342 3229 486 3286 aliud
510 3227 907 3299 significabant,
937 3239 1097 3296 quam
1126 3221 1549 3293 praestigiatores
1578 3230 1795 3288 quoque

182 3335 244 3382 et
272 3325 601 3393 impostores
648 3332 873 3390 magnos
905 3316 1101 3379 fuisse,
1134 3328 1270 3385 quos
1310 3322 1365 3367 et
1410 3307 1797 3365 mirabiliarios

184 3418 429 3491 quodam
461 3416 581 3470 loco
602 3422 757 3469 vocat
784 3410 1144 3481 Augustinus,
1164 3406 1256 3462 ubi
1281 3419 1377 3460 eos
1403 3403 1607 3460 indicat
1634 3402 1796 3457 etiam

180 3514 449 3586 iactasse.
485 3507 694 3563 Donato
720 3504 895 3561 oranti
924 3503 1093 3557 Deum
1129 3498 1199 3555 de
1239 3497 1380 3554 cmlo
1426 3493 1794 3566 respondisse.

185 3584 325 3672 Sed,
356 3604 617 3667 obsecro,
652 3613 834 3654 nonne
864 3604 918 3651 te
946 3608 1160 3664 quoque
1186 3605 1329 3646 nunc
1367 3589 1592 3645 miseret
1636 3584 1798 3641 fasci-

186 3707 339 3754 nata:
385 3692 771 3760 multitudinis,
803 3690 887 3745 cui
919 3684 1198 3743 illuditur?
1228 3682 1370 3753 Quid
1418 3689 1692 3752 postremo
1721 3679 1802 3733 Iu-

188 3804 333 3862 quar
361 3786 430 3844 de
458 3785 858 3841 Donatistarum
886 3764 1208 3843 latrociniis,
1232 3773 1552 3843 sacrilegiis,
1578 3768 1802 3842 parrici~

188 3884 340 3941 diis?
371 3882 499 3950 llaec
550 3876 1049 3955 circumcellionum
1099 3882 1217 3927 acta
1262 3866 1514 3923 immania
1557 3863 1802 3934 plerique

188 3979 363 4033 etiam
394 3972 689 4031 Donatista:
720 3970 980 4026 damnare
1004 3980 1065 4021 se
1090 3963 1365 4025 dicebant,
1394 3960 1589 4030 quibus
1612 3964 1795 4011 tamen

191 4068 508 4126 utebantur.
538 4063 677 4134 Quid
709 4076 852 4118 nunc
869 4060 983 4125 fiat,
1012 4074 1119 4113 non
1149 4057 1369 4128 ignoras
1402 4070 1415 4107 :
1455 4068 1557 4123 ego
1583 4049 1805 4106 honoris

191 4164 273 4219 tui
298 4176 462 4237 causa
482 4168 654 4214 taceo.
670 4156 803 4213 Nam
822 4168 998 4225 neque
1017 4150 1266 4208 fortassis
1287 4149 1368 4204 fas
1396 4157 1539 4202 esset
1556 4143 1803 4201 omniain

191 4256 440 4312 medium
466 4250 728 4323 proferre,
746 4264 867 4321 qua:
895 4262 1085 4304 novatn
1101 4253 1153 4302 et
1172 4242 1474 4299 mirabilem
1490 4239 1649 4295 unius
1680 4237 1805 4291 anni

192 4350 399 4405 darent
430 4342 730 4400 historiam.
755 4340 947 4396 Vetera
989 4353 1131 4394 nunc
1172 4346 1378 4391 tantum
1404 4334 1670 4403 legantur.
1703 4328 1807 4384 Le-

192 4455 388 4513 geram
415 4439 579 4493 multa
618 4435 686 4491 de
720 4432 1030 4491 Judteorum
1058 4430 1247 4485 zelotis
1274 4421 1802 4495 Hierosolymitanis.

1883 1842 2204 1899 satisfecerit
2230 1844 2401 1898 altera
2425 1844 2490 1899 ad
2523 1852 2576 1899 te
2604 1859 2720 1899 mea
2753 1845 3067 1915 responsio,
3098 1863 3219 1919 qua:
3246 1863 3308 1903 ea
3339 1849 3407 1905 de
3433 1867 3493 1906 re

1885 1943 1940 1989 te
1969 1934 2279 2001 admonuit,
2326 1950 2432 1989 non
2483 1950 2579 1991 ero
2628 1948 2778 1991 nunc
2810 1937 3015 1992 diutius
3062 1940 3156 1996 tibi
3207 1941 3489 1999 ntolestus.

1886 2025 2095 2092 Interea
2116 2029 2140 2091 ,'
2158 2026 2203 2081 si
2232 2026 2314 2081 vir
2344 2028 2518 2083 bonus
2541 2042 2631 2094 es,
2665 2030 2890 2083 moleste
2935 2046 3041 2084 non
3088 2030 3230 2086 feres
3252 2075 3265 2097 ,
3318 2034 3491 2089 homi-

1864 2119 2013 2175 ‘nem
2041 2118 2311 2189 quondam
2339 2119 2437 2174 tibi
2468 2119 2787 2173 familiarem
2840 2122 3007 2175 libere
3054 2132 3121 2175 et
3157 2122 3492 2180 familiariter

1892 2220 2069 2268 tecum
2100 2227 2283 2282 agere.
2314 2210 2468 2266 Facit
2510 2209 2612 2266 hoc
2661 2213 2757 2266 abs
2788 2222 2843 2266 te
2876 2224 3198 2281 provocatus
3247 2234 3261 2270 :
3322 2233 3495 2286 neque

1891 2315 2107 2371 tamen,
2134 2315 2190 2358 ttt
2220 2305 2360 2371 scis,
2391 2320 2608 2362 causam
2641 2307 2749 2372 agit
2792 2322 2966 2361 snam.
3009 2307 3149 2374 Quid
3194 2311 3336 2364 enim
3382 2312 3497 2379 ejus

1891 2397 2139 2467 privatim
2174 2397 2428 2462 interest,
2455 2407 2510 2453 et
2540 2398 2584 2451 si
2623 2408 2837 2453 evertas
2867 2399 3127 2470 quidquid
3170 2405 3496 2474 oppugnas?

1892 2493 2037 2563 Ergo
2068 2500 2216 2546 tanto
2235 2491 2408 2561 magis
2433 2506 2695 2561 agnosces
2717 2507 2839 2546 eum
2869 2492 3162 2548 liberaliter
3186 2504 3241 2550 et
3265 2495 3496 2566 ingenue

1890 2601 2071 2656 agere.
2103 2585 2211 2643 Sed
2242 2601 2417 2656 neque
2436 2627 2450 2652 ,
2478 2586 2604 2656 quia
2630 2585 3058 2643 Juriseonsultus
3081 2587 3190 2654 sit,
3217 2600 3273 2645 et
3293 2591 3494 2656 studia,

1892 2694 2014 2749 qua:
2072 2688 2306 2742 tractas,
2360 2678 2558 2750 alioqui
2613 2688 2843 2735 tractare
2894 2696 3002 2735 non
3052 2681 3256 2749 soleat,
3308 2683 3498 2752 iniquo
3555 2733 3558 2736 .

1894 2774 2077 2826 animo
2105 2772 2278 2838 feres,
2312 2787 2433 2827 eum
2466 2781 2645 2827 tamen
2692 2787 2798 2826 non
2831 2788 2952 2827 esse
2997 2772 3360 2831 alientnnabs
3408 2791 3498 2830 sa-

1894 2863 2003 2918 cris
2032 2872 2087 2920 et
2116 2864 2509 2919 Ecclesiasticis
2558 2863 2782 2929 litteris;
2825 2846 2936 2919 imo
2982 2879 3113 2920 vero
3140 2880 3263 2922 esse
3291 2868 3499 2922 studio.

1896 2971 2017 3011 sum
2058 2956 2338 3026 utriusque
2357 2957 2518 3027 juris.
2533 2985 2540 2993 -
2558 2956 2707 3012 Vale.

2256 3090 2619 3148 FRANCISCI
2662 3091 2991 3149 BALDUiNl
3028 3052 3163 3149 ια(

2326 3221 2608 3261 ΡΚΒΡΔΤΙΟ
2660 3222 2730 3260 Δί)
2769 3220 3076 3263 LECTOREI.

1910 3388 1913 3395 _
2208 3319 2441 3391 Prwﬁm
2468 3320 2708 3375 secunda:
2737 3320 2969 3374 Editioni
3001 3321 3199 3391 Optati.

1971 3413 2353 3470 Ad-llistorize
2400 3411 2670 3468 Africanae
2722 3412 3006 3467 historiam
3046 3423 3286 3471 veterem
3335 3421 3500 3487 perti-

1904 3515 2036 3568 nent
2080 3504 2258 3577 Optati
2313 3504 2606 3562 Milevitani
2656 3514 2707 3560 et
2761 3505 2941 3560 Victor
2995 3506 3270 3564 Uticensis
3310 3511 3498 3567 libelli.

1902 3599 2090 3671 Neque
2114 3613 2248 3669 nega
2260 3612 2391 3652 vero
2423 3597 2474 3651 in
2498 3611 2687 3651 eorum
2716 3596 2951 3650 lectione
2974 3588 3262 3653 tenendam
3290 3616 3506 3671 quoque

1903 3707 2029 3748 esse
2058 3692 2325 3747 universa:
2353 3689 2549 3745 Africae
2592 3687 3000 3759 geograpliiam.
3044 3689 3151 3745 Sed
3201 3700 3259 3745 ut
3299 3708 3365 3746 ex
3418 3695 3506 3750 illa

1903 3784 2022 3855 ejus
2081 3781 2479 3851 descriptione,
2540 3795 2700 3850 quam
2750 3779 2981 3847 Strabo,
3024 3780 3197 3846 Mela,
3253 3783 3498 3853 Plinius,

1903 3875 2233 3930 Ptolomaeus
2274 3874 2403 3928 olim
2452 3872 2674 3928 edidere
2697 3913 2711 3936 ,
2746 3871 2919 3927 fateor
2941 3872 3143 3944 aliquid
3174 3875 3311 3931 lucis
3340 3893 3503 3934 acce-

1904 3966 2036 4023 dere
2065 3964 2217 4021 hisce
2246 3964 2475 4027 libellis,
2504 3964 2584 4019 sic
2609 3979 2675 4019 ex
2710 3963 2795 4018 bis
2824 3964 3063 4019 vicissim
3094 3966 3220 4021 dico
3246 3967 3395 4024 illam
3426 3971 3506 4040 ip-

1905 4073 2021 4114 sam
2049 4056 2274 4128 ejusque
2303 4064 2359 4111 et
2388 4057 2522 4111 fines
2545 4065 2601 4111 et
2627 4056 2793 4111 urbes
2823 4072 3015 4112 rursus
3041 4058 3319 4117 illustrari.
3351 4063 3507 4118 Addo

1907 4151 2073 4207 etiam
2100 4165 2207 4205 non
2239 4149 2402 4206 modo
2433 4149 2609 4220 ipsum
2641 4148 2919 4215 Orosium,
2945 4149 3039 4206 lib.
3073 4167 3121 4217 t,
3152 4166 3273 4221 cap.
3300 4151 3379 4218 ει,
3410 4156 3506 4212 sed

1906 4252 1960 4300 et
1990 4252 2232 4299 nostrum
2257 4252 2530 4313 postremo
2551 4241 2940 4308 Justiuianum,
2966 4242 3018 4297 in
3042 4244 3133 4299 lib.
3156 4261 3174 4299 ι
3198 4225 3254 4299 et
3274 4260 3332 4308 tt.
3354 4244 3415 4301 C.
3441 4248 3513 4304 de

1880 4335 2053 4392 offic.
2087 4334 2248 4391 Praef.
2278 4335 2440 4390 Prtet.
2474 4328 2615 4399 Ain,
2648 4334 2737 4417 ubi
2759 4350 2884 4391 cum
2918 4349 3116 4392 novum
3144 4346 3201 4393 et
3234 4340 3509 4409 proprium

1913 4427 2106 4483 Africae
2132 4426 2384 4499 regendae
2406 4469 2422 4493 ,
2454 4441 2615 4497 quam
2660 4426 2915 4482 Vandalis
2954 4420 3262 4497 eripuerat,
3289 4431 3515 4501 praefec-

196 4511 312 4591 Sed
340 4546 438 4587 eos
465 4512 622 4597 longe
645 4535 969 4595 superarunt
996 4523 1313 4578 Donatianaa
1354 4516 1605 4572 faetionis
1644 4511 1806 4597 ‘satel-
1833 4522 1888 4582 Ῑ)
1916 4529 2024 4574 lum
2054 4518 2308 4590 prmtorio
2332 4517 2520 4584 daret,
2553 4517 2709 4587 cujus
2740 4518 2898 4574 sedes
2942 4529 3090 4576 esset
3138 4522 3192 4576 in
3226 4522 3356 4577 urbe
3384 4522 3513 4579 Car-

198 4626 356 4690 lites,
385 4623 477 4696 qui
505 4595 910 4677 se—Sanctorum
936 4616 1015 4689 (ut
1042 4617 1119 4671 ait
1144 4611 1405 4683 Optatus)
1451 4609 1619 4666 duces
1647 4595 1809 4663 etiam

198 4716 632 4790 appellabant,et
653 4713 979 4766 interea'non
994 4707 1153 4762 modo
1167 4708 1404 4760 omnium
1424 4702 1811 4764 Barbarorum,

199 4808 456 4865 ontnium
484 4806 776 4865 latronum,
808 4802 1121 4857 sicariorum
1142 4840 1155 4865 ,
1197 4800 1488 4869 piratarum
1519 4794 1811 4857 feritatem,

201 4901 303 4957 sed
338 4909 395 4954 et
424 4898 592 4965 ipsius
616 4894 699 4969 (ut
727 4896 802 4947 ait
831 4893 1185 4964 Augustinus)
1213 4890 1436 4954 diaboli,
1463 4891 1550 4958 qui
1582 4885 1816 4942 crudeli-

202 5005 384 5051 tatum
403 4992 643 5047 omnium
665 4989 918 5060 magister
935 4997 1038 5049 est,
1061 4984 1440 5041 truculentiam
1468 4989 1814 5053 superarunt.

201 5086 295 5143 En
328 5098 436 5156 quo
462 5082 639 5137 statim
667 5080 936 5135 Africaine
969 5079 1112 5133 illius
1142 5072 1819 5144 reformationistragtedia

203 5179 408 5234 evasit.
436 5175 655 5232 Utinam
688 5184 868 5228 nostra
902 5182 1031 5227 tetas
1080 5171 1312 5225 similem
1345 5168 1575 5237 epitasiu
1607 5183 1712 5222 non
1745 5168 1823 5219 vi-

206 5272 345 5328 deat
383 5280 476 5324 aut
522 5266 907 5336 catastroplten
948 5281 1061 5321 suae
1087 5264 1302 5320 fabula).
1347 5262 1402 5319 Si
1442 5272 1620 5317 tamen
1662 5260 1822 5314 fatale

209 5363 422 5419 malum
466 5370 571 5427 est,
629 5360 772 5430 quod
819 5358 1131 5429 impendet,
1187 5358 1381 5410 frustra
1435 5368 1817 5423 repugnamus.

210 5458 355 5514 Nam
384 5453 595 5526 etquid
650 5463 978 5517 mereantur,
1036 5449 1126 5520 qui
1175 5449 1376 5503 nullant
1425 5446 1823 5513 correctionem

212 5550 534 5609 admittunt,
589 5544 724 5607 scio,
773 5552 825 5597 et
866 5542 1073 5608 justum
1121 5555 1356 5609 agnosco
1394 5538 1486 5593 Dei
1515 5535 1777 5607 judicium
1809 5576 1823 5599 ,

215 5658 319 5699 eos
354 5640 520 5693 veluti
569 5652 727 5689 manu
768 5643 971 5687 armata
1024 5631 1442 5703 persequentis,
1492 5638 1550 5682 ut
1596 5628 1687 5697 qui
1742 5627 1826 5683 lo-

213 5740 481 5805 quentcm
507 5744 613 5783 tton
648 5726 891 5783 audiunt,
934 5724 1168 5779 sentiant
1197 5724 1499 5782 ferientem.
1531 5720 1638 5779 Sed
1693 5723 1829 5778 vati-

519 5822 798 5885 Ρηιιυι..
852 5817 966 5880 XI.

1916 4612 2251 4683 tltaginensi,
2279 4621 2565 4668 enumerat
2606 4627 2743 4682 quas
2788 4628 2910 4669 esse
2958 4616 3070 4669 vult
3114 4627 3321 4685 septem
3367 4616 3514 4673 illius

1919 4706 2260 4776 provincias,
2295 4715 2349 4760 et
2376 4705 2709 4777 singularum
2740 4706 2905 4774 veluti
2937 4710 3283 4778 metropoles.

1994 4800 2071 4854 Ac
2100 4797 2314 4869 quidem
2346 4797 2400 4852 in
2446 4798 2679 4853 concilio
2709 4798 3016 4854 Milevitana
3060 4817 3164 4856 non
3215 4803 3316 4857 nisi
3360 4806 3517 4875 quin-

1922 4907 2028 4963 que
2078 4900 2408 4945 enumerata;
2476 4890 2709 4945 fuerant.
2780 4889 2887 4946 Sed
2942 4890 3277 4949 Justinianus
3341 4901 3517 4964 primo

1927 4985 2048 5041 loco
2075 4984 2349 5055 adjungit.
2374 5000 2533 5066 quam
2564 4990 2723 5037 vocat
2748 4981 2911 5052 Zengi
2944 5000 2956 5036 :
2988 4985 3146 5055 vulgo
3194 4986 3515 5056 impressum
3554 4976 3557 4977 ν

1928 5088 2010 5132 est
2041 5076 2301 5131 mendose
2329 5075 2503 5145 Tingi.
2529 5072 2659 5127 Nam
2692 5077 2806 5127 haec
2834 5074 3011 5141 potius
3048 5086 3132 5131 est
3179 5080 3346 5146 ipsius
3372 5081 3519 5136 Man-

1930 5169 2138 5224 ritania:
2163 5210 2177 5235 ,
2202 5182 2322 5237 quae
2345 5177 2399 5221 et
2432 5166 2712 5234 Tingitana
2742 5176 3027 5237 propterea
3077 5169 3296 5227 dicitur.
3328 5173 3522 5245 Ζευεὶ-

1932 5273 2068 5315 tante
2089 5269 2267 5314 autem
2295 5257 2581 5325 provincia:
2616 5258 2666 5311 in
2697 5257 2877 5313 Africa
2901 5274 3046 5329 saepe
3076 5263 3238 5317 etiam
3279 5268 3528 5324 meminit

1932 5353 2114 5407 Victor
2152 5348 2457 5412 Uticensis,
2510 5358 2568 5401 ut
2617 5357 2670 5402 et
2718 5348 2941 5404 Plinius.
2995 5348 3298 5408 Secundam
3346 5332 3527 5413 θηιεξη

1930 5443 2125 5498 Africa:
2157 5441 2485 5511 provinciam
2513 5440 2849 5495 Justinianus
2874 5453 3028 5498 vocat
3049 5447 3371 5515 simpliciter
3394 5448 3529 5506 Car-

1934 5532 2299 5603 lhaginensem
2335 5547 2349 5584 :
2380 5546 2539 5599 quam
2572 5539 2628 5586 et
2668 5541 2821 5587 antea
2872 5544 3112 5588 vocatam
3146 5550 3265 5591 esse
3298 5554 3525 5605 procon-

1934 5628 2165 5682 sularem
2197 5622 2472 5677 admonet.
2501 5621 2663 5677 Certe
2689 5623 2913 5694 Optatos
2934 5635 2987 5679 et
3016 5624 3197 5681 Victor
3228 5644 3526 5698 proconsu~

1931 5720 2101 5777 larem
2122 5716 2396 5790 appellare
2426 5716 2608 5779 solent
2634 5733 2650 5775 ς
2680 5726 2841 5788 atque
2870 5716 2941 5771 ita
2986 5734 3201 5791 quoque
3246 5737 3391 5793 saepe
3437 5742 3535 5786 no.
