3828 6218
454 258 476 312 1
498 257 585 313 151
1100 251 1607 311 PRIEFATIONES
1640 254 1963 312 BALDUINI
1990 266 2006 308 λ

2141 254 2389 311 ἓΠΙΜΑΜ
2428 254 2796 313 EDITIONEM
2832 255 3104 315 ΟΡΤΛΤΙ.
3632 258 3759 313 1132

457 376 692 429 minatur
734 374 786 429 iu
817 372 1005 428 codice
1034 372 1512 427 Constitutionum.
1553 372 1809 442 Reliquas
1855 369 2052 424 Africa:
2084 373 2123 431 Α
2157 386 2279 427 esse
2339 388 2404 428 ex
2448 374 2681 429 concilio
2749 374 3076 431 Milevitana.
3138 370 3405 443 Equidem
3472 369 3609 425 hmsi
3670 375 3756 427 ali-

455 468 759 539 provincias
784 508 797 529 ,
830 454 949 535 qua:
973 465 1322 519 nominantur
1352 465 1405 518 in
1435 463 1657 535 Synodo
1698 461 2002 517 Milevitana
2032 503 2046 527 ,
2154 465 2393 535 quando,
2446 483 2567 523 cum
2620 483 2917 538 quarerem
2949 470 3122 523 locum
3174 468 3225 521 in
3275 463 3562 532 Numidia,
3611 468 3752 536 cujus

452 573 507 618 et
538 561 765 633 sparsim
794 560 844 613 in
874 556 1021 611 hisce
1048 556 1247 613 libellis
1273 556 1451 639 Optati
1497 567 1551 611 et
1595 554 1827 611 Victoris
1871 554 2049 608 nomi-
2152 556 2443 633 appellatio
2486 561 2703 630 propius
2748 562 2907 616 etiam
2941 575 3097 630 quant
3121 558 3335 622 Melita,
3370 556 3670 612 accederet
3694 563 3747 615 ad

457 662 549 709 nat
577 652 823 708 similiter
851 649 1188 705 Justinianus
1210 691 1226 715 ,
1274 648 1697 718 Tripolitanam,
1748 645 1901 716 cujus
1951 646 2047 701 du-
2154 649 2545 706 Milevitanum.
2579 648 2818 709 Tandem
2865 653 3147 711 commode
3179 651 3339 706 incidi
3376 651 3432 705 in
3467 650 3748 722 Augusnini

450 765 567 804 cem
588 748 638 801 in
667 746 820 816 Lepti
851 760 1042 815 magna
1086 742 1280 799 sedere
1312 742 1454 808 vult;
1491 742 1825 814 Byzacenam
1853 782 1867 805 ,
1894 739 2048 810 cujus
2150 748 2312 818 epist,
2351 765 2573 817 σιμ-ιιι,
2623 753 2711 821 qui
2749 752 2983 809 Μίιονίιη
3026 751 3278 824 oppidum
3321 754 3505 805 γδςεη,
3556 748 3664 804 sed
3701 758 3747 803 ει

450 843 558 897 dux
590 842 641 896 Ῐη
672 840 841 910 Capsa
871 847 925 894 ει
948 837 1104 908 Lepti
1147 837 1315 892 auem
1341 835 1561 901 δεδείξιὲ
1594 833 1920 900 Numidiam.
1953 847 2049 887 ου·
2148 856 2271 896 cum
2302 842 2353 896 in
2384 842 2798 913 Carthaginensi
2843 845 3054 918 synodo
3082 843 3359 918 Cypriani,
3388 841 3479 898 ubi
3512 841 3745 912 episcotii

440 936 530 1007 jus
556 934 740 989 duXin
764 932 895 987 urbe
918 928 1403 995 δοηεωηιίηθηείῖ
1447 926 1841 993 Μειυτίιθηίδιη,
1888 924 2045 995 cuius
2147 933 2412 989 Numidia
2458 935 2648 991 dicunt
2690 953 2844 992 suam
2874 941 3196 995 sententiam
3237 938 3306 994 de
3346 936 3740 1007 anabaptismo,

445 1027 550 1082 dux
587 1027 638 1081 in
662 1025 1015 1090 Caesariensi;
1044 1033 1430 1095 postremoque
1448 1021 1753 1077 Sardiniam
1787 1019 2040 1086 insulam,

444 1136 601 1192 quam
631 1119 900 1175 Africana
948 1133 1162 1190 quoque
1191 1118 1493 1173 diacescos
1535 1130 1656 1171 esse
1696 1116 1870 1185 jubet.
1908 1112 2039 1169 Nam

441 1224 495 1271 et
522 1214 660 1270 hanc
686 1228 809 1269 cum
844 1211 1061 1268 Corsica
1102 1210 1378 1267 Vandalus
1408 1209 1603 1266 Africa
1637 1218 1899 1278 tyrannus
1938 1224 2041 1263 an.

440 1318 521 1364 tea
548 1315 926 1378 occupaverat,
957 1314 1017 1361 ut
1046 1305 1250 1371 Victor,
1282 1294 1374 1360 lib.
1406 1320 1446 1372 ι,
1473 1312 1677 1359 narrat.
1760 1354 1767 1360 .

517 1400 671 1472 123
698 1399 967 1455 Caterum
1007 1398 1207 1454 factum
1244 1404 1329 1453 est
1358 1398 1657 1468 ignorantia
1695 1393 2039 1466 geographia

439 1494 726 1558 Africana,
748 1504 803 1548 ut
827 1509 946 1548 cum
970 1503 1157 1548 noster
1186 1490 1417 1562 Optatus
1441 1490 1643 1545 dicitur
1671 1488 2032 1552 Milevitanus,

436 1589 651 1657 quidam
705 1602 811 1642 non
857 1588 1018 1643 modo
1068 1586 1390 1651 dubitarint,
1438 1587 1588 1656 cujas
1626 1591 1794 1649 esset,
1837 1581 1933 1637 sed
1982 1569 2035 1635 et

437 1682 690 1738 ﬁnxerint
716 1697 838 1737 csse
868 1682 1183 1737 insularem.
1221 1680 1485 1758 Equidem
1518 1696 1637 1736 cum
1666 1678 1935 1733 Donatum
1968 1674 2035 1728 il-

2147 1028 2380 1099 legerem
2429 1030 2571 1084 inter
2609 1046 2705 1085 eos
2754 1036 3024 1087 numerari
3064 1041 3120 1088 et
3153 1032 3419 1088 nominari
3461 1029 3740 1101 quemdam

2146 1119 2447 1176 Pollianum
2478 1137 2508 1176 a
2549 1121 2731 1189 Mileo,
2778 1124 2936 1178 siculi
2993 1125 3320 1197 impressum
3369 1124 3649 1195 legituriu
3686 1124 3741 1176 li-

2143 1214 2258 1270 bris
2279 1212 2537 1286 Cypriani
2567 1233 2580 1268 :
2611 1226 2668 1271 et
2704 1216 3014 1286 suspicarer
3038 1217 3106 1273 de
3133 1220 3316 1290 aliquo
3358 1218 3585 1282 mendo,
3622 1231 3740 1273 con-

2138 1307 2477 1380 jiceremque
2509 1310 2798 1381 legendum
2836 1312 3013 1381 potius
3064 1326 3206 1379 esse,
3255 1312 3535 1368 Pollicitus
3572 1329 3605 1365 α
3646 1311 3737 1365 Mi-

2142 1404 2241 1457 lem'
2292 1419 2311 1457 :
2360 1403 2604 1459 consului
2666 1403 2893 1458 alteram
2938 1405 3260 1475 scripturam
3303 1415 3554 1461 actorum
3606 1406 3736 1460 illius

2142 1493 2385 1561 concilii,
2401 1510 2520 1565 qua
2532 1494 2783 1549 similiter
2803 1494 3101 1551 recitantur
3120 1497 3188 1552 ab
3209 1496 3652 1566 Augustino,lib.
3669 1512 3732 1561 vt,

2141 1587 2207 1644 de
2240 1588 2504 1658 Baptism.
2550 1589 2835 1659 reperique
2863 1589 3003 1659 apud
3049 1604 3171 1645 eum
3202 1588 3273 1645 ita
3302 1590 3571 1660 scriptum
3602 1605 3733 1655 esse,

2139 1691 2199 1738 ut
2224 1681 2569 1737 scribendum
2601 1696 2723 1737 esse
2759 1681 3057 1736 divinaram
3090 1700 3103 1734 :
3139 1691 3339 1737 etcum
3374 1682 3469 1736 illo
3498 1682 3733 1737 Pulliano

434 1775 570 1841 Ιυιη,
596 1776 686 1845 (lui
718 1790 747 1830 8
777 1772 929 1829 CaSiS
970 1776 1154 1844 εὐθύς
1173 1775 1393 1840 dieitur.
1424 1773 1589 1829 fuisse
1626 1770 1912 1827 Numidam
1942 1767 2037 1823 θά-
2066 1762 2115 1825 Β
2142 1793 2169 1830 a
2194 1777 2393 1842 Milevi,
2420 1777 2471 1831 in
2503 1776 2695 1832 eodem
2714 1776 2946 1831 concilio
2971 1775 3130 1844 paulo
3155 1786 3281 1830 ante
3305 1775 3586 1830 nominari
3605 1777 3730 1829 alios

433 1868 642 1937 monui,
679 1868 757 1923 sic
803 1876 857 1923 et
886 1867 1138 1938 Optatum
1183 1866 1375 1921 Donati
1419 1864 1810 1927 adversarium,
1843 1860 2033 1916 Numi-

433 1963 533 2018 dia:
560 1964 871 2033 episcopum
902 1962 1150 2031 intelligi,
1183 1977 1304 2015 cum
1332 1961 1675 2015 Milevitanus
1697 1958 1913 2021 dicitur,
1940 1953 2035 2009 ad-

416 2057 664 2126 jecerunt
692 2072 707 2110 :
738 2070 914 2124 neque
963 2068 1283 2124 quemquam
1330 2052 1603 2107 hominem
1649 2050 1945 2105 litteratum
1978 2045 2029 2100 id

431 2163 660 2218 negasse
692 2148 963 2218 putabam.
1011 2147 1078 2200 Et
1107 2162 1232 2203 ecce
1278 2147 1460 2211 audio,
1490 2144 1807 2214 quibusdam
1836 2144 2030 2199 etiam—

430 2260 557 2299 num
592 2243 765 2299 videri
812 2243 941 2313 (quo
985 2242 1117 2296 nihil
1167 2242 1383 2297 Stultius
1424 2241 1553 2311 tingi
1604 2240 1805 2311 potest)
1848 2239 2027 2310 potius

426 2336 593 2391 fuisse
617 2335 978 2391 Mclitensem.
1002 2334 1131 2388 Nam
1160 2333 1448 2400 Quintilius
1479 2332 1720 2398 lleduus,
1752 2334 1842 2403 qui
1868 2347 2029 2402 supe-

422 2429 672 2494 rioribus,
698 2428 856 2483 annis
884 2428 1113 2485 docebat
1136 2429 1225 2498 jus
1255 2431 1335 2497 (ut
1366 2422 1581 2498 vocant)
1606 2427 1927 2481 canonicum
1970 2427 2024 2481 in

424 2538 488 2578 ea
511 2522 717 2587 schola,
748 2526 801 2576 in
842 2538 946 2593 qua
982 2536 1123 2577 nunc
1153 2520 1427 2590 doceojus
1456 2520 1638 2585 civile,
1668 2519 1860 2575 doctor
1894 2536 2022 2589 pro-

422 2616 562 2671 lecto
600 2631 865 2671 canonum
897 2614 1123 2669 minime
1154 2614 1482 2679 illitteratus,
1516 2629 1637 2668 cum
1668 2612 1903 2669 Melitam
1934 2613 2022 2669 in-

422 2708 653 2765 iusulam
685 2706 1040 2774 describeret,
1080 2707 1235 2778 et(ut
1270 2707 1322 2759 in
1355 2720 1415 2762 ea
1448 2705 1708 2762 educatus
1729 2720 1851 2761 cum
1882 2707 2027 2761 Rho-

347 2872 351 2879 1
424 2805 563 2870 diis,
622 2813 683 2859 ut
737 2803 1102 2873 appellantur,
1157 2803 1428 2874 equitibus
1475 2803 1766 2873 aliquando
1821 2802 2021 2875 fuerat)

418 2897 641 2952 laudare
677 2896 858 2960 vellet,
904 2895 1143 2965 scripsit,
1191 2895 1517 2962 Concilium,
1565 2880 1707 2966 quod
1758 2898 2027 2951 Milevita-

419 3007 547 3046 num
574 2989 792 3054 dicitur,
827 2987 993 3044 fuisse
1038 2988 1317 3044 Melitense
1350 3006 1362 3042 :
1393 2998 1445 3045 et
1489 2990 1782 3045 Milevitum
1827 2991 2021 3046 urbem

419 3084 603 3139 nescio
630 3097 790 3152 quam
823 3080 928 3135 dici
956 3096 986 3134 a
1014 3080 1213 3138 Melita.
1248 3079 1384 3146 Risi,
1416 3096 1538 3135 cum
1572 3081 1623 3137 id
1656 3081 1781 3153 legi,
1814 3082 2019 3138 visum-

2140 1869 2277 1925 duos
2304 1868 2547 1938 ejusdem
2592 1867 2856 1924 Numidia
2901 1868 3193 1934 antistites,
3228 1866 3471 1923 Felicem
3499 1883 3530 1921 a
3559 1867 3728 1938 Bagai,

2138 1964 2570 2020 etCrescentem
2602 1978 2633 2018 a
2659 1963 2830 2019 Cirta.
2856 1960 3054 2029 Credo,
3070 1976 3147 2016 ne
3174 1960 3496 2028 Quintinum
3528 1962 3729 2032 quidem

2137 2058 2384 2112 dubitare
2424 2058 2492 2112 de
2518 2055 2664 2111 Cirta
2708 2054 2993 2111 Numidia.
3040 2053 3099 2110 Si
3126 2054 3196 2110 de
3226 2055 3389 2126 Bagai
3422 2055 3619 2123 aliquis
3640 2054 3728 2109 duo

2139 2149 2311 2213 bitat,
2370 2149 2511 2219 legat
2564 2148 2971 2215 Donatistarum
3025 2145 3319 2201 concilium
3386 2145 3725 2217 Bagaitauum

2134 2240 2274 2313 apud
2304 2241 2687 2313 Augustinum,
2737 2223 2926 2296 libfnt
2960 2247 3160 2294 contra
3198 2230 3474 2295 Cresco‘n.‘
3520 2252 3635 2307 cap.
3666 2239 3725 2293 53

2136 2342 2191 2389 et
2220 2334 2313 2401 56,
2340 2344 2396 2389 et
2424 2333 2788 2390 Milevitanum
2828 2348 2859 2386 a
2884 2330 3085 2397 Milevi,
3120 2340 3175 2385 ut
3202 2331 3556 2401 Bagaitanum
3580 2344 3608 2383 a
3632 2328 3721 2383 Ba:

2133 2428 2219 2497 gai
2250 2427 2355 2483 dici
2396 2437 2673 2498 agnoscat.
2724 2424 2831 2481 Sed
2876 2439 3052 2496 neque
3092 2424 3329 2480 Milevim
3374 2432 3473 2477 aut
3519 2423 3717 2493 Bagaim

2134 2522 2416 2592 quisquam
2450 2520 2620 2592 magis
2652 2521 2878 2575 miretur
2906 2534 2934 2573 a
2966 2519 3121 2574 nobis
3143 2516 3338 2574 referri
3370 2518 3513 2572 inter
3542 2516 3717 2586 oppida

2133 2616 2421 2683 Numidia,
2451 2632 2612 2686 quam
2644 2615 2943 2671 Tuburbim
2967 2624 3059 2670 aut
3084 2613 3346 2670 Curubim
3373 2615 3516 2669 inter
3541 2614 3716 2684 Oppida

2133 2713 2352 2779 Africa,
2379 2726 2409 2765 a
2441 2711 2637 2779 Plinio,
2678 2711 2770 2767 lib.
2810 2727 2861 2764 v.
2891 2725 3011 2779 cap.
3056 2711 3109 2765 4.
3148 2710 3391 2779 Denique
3423 2719 3603 2765 notum
3643 2718 3718 2763 est

2132 2805 2278 2875 quod
2318 2805 2459 2859 idem
2501 2804 2708 2859 Plinius
2756 2801 2852 2870 ait,
2891 2802 3211 2873 populorum
3262 2799 3463 2856 Africa
3513 2800 3718 2870 Oppido.

2132 2913 2362 2969 rumque
2405 2896 2622 2953 nomina
2649 2896 2747 2956 ,vel
2778 2884 3011 2951 maxime
3044 2893 3339 2950 ineffabilia
3365 2907 3489 2949 esse
3514 2904 3717 2965 prater-

2130 3006 2292 3062 qnam
2333 2992 2572 3062 ipsorum
2627 2989 2841 3060 linguis.
2874 2987 2935 3043 ιιι
2986 3003 3118 3044 vero
3162 2986 3338 3058 magis
3378 2986 3593 3051 dixerit,
3634 2984 3715 3056 qui

2128 3084 2313 3155 Optati
2356 3092 2409 3140 et
2456 3082 2686 3139 Victoris
2742 3081 2975 3149 libellos,
3031 3095 3172 3152 quos
3230 3080 3469 3145 edimus,
3524 3080 3710 3150 legerit.

421 3192 527 3246 quc
558 3175 688 3229 mihi
729 3183 947 3229 esttam
983 3181 1407 3240 monstruosum,
1434 3188 1594 3244 quam
1627 3176 1671 3229 si
1712 3151 1831 3245 quis
1861 3175 2011 3230 dice-
2043 3151 2089 3216 C
2125 3151 2395 3250 Equidem
2427 3192 2533 3232 non
2580 3177 2771 3233 dubito
2815 3175 2977 3230 facile
3021 3151 3244 3245 probari
3288 3172 3563 3239 omnibus,
3588 3170 3714 3242 quod

420 3283 501 3327 ret
529 3269 815 3325 concilium
860 3256 1187 3323 Sardicense
1231 3268 1397 3323 fuisse
1426 3268 1815 3323 Sardiniense:
1851 3285 2014 3340 prop-

321 3388 327 3394 -
418 3374 677 3434 tercaque
732 3362 935 3416 nemini
993 3360 1208 3429 probari
1263 3360 1313 3414 id
1363 3375 1523 3430 posse
1579 3362 1850 3430 putabam.
1909 3362 2019 3421 Sed

420 3465 571 3511 tanto
605 3456 773 3525 magis
805 3455 1031 3508 miratus
1058 3468 1196 3517 sum,
1225 3438 1345 3507 eum
1378 3453 1555 3507 audivi
1588 3454 2016 3522 nostrnniQuin-

417 3550 587 3601 tinum
621 3562 727 3601 non
757 3545 918 3601 modo
942 3545 1127 3599 multis
1154 3547 1268 3599 suis
1290 3544 1631 3602 auditoribus
1657 3548 2012 3618 persuasisse,

416 3641 511 3695 sed
542 3647 596 3695 et
617 3640 693 3693 illi
725 3638 1079 3695 conciliorum
1112 3638 1543 3693 consarcinatori
1566 3638 1900 3713 Coloniensi,
1923 3643 2013 3712 qui

416 3732 663 3786 similiter
691 3740 991 3801 praemonet
1030 3730 1317 3797 concilium
1364 3730 1730 3785 Milevitanum
1768 3732 2022 3788 habitum

419 3840 542 3880 esse
574 3826 627 3879 in
656 3825 857 3891 Insula,
887 3840 1006 3895 qua
1048 3840 1191 3878 nunc
1222 3823 1377 3877 Malta
1419 3823 1630 3878 dicitur.
1662 3824 1811 3881 Itane
1840 3842 1969 3882 vero
1989 3829 2025 3882 ’ἴ

419 3933 519 3987 ego
550 3917 855 3986 navigando
887 3931 1178 3984 numquam
1224 3915 1289 3969 ad
1312 3915 1460 3969 littus
1488 3915 1682 3970 Africa
1710 3926 1813 3971 tam
1843 3934 2015 3989 prope

421 4011 647 4073 accessi,
704 4025 865 4080 quam
920 4010 1116 4062 Doctor
1164 4008 1452 4075 Quintinus
1502 4025 1720 4064 suorum
1771 4012 2015 4079 equitum

419 4105 647 4159 classem
707 4112 947 4158 secutus.
1002 4101 1069 4154 Et
1119 4110 1298 4155 tamen
1356 4102 1468 4154 scio
1522 4116 1629 4154 non
1678 4117 1840 4171 posse
1890 4118 2016 4158 eum

422 4198 696 4261 evincere,
749 4194 890 4265 quod
928 4194 1186 4259 aftirmat,
1230 4192 1329 4245 nisi
1371 4194 1417 4245 si
1458 4192 1667 4246 evincat
1705 4202 1760 4247 et
1803 4194 2013 4261 probet,

420 4290 507 4346 vel
533 4288 835 4345 Numidiam
865 4302 987 4341 esse
1025 4288 1076 4341 in
1106 4286 1287 4340 Melita
1321 4286 1516 4351 insula,
1550 4288 1631 4339 vel
1664 4287 1897 4340 Melitam
1934 4289 2017 4341 in-

420 4383 593 4436 sulam
618 4395 738 4435 esse
770 4382 823 4433 in
854 4378 1121 4433 Numidia.
1159 4378 1363 4432 Vereor
1393 4378 1576 4444 etiam,
1608 4394 1676 4434 ne
1707 4381 1823 4448 quis
1856 4395 2018 4434 nasu-

420 4485 505 4530 tus
533 4474 617 4529 hie
656 4474 899 4543 objiciat,
952 4472 1093 4542 quod
1138 4472 1402 4527 Lueianus
1445 4472 1588 4526 salse
1624 4474 1859 4541 scripsit,
1892 4490 2025 4530 sese

417 4569 685 4639 imperitia
712 4568 992 4637 cujusdam
1025 4567 1215 4635 partim
1262 4564 1578 4635 geographi,
1625 4568 1815 4635 partim
1847 4570 2021 4624 histo-

413 4657 706 4730 riOgraphi,
743 4670 967 4728 repente
1018 4674 1085 4713 ex
1126 4657 1318 4722 (ἔτερος)
1362 4657 1557 4711 factum
1604 4673 1726 4713 esse
1775 4660 2021 4730 Babylo-

420 4752 588 4814 nium,
617 4752 954 4822 patriamque
977 4766 1129 4803 suam
1159 4753 1226 4803 ab
1252 4750 1600 4818 Hellesponto
1626 4752 1868 4805 avulsam.
1890 4770 2018 4809 eum

417 4844 546 4910 ipsis
585 4844 851 4899 inanibus
900 4853 953 4897 et
994 4843 1231 4897 turribus
1285 4842 1597 4895 translatam
1631 4859 1753 4898 esse
1798 4846 1849 4898 in
1899 4862 2015 4900 me—

417 4934 558 4989 diam
588 4935 1045 5004 lilesnpotamiam.
1080 4934 1184 4987 Sed
1212 4934 1337 5004 quid
1370 4936 1575 4988 diceret
1603 4935 1851 5005 Optatus,
1885 4937 2011 5007 quid

420 5036 599 5095 patres
628 5028 937 5091 Milevitani,
971 5029 1014 5080 si
1039 5027 1147 5095 jam
1178 5028 1429 5081 audirent
1458 5042 1578 5082 sese
1607 5043 1669 5081 ex
1704 5029 1877 5081 ΜίΙυλθὶ
1903 5030 2007 5085 Nu-

420 5116 599 5171 midiae
629 5117 902 5185 deportari
938 5119 988 5170 in
1034 5119 1260 5172 insulam
1309 5118 1563 5182 Melitam,
1602 5128 1659 5173 ut
1694 5120 1822 5173 olim
1851 5121 2007 5176 damﬁ

420 5210 551 5273 nati,
583 5210 635 5263 in
668 5209 995 5263 Sardiniam.
1029 5212 1192 5273 Sane.
1226 5221 1281 5263 ut
1308 5211 1535 5281 Optatus
1564 5227 1683 5265 cum
1715 5215 2005 5269 concilium

420 5301 680 5357 Numidia
711 5313 885 5365 vocat,
913 5302 1162 5370 intelligit
1191 5302 1456 5369 quoddam
1485 5304 1765 5360 Cirtense:
1793 5308 1871 5361 sic
1896 5310 2007 5361 Au-

414 5396 659 5464 gustinus
691 5396 1052 5451 Milevitantnu
1104 5397 1240 5446 solet
1268 5396 1539 5463 appellare
1570 5401 1854 5454 concilium
1897 5392 1997 5457 Nu;

418 5487 615 5553 midia,
645 5488 812 5543 veluti
843 5488 895 5540 in
926 5486 1088 5555 epist.
1131 5500 1278 5537 xmt
1318 5494 1373 5538 et
1416 5502 1544 5553 xcn,
1573 5498 1625 5540 et
1651 5506 1771 5544 χειν
1799 5504 1852 5547 et
1876 5509 1989 5548 xcv.

412 5592 570 5649 atque
598 5590 655 5635 ut
677 5579 972 5636 Milevitaui
1007 5580 1192 5632 Patres
1232 5578 1550 5646 proﬁtentur
1576 5597 1694 5636 sese
1723 5600 1793 5637 ex
1822 5589 2000 5642 conci-

405 5672 475 5725 lio
503 5673 764 5728 Numidia
795 5673 1034 5728 scribere
1063 5670 1127 5724 ad
1161 5670 1526 5724 Innocentium
1563 5672 1778 5741 I’upattt,
1814 5679 1888 5731 sic
1913 5679 1997 5733 lu-

408 5764 687 5820 noccutius
716 5766 769 5821 in
802 5778 899 5822 suo
930 5762 996 5818 ad
1043 5777 1137 5817 eos
1180 5776 1443 5832 responso
1488 5762 1561 5818 ait
1592 5762 1691 5819 sibi
1735 5767 2005 5836 scriptum.

2128 3272 2184 3327 in
2229 3271 2474 3327 Possidio
2514 3270 2581 3325 de
2629 3270 2736 3324 vita
2786 3267 3072 3340 Augustini
3118 3267 3403 3322 observavi
3453 3266 3713 3321 Ecclesium

2132 3361 2407 3418 Cittensem
2439 3377 2538 3431 pro
2564 3361 2843 3416 Cirtensem
2886 3358 3144 3415 mendose
3173 3358 3278 3429 legi
3315 3377 3330 3413 :
3365 3366 3501 3413 utet
3524 3357 3574 3411 in
3601 3372 3713 3411 nos-

2133 3456 2234 3511 tris
2257 3454 2533 3524 pandectis
2557 3452 2705 3508 Flor.
2732 3453 2790 3506 lit
2817 3453 3023 3507 mentio
3050 3450 3205 3519 Reip.
3232 3449 3582 3513 Cirtensium,
3605 3461 3711 3501 cum

2134 3550 2190 3603 in
2250 3548 2369 3602 aliis
2418 3547 2572 3602 libris
2619 3545 2815 3600 vitiose
2864 3543 3127 3613 scriptum
3181 3543 3285 3607 sit,
3344 3541 3712 3613 Cyrenensium

2135 3640 2175 3694 Ι.
2210 3656 2264 3695 tx
2291 3640 2357 3694 de
2376 3638 2485 3709 jur.
2520 3648 2575 3692 et
2622 3635 2747 3692 facti
2777 3638 2953 3706 ignor.
2978 3634 3111 3701 Quis
3140 3642 3429 3704 prepterea
3460 3634 3590 3688 lerat
3614 3632 3716 3686 Cir-

2135 3742 2247 3788 tam
2280 3749 2344 3788 ex
2378 3731 2626 3786 Numidia
2655 3729 2947 3785 transferri.
2972 3729 3023 3782 in
3045 3725 3442 3798 Cyrenaicam?
3463 3725 3582 3795 jure
3606 3739 3716 3793 pro-

2136 3828 2282 3884 fecto
2318 3829 2432 3898 ipse
2475 3826 2764 3894 Quintiuus
2804 3822 3077 3893 explicans
3112 3820 3380 3875 Zonaram
3422 3818 3491 3873 de
3524 3817 3712 3871 Canon.

2142 3923 2334 3993 Apost.
2378 3920 2569 3975 irridet
2601 3933 2717 3985 eos,
2744 3919 2833 3989 qui
2872 3933 2939 3972 ex
2966 3913 3345 3977 Careliedone,
3378 3912 3430 3966 id
3476 3920 3577 3977 est,
3602 3908 3714 3963 Car-

2142 4016 2358 4085 thagine
2410 4015 2683 4067 finxerunt
2726 4011 3018 4081 aliquando
3073 4008 3476 4064 Calchedonem
3517 4019 3715 4075 :neque

2144 4108 2359 4175 negabit
2380 4106 2565 4160 eadem
2593 4104 3019 4173 reprehensione
3055 4102 3245 4172 dignos
3283 4116 3427 4166 esse,
3461 4101 3547 4170 qui
3569 4099 3714 4169 Byza-

2140 4198 2309 4263 cium,
2331 4195 2473 4266 quod
2497 4203 2581 4250 est
2606 4196 2657 4249 in
2682 4195 2879 4259 Africa,
2908 4195 3184 4249 somniant
3202 4206 3323 4247 esse
3346 4192 3647 4263 Byzantium
3670 4190 3711 4243 in

2138 4289 2372 4344 Thracia
2400 4307 2413 4354 ;
2445 4300 2497 4344 et
2531 4290 2623 4343 tali
2656 4288 2849 4343 mendo
2877 4289 3047 4342 libros
3068 4303 3280 4357 quoque
3302 4287 3442 4363 juris
3471 4285 3711 4342 contami-

2147 4392 2360 4436 narunt.
2398 4381 2547 4435 Nunc
2567 4381 2791 4451 judicct,
2826 4382 3073 4449 plausum
3097 4396 3161 4432 an
3191 4380 3363 4433 risum
3396 4380 3448 4433 in
3472 4379 3712 4432 auditorio

2130 4477 2279 4545 ,juris
2312 4478 2605 4539 mereatur,
2636 4474 2724 4543 qui
2751 4473 2984 4528 Milevim
3014 4474 3067 4527 in
3107 4472 3342 4525 Melitam
3372 4470 3709 4525 transformat.

2134 4569 2251 4623 'Tot
2281 4570 2378 4622 hac
2404 4568 2469 4622 de
2500 4582 2557 4621 re
2604 4566 2766 4621 verba
2811 4582 2915 4620 non
2961 4566 3219 4626 facerem,
3270 4562 3377 4616 nisi
3405 4563 3453 4618 si
3482 4561 3712 4616 auditori-

2136 4662 2247 4717 ‘bus
2270 4660 2633 4729 Quintiniauis
2661 4675 2813 4714 error
2844 4667 2951 4712 tam
2984 4656 3244 4711 ridiculus
3273 4657 3442 4710 verbo
3470 4669 3571 4707 uno
3596 4651 3710 4721 eripi

2141 4770 2255 4809 ‘non
2287 4760 2491 4824 pOssol,
2524 4752 2700 4805 minus
2733 4734 3075 4805 licetcoloris
3105 4748 3327 4814 habeat,
3360 4763 3515 4817 quam
3537 4746 3579 4800 si
3610 4745 3710 4815 quis

2152 4847 2291 4902 dicat
2334 4834 2694 4900 .‘dilevitanum
2746 4842 3031 4898 concilium
3075 4841 3183 4896 dici
3227 4841 3325 4903 abs
3364 4841 3605 4895 Melitena
3639 4840 3710 4893 illa

2154 4939 2422 4992 Armeniae
2459 4936 2763 5005 metropoli,
2811 4951 2969 5004 quam
3001 4941 3289 5001 tantopere
3344 4934 3592 5002 pradicat
3627 4946 3710 4985 no-

2154 5042 2264 5086 ster
2291 5030 2621 5085 Justinianus
2650 5029 2700 5081 in
2731 5026 2920 5082 Novel.
2949 5027 3038 5081 51.
3066 5026 3198 5080 Nam
3227 5035 3281 5079 et
3325 5024 3597 5094 cujusdam
3630 5023 3711 5093 Sy-

2159 5126 2293 5180 nodi
2308 5123 2659 5178 Melitinensis
2681 5118 3292 5181 meminitSozomenus,
3310 5116 3403 5168 lib.
3418 5131 3491 5180 tv,
3508 5114 3705 5184 capit,

2158 5217 2456 5271 Melitensis
2478 5214 2703 5283 alicujus
2731 5212 2963 5282 aliquem
2982 5212 3109 5266 olim
3143 5206 3455 5263 meminisse
3480 5218 3707 5275 nusquam

2158 5313 2281 5381 legi.
2327 5311 2390 5364 Et
2418 5308 2543 5379 quid
2574 5307 2785 5361 tandem
2822 5304 3018 5360 mentis
3058 5302 3252 5357 fuisset
3301 5300 3441 5355 Afris
3473 5298 3705 5361 PatribuS,

2154 5405 2197 5458 si
2228 5405 2410 5458 relicta
2439 5409 2545 5455 tota
2575 5415 2668 5455 sua
2710 5398 2917 5463 Africa,
2955 5396 3044 5451 ubi
3069 5395 3229 5463 longe
3256 5392 3400 5447 aliud
3446 5391 3704 5454 habebant,

2154 5496 2295 5564 quod
2332 5503 2569 5565 agerent,
2604 5492 2901 5563 periculosa
2945 5505 3041 5559 per
3088 5486 3297 5542 medias
3327 5484 3707 5552 Sirtesnaviga-

2158 5592 2300 5644 tione
2330 5589 2667 5657 trajecisseut
2696 5587 2746 5640 in
2774 5585 2921 5640 illam
2958 5581 3163 5637 aridam
3201 5590 3259 5636 et
3284 5587 3560 5650 angustam
3587 5576 3706 5633 ltum-

2156 5681 2281 5744 lam,
2312 5689 2368 5733 ut
2398 5681 2465 5734 ibi
2496 5689 2763 5747 tamquam
2788 5676 2840 5729 in
2863 5689 3081 5730 carcere
3110 5672 3330 5736 inclusi,
3362 5682 3414 5727 et
3444 5678 3559 5725 toto
3577 5665 3703 5723 divisi

2154 5772 2307 5838 urbe,
2331 5771 2695 5828 deliberarent
2719 5768 2788 5823 dc
2807 5767 2969 5823 rebus
2997 5766 3060 5822 ad
3095 5764 3399 5822 Ecclesium
3427 5761 3699 5820 Africanam
