3828 6218
164 371 288 425 “35

1029 364 1549 425 ANNOTATIONES
1587 364 1907 424 BALDUINI
1945 364 2009 421 IN
2047 365 2106 422 S.
2142 362 2491 423 OPTATUM.

3275 356 3416 425 ttat

158 485 554 554 pertinentibus,
583 495 639 543 et
678 485 729 540 in
758 468 937 539 medio
966 484 1108 538 niari‘
1129 483 1515 539 transmarinas
1543 484 1725 551 appel-
1750 482 1800 542 Α
1829 480 1957 534 dum
1997 495 2102 535 non
2134 480 2295 535 addat
2323 480 2745 547 Gildonianum,
2795 490 2851 537 et
2893 479 3215 548 simpliciter
3254 496 3413 539 vocet

156 577 374 634 lationes
399 576 545 648 (nam
576 593 669 633 eas
700 576 948 647 reprimit
976 574 1216 647 synodus
1238 570 1566 644 Mil‘exitana)
1591 574 1730 629 inhi-

158 669 357 724 hcrent.
400 670 540 740 Ergo
571 683 743 739 neque
791 668 1141 723 nobilissimae
1170 668 1244 722 illi
1276 660 1503 737 synodo,
1555 678 1729 735 neque

153 760 339 829 Optato
389 773 574 817 nostro
615 762 755 817 hanc
796 762 1045 828 injuriatn
1084 758 1310 815 ridicula
1352 759 1566 814 tictione
1612 757 1730 814 ﬁeri

154 854 339 923 patior.
372 852 437 908 Ut
462 864 642 907 autem
671 851 867 923 Optato
895 852 1017 907 dem
1065 864 1437 907 successorem
1470 851 1728 918 z'Augus-

116 1008 119 1011 _
152 947 286 1001 tinus
325 944 378 999 iu
410 961 497 1012 ep.
527 960 691 1001 xxnv
725 946 791 1000 ad
828 945 1107 1000 Paulinum
1137 943 1321 999 laudat
1356 943 1727 998 beatissimum

152 1036 235 1107 (ut
253 1035 433 1107 vocat)
478 1037 760 1105 Severum,
809 1053 964 1093 suum
1011 1036 1464 1106 condiscipulum,
1517 1034 1727 1090 antisti-

150 1136 248 1182 tem
286 1128 546 1184 Ecclesiae
590 1129 926 1192 Milevitanae,
963 1129 1123 1197 bene,
1167 1128 1360 1199 inquit,
1398 1127 1539 1195 apud
1582 1141 1731 1182 eam-

147 1218 260 1273 dem
289 1220 562 1276 civitatem
596 1220 845 1276 fratribus
866 1222 1163 1290 cognitum.
1198 1219 1344 1275 ldem
1373 1219 1726 1290 Augustinus,

147 1309 235 1365 lib.
268 1325 330 1365 ιιι
382 1319 569 1366 contra
614 1309 769 1366 Petit.
802 1327 922 1382 cap.
952 1311 1044 1379 58,
1089 1311 1334 1378 meminit
1364 1309 1604 1366 damnati
1635 1326 1732 1366 cu-

139 1400 351 1481 jusdam
386 1404 605 1459 Honorii
634 1405 925 1460 Milevitani
953 1406 1005 1460 in
1046 1404 1303 1461 Africana
1335 1405 1598 1460 Ecclesia.
1626 1403 1730 1459 De-

141 1496 300 1566 nique
341 1496 598 1553 Faustum
630 1498 779 1557 illum
823 1497 1201 1567 Manichatum,
1231 1506 1391 1568 gente
1417 1496 1629 1564 Afrum,
1661 1499 1729 1551 ci-

140 1587 303 1642 vitate
330 1589 493 1644 fuisse
518 1590 885 1644 Milevitanum
906 1591 1002 1657 ait,
1033 1588 1331 1657 hemiuem,
1362 1591 1555 1661 inquit,
1586 1591 1728 1645 acuti

138 1679 359 1750 ingenii,
384 1691 438 1736 et
465 1683 719 1749 erpolitae
734 1682 953 1753 linguae,
984 1683 1079 1739 sed
1108 1684 1496 1754 nequissimum
1525 1684 1731 1739 calum-

138 1773 400 1827 niatorem
435 1772 756 1838 Christianae
783 1774 1079 1844 religionis.

1827 564 2100 645 Optatum,
2122 582 2328 635 ,tamen’
2346 582 2452 628 tam
2485 573 2746 628 nefarium
2776 574 3099 629 nebulonem
3137 572 3306 631 fuisse
3336 585 3415 631 te-

1829 669 2018 733 statur,
2051 674 2108 719 ut
2128 666 2275 734 ipsos
2296 663 2457 719 etiam
2486 664 2795 720 Donatistae
2821 655 2940 734 ejus
2964 646 3208 735 puderet.
3242 665 3413 733 Quam

1827 753 1984 809 valde
2007 764 2188 811 autem
2213 755 2371 810 talem
2394 753 2669 824 Optatum,
2693 764 2752 809 ut
2768 755 2946 823 debet,
2966 757 3286 823 detestatur,
3307 766 3415 811 tam

1829 846 1995 900 etiam
2048 847 2695 919 vehementer.0ptatum
2748 859 2995 904 nostrum
3045 849 3415 907 Milevitanum

1829 937 2011 992 laudat
2034 957 2047 991 :
2070 955 2229 1007 quem
2260 940 2501 1012 quidem,
2534 940 2626 996 lib.
2651 955 2669 997 ι
2695 951 2881 997 contra
2908 940 3187 1009 Parmen“
3220 944 3317 1014 ait,
3342 946 3401 1001 et

1830 1032 2155 1089 venerabilis
2177 1037 2451 1091 memoriae
2471 1050 2592 1091 esse
2616 1045 2672 1091 et
2690 1030 2973 1091 catholicae
2993 1038 3414 1093 communionis.

1831 1122 2005 1190 Idem,
2033 1125 2084 1177 in
2129 1125 2221 1181 lib.
2253 1136 2373 1196 post
2400 1129 2613 1196 collat.,
2640 1129 3160 1187 vocatCatholicum
3207 1131 3419 1202 episco-

1834 1231 1956 1284 pum
1983 1257 1999 1283 ,
2028 1227 2084 1272 et
2108 1216 2161 1272 in
2194 1218 2330 1274 libro
2355 1221 2422 1276 de
2448 1221 2596 1278 Unit.
2628 1235 2749 1295 cap.
2783 1223 2871 1291 16,
2897 1225 3108 1279 videtur
3138 1240 3261 1280 eum
3289 1236 3416 1281 cum

1830 1307 1951 1378 ipso
1981 1307 2270 1365 Ambrosio
2292 1325 2644 1380 comparare;
2691 1314 2848 1369 sicuti
2877 1323 2931 1370 et
2957 1310 3155 1371 deinde
3186 1315 3419 1385 Fulgen-

1832 1401 1959 1464 tius,
1989 1400 2084 1455 lib.
2119 1417 2155 1455 ιι
2193 1401 2257 1455 ad
2299 1401 2589 1457 Monimum
2611 1442 2625 1470 ,
2656 1405 2906 1475 Optatum
2950 1406 3094 1462 hunc
3139 1415 3414 1479 nostrum,

1831 1506 1990 1561 quem
2018 1500 2266 1548 sanctum
2298 1501 2492 1560 vocat,
2536 1493 2742 1564 judicat
2776 1502 2884 1552 tam
2914 1496 3128 1554 ﬁdelem
3156 1496 3305 1553 Pauli
3334 1498 3418 1552 in-

1829 1593 2120 1654 terpretem
2147 1583 2337 1652 fuisse,
2369 1601 2535 1656 quam.
2558 1596 2651 1641 aut
2675 1587 3022 1645 Ambrosium
3052 1598 3143 1645 aut
3163 1589 3417 1662 AugnSti-

1832 1692 1983 1731 num.
2022 1678 2110 1732 .Et
2152 1685 2330 1734 tamen
2377 1678 2543 1733 nolim
2595 1680 2687 1734 tali
2723 1684 3129 1750 comparatione
3156 1683 3416 1739 lectorem

1831 1767 2121 1838 impediri,
2153 1770 2284 1841 quin
2315 1769 2624 1835 discernat,
2661 1782 2921 1842 quantum
2949 1773 3205 1841 intersit;
3256 1775 3421 1831 sicuti

206 1867 261 1923 Si
293 1866 436 1923 ferre
466 1880 571 1923 non
601 1867 746 1937 potui
768 1866 1020 1937 Optatum
1055 1876 1299 1923 nostrum
1330 1885 1395 1924 ex
1416 1869 1729 1925 Milevitana
1757 1861 1807 1922 B
1831 1870 1887 1915 et
1916 1858 2003 1915 ubi
2034 1861 2178 1931 quod
2209 1860 2401 1917 attinet
2429 1853 2495 1917 ad
2525 1862 2825 1931 litterarum
2854 1861 3221 1922 eruditionem
3243 1908 3260 1933 .
3306 1867 3420 1922 Au-

138 1959 254 2015 ﬁeri
283 1960 622 2015 Melitcnsem
645 2000 659 2025 ,
690 1968 786 2014 aut
814 1975 882 2015 ex
906 1959 1156 2015 Numidia
1187 1962 1482 2016 insularem
1507 2004 1522 2028 ,
1557 1962 1728 2017 multo

136 2054 312 2107 minus
346 2051 491 2107 ferre
518 2052 691 2107 debeo
720 2051 975 2109 confundi
1002 2067 1124 2107 cum
1152 2052 1271 2108 aliis
1296 2052 1528 2123 Optatis.
1576 2053 1728 2109 Mitto

139 2144 285 2197 illum
318 2142 571 2213 Optatum
603 2144 939 2198 Donatistam
967 2186 981 2209 ,
1029 2160 1187 2215 quem
1216 2145 1272 2200 in
1298 2145 1508 2218 synodo
1539 2145 1721 2217 Bagai~

137 2244 279 2302 tana,
307 2243 363 2290 et
384 2235 637 2305 Optatum
671 2233 1027 2300 catholicum,
1059 2252 1220 2305 quem
1251 2237 1305 2291 in
1330 2235 1563 2292 Cirtensi
1589 2238 1726 2293 cele-

134 2329 276 2384 brari
310 2330 473 2385 audio
501 2329 568 2384 ab
592 2329 911 2399 Augustino.
942 2328 1222 2385 Celebrior
1253 2330 1351 2385 fuit
1381 2341 1436 2386 et
1464 2329 1727 2385 famosior

133 2420 361 2491 Optatns
390 2420 772 2486 Gildonianus,
804 2419 957 2488 cujus
988 2430 1041 2475 et
1069 2421 1265 2489 saepius
1291 2420 1729 2490 meminitAugu—

133 2518 331 2568 stinus.
375 2512 483 2570 Sed
514 2514 634 2583 quis
662 2530 766 2567 non
798 2512 1021 2583 indigne
1048 2512 1216 2578 ferat,
1259 2513 1522 2584 quosdam
1566 2512 1728 2569 hodie

134 2605 519 2661 Gildoniauum
551 2621 579 2659 a
606 2606 910 2662 Milevitana
942 2620 1049 2660 non
1077 2605 1408 2673 discernere,
1433 2622 1556 2662 cum
1589 2607 1729 2662 inter

132 2713 228 2753 eos
254 2707 468 2753 tantum
499 2696 825 2763 lnterfuerit,
858 2706 1119 2769 quantum
1153 2699 1293 2753 inter
1328 2698 1726 2755 Donatistarum

131 2789 326 2846 ducem
354 2789 837 2847 sceleratissimum
863 2832 876 2855 ,
904 2798 958 2845 et
984 2789 1280 2845 Catholicae
1310 2791 1563 2845 Ecclesia:
1596 2806 1727 2846 san-

128 2883 437 2945 ctissimum
464 2884 793 2938 antistitem.
818 2884 875 2940 Si
909 2883 1027 2953 quis
1054 2890 1227 2953 roget,
1250 2898 1346 2937 cur
1373 2883 1461 2937 ille
1485 2884 1619 2939 alter
1648 2884 1727 2937 di-

129 2990 287 3035 catur
314 2979 693 3053 Gilduniauus,
716 2979 1058 3046 respondebo
1080 2977 1224 3049 quod
1250 2977 1598 3048 Augustinus.
1630 2978 1722 3032 lib.

126 3089 162 3128 ιι
210 3082 408 3127 contra
439 3072 599 3127 Petil.
627 3086 747 3143 eap.
774 3070 844 3127 92
869 3113 883 3137 ,
935 3071 1158 3134 scribit,
1191 3069 1444 3139 Optatum
1476 3071 1627 3124 illum
1659 3071 1729 3124 de

129 3166 393 3220 satellitio
417 3163 665 3220 Gildonis
708 3175 1017 3218 accusatum
1046 3204 1060 3228 ,
1094 3162 1253 3235 124
1300 3177 1485 3232 pinnas
1516 3162 1729 3217 dedisse

1832 1952 2105 2035 gustiuus,
2155 1955 2248 2010 lib.
2284 1971 2341 2011 ιιι
2378 1955 2445 2012 de
2475 1956 2630 2013 Doct.
2676 1956 2880 2013 Christ.
2908 1973 3029 2029 cap.
3064 1958 3166 2026 40,
3211 1961 3422 2017 videtur

1831 2062 1954 2101 eum
1985 2046 2235 2105 conferre
2260 2065 2381 2105 cum
2409 2050 2697 2121 Cypriane,
2729 2051 3030 2118 Laetantio,
3066 2053 3365 2109 Victorino.

1902 2140 2075 2196 Porro
2096 2124 2159 2196 ἰιι
2188 2143 2275 2198 tibi
2305 2142 2504 2198 desinit
2532 2142 2762 2213 Optatos
2786 2185 2801 2210 ,
2850 2144 2989 2215 coepi
3022 2158 3089 2201 ex
3116 2138 3421 2217 Augustino

1831 2244 2079 2305 repetere
2109 2235 2251 2305 quod
2299 2237 2540 2305 sequitur
2569 2238 2622 2292 in
2672 2237 2893 2293 historia
2924 2237 3192 2295 Africanre
3221 2241 3415 2296 Eccle-

1831 2327 1962 2381 siae:
2013 2328 2093 2381 sic
2121 2327 2212 2381 ubi
2241 2326 2569 2397 Augustinus
2594 2329 2795 2383 desinit
2818 2368 2833 2392 ,
2881 2329 3054 2383 visum
3084 2336 3169 2385 est
3197 2331 3423 2401 subjun-

1830 2433 1961 2490 gere
1987 2419 2129 2490 quod
2154 2418 2336 2475 Victor
2365 2419 2635 2476 Uticensis
2657 2420 2736 2494 (l)
2766 2419 2965 2479 deinde
2991 2431 3194 2479 narrat.
3225 2423 3331 2480 Sed
3358 2424 3426 2481 de

1837 2511 2009 2575 Utica.
2038 2522 2093 2567 ut
2119 2510 2187 2568 de
2214 2512 2415 2579 Milevi,
2450 2514 2580 2568 nihil
2611 2523 2695 2570 est
2721 2530 2948 2572 necesse
2976 2525 3031 2571 ut
3059 2533 3200 2573 nunc
3229 2518 3423 2574 addam

1814 2605 2147 2677 quidquam.
2204 2605 2407 2662 Omitto
2438 2608 2601 2662 etiam
2629 2608 2773 2678 quod
2818 2608 2873 2662 in
2914 2609 3193 2679 pandectis
3224 2612 3426 2666 nostris

1830 2698 1953 2770 lego
1977 2698 2009 2763 ,'
2042 2696 2251 2754 Uticam
2303 2714 2409 2754 non
2460 2699 2637 2755 minus
2679 2713 2839 2769 quam
2866 2699 3251 2771 Carthaginem
3284 2701 3424 2773 juris

1831 2787 2000 2844 Italici
2029 2789 2216 2859 fuisse,
2250 2791 2285 2844 l.
2323 2790 2420 2845 ult.
2453 2789 2521 2845 de
2552 2789 2768 2852 Censib.
2797 2790 2904 2847 Sed
2933 2799 2991 2847 ut
3019 2791 3331 2849 Milevitana
3355 2794 3429 2850 si-

1831 2898 1899 2939 ve
1928 2882 2175 2939 Numidae
2212 2885 2415 2955 gratior
2446 2883 2514 2938 sit
2547 2884 2754 2939 vicinus
2784 2885 2869 2939 hic
2896 2885 3105 2955 collega
3134 2884 3429 2954 Uticensis,

1832 2977 2007 3032 dicam
2047 2976 2219 3047 ipsam
2246 2976 2549 3031 Cirtensem
2596 2976 2865 3031 coloniam
2914 2978 2967 3032 in
3012 2976 3315 3033 Numidiam
3357 2993 3427 3035 ex

1831 3070 2072 3128 Uticensi
2122 3076 2394 3127 conventu
2434 3066 2723 3126 deductam
2778 3066 2984 3135 videri,
3036 3080 3157 3125 eum
3204 3068 3424 3142 quidem

1795 3166 1979 3221 villam
2024 3165 2379 3221 Sittianorum
2435 3173 2681 3219 vocatam
2728 3162 2895 3220 fuisse
2926 3164 3129 3220 Plinius
3179 3174 3427 3221 testctur.

128 3258 364 3316 terribili
407 3259 599 3313 mortis
634 3272 834 3329 genere
862 3257 1187 3312 cxsdnctum
1220 3274 1232 3309 :
1272 3256 1429 3311 sicuti
1478 3265 1532 3311 et
1578 3246 1725 3325 leges
1750 3253 1799 3315 Ο
1830 3255 1890 3310 Ρ.
1925 3264 2103 3312 autem
2150 3254 2366 3311 Sittium
2413 3253 2648 3323 equitem
2677 3252 2979 3308 Romanum
3027 3252 3095 3309 de
3145 3264 3414 3311 conventu

126 3364 335 3408 nostra:
369 3366 475 3407 non
508 3350 669 3407 modo
693 3349 978 3407 Gildonem
1008 3352 1159 3406 illum
1185 3359 1472 3423 tyranuum
1502 3391 1515 3417 ,
1549 3350 1640 3421 qui
1671 3350 1725 3406 in

122 3444 323 3499 Africa
346 3444 604 3498 adversus
632 3442 766 3513 Imp.
800 3443 1099 3498 llouor'rum
1130 3459 1282 3498 arma
1315 3443 1587 3513 sumpsit,
1628 3444 1726 3499 scd

122 3548 175 3592 et
201 3538 329 3608 ejus
357 3537 618 3593 satellites
667 3538 917 3607 persequi
964 3552 1023 3593 se
1083 3539 1426 3613 proﬁtentur,
1462 3539 1497 3591 Ι.
1530 3552 1640 3602 xix,
1672 3553 1724 3594 c.

120 3630 225 3687 Th.
257 3632 333 3688 de
358 3646 529 3701 poem;
554 3631 595 3686 l.
621 3644 732 3692 xix.
759 3645 810 3687 c.
836 3629 935 3685 Th.
960 3631 1028 3686 de
1057 3631 1181 3686 bon.
1217 3630 1500 3702 proscripl.
1532 3626 1732 3687 :sic’et

118 3724 172 3778 in
194 3725 235 3778 l.
261 3739 365 3790 vn,
387 3737 438 3779 c.
461 3721 564 3778 Th.
588 3719 656 3777 de
685 3731 899 3788 mctat.,
925 3721 1177 3777 dicuntur
1202 3723 1494 3777 conﬁscata
1525 3722 1725 3793 praedia

118 3815 383 3871 Gildonis
424 3814 595 3870 hostis
634 3814 869 3884 publici,
920 3824 974 3869 et
1003 3814 1301 3870 satellitum
1332 3815 1450 3885 ejus
1490 3832 1502 3869 :
1536 3825 1728 3885 estque

118 3906 205 3960 lex
256 3905 563 3959 honoriana
591 3906 655 3960 ad
686 3896 1074 3975 Pomp‘éianuin
1120 3906 1500 3977 proconsulem
1529 3905 1724 3961 Africae

117 3998 245 4054 data
279 3997 594 4072 Mediolani.

188 4091 429 4159 Qualem
455 4097 634 4145 autem
660 4090 779 4161 ipse
799 4090 1127 4147 Claudianus
1152 4092 1575 4163 elegantissimis
1596 4109 1723 4149 ver-

115 4184 280 4239 sibus
307 4182 569 4239 describit
611 4183 779 4240 fuisse
808 4183 1097 4240 Gildbnem
1149 4186 1298 4240 illum
1345 4188 1396 4240 in
1424 4186 1603 4242 Africa
1639 4199 1725 4257 ty-

112 4292 360 4332 ranuum
389 4284 444 4332 et
479 4276 746 4332 latronem
775 4319 790 4342 ,
832 4276 994 4333 talem
1022 4287 1079 4332 et
1109 4279 1438 4349 Augustinus
1466 4278 1724 4348 Optatum

112 4371 420 4442 quemdam
437 4371 796 4439 Donatistam,
821 4371 940 4443 ejus
964 4372 1452 4443 satellitem,quem
1482 4381 1727 4443 propter-

111 4481 177 4521 ea
234 4465 563 4537 plerumque
584 4462 967 4520 Gildouianum
995 4474 1171 4520 vocat.
1206 4465 1402 4520 Verum
1423 4465 1527 4521 etsi
1555 4466 1719 4521 inter-

1834 3347 2075 3404 Uticensi
2103 3345 2272 3402 fuisse
2302 3344 2504 3401 Hirtius
2536 3346 2758 3401 scribat.

1905 3441 2132 3512 Reliqua
2161 3440 2229 3496 de
2249 3440 2445 3512 Optato
2471 3448 2526 3515 et
2555 3440 2768 3495 Victore
2796 3456 2861 3495 ex
2891 3440 3090 3503 nostris
3114 3436 3312 3497 deinde
3336 3456 3432 3497 an-

1834 3534 2204 3589 notationibus
2253 3544 2523 3604 petantur.
2579 3534 2749 3601 Quam
2800 3546 2977 3590 autem
3028 3536 3213 3604 priori
3244 3534 3429 3606 Optati

1836 3626 2060 3682 editioni
2089 3634 2214 3682 ante
2244 3641 2536 3697 sexannos
2566 3626 2898 3697 prmtixeram
2930 3628 3194 3697 prolixam
3238 3629 3432 3697 praera-

1833 3722 2037 3777 tionem
2061 3765 2075 3787 ,
2107 3738 2214 3777 non
2245 3722 2312 3777 de
2338 3720 2535 3789 Optato
2560 3720 2747 3786 modo,
2782 3716 2878 3776 sed
2908 3730 2962 3776 ct
2990 3722 3059 3777 de
3088 3722 3275 3776 multis
3306 3723 3430 3777 aliis

1834 3818 2098 3888 capitibus
2130 3832 2307 3871 rerum
2334 3815 2862 3880 Ecelesiasticarum,
2894 3814 2962 3869 de
2989 3816 3188 3885 quibus
3215 3824 3273 3870 ut
3306 3827 3430 3872 tunc

1834 3925 2048 3981 agerem
2070 3954 2086 3976 ,
2127 3910 2349 3980 cogebat
2383 3914 2467 3965 me
2493 3909 2732 3964 conditio
2761 3907 2881 3979 ejus
2906 3909 3274 3964 contentionis
3299 3951 3312 3976 ,
3358 3909 3429 3965 ad

1832 4019 1992 4075 quam
2018 4006 2103 4059 vel
2134 4005 2331 4059 invitus
2361 4011 2659 4073 pertractus
2690 4017 2839 4058 eram
2865 4045 2879 4067 ,
2934 4012 2988 4057 et
3032 4002 3284 4058 acerrimi
3316 4004 3429 4067 Ead-

1832 4096 2063 4151 versarii
2087 4111 2207 4152 cum
2246 4112 2354 4167 quo
2377 4095 2509 4149 mihi
2541 4110 2628 4150 res
2658 4102 2819 4159 erat,
2864 4092 3152 4150 refellendi
3180 4094 3427 4164 quaedam

1835 4188 2168 4244 necessitas:
2211 4202 2353 4251 eam,
2390 4186 2628 4256 inquam,
2667 4184 3129 4240 vehementiorem
3159 4185 3429 4256 przefatio-

1833 4296 1957 4337 nem
1988 4281 2038 4335 in
2068 4281 2167 4335 hac
2198 4279 2436 4336 editione
2466 4278 2614 4335 nolui
2645 4277 2905 4335 inculcari
2935 4295 2947 4331 :
2994 4292 3151 4349 quam
3181 4280 3313 4335 satis
3340 4294 3429 4334 su—

1833 4389 2036 4445 perque
2064 4384 2145 4430 est
2174 4374 2373 4430 editam
2401 4388 2503 4428 suo
2529 4384 2773 4444 tempore
2801 4370 2968 4428 semel
2996 4370 3182 4430 fuisse.

1904 4464 2122 4521 Lutetia:
2153 4464 2495 4533 Parisiorum,
2531 4464 2671 4522 Idib.
2702 4463 2881 4520 Martii
2911 4462 3070 4520 1569.

187 4601 277 4674 (1)
312 4600 470 4655 Errat
514 4599 601 4654 hic
624 4592 777 4655 Bald.
810 4598 997 4655 Victor
1024 4602 1169 4656 enim
1202 4602 1293 4657 ille
1332 4616 1437 4657 non
1468 4602 1566 4657 fuit
1594 4601 1889 4672 Uticensis,
1924 4603 2018 4659 sed
2052 4601 2314 4658 Vitensis.

122 4732 2650 4752 sng

1095 4832 2490 4979 ANNOTATIONES

559 5030 677 5113 IN
755 5030 1216 5118 SEPTEM
1288 5034 1705 5121 LIBROS
1783 5036 2215 5121 OPTATI
2288 5032 2989 5118 MILEVITANI

908 5190 990 5248 Ea:
1019 5189 1120 5248 Fr.
1148 5190 1397 5250 Balduini
1419 5194 1517 5252 lC.
1552 5196 1939 5279 Commentariis
1959 5213 2129 5253 rerum
2162 5194 2655 5250 Ecclesiastimrum.

1470 5335 2117 5367 ——-IG——-—

591 5421 659 5481 IN
698 5421 957 5482 LIBRUM
995 5424 1284 5482 PRIMUM.

185 5572 335 5644 Pag.
397 5570 450 5626 l.
489 5568 562 5627 Ut
611 5568 867 5625 Donatum
910 5567 1394 5644 Carthaginensem
1429 5570 1725 5644 antistitem

106 5640 543 5701 Dona'tistarum
604 5644 767 5695 multa
819 5640 1104 5709 scripsisse
1152 5642 1215 5695 ad
1270 5658 1422 5696 suam
1480 5642 1727 5697 [heresim

106 5716 727 5788 pertinentiatestatur
758 5713 1200 5788 Hieronymusjn
1230 5714 1402 5788 Catal.
1438 5720 1512 5768 el'
1537 5713 1728 5788 eodem

106 5782 385 5857 tempore
426 5782 702 5857 Vitellium
749 5782 1086 5857 Atrumgejus
1121 5782 1366 5857 factionis
1404 5785 1728 5857 acerrimum

104 5852 487 5916 defensorem
511 5852 676 5911 fuisse
713 5855 899 5913 scribit
932 5855 1243 5912 Gennadius
1267 5872 1281 5909 :
1309 5856 1386 5911 sic
1425 5864 1481 5913 ct
1507 5855 1729 5911 Parme-

1758 5422 1812 5484 D
1839 5425 2050 5487 nianus,
2077 5424 2165 5491 qui
2196 5423 2272 5479 illi
2307 5424 2516 5479 Donato
2545 5426 2829 5491 successit,
2859 5441 3009 5482 suam
3054 5437 3257 5483 sectam
3286 5431 3427 5485 mul-

1839 5498 1905 5570 tis
1936 5495 2133 5570 libellis
2175 5496 2426 5570 armavit.
2458 5495 2668 5552 Interea
2714 5508 2892 5553 tamen
2938 5500 3120 5554 nescio
3158 5503 3430 5570 quomodo

1832 5566 2095 5623 Catholici
2124 5568 2178 5622 in
2222 5568 2400 5623 Africa
2437 5584 2603 5637 prope
2648 5570 2777 5622 muti
2811 5580 2965 5624 erant
2994 5587 3008 5623 :
3039 5566 3190 5626 certe
3215 5573 3429 5627 libellus

1832 5653 1960 5695 suos
2003 5655 2106 5713 non
2138 5640 2523 5713 apponebant.
2548 5640 2652 5694 Sed
2684 5640 2903 5713 tandem
2943 5644 2996 5694 iu
3043 5642 3285 5713 Numidia
3319 5644 3428 5713 0p-

1836 5722 1977 5782 tatus
2013 5711 2299 5782 episcopus
2351 5708 2891 5782 Milevilauusccepit
2938 5712 3289 5775 restiondere.
3352 5708 3429 5770 ite

1831 5780 2049 5850 quidem
2098 5780 2409 5839 existimavi
2458 5781 2750 5852 aliquando
2794 5782 2958 5838 hosce
3007 5784 3187 5850 Optati
3241 5796 3429 5840 contra

1835 5844 2256 5913 Partttcuianum
2280 5856 2448 5915 libros
2471 5844 2706 5923 scriptos
2726 5844 2917 5923 fuisse,
2944 5844 3133 5913 contra
3158 5871 3278 5914 eam
3301 5858 3432 5913 Par-
