3828 6218
415 164 550 220 1139

1556 168 1593 220 Λ
1606 165 1824 222 ΝΝΟΤΑ
1836 167 2080 222 TIONES
2123 168 2444 225 B\LDUlNI

3564 170 3618 224 ii
3639 168 3691 223 ιιι

489 282 709 354 Possem
737 290 789 354 et
841 281 938 334 hoc
980 281 1099 332 loco
1130 279 1275 347 leges
1303 280 1370 354 de
1400 282 1829 354 receptatoribus
1868 285 1999 336 alle-
2031 286 2081 343 A
2109 286 2173 337 rii
2198 294 2351 336 vetus
2374 286 2728 354 paticgyricns
2758 286 2853 347 ait,
2873 288 3195 341 Maxentium
3219 284 3690 340 exliattsisseAt’ri-

416 368 573 422 gare,
617 353 702 406 ubi
743 350 967 419 Optatus
1011 359 1215 422 narrat,
1245 351 1371 422 quid
1422 351 1692 405 Mensnrio
1731 360 2001 419 tamquam

419 421 734 493 receptatori
766 434 1023 493 tyrannus
1045 421 1395 476 denuntiarit.
1428 423 1535 477 Sed
1566 423 1694 476 illud
1726 424 1888 477 modo
1910 425 2004 477 ad-

410 494 589 564 jiciam
616 534 631 558 ,
659 493 801 563 quod
832 493 1190 563 Hieronymus
1218 493 1272 548 in
1313 494 1570 548 chronico
1622 510 1720 548 suo
1745 503 1966 549 annotat
1986 536 2001 561 ,

416 565 795 636 presbyterum
832 563 1014 621 Sirmii
1036 566 1371 634 iniquissime
1388 566 1625 621 occisum
1652 567 1835 630 fuisse,
1859 571 2003 636 quod

415 634 765 709 Octavianum
788 636 1163 709 proconsulem
1185 638 1323 706 apud
1355 654 1413 693 se
1454 637 1750 692 latitantem
1775 634 2009 709 prodere

418 708 681 764 noluisset
705 749 721 770 .
752 706 897 763 anno
926 706 1131 763 Christi
1178 710 1559 765 trecentesimo
1608 706 2005 780 septuagesimo

341 832 347 838 .
415 789 593 843 sexto,
627 779 729 836 hoc
759 789 865 846 est,
898 792 1140 849 tempore
1171 781 1339 835 nostri
1360 780 1558 846 Optati.
1635 841 1639 843 λ

487 850 617 920 Pag.
654 852 719 906 i7
748 862 805 907 et
832 852 916 907 i8.
949 850 1219 906 Prmtereo
1250 855 1413 906 multa
1458 869 1578 922 qua:
1604 851 1656 906 in
1688 851 1792 906 hoc
1814 851 2000 920 Optati

416 921 555 977 libro
593 933 888 981 occurrunt
918 924 1144 991 vestigia
1187 922 1524 992 antiquitatis
1558 924 1954 978 Ecclesiasticas
1989 942 2001 977 :

416 994 581 1049 veluti
611 994 755 1065 quod
787 995 839 1050 in
872 1012 938 1050 eo
967 996 1225 1061 scriptum
1260 994 1459 1050 deinde
1490 1005 1603 1059 est,
1636 995 2005 1050 Ecclesiarum

421 1066 476 1119 in
525 1065 737 1132 Africa,
775 1078 1017 1136 tempore
1058 1065 1345 1132 Maxentii,
1393 1065 1567 1125 fuisse
1607 1066 2003 1135 quamplurima

418 1137 513 1209 (ut
540 1137 736 1209 vocat)
762 1145 1075 1209 ornamenta
1114 1152 1178 1191 ex
1216 1152 1347 1191 auro
1377 1148 1432 1191 et
1470 1147 1694 1205 argento
1724 1155 1735 1188 :
1762 1137 1921 1209 sicuti
1951 1146 2005 1191 et

419 1208 516 1262 lib.
567 1224 624 1262 ιιι
664 1206 845 1263 laudat
871 1212 1000 1275 imp.
1028 1209 1401 1271 Constantem,’
1423 1208 1512 1276 qui
1542 1223 1661 1262 cum
1687 1209 1737 1261 in
1766 1206 2000 1277 Africam

420 1279 658 1333 mitteret
688 1281 1068 1347 eleemosynas
1095 1278 1445 1347 pauperibus,
1476 1280 1635 1332 simul
1668 1279 1877 1333 miserit
1905 1279 2004 1332 do-

419 1350 594 1404 mibus
620 1349 719 1405 Dei
748 1350 838 1420 (ut
867 1348 1138 1421 loquitur)
1165 1360 1503 1421 ornamenta.
1538 1350 1795 1419 Intelligit
1820 1358 1999 1421 autem

418 1436 543 1475 vasa
566 1431 620 1477 et
650 1423 965 1477 vestimenta
997 1431 1051 1475 et
1072 1420 1340 1490 ejusmodi
1361 1420 1586 1475 donaria
1605 1462 1619 1487 ,
1648 1436 1768 1490 qnze
1796 1420 1864 1474 ad
1896 1421 1999 1474 mi-

420 1492 707 1548 niSIerium
737 1493 831 1549 Dei
855 1492 1352 1560 consecrabantur,
1401 1501 1460 1547 ut
1506 1493 1582 1546 ait
1612 1499 1797 1547 noster
1834 1491 2003 1546 Justi—

420 1563 649 1636 nianus,
684 1563 713 1636 ᾗ
744 1579 935 1626 sacrae.
981 1564 1051 1636 de
1079 1563 1395 1636 iier.idivis.
1426 1573 1481 1618 et
1506 1564 1570 1619 L.
1593 1563 1894 1636 sancimus.
1922 1562 1996 1636 β.

418 1633 487 1688 dc
513 1633 717 1691 sacros.
742 1636 948 1691 Eccles.
981 1634 1072 1691 Sic
1099 1635 1566 1700 etTheodoretns,
1592 1634 1685 1689 lib.
1713 1650 1791 1699 tn,
1825 1650 1874 1689 c.
1910 1635 2000 1699 i2,

425 1716 609 1761 narrat
645 1708 780 1777 Imp.
812 1706 1188 1762 Constantium
1220 1707 1482 1761 Ecclesiae
1504 1705 1858 1761 Antiochente
1900 1706 2000 1760 do-

422 1791 581 1831 nasse
609 1780 838 1848 plurima
871 1778 1029 1848 hujus
1057 1779 1296 1847 generis,
1330 1786 1439 1831 tam
1469 1778 1726 1848 pretiosa,
1759 1787 1816 1832 ut
1840 1778 2004 1847 paulo

424 1858 543 1916 post
570 1849 769 1918 impius
798 1860 852 1905 et
886 1850 1182 1917 sacrilegus
1206 1858 1446 1916 quaestor
1484 1848 1684 1904 .Inliani
1708 1890 1721 1912 ,
1762 1864 1881 1903 cum
1914 1848 2003 1903 illa

419 1929 655 1988 raperet,
683 1921 876 1990 qntein
905 1919 1095 1974 iiscum
1137 1921 1438 1988 redigeret,
1480 1918 1709 1974 irridens
1740 1930 1794 1975 et
1834 1919 2007 1973 insul-

421 1998 542 2044 tans
565 1993 889 2045 exclamarit
916 2010 929 2045 :
956 2007 1016 2044 en
1043 1992 1224 2061 quibus
1247 1993 1381 2045 vasis
1402 1991 1724 2044 ministratur
1748 1990 1861 2061 ﬁlio
1891 1990 2008 2044 Ma-

420 2062 531 2115 riae.
568 2062 675 2117 Sed
708 2064 898 2117 mirum
941 2064 1109 2132 magis
1145 2070 1260 2128 est,
1293 2062 1433 2132 quod
1477 2062 1706 2130 Optatos
1744 2062 2009 2132 significat

425 2133 551 2187 taiia
574 2135 738 2188 etiam
761 2134 928 2190 fuisse
953 2134 1006 2187 in
1036 2133 1301 2188 Africanis
1325 2135 1604 2195 ecclesiis,
1630 2148 1735 2203 quo
1760 2139 2008 2203 tempore
2050 2178 2053 2179 ν

423 2204 641 2276 alioqui
660 2204 902 2260 Ecclesia
928 2205 1029 2259 sub
1062 2205 1241 2276 impiis
1270 2204 1516 2276 tyrannis
1546 2202 1743 2259 afflicta
1772 2202 2006 2276 jacebat.

422 2273 514 2347 Sic
535 2273 589 2329 et
617 2275 1101 2347 Augustinustlib.
1131 2273 1189 2330 tu
1228 2273 1414 2331 contra
1443 2274 1680 2330 Crescon
1705 2317 1720 2341 ,
1750 2273 1972 2347 c’ap.729
1993 2316 2010 2338 ,

423 2346 647 2412 indicat,
679 2356 926 2413 tempore
976 2346 1327 2414 Diocletiani,
1355 2358 1408 2402 et
1437 2347 1829 2416 persecutionis
1852 2346 1919 2400 ab
1944 2360 2011 2401 eo

422 2417 711 2477 excitat-.e.
760 2417 1083 2474 Cirtensem.
1115 2417 1413 2475 Ecclesiam
1462 2419 1857 2473 Donatistarum
1910 2418 2010 2471 ha-

425 2489 607 2543 buisse
634 2490 835 2545 calices
871 2489 1009 2544 duos
1036 2504 1264 2556 aureos,
1296 2496 1352 2545 et
1373 2504 1467 2545 sex
1489 2498 1807 2560 argenteos,
1840 2496 1894 2544 et
1910 2484 2010 2560 ilu-

424 2575 643 2638 cernam
670 2570 1004 2638 argenteam.
1037 2560 1183 2638 Illud
1207 2577 1351 2638 nunc
1374 2561 1516 2638 addo
1547 2559 1707 2615 tcum
1735 2560 1870 2631 Imp.
1902 2559 2017 2615 Leo

427 2631 550 2700 lege
599 2632 703 2685 luta
757 2632 1122 2700 prohibuisset
1169 2631 1237 2687 ne
1265 2634 1385 2703 quis
1416 2633 1655 2702 privatus
1702 2648 1766 2687 ex
1795 2647 1929 2686 auro
1958 2642 2014 2687 et

427 2703 974 2775 argeiitthonﬂceret
1016 2705 1163 2775 regia
1206 2702 1523 2759 ornamenta
1546 2746 1561 2769 ,
1606 2705 1663 2775 μ.
1696 2720 1743 2768 ι,
1790 2702 1851 2758 C.
1882 2703 2014 2757 nulli

432 2774 523 2846 lic.
558 2775 607 2827 in
640 2773 1051 2845 Fren.,.pns’tea
1084 2773 1224 2830 alter
1251 2776 1382 2846 imp.
1407 2777 1541 2842 Leo,
1574 2773 1709 2830 Nov.
1737 2776 2015 2839 ιιιιιι,εἰο

428 2844 575 2899 illam
600 2847 767 2916 legem
794 2844 1178 2916 interpretatus
1198 2861 1282 2902 est
1298 2890 1311 2911 ,
1334 2844 1404 2901 'ut
1425 2849 1646 2915 privatis
1670 2846 2013 2901 interdictum

432 2931 537 2969 non
562 2932 682 2971 esse
708 2920 1049 2987 confectione
1084 2932 1375 2973 aureorum
1411 2932 1660 2973 vasorum
1691 2933 1966 2972 sacrorum
1995 2958 2009 2981 ,

430 3003 621 3042 omnes
658 2989 1041 3059 intelligerent.
1076 2987 1157 3043 Ne
1181 2992 1301 3057 quis
1344 2999 1523 3044 autem
1555 2990 1863 3054 existimet,
1893 3004 2011 3043 am-

2109 368 2228 426 cam
2250 370 2458 426 ,rquam
2493 356 2676 410 delere
2716 368 3007 420 statuerat,
3036 370 3091 412 et
3127 370 3413 426 propterea
3454 357 3570 424 ejus
3599 358 3684 410 de-

2109 423 2293 477 bellati
2326 424 2559 493 cmsique
2604 438 2767 491 caput
2814 429 2909 481 abs
2955 423 3314 482 Constantino
3374 423 3595 481 missum
3642 429 3687 480 in

2109 493 2345 549 Africam
2374 494 2541 549 fui~se
2573 514 2586 549 :
2621 499 2687 552 ad
2716 498 2967 623 eamfﬁnt
2997 501 3201 568 inquit)
3228 497 3687 568 permulcendam,

2109 574 2167 620 nt
2189 581 2349 623 quam
2378 567 2610 621 maxime
2633 571 2791 623 vivus
2813 586 2837 620 ει
2908 571 3075 623 ixerat
3096 611 3110 623 .
3146 570 3413 623 laceratus
3434 570 3685 623 exnleret.

2109 574 2167 620 nt
2189 581 2349 635 quam
2378 567 2610 621 maxime
2633 571 2791 623 vivus
2813 567 3075 624 amiserat
3096 611 3110 635 ,
3146 567 3413 625 laceratus
3434 570 3685 637 expleret.

2109 637 2176 691 iit
2201 654 2330 692 vero
2360 653 2519 708 quam
2547 637 2775 709 Optatus
2799 642 2871 695 ait
2906 642 2973 694 ab
3011 656 3076 695 eo
3109 642 3329 695 missam
3366 654 3491 696 esse
3518 641 3688 694 indul-

2144 709 2341 764 entiam
2398 709 2463 764 ad
2522 710 2822 767 libertatem
2872 711 3196 767 Christianis
3254 712 3679 776 restituendam,

2135 782 2275 852 uisse
2333 782 2547 836 inanem
2622 784 2900 852 cujusdam
2946 784 3252 838 clementia:
3297 784 3684 839 simulationem

2108 851 2225 905 sine
2248 868 2325 916 re,
2354 851 2764 926 indeconjicio.
2797 856 2939 923 quod
2967 856 3064 926 ipsi
3098 855 3416 917 Donatistm.
3450 870 3570 909 cum
3593 872 3679 910 ne-

2107 933 2299 992 garent
2340 923 2689 979 Cmrilianum
2742 924 2905 981 fuisse
2951 923 3295 991 ordinatum,
3335 928 3687 981 causabantur

2111 1010 2216 1068 non
2248 997 2510 1068 potuisse,
2539 998 2662 1065 quia
2690 1006 2931 1068 tempore
2959 1000 3349 1065 persecutionis
3380 1014 3486 1051 non
3512 998 3687 1053 l’oissct

2108 1065 2337 1189 iiberum
2361 1066 2642 1138 Episcopis
2664 1065 2974 1133 convenire,
3006 1078 3063 1124 ut
3092 1069 3257 1125 refert
3283 1069 3611 1142 Augustinus
3637 1073 3684 1125 iu

2156 1152 2319 1189 revtc.

2156 1152 2319 1191 revrc.

2180 1206 2315 1283 Ibid.
2348 1207 2491 1283 Nihil
2522 1223 2686 1277 porro
2724 1210 2972 1283 estquod
3023 1211 3327 1283 hmrcamus
3376 1212 3429 1265 in
3476 1213 3539 1267 iis
3576 1229 3686 1283 qua:

2105 1276 2301 1332 deinde
2350 1276 2577 1347 Optatus
2626 1290 2811 1334 narrat
2841 1276 2908 1335 de
2939 1282 3102 1336 Botro
3130 1294 3182 1336 et
3215 1282 3470 1337 (Ielesio:
3509 1284 3555 1339 si
3583 1276 3685 1339 obi-

2106 1357 2188 1401 ter
2242 1349 2577 1405 admonuero
2604 1365 2724 1406 eam
2754 1358 3116 1409 narrationem
3149 1354 3304 1409 valde
3335 1354 3588 1415 illustrari
3625 1356 3685 1409 ab

2104 1419 2428 1495 Augustino,
2455 1420 2597 1495 iib._t
2625 1430 2814 1476 contra
2840 1422 2991 1493 Epist
3064 1425 3316 1481 Parmen.
3352 1441 3472 1495 cap.
3503 1427 3556 1483 5.
3587 1427 3681 1483 Sed

2105 1490 2250 1563 quod
2283 1491 2496 1547 tandem
2537 1491 2771 1563 Optatus
2806 1490 2916 1559 ait,
2956 1496 3127 1550 altare
3178 1506 3369 1551 contra
3423 1490 3592 1553 altare
3637 1504 3680 1553 in

2106 1560 2285 1616 Africa
2318 1574 2443 1617 tunc
2480 1560 2721 1639 erectum
2755 1562 2921 1639 fuisse
2942 1608 2956 1630 ,
2993 1567 3213 1637 dignum
3246 1578 3329 1622 est
3358 1568 3503 1637 quod
3530 1571 3681 1639 magis

2108 1648 2462 1708 exponamus.
2490 1633 2843 1708 ngmtinus,
2872 1638 2965 1708 lib.
2996 1654 3031 1694 It
3054 1633 3245 1693 contra
3267 1633 3458 1694 Cresc.
3488 1633 3675 1708 capi,

2108 1706 2186 1779 ait
2214 1706 2472 1779 majorem
2505 1705 2771 1779 Donatum
2804 1722 2832 1759 a
2858 1706 3010 1763 Casis
3057 1709 3473 1779 nigris,'altare
3511 1705 3678 1766 contra

2109 1778 2279 1831 altare
2298 1780 2348 1830 in
2366 1776 2503 1848 urbe
2527 1777 2933 1847 Carthaginensi
2952 1776 3181 1848 primum
3206 1776 3483 1834 erexisse:
3502 1782 3679 1835 deinde

2110 1848 2339 1921 alterum
2363 1847 2651 1914 Donatum,
2674 1865 2868 1918 nempe
2891 1847 3399 1921 Gartltaginensem,
3429 1855 3565 1906 hanc
3584 1853 3679 1907 ha:-

2111 1918 2275 1973 resim
2307 1920 2539 1975 inaxime
2568 1922 2875 1976 roborasse.

2184 1989 2349 2063 Idem,
2385 1991 2445 2063 in,
2469 1992 2629 2059 epist.
2678 2008 2873 2060 CLXXI,
2902 1992 3146 2050 indicans
3171 1993 3299 2063 quid
3334 1994 3468 2051 illud
3498 1993 3675 2055 fuerit,

2117 2060 2225 2134 ait,
2258 2062 2565 2116 Donatistas
2595 2064 2903 2132 episcopum
2933 2072 3123 2120 c0ntra
3146 2060 3462 2134 episcOpum
3486 2065 3679 2121 ordina-

2114 2131 2255 2185 visse
2279 2177 2292 2200 ,
2335 2142 2388 2187 et
2430 2134 2599 2206 altare
2627 2131 2814 2188 contra
2846 2135 3018 2191 altare
3046 2131 3308 2191 erexiSSe.
3340 2131 3410 2192 Et
3448 2138 3501 2192 in
3536 2137 3672 2206 epist.

2112 2216 2297 2277 cun,
2348 2205 2538 2277 scribit
2584 2221 2677 2259 eos
2716 2206 3019 2261 schismatis
3066 2218 3348 2277 propterea
3380 2224 3533 2272 reos,
3567 2205 3675 2262 hor-

2116 2275 2314 2349 rendo‘
2334 2276 2543 2349 scelere
2570 2277 2728 2331 levati
2759 2280 2851 2346 (ut
2882 2275 3150 2349 loquitur)
3170 2275 3365 2335 altaris
3405 2278 3676 2349 maculatos

2114 2359 2268 2423 esse:
2291 2345 2399 2423 $ed
2430 2346 2826 2423 observandum
2857 2345 2970 2423 est,
2999 2345 3325 2423 Cyprianum
3365 2351 3533 2406 multo
3571 2346 3675 2403 ante

2117 2416 2169 2469 in
2197 2416 2378 2471 Africa
2400 2416 2705 2487 scripsisse,
2731 2416 3060 2475 Novatianos
3085 2416 3336 2476 erexisse
3367 2424 3536 2477 altare
3563 2435 3673 2475 σου·

2117 2495 2197 2541 tra
2223 2489 2424 2553 altare,
2457 2504 2577 2543 cum
2613 2491 2692 2543 sui
2730 2491 3039 2546 schismatis
3068 2502 3122 2546 et
3161 2492 3229 2545 ab
3258 2493 3497 2550 Eeclesia
3520 2492 3675 2546 defec-

2117 2559 2281 2633 tionis
2315 2561 2478 2633 vﬁeluti
2510 2562 2721 2630 signum
2756 2562 2847 2632 (ut
2876 2562 2947 2615 ita
2974 2562 3185 2633 dicam)
3211 2564 3560 2619 sustulerunt.
3588 2561 3675 2615 Cu-

2113 2630 2208 2705 jus
2233 2632 2450 2705 quidem
2478 2630 2803 2705 schismatis
2831 2634 3033 2689 crimen
3065 2630 3223 2688 etiam
3251 2636 3344 2690 ille
3370 2642 3672 2705 exaggerat,

2117 2710 2176 2755 ut
2199 2701 2300 2757 huc
2323 2704 2440 2757 loco
2466 2703 2691 2772 Optatus
2720 2704 2771 2758 in
2804 2705 3110 2771 Donatistis,
3137 2713 3191 2760 et
3224 2701 3547 2774 Augustinus
3571 2720 3673 2758 eunt

2118 2785 2335 2828 secutus
2381 2776 2432 2828 in
2464 2776 2621 2843 epist.
2656 2790 2821 2830 cun.
2852 2776 2961 2830 imo
2983 2792 3111 2831 vero
3140 2777 3237 2845 ipsi
3264 2791 3478 2845 queque
3522 2778 3673 2829 Dona-

2118 2847 2281 2934 tista},
2312 2846 2455 2934 quod
2485 2848 2547 2927 iis
2570 2845 3100 2934 thalus‘propterea‘
3122 2847 3402 2934 .objecerat
3423 2849 3488 2931 de
3506 2863 3673 2934 exem-

2118 2918 2206 2989 plo
2232 2926 2284 2970 et
2316 2916 2538 2971 historia
2568 2918 2734 2971 Datan
2756 2960 2769 2983 ,
2797 2916 2952 2972 Corm
2990 2932 3044 2972 et
3072 2916 3315 2989 Ahyron,
3347 2920 3570 2973 vicissim
3593 2919 3675 2970 oi:-

2114 2987 2367 3059 jccernnt
2414 2989 2466 3041 in
2514 3003 2613 3042 suo
2642 2990 2871 3043 concilio
2923 2987 3203 3058 Bagaietisi
3249 2990 3381 3059 ipsis
3428 2990 3676 3045 Maximia-

433 3060 642 3133 hitiosm
672 3052 1270 3129 modo'superstitionis
1319 3062 1518 3125 fuisse,
1554 3060 1698 3129 quod
1741 3052 1864 3113 talia
1901 3062 2013 3115 fue-
2039 3052 2084 3115 C
2116 3052 2306 3125 histis,
2331 3060 2420 3128 qui
2449 3060 2515 3113 ab
2540 3062 2668 3127 ipsis
2693 3060 2874 3133 aliquo
2907 3052 3066 3115 modo
3096 3052 3411 3133 defecerant
3438 3072 3490 3115 et
3518 3076 3675 3114 seres-

432 3132 535 3183 rint
562 3133 613 3185 in
646 3133 897 3187 Ecclesia:
928 3133 1219 3195 thesauris,
1245 3134 1380 3187 sciat
1404 3133 1490 3185 ubi
1523 3133 1821 3185 necessitas
1844 3139 1899 3184 et
1927 3134 2011 3199 pia

432 3217 592 3255 causa
629 3219 922 3273 pauperum
964 3205 1279 3257 alendorum
1324 3203 1664 3273 postulabat,
1705 3201 1861 3255 facile
1894 3202 2011 3273 disr-

432 3281 598 3349 tracti
636 3272 820 3349 fuisse.
854 3275 909 3329 Id
946 3275 1198 3349 Atnbros.
1230 3272 1712 3349 proiixe‘ostoudit
1738 3275 1831 3349 lib.
1858 3272 2014 3333 ιι,οΐ-

432 3344 520 3398 iic.
551 3359 670 3413 cap.
702 3346 793 3413 28,
817 3354 870 3401 et
900 3346 1045 3413 quod
1075 3347 1124 3400 in
1157 3343 1532 3401 Ecclesiastica
1565 3343 2013 3398 historianarra-

435 3425 521 3500 tur
547 3417 613 3500 de
646 3415 848 3500 Cyrillo
879 3418 1369 3500 il-ierosolymitano
1407 3427 1461 3471 et
1493 3416 1690 3499 Acacio
1728 3417 2007 3500 episcopo.

433 3486 547 3540 Iino
574 3488 657 3542 lex
689 3485 858 3557 ipsius
897 3485 1210 3553 Justinianl,
1242 3488 1299 3542 d.
1332 3488 1390 3542 L.
1426 3487 1717 3540 sancimus.
1756 3487 1868 3541 Non
1902 3485 2012 3541 ta'm

435 3566 491 3611 ut
516 3560 901 3626 grammaticis.
933 3574 1091 3628 quam
1122 3570 1182 3613 ut
1217 3560 1354 3629 juris
1399 3557 1655 3629 studiosis
1699 3559 2009 3628 gratiﬁcer,

433 3629 608 3682 obiter
635 3630 720 3685 hic
745 3633 907 3685 etiam
934 3631 1229 3696 annotabo,
1258 3633 1325 3683 ab
1346 3630 1542 3699 Optato
1569 3631 1747 3683 vocari
1779 3644 2012 3683 Cttlllltlc-

438 3706 814 3772 moratorium,
855 3716 1011 3771 quem
1060 3702 1220 3770 paulo
1264 3712 1383 3772 post
1421 3703 1637 3755 brevem
1672 3707 1845 3754 vocat.
1884 3700 2015 3753 Ver-

436 3771 560 3823 bum
586 3770 725 3842 juris
748 3770 1280 3842 est.’signilicatqne'
1310 3773 1547 3826 libellum
1567 3813 1581 3832 .
1613 3772 2011 3841 syngrapham,

438 3848 529 3893 aut
569 3841 986 3911 chirographum
1011 3884 1024 3905 ,
1059 3858 1229 3909 eoque
1260 3843 1422 3896 etiam
1466 3856 1595 3895 usus
1623 3853 1705 3896 est
1747 3842 2013 3896 Constan-

439 3913 584 3965 tinns
608 3913 660 3965 in
684 3915 909 3979 epistola
938 3914 1003 3966 ad
1031 3914 1400 3975 (lmciliannm,
1432 3913 1571 3981 apud
1611 3914 1806 3966 Euseb.
1843 3914 1934 3966 lib.
1965 3929 2016 3968 tv

441 3982 508 4035 de
537 3981 656 4053 Vita
681 3981 1069 4038 Cunstant.Sic
1092 3995 1147 4037 et
1169 3984 1220 4036 in
1250 3985 1477 4053 quadam
1506 3983 1647 4053 (qum
1669 3982 1847 4051 Optati
1877 3991 2020 4037 tem-

443 4067 574 4121 pore
596 4051 737 4107 edita
769 4054 884 4122 est)
912 4051 1298 4107 constitutione
1334 4056 1462 4120 imp.
1502 4051 1740 4108 Valentis
1791 4056 2019 4123 legimus

444 4123 902 4178 inter'chartulas
931 4124 1209 4190 cujusdam
1256 4124 1531 4177 contiscati
1574 4124 1790 4193 brevem
1836 4140 2014 4193 quem-

441 4194 565 4247 dam
607 4193 889 4249 inventum
930 4210 1073 4249 esse.
1120 4194 1179 4247 L.
1214 4195 1309 4247 ult.
1354 4192 1418 4249 C.
1447 4194 1513 4247 de
1556 4192 1685 4247 Jure
1715 4192 2007 4257 ﬁsci,addt

443 4265 564 4329 L.t,
588 4264 649 4318 (Σ.
677 4266 745 4321 de
772 4266 981 4335 Apoclt.
1016 4266 1179 4335 publ.‘
1208 4276 1260 4318 et
1289 4264 1349 4318 L.
1379 4263 1531 4319 il’i'C.
1562 4264 1663 4317 Th.
1716 4265 1783 4316 de
1811 4263 2018 4335 Indttlg.

443 4337 680 4390 debitor.
1125 4370 1131 4376 ~

2117 3141 2301 3184 serant
2324 3172 2337 3193 ,
2366 3134 2611 3200 quamvis
2655 3131 2719 3184 ad
2751 3131 3047 3186 ECcleslam
3091 3132 3424 3189 Catholicam
3473 3147 3569 3186 ηοιι
3597 3146 3670 3183 re-

2116 3201 2365 3326 diissesqgt,
2386 3211 2441 3254 ut
2458 3204 2999 3273 narrat'Augustinus,
3023 3203 3115 3257 lib.
3136 3212 3398 3279 utcontra
3418 3202 3671 3264 Crescon..

2116 3286 2235 3326 can.
2344 3313 2356 3325 .

2116 3286 2235 3340 cap.
2264 3274 2356 3327 55.
3226 3274 3229 3279 ’

2190 3343 2317 3412 Pag.
2370 3343 2455 3398 i8.
2488 3343 2603 3398 Non
2652 3355 2734 3399 est
2784 3345 3216 3413 prteterenndum
3272 3344 3413 3413 quod
3458 3346 3673 3413 sequitur

2117 3414 2257 3483 apud
2287 3414 2540 3483 Optatum
2572 3432 2583 3467 :
2606 3416 2790 3468 iterum
2811 3433 2841 3468 a
2869 3414 3146 3472 Cteciliano
3183 3416 3481 3468 mandatum
3506 3424 3599 3477 est,
3626 3425 3670 3466 ut

2116 3486 2169 3558 si
2205 3482 2358 3539 Felix
2400 3487 2452 3538 in
2482 3502 2536 3558 se
2564 3486 2693 3539 nihil
2731 3487 3065 3558 contulisset,
3108 3488 3209 3558 ipsi
3234 3488 3403 3540 adhuc
3442 3497 3669 3555 tamquam

2117 3556 2391 3629 diaconum
2415 3556 3111 3629 ordinarentﬁwﬁlianum.
3130 3556 3247 3611 ilic
3274 3559 3423 3611 locus
3452 3558 3535 3629 ille
3569 3570 3671 3609 esse

2116 3627 2330 3680 videtur
2351 3668 2365 3685 .
2398 3642 2555 3696 quem
2612 3628 2903 3681 Donatista:
2928 3670 2942 3691 ,
2971 3629 3147 3682 obtusi
3196 3631 3438 3698 profecm
3480 3636 3527 3681 et
3555 3630 3665 3698 aridi

2117 3700 2568 3759 calumniatores,
2615 3702 2702 3767 qui
2733 3699 2782 3751 in
2814 3699 2991 3764 Oplaii
3025 3699 3172 3752 libris
3198 3697 3466 3753 subtiliter
3494 3697 3670 3751 scilicet

2119 3769 2774 3839 venabanturquippiam,
2805 3770 2944 3839 quod
2977 3770 3269 3824 Catholicis
3298 3770 3601 3839 objicercnt,
3628 3770 3668 3821 in

2117 3840 2406 3895 Collatioue
2445 3837 2854 3911 CarthaginenSi
2908 3841 3132 3895 ridicula
3181 3856 3284 3911 non
3335 3837 3509 3911 uiinus
3532 3854 3664 3911 quam

2120 3911 2449 3966 calumniosa
2491 3908 2870 3976 cavillatione,
2903 3911 3162 3981 objicere.
3209 3908 3466 3965 Dixerunt
3491 3908 3668 3982 (inquit

2124 3982 2452 4055 Augusdnus
2481 3983 2532 4037 in
2564 3982 2802 4052 brevic.)
2831 3980 3095 4055 scripsisse
3123 3982 3387 4055 Optatum,
3419 3980 3550 4055 quod
3574 3980 3666 4031 Crto

2120 4052 2339 4107 cilianus
2370 4055 2553 4108 dixerit
2579 4070 2596 4107 :
2624 4056 2669 4107 si
2690 4052 2961 4108 traditores
2982 4065 3097 4108 sunt
3116 4094 3131 4118 ,
3161 4054 3246 4123 qui
3270 4070 3348 4107 me
3374 4054 3665 4113 ordinarunt,

2122 4123 2221 4196 ipsi
2263 4128 2462 4178 veniant
2508 4136 2554 4179 et
2585 4126 2822 4179 ordinent
2850 4142 2944 4177 me.
2975 4125 3124 4191 Quod
3153 4124 3357 4196 quidem
3382 4124 3427 4177 si
3466 4124 3633 4175 dictum
3652 4163 3665 4185 ,

2123 4193 2237 4264 ideo
2263 4195 2366 4248 dici
2385 4197 2611 4263 oportuit
2637 4198 2704 4249 ad
2731 4197 2847 4250 illos
2876 4193 3189 4260 irridendos‘,
3222 4196 3409 4264 quibus
3436 4201 3526 4248 hoc
3550 4210 3667 4245 man-

2126 4262 2277 4317 dasse
2301 4262 2609 4335 perhibetur.
2638 4268 2878 4336 quoniam
2907 4276 3069 4321 certus
3091 4278 3220 4331 erat,
3236 4262 3553 4320 'ordinatores
3571 4280 3667 4317 suos

2126 4348 2228 4386 non
2260 4338 2417 4403 fuisse
2444 4336 2734 4390 traditores.
2781 4336 2900 4389 Non
2927 4340 3061 4390 enim
3093 4338 3164 4391 ait
3205 4353 3224 4391 :
3265 4339 3383 4407 quia
3433 4336 3666 4391 traditore:

516 4406 650 4487 Ibid.
686 4407 867 4487 Redeo
890 4407 953 4487 ad
976 4408 1497 4487 _historiam,.neque
1518 4405 1741 4487 neglige
1760 4405 1901 4487 quod
1937 4406 2023 4487 hic
2050 4424 2101 4483 ι)
2126 4415 2279 4487 sunt;
2307 4407 2418 4468 sed,
2453 4407 2496 4457 si
2525 4407 2925 4487 traditoressunt
2953 4424 2970 4461 :
2994 4419 3048 4462 ut
3072 4405 3363 4462 innocentia
3383 4424 3548 4463 eorum
3572 4422 3666 4476 pra-

446 4478 521 4531 ait
548 4479 771 4547 Optatus
794 4520 808 4543 ,
836 4480 1213 4549 indulgentiam
1250 4478 1487 4549 mittente
1507 4474 1811 4549 Magnentio,
1840 4474 2021 4529 Clirisé

448 4549 601 4601 tionis
656 4550 861 4603 libertas
911 4548 1277 4604 est’restituta.
1315 4548 1406 4604 Sic
1454 4548 1715 4617 Eusebius
1760 4548 1853 4617 lib.
1908 4562 2020 4611 vin,

447 4633 566 4688 cap.
616 4618 716 4681 i4,
747 4620 931 4674 scribit
978 4622 1304 4675 Maxentium
1327 4662 1341 4684 ,
1375 4620 1527 4673 initio
1557 4616 1637 4672 sui
1686 4618 1736 4681 in
1769 4616 1918 4670 Italia
1968 4627 2022 4672 et

449 4690 629 4744 Africa
653 4690 888 4759 imperii,
914 4691 1027 4746 sive
1054 4691 1372 4762 tyrannidis,
1402 4689 1687 4762 simulasse
1710 4689 2019 4757 religiosum

451 4762 634 4813 nescio
679 4778 836 4831 quem
888 4760 1122 4818 favorem
1156 4778 1280 4831 erga
1329 4760 1709 4825 Christianos,
1752 4768 1806 4831 et
1832 4773 2019 4831 eorum

452 4829 879 4901 persecutionem
922 4832 1149 4887 inhiberi
1189 4829 1367 4888 edicto
1412 4832 1659 4901 jussisse.
1696 4829 1801 4884 Sed
1853 4830 2023 4884 miror

451 4904 741 4957 Eusebium
775 4904 945 4971 ipsum
989 4920 1092 4957 non
1124 4905 1253 4957 satis
1288 4905 1637 4964 observasse,
1671 4902 1874 4970 aliquot
1902 4912 2023 4971 post

450 4975 607 5027 annis
634 4974 923 5038 accidisse,
955 4975 1097 5042 quod
1133 4975 1330 5027 dicitur
1356 4976 1423 5030 de
1466 4976 1595 5042 imp.
1643 4972 1859 5027 Galerio
1886 5014 1898 5034 ,
1935 4976 2023 5041 qui

448 5047 805 5099 Constantino
827 5046 1030 5114 collega
1051 5046 1296 5098 lubenter
1314 5044 1702 5114 subscribente,
1730 5046 1779 5096 in
1804 5042 2025 5099 Oriente

452 5116 669 5171 tandem
694 5116 924 5172 edixerit
950 5086 1221 5185 qouippiani
1255 5115 1369 5183 ejus
1394 5115 1627 5182 generis.
1660 5086 1910 5185 biendma
1943 5122 2027 5168 est

450 5189 730 5254 insi-riptio
755 5188 843 5241 ubi
878 5183 978 5255 pro
993 5183 1361 5240 Constantinus
1381 5186 1629 5238 scribitur
1650 5183 1981 5238 Constantius
2006 5205 2024 5240 :

453 5256 546 5312 sed
578 5269 720 5312 recta
752 5268 835 5317 est
867 5258 1006 5327 apud
1041 5256 1291 5327 Rufinum
1320 5255 1643 5327 subscriptio
1676 5256 1792 5323 ejus
1823 5255 1981 5327 edicti
2010 5300 2023 5323 ,

455 5329 506 5404 in
552 5344 652 5404 qua
672 5324 1053 5404 Adicitur'imp.
1102 5325 1319 5404 Galerio
1367 5342 1456 5404 vni
1494 5324 1653 5404 Cous.
1705 5326 2027 5404 publicatum

454 5395 582 5451 illud
607 5400 789 5455 fuisse.
821 5400 949 5456 Utut
971 5395 1149 5455 a'utem
1173 5397 1398 5470 Optatus
1419 5395 2027 5470 signiticetMaxentium

459 5470 614 5534 paulo
657 5481 781 5526 ante
806 5470 1129 5527 Christianis
1177 5466 1238 5524 iri
1279 5469 1455 5523 Africa
1498 5466 1695 5536 aliquid
1747 5468 2029 5525 indulsisse

465 5539 651 5601 videri,
678 5555 963 5611 tyrannum
992 5554 1165 5596 tamen
1187 5552 1237 5597 et
1256 5538 1482 5609 impium
1506 5537 1846 5611 etcrodelem
1864 5537 2030 5611 fuisse

470 5608 715 5673 constat,
737 5622 792 5665 et
841 5615 1057 5681 quidem
1091 5608 1431 5667 Africam’ab
1482 5623 1549 5664 eo
1585 5608 2031 5681 graviteryluisse

472 5687 730 5742 vexatam.
752 5677 932 5753 Itaque
957 5684 1041 5738 hic
1058 5684 1189 5739 mihi
1205 5682 1415 5738 venitin
1437 5688 1693 5749 mentem,
1714 5679 1854 5752 quod
1869 5677 2033 5735 Naza-

2130 4475 2294 4558 bauda
2327 4484 2537 4558 restaret
2550 4518 2563 4537 ,
2589 4477 2674 4529 ubi
2699 4478 2902 4558 probari
2927 4489 3058 4558 recte
3088 4488 3303 4558 poterat.

2202 4546 2328 4619 Pag.
2359 4545 2447 4598 22.
2497 4545 2611 4599 Non
2629 4545 2817 4619 minus
2850 4545 3095 4619 putidum
3134 4549 3263 4615 fuit,
3296 4550 3438 4619 quod
3477 4552 3664 4618 Optatos

2128 4616 2323 4671 deinde
2350 4625 2562 4682 narrat,
2588 4617 2807 4669 nimium
2838 4617 3074 4685 profecto
3100 4616 3389 4673 aulicos'et
3407 4616 3660 4679 Palatinos,

2132 4687 2433 4741 Donatislas
2466 4690 2662 4740 nostris
2690 4688 2740 4739 in
2776 4688 2947 4739 Africa
2980 4688 3195 4741 minime
3225 4691 3466 4743 omnium
3509 4691 3661 4744 aulicus

2128 4758 2391 4811 invidiose
2430 4757 2695 4827 objecisse
2742 4775 2753 4809 :
2786 4756 2915 4829 quid,
2951 4755 3253 4829 Christianis
3298 4776 3413 4812 cum
3468 4759 3663 4829 regibus?

2128 4829 2252 4898 quid
2274 4830 2526 4898 episwpis
2551 4844 2667 4879 cum
2693 4828 2922 4895 palatio?
2940 4827 3029 4879 Sic
3061 4844 3266 4893 rursus,
3292 4830 3384 4882 lib.
3413 4846 3482 4894 tu,
3510 4827 3661 4881 aitbu-

2130 4909 2311 4969 natnm
2335 4899 2618 4969 aliquando
2638 4900 2995 4952 exclamasse:
3019 4899 3140 4966 quid
3166 4909 3237 4951 est
3260 4898 3555 4969 Imperatori
3571 4914 3659 4950 rum

2134 4968 2365 5022 Ecclesia
2387 4968 2546 5025 ?’Scd
2574 4980 2628 5023 et
2658 4970 3004 5037 Augustinus,
3040 4977 3251 5020 tractat.
3281 4970 3313 5019 6
3345 4974 3395 5021 ιιι
3416 4968 3575 5029 Joan.,
3602 4972 3661 5017 ait

2132 5040 2415 5110 quemdam
2465 5040 2790 5095 Dooatistam
2836 5039 3017 5110 dicere
3049 5039 3262 5102 solitum
3300 5040 3462 5110 :quid
3498 5039 3601 5110 milii
3623 5046 3661 5110 ct

2134 5105 2469 5179 imperatori?
2496 5112 2613 5180 Ipse
2634 5118 2688 5164 et
2717 5112 2831 5179 ipse
2861 5105 3151 5164 Petiliatms
3176 5105 3525 5180 clamitabat;
3553 5105 3660 5180 Quid

2135 5177 2276 5235 nobis
2324 5200 2435 5236 cum
2481 5177 2678 5251 regibus
2722 5177 2933 5251 mnu,
2986 5196 3113 5251 quos
3152 5194 3425 5251 numquam
3455 5177 3661 5251 Christia-

2136 5258 2269 5307 nitas
2294 5254 2389 5307 nisi
2420 5248 2618 5306 invidos
2646 5252 2839 5306 sensit?
2866 5250 2920 5304 Id
2951 5250 3145 5313 refert,
3186 5248 3276 5304 ref
3286 5251 3485 5319 :llitquc
3512 5248 3657 5319 Augu-

2136 5328 2328 5389 stinus,
2359 5324 2451 5377 lib.
2479 5340 2512 5378 ιι
2542 5334 2725 5378 contra
2757 5322 3096 5387 Petilianum,
3118 5334 3235 5389 cap.
3266 5318 3528 5384 92.js’icuti
3553 5318 3656 5371 etin

2133 5396 2226 5449 lib.
2270 5396 2333 5449 ad
2380 5396 2566 5449 Donat.
2620 5403 2737 5463 post
2764 5395 2922 5448 collat
2955 5433 2969 5459 ,
3002 5403 3203 5455 narrat,
3234 5391 3483 5448 Primiani
3520 5392 3660 5445 Dena-

2098 5505 2101 5509 «
2136 5468 2294 5530 tistac,
2329 5468 2416 5536 qui
2452 5465 2742 5521 Catholicis
2786 5466 2971 5520 odiose
3018 5464 3341 5529 insultabat,
3371 5463 3525 5518 fuisse
3551 5463 3657 5515 hanc

2135 5538 2599 5605 exprobrationem
2638 5538 2753 5590 :illi
2790 5547 2988 5606 portant
3012 5537 3288 5590 multorum
3329 5536 3657 5603 Imperatorem

2135 5612 2311 5684 aderas
2332 5649 2344 5672 ,
2372 5626 2461 5663 nos
2482 5611 2590 5684 sola
2622 5620 2881 5684 portamus
2906 5610 3189 5684 Euangelia
3210 5626 3232 5679 ,'
3255 5625 3431 5665 sacms
3456 5624 3561 5663 cum
3593 5605 3656 5684 tli-

2133 5681 2243 5745 cit,
2272 5694 2452 5737 sacras
2504 5682 2707 5737 litteras
2750 5682 2995 5753 intelligit
3028 5680 3254 5747 {sacras
3282 5692 3493 5751 autem,
3530 5684 3577 5741 ul
3615 5680 3657 5733 ei
