3828 6218
175 283 312 338 lli‘i

1393 290 1459 346 IN
1498 290 1821 349 SANCTHM
1861 292 2191 351 ΟΡΤΑΊἪΜ
2203 337 2212 347 .

3322 300 3461 357 HAG

173 404 255 480 vis
285 415 417 472 ergo
452 410 558 457 tam
607 403 945 480 impudentes
974 403 1172 480 fuerint
1204 404 1513 480 Donatista}.
1550 414 1606 458 ut
1639 420 1761 459 cum
1793 412 1839 470 Α
1873 409 1971 462 buc
1998 420 2172 480 tamen
2202 410 2464 479 imprimis
2493 411 2759 480 pertinet:
2811 399 2995 468 extare
3020 411 3109 468 lib.
3146 429 3176 469 κ
3224 412 3462 470 historia:

173 474 443 543 liugerent
487 483 543 529 et
590 477 965 538 mentirentur,
1006 492 1035 529 a
1070 474 1423 530 Constantino
1452 476 1762 531 damnatum

172 545 343 600 fuisse
368 544 738 611 Caicilianum,
771 546 971 615 Optati,
999 549 1157 614 cujus
1184 547 1492 601 testimonio
1524 550 1597 601 uti
1621 550 1767 603 vole-

170 616 322 681 bant,
362 618 521 672 verba
545 619 839 685 depravare
860 617 1159 674 cavillando
1184 619 1360 673 conati
1385 621 1523 681 sint,
1557 628 1613 673 ut
1642 636 1765 675 mox

168 689 455 759 emendant
492 698 709 743 :tamen
750 704 935 744 eorum
992 690 1340 759 impudentia,
1368 706 1486 755 quze
1534 692 1764 747 tuaxitna

170 755 295 831 fuit,
329 769 471 813 tanta
507 777 611 815 non
647 759 764 823 luit,
796 772 853 815 ut
874 761 1035 816 etiam
1058 755 1321 817 auderent
1351 761 1551 831 lingere
1578 761 1765 819 Romae

168 828 484 902 damnatum
517 831 702 886 luisse.
731 834 847 899 Quo
894 834 1063 902 magis
1116 833 1389 901 obstupui,
1430 828 1557 888 cum
1615 834 1765 891 hisce

168 900 366 974 diebus
396 904 636 957 audirem
691 905 743 958 in
772 904 945 959 Gallia
987 900 1038 959 id
1067 900 1400 960 conlidenter
1436 915 1489 958 et
1525 905 1763 974 gloriose

163 972 453 1040 scripsisse
478 974 761 1044 quemdam
788 976 1108 1042 Morcllium,
1153 978 1422 1030 hominem
1446 972 1641 1046 alioqui
1670 978 1760 1032 lit-

136 1051 406 1096 teratum
451 1054 506 1099 et
557 1047 607 1097 in
648 1062 790 1101 novo
842 1063 1099 1103 novorum
1142 1047 1510 1101 ministrorum
1569 1049 1759 1105 ordine

166 1116 450 1189 θενεῖςῑυηι
478 1134 493 1178 ς
521 1117 570 1170 ἰιι
608 1131 706 1171 suo
730 1117 795 1171 ad
828 1118 1069 1173 Viretum
1103 1120 1239 1172 libro
1268 1117 1472 1174 Gallice
1512 1120 1715 1189 scripto
1742 1164 1756 1187 ,

163 1196 223 1237 et
243 1185 523 1261 eleganter
553 1188 831 1257 inscripto,
855 1190 916 1241 de
965 1188 1241 1261 disciplina
1285 1185 1666 1244 Ecclesiuslica.
1701 1185 1756 1247 lu

162 1269 277 1322 quo
305 1271 427 1309 cum
458 1258 558 1311 alia
582 1261 744 1313 multa
775 1261 843 1313 ab
867 1261 1013 1315 omni
1046 1258 1149 1317 [ide
1176 1272 1229 1315 et
1256 1262 1479 1316 veritate
1521 1261 1759 1318 historiae

166 1325 570 1383 Ecclesiasticae
600 1331 752 1385 valde
778 1332 970 1391 aliena,
1021 1342 1130 1385 tum
1166 1332 1292 1387 illud
1326 1333 1589 1399 imprimis
1610 1332 1758 1387 allir-

167 1399 309 1471 mari
335 1400 650 1471 narrarique
675 1401 856 1465 audio,
884 1404 980 1456 abs
1006 1402 1259 1469 Miltiade,
1289 1404 1535 1458 Rbelicio
1559 1413 1614 1458 et
1638 1406 1759 1469 Ma-

166 1469 296 1539 rino
327 1469 595 1539 episcopis
626 1472 908 1536 iudicibus.
940 1488 1045 1527 non
1098 1476 1257 1528 modo
1299 1474 1608 1528 damnatum
1636 1490 1756 1531 esse

161 1538 544 1616 Caecilianum,
568 1543 662 1596 sed
681 1552 735 1596 et
763 1543 1011 1616 abdicare
1039 1554 1300 1616 coactum.
1324 1545 1475 1616 ANihil
1524 1562 1589 1598 ne
1630 1545 1755 1616 tingi

162 1610 389 1684 quidem
408 1624 617 1684 posset,
644 1614 783 1684 quod
813 1616 983 1684 magis
1012 1614 1287 1670 evidenter
1316 1614 1503 1669 falsum
1533 1617 1620 1670 sit.
1654 1610 1759 1670 RF-

163 1683 275 1755 tleo
305 1683 371 1737 ad
394 1683 671 1755 Optatum.
702 1683 877 1752 lnquit
907 1683 921 1737 Ξ
956 1684 1081 1755 Pag.
1109 1684 1201 1750 24,
1230 1685 1299 1738 ad
1344 1702 1494 1755 quam
1520 1688 1757 1754 appella-

161 1753 367 1829 tionem
387 1753 751 1829 Constantinus
776 1754 911 1829 Imp.
932 1758 1005 1810 sic
1035 1753 1316 1826 respondit,
1349 1753 1378 1810 ὸ
1423 1756 1623 1822 rabida,
1648 1768 1752 1829 etc.

165 1822 325 1897 ﬂunc
356 1826 532 1881 locum
562 1828 612 1880 iu
633 1827 797 1897 priori
815 1822 1048 1882 editione
1065 1822 1344 1883 emendavi
1379 1840 1568 1895 ,atque
1588 1828 1752 1882 etiam

164 1894 413 1951 hiantem
444 1894 677 1964 explevi,
722 1900 916 1953 additis
944 1914 1009 1954 ex
1038 1903 1258 1967 antiquo
1280 1894 1595 1965 exemplari,
1630 1902 1712 1954 bis
1738 1943 1752 1964 ,

162 1980 289 2035 qua:
319 1967 786 2036 desiderabantur,
814 1972 1758 2043 verbis,appellationeminterposue-

164 2043 339 2111 rn‘ut':
368 2049 528 2108 atque
572 2043 640 2095 ita
674 2043 890 2110 probavi
937 2041 1279 2105 rejiciendam
1328 2057 1447 2095 esse
1476 2041 1753 2111 cujusdam

161 2108 374 2181 alioqui
396 2112 589 2183 eruditi
619 2108 952 2183 et‘ingeniosi
985 2112 1294 2181 luterpretis
1339 2115 1514 2181 legum
1543 2108 1760 2183 conjec.

166 2188 372 2253 turam,
401 2182 693 2237 divinando
721 2183 968 2253 ﬁngentis
996 2199 1061 2238 ex
1109 2184 1238 2238 falsa
1288 2194 1536 2238 notarum
1581 2182 1758 2252 suSpi-

160 2252 329 2325 cione
356 2254 649 2325 quamdam
696 2252 891 2309 novam
938 2254 1247 2318 lectionem,
1277 2271 1394 2325 quae
1445 2265 1754 2320 tamennon

160 2323 452 2377 coiisistat.
487 2323 541 2378 ld
569 2340 688 2380 cum
717 2326 842 2379 alibi
875 2325 1004 2379 satis
1052 2323 1403 2387 ostenderim.
1457 2340 1597 2380 nunc
1626 2327 1757 2381 nihil

160 2404 431 2463 repetam.
463 2394 726 2465 Adjiciam
756 2397 938 2459 modo,
982 2398 1122 2463 quod
1151 2396 1483 2465 Augustinus
1512 2398 1562 2450 itt
1595 2399 1752 2465 epist.

160 2479 313 2520 CLXII
368 2468 441 2521 ait
492 2468 887 2522 Donatistarum
938 2468 1121 2521 rabida
1182 2472 1232 2520 iu
1289 2470 1631 2522 Cmciliautuu
1663 2485 1757 2523 ora

160 2534 338 2608 (uisse
369 2552 382 2585 :
415 2547 474 2591 ut
499 2538 676 2593 minus
703 2540 812 2608 jam
864 2539 1123 2593 miremur
1149 2537 1583 2604 Constantinum,
1614 2540 1757 2593 rabi-

160 2606 292 2660 dam
327 2608 523 2664 luroris
572 2606 848 2664 audaciam
892 2609 943 2664 in
996 2611 1073 2665 iis.
1106 2625 1379 2663 accusare.
1417 2609 1570 2664 Venit
1596 2612 1753 2663 etiam

160 2694 315 2734 nunc
344 2679 399 2751 in
430 2690 661 2751 tuentem
695 2680 824 2735 mihi
854 2680 1097 2751 quaedam
1130 2681 1211 2735 lex
1239 2680 1595 2737 Valentiniani
1618 2681 1751 2751 Imp.

159 2752 237 2805 tle
260 2750 493 2817 quodam
522 2749 833 2821 Cttronopio
872 2749 1162 2820 ‘episcotio,
1200 2753 1287 2822 qui
1338 2754 1387 2805 in
1419 2749 1754 2822 septuaginta

158 2822 547 2887 episeoporum
568 2823 774 2892 judicio
805 2826 1088 2877 damnatus
1118 2824 1399 2889 appellavit
1447 2822 1763 2891 prttsl'eCqut

162 2893 313 2946 urbi.
347 2892 751 2949 Valentinianus
776 2895 1044 2960 rescribit,
1072 2895 1309 2948 illicitum
1338 2894 1751 2962 appellationem

162 2978 329 3030 pmna
363 2966 667 3033 pecuniaria
696 2965 1053 3021 coercendam
1091 2981 1242 3028 esse,
1268 2980 1387 3034 qute
1430 2966 1752 3034 pauperibus

159 3047 444 3106 erogetur.
478 3037 539 3091 L.
576 3039 641 3091 19
672 3039 733 3091 C.
762 3037 888 3097 'l'h.,
914 3036 1152 3101 Quorum
1184 3037 1379 3106 appell.
1414 3051 1516 3089 non
1548 3036 1714 3105 recip.

115 3105 118 3108 ’
218 3103 377 3178 ΞΙΙιὶιΙ.
417 3106 508 3162 Ait
545 3107 806 3177 Optatus,
851 3106 1046 3159 Eodem
1095 3103 1349 3178 tempore,
1396 3118 1499 3161 etc.
1549 3107 1603 3160 In
1654 3103 1753 3162 hac

1872 480 2089 534 Eusebii
2113 522 2127 545 ,
2158 479 2425 551 integrum
2459 479 2774 551 rescriptum
2801 483 3137 540 Constantini
3167 484 3234 538 ad
3261 484 3460 542 Cbres-
3486 528 3505 536 -

1872 561 1989 624 tum,
2022 552 2369 624 Syracosium
2409 554 2763 623 episcopum,
2806 572 2965 624 quem
3005 572 3069 611 ex
3109 556 3295 611 Sicilia
3333 573 3455 613 cum

1868 623 2080 699 duobus
2109 623 2412 699 aliisjubet
2440 624 2717 699 proficisci
2730 627 2798 699 ad
2838 626 2983 699 illam
3016 629 3282 699 synodum
3324 628 3461 684 Are-

1869 693 2132 770 latensem
2157 693 2495 770 judicaturus
2520 711 2642 751 cum
2673 697 2792 770 aliis
2820 698 2930 752 suis
2955 693 3173 770 collegis
3203 700 3270 755 de
3293 715 3455 756 causa

1866 767 2157 837 ljmcitiani.
2207 769 2283 820 Ae
2321 766 2537 837 quidem
2578 767 2831 832 mandat,
2863 778 2919 823 ut
2957 768 3008 823 id
3048 766 3134 824 lia]
3177 770 3312 825 intra
3353 770 3456 826 Ka-

1867 836 2056 891 lendas
2112 836 2526 910 Augusti’ased
2582 854 2689 908 quo
2739 840 2920 895 anno?
2955 841 3089 907 Quia
3136 842 3451 910 rescriptum

1863 908 2201 982 Commmini
2237 924 2348 982 non
2400 908 2560 982 liabet
2600 912 2855 967 consoles
2890 909 3264 982 subscriptus,
3309 908 3457 968 'dilli-

1863 981 1967 1052 cile
1997 990 2080 1036 est
2110 981 2163 1035 id
2195 980 2455 1035 divinare.
2486 981 2590 1037 Sed
2624 996 2728 1036 non
2761 995 2963 1038 temere
2990 980 3233 1052 suspicor
3259 985 3452 1040 lactent

1860 1050 1913 1105 id
1947 1067 2067 1106 esse
2102 1052 2389 1107 Volusiano
2419 1063 2473 1109 et
2504 1056 2750 1107 Anniano
2780 1055 2934 1109 lloss.
2977 1050 3235 1119 hoc—est,
3276 1071 3450 1121 anno,

1865 1136 1981 1193 post
2009 1123 2270 1192 judicium
2299 1123 2599 1179 Romanum
2633 1127 2879 1193 proximo
2901 1166 2914 1189 ,
2947 1141 3054 1193 quo
3083 1125 3244 1180 etiam
3276 1140 3418 1181 anno
3437 1166 3453 1192 ,

1860 1210 1917 1249 ιιι
1971 1192 2078 1250 kat.
2137 1194 2398 1268 Noremb.
2459 1192 2975 1268 memini_Treveris
3009 1197 3240 1268 edidisse
3282 1197 3451 1268 legem

1859 1268 2144 1330 quamdam
2184 1266 2251 1319 de
2290 1266 2742 1337 appellationibus
2811 1268 3166 1336 recipiendis,
3211 1267 3271 1322 L.
3317 1266 3351 1322 ι’
3383 1268 3449 1324 C.

1860 1337 1987 1403 'l‘b.,
2020 1338 2087 1393 de
2124 1337 2380 1407 appellat.
2414 1338 2582 1393 Porro
2620 1340 3023 1406 Cousmntinus,
3057 1340 3109 1393 in
3139 1340 3229 1394 illo
3255 1354 3354 1395 suo
3381 1339 3449 1394 ad

1858 1407 2144 1464 Chrestum
2186 1412 2484 1480 rescripto,
2530 1425 2634 1463 non
2675 1409 2835 1464 modo
2872 1424 3058 1479 aperte
3107 1412 3449 1479 provocatio-

1860 1495 1982 1533 nem
2017 1480 2415 1534 Donatistarum
2446 1496 2549 1535 non
2581 1480 2855 1535 insimulat
2882 1481 3053 1535 rabidi
3086 1480 3280 1549 luroris
3300 1525 3314 1548 ,
3350 1481 3446 1536 sed

1861 1565 1931 1635 ne
1955 1551 2502 1635 Donatistas‘quidem
2536 1553 2798 1635 non-ritual.
2829 1550 3159 1635 Sitttpliciter
3186 1561 3449 1635 autemet

1863 1622 2067 1688 placide
2100 1630 2319 1680 narrat.
2351 1637 2447 1675 eos
2488 1623 2577 1688 qui
2636 1621 2818 1675 lloutzn
2852 1621 3078 1690 judicati
3116 1622 3261 1688 sint,
3303 1622 3448 1678 nolle

1860 1703 2005 1746 stare
2036 1692 2196 1748 rebus
2220 1691 2472 1759 judicatis
2493 1734 2507 1756 ,
2538 1692 2661 1762 quia
2693 1693 3006 1759 obtendant,
3028 1706 3189 1746 causa
3213 1694 3448 1747 nondum

1861 1765 1991 1817 satis
2043 1766 2252 1829 cognita
2275 1804 2291 1828 ,
2342 1764 2543 1834 paucos
2582 1762 2792 1831 judices
2830 1763 3193 1833 pra-cipitasse
3232 1774 3452 1818 senten-

1862 1834 2017 1908 tiam.
2043 1833 2257 1908 Mandat
2284 1833 2436 1903 ergo,
2469 1844 2525 1887 ut
2552 1849 2673 1889 cum
2701 1851 2767 1890 ex
2796 1835 2960 1908 variis
2987 1844 3041 1888 et
3071 1835 3293 1908 inlinitis
3323 1834 3450 1908 (sic-

1864 1910 1937 1959 uti
1973 1906 2085 1975 ait)
2122 1906 2254 1959 locis
2305 1909 2588 1975 episcopos
2627 1909 2917 1960 convenire
2948 1906 3003 1959 in
3038 1906 3222 1961 urbem
3261 1906 3445 1962 Arela-

1863 1985 2067 2045 teusem
2112 1977 2372 2045 jusserit,
2420 1978 2702 2032 communi.
2738 1977 2941 2045 judicio
2984 1977 3104 2031 finis
3145 1977 3450 2045 imponatur

1861 2046 1986 2102 huic
2013 2048 2430 2119 controversiae,
2462 2062 2622 2102 causa
2653 2048 2939 2116 diligenter
2965 2048 3181 2118 cognita
3211 2058 3264 2103 et
3295 2060 3446 2119 parte

1860 2129 2087 2188 utraque
2112 2119 2313 2172 audita.
2346 2117 2644 2173 Dolendntu
2674 2129 2758 2174 est
2796 2128 2919 2173 acta
2946 2117 3065 2188 ejus
3091 2117 3449 2189 synodi’Are—

1861 2190 2087 2244 Iatcusis
2144 2190 2504 2244 intercidisse.
2560 2190 2673 2259 Ego
2727 2191 3015 2260 aliquando
3068 2205 3261 2243 eorum
3306 2189 3451 2260 frag-

1861 2262 2313 2328 mentaquwdam
2346 2270 2535 2314 nactus
2569 2276 2719 2315 eram
2745 2302 2760 2326 ,
2809 2262 2904 2315 sed
2953 2260 3105 2316 valde
3152 2261 3445 2315 mendosa:

1859 2348 1922 2387 ex
1956 2332 2149 2401 quibus
2179 2342 2357 2386 tamen
2384 2332 2581 2404 didici,
2627 2332 2701 2387 illi
2742 2332 2982 2404 synodo,
3028 2334 3302 2404 praefuisse
3346 2331 3449 2404 Sil-

1860 2410 2101 2458 vesmun
2124 2444 2138 2467 ,
2170 2410 2386 2458 mortuo
2413 2403 2668 2458 Miltiade.
2698 2403 2752 2458 lu
2773 2401 3134 2458 conciliorum
3175 2403 3444 2472 farragine

1861 2476 2066 2544 vulgari
2110 2473 2402 2528 recitantur
2442 2474 2688 2544 quardam
2737 2477 2949 2528 decreta
2994 2472 3206 2529 concilii
3258 2475 3444 2527 Arela-

1860 2554 2025 2599 tensus
2044 2586 2059 2610 ,
2090 2545 2231 2612 quod
2257 2544 2453 2615 dicitur
2475 2560 2596 2601 esse
2620 2547 2866 2615 primum.
2907 2544 3014 2600 Sed
3041 2544 3279 2599 abortiva
3325 2544 3465 2615 pleg.

1862 2632 2026 2689 raque
2078 2610 2362 2689 ridentur.
2396 2614 2539 2670 Inter
2578 2610 2641 2689 ea
2690 2610 3006 2689 proponitur
3040 2630 3248 2689 unum,
3298 2610 3444 2683 quod

1860 2688 2179 2742 Arianorum
2210 2688 2484 2749 meminit,
2516 2686 2675 2756 atque
2704 2690 2771 2741 ita
2807 2688 2964 2759 129
2982 2686 3150 2759 etiam
3179 2686 3440 2759 allegatur

1858 2775 1883 2810 a
1913 2760 2189 2819 Gratiano.
2219 2759 2288 2812 de
2315 2770 2617 2813 consecrat.
2644 2757 2962 2816 diuini-Ct.
2996 2757 3243 2811 similiter
3271 2766 3324 2810 et
3345 2757 3444 2810 abs

1858 2830 1908 2884 Μ
1929 2829 2403 2901 «εάθιιυι-εειιεὶιιιιε
2465 2830 2991 2883 conseri-inatorilius
3023 2828 3438 2901 Arenturiarum.

1859 2899 2017 2969 Atqui
2061 2906 2294 2954 nondum
2334 2908 2452 2954 erat
2494 2911 2677 2953 natum
2722 2915 2914 2952 nomen
2946 2899 3267 2953 Arianorum
3291 2938 3307 2961 ,
3336 2910 3441 2967 quo

1858 2981 2104 3040 tempore
2147 2970 2376 3037 primum
2417 2970 2546 3025 coiit
2587 2974 2825 3040 synodus
2854 2972 3216 3031 Arelatensis,
3246 2970 3311 3021 de
3337 2982 3441 3040 qua

1856 3037 2166 3112 qumrimns.
2193 3040 2333 3112 Ergo
2373 3037 2629 3096 lubenter
2659 3042 2818 3094 audio
2866 3055 3126 3112 canonetu
3180 3041 3324 3092 illum
3379 3037 3430 3092 in

1856 3109 2092 3181 antiquis
2133 3123 2188 3167 et
2234 3109 2612 3179 manuscriptis
2654 3113 3054 3174 exeuiplaribns
3094 3109 3189 3181 (ut
3217 3118 3440 3164 testatur

160 3176 405 3232 editione
437 3179 574 3252 jussi
598 3176 737 3252 ante
777 3179 890 3231 ba-c
927 3178 1096 3252 verba
1124 3176 1339 3252 ap'pingi
1382 3178 1623 3252 lacunam
1664 3192 1756 3229 νει-
1781 3183 1825 3245 C
1863 3176 2129 3252 poStroma
2154 3198 2341 3237 eorum
2368 3176 2729 3237 Conciliorum
2757 3180 2962 3250 etlilitl)
3006 3176 3180 3234 minus
3218 3195 3441 3252 corrup-

157 3261 360 3313 cuam,
404 3261 461 3303 nt
497 3248 848 3318 signiﬁcarem
891 3247 1018 3301 mibi
1054 3248 1218 3318 videri
1256 3248 1452 3316 aliquid
1484 3249 1672 3301 deesse
1701 3257 1757 3303 et

157 3318 461 3375 desiderari
503 3328 625 3374 ante
669 3321 782 3373 haec
812 3320 1003 3372 verba.
1046 3317 1179 3372 Nam
1211 3336 1331 3372 cum
1367 3323 1583 3388 propius
1623 3333 1749 3372 con-

157 3388 346 3443 sidero
378 3401 576 3456 totam,
609 3407 710 3461 qua
751 3391 818 3445 de
860 3390 944 3443 bic
982 3390 1177 3459 agitur,
1223 3389 1533 3454 historiam,
1580 3392 1756 3444 sentio

159 3475 272 3513 non
310 3475 467 3528 posse
500 3462 613 3516 ιιςισυ
632 3460 890 3531 conjungi
930 3478 1049 3514 cum
1084 3462 1147 3514 iis
1177 3477 1294 3531 qua:
1335 3460 1577 3530 proxime
1618 3477 1754 3528 pra:-

159 3531 398 3600 cednnt:
431 3533 539 3585 imo
568 3532 875 3587 interluis-e
903 3532 1103 3595 aliquot
1141 3546 1313 3585 annos
1333 3574 1347 3595 ,
1377 3533 1567 3600 quibus
1596 3546 1756 3587 eausa

157 3598 436 3656 Cmeiliaui
470 3619 655 3658 rursus
682 3615 795 3659 acta
829 3614 883 3657 et
908 3603 1122 3657 dt-liuita
1154 3605 1223 3655 sit
1251 3601 1303 3655 in
1332 3598 1538 3670 synodo
1569 3604 1757 3657 Arela-

161 3672 344 3738 tensi,
379 3675 569 3729 iterum
601 3691 720 3743 qua:
745 3674 982 3743 judicata
1023 3673 1303 3727 Mediolani
1336 3673 1405 3727 ab
1443 3673 1560 3740 ipso
1616 3671 1759 3727 Con-

161 3746 425 3798 stantino.
453 3746 532 3798 Ad
556 3747 709 3815 cujus
731 3747 946 3800 demum
972 3744 1383 3815 Mediolaniensis
1402 3744 1588 3811 judit-ii
1623 3754 1757 3797 tent-

162 3827 266 3880 pus
298 3815 501 3869 referre
515 3814 734 3870 necesse
752 3817 830 3868 sit
862 3815 977 3868 inec
1007 3831 1124 3884 qua:
1155 3814 1413 3879 inptato
1434 3822 1751 3882 sequuntur,

158 3884 344 3937 eodem
382 3895 636 3954 ιειιιρονε,
677 3894 781 3940 etc.
818 3886 999 3954 ltaqtte
1038 3886 1340 3952 suspicarer
1378 3886 1517 3954 quod
1571 3886 1638 3941 de
1690 3900 1756 3941 eo

157 3956 371 4039 jpdicio
411 3958 665 4039 sicutinet
702 3958 769 4037 de
807 3957 1110 4039 ierelatensi
1152 3956 1376 4039 Optatns
1416 3957 1751 4039 inseruerat,

161 4023 406 4079 deletum
437 4028 532 4081 abs
573 4028 857 4081 Donatistis
900 4028 1097 4093 luis~e,
1130 4023 1218 4094 qui
1256 4026 1431 4093 Optati
1462 4027 1624 4080 libros
1652 4028 1755 4081 mi-

164 4107 295 4148 sere
326 4097 779 4151 contaminaruut.
826 4098 930 4153 Sed
965 4113 1150 4151 rursus
1179 4097 1399 4157 dubito,
1435 4113 1558 4150 num
1590 4100 1757 4165 Opta-

161 4174 251 4219 tus
272 4206 288 4232 ,
324 4175 381 4221 ut
413 4168 463 4220 in
494 4166 756 4222 Numidi:e
781 4169 977 4238 angulo
999 4209 1014 4233 ,
1044 4170 1317 4230 inclusus,
1358 4167 1613 4237 quidquid
1658 4168 1759 4222 bac

160 4238 233 4290 de
274 4254 335 4291 re
364 4238 591 4307 debuit,
633 4239 844 4295 sciverit
887 4242 1287 4307 scripseritque.
1334 4238 1461 4291 Nam
1486 4243 1555 4291 'in
1594 4240 1758 4292 colla-

163 4310 316 4362 tione
344 4306 749 4380 Cartbaginensi
782 4327 901 4363 cum
932 4306 1188 4363 adversus
1233 4311 1533 4380 Donatistas
1565 4310 1757 4380 recita-

162 4388 316 4433 retur
356 4378 720 4434 testimonium
761 4380 936 4447 Optati
978 4381 1045 4433 de
1085 4380 1418 4433 absolutione
1446 4378 1750 4443 Caeciliani,

160 4450 298 4503 nihil
322 4449 390 4503 de.
408 4450 612 4517 judicio
636 4450 931 4504 Arelatensi
956 4465 1044 4502 attt
1068 4448 1446 4503 Mediolanensi
1473 4451 1747 4513 recitatur,

158 4522 307 4584 quod
336 4530 513 4575 tamen
544 4522 868 4589 pra-teritum
899 4536 1002 4573 non
1038 4518 1220 4571 luisset
1242 4560 1256 4581 ,
1280 4520 1321 4571 si
1354 4518 1623 4589 luisSetab
1646 4520 1747 4585 0p;

160 4599 278 4643 tato
301 4588 623 4658 expositum.
652 4592 713 4644 Et
736 4593 971 4657 ineptum
995 4601 1107 4643 erat
1140 4590 1190 4641 in
1218 4604 1277 4641 ea
1298 4588 1582 4641 cnllatiouc
1609 4605 1750 4657 quac-

161 4676 285 4713 rere
316 4662 439 4726 quid
492 4661 717 4714 senserit
750 4661 976 4726 Optalus
1008 4659 1106 4711 boe.
1138 4660 1273 4715 loco.
1309 4659 1352 4712 si
1384 4668 1568 4725 aperte
1597 4662 1754 4726 paulo

156 4740 289 4783 ante
305 4745 334 4781 a
351 4729 700 4783 Constantino
723 4730 1021 4783 absolutum
1046 4728 1208 4782 fuisse
1224 4729 1564 4783 Caecilianum
1586 4730 1755 4799 scrip-

156 4801 339 4853 sis»et.
366 4801 447 4853 An
471 4800 710 4855 ιιίυειιιιιε
725 4802 835 4869 jam
859 4815 1013 4853 :uuea
1041 4800 1342 4853 DonatiStas
1364 4801 1747 4867 suppressisse,

156 4886 222 4922 ac
244 4871 515 4923 delevissc
538 4873 675 4938 quod
699 4886 759 4924 ea
791 4871 857 4924 de
878 4886 936 4924 re
958 4870 1250 4938 scripserat
1272 4869 1496 4936 Optatus
1513 4870 1537 4923 ?
1554 4871 1749 4927 Verum

158 4950 282 5022 utut
321 4942 391 5022 snit
415 4982 429 5005 ,
460 4942 685 5022 aliunde
724 4951 968 5022 repetere
1010 4940 1303 5022 licetgquod
1339 4940 1424 5022 bic
1453 4942 1750 5022 desiderari

149 5010 296 5064 dati.
333 5012 397 5065 lit
427 5010 873 5078 quemadmodum
905 5012 1317 5075 Constantinus,
1351 5012 1531 5076 initio,
1565 5010 1753 5082 quani-

158 5083 240 5136 νίς
276 5082 491 5153 indigne
519 5082 657 5137 l‘erre
686 5098 745 5137 se
777 5098 884 5152 pra:
914 5097 971 5136 se
1000 5083 1182 5137 tulerit
1209 5084 1313 5153 peti
1343 5082 1439 5136 abs
1464 5097 1522 5137 se
1544 5084 1751 5153 judices

159 5155 214 5205 in
249 5167 416 5207 causa
447 5152 738 5211 Caeciliani.
776 5166 950 5208 tamen
978 5152 1187 5221 jndiees
1228 5152 1639 5209 Eeclesiasticos
1655 5156 1748 5211 de-

156 5224 238 5277 (lit
261 5266 273 5281 .
308 5226 398 5292 qui
431 5237 485 5281 et
512 5226 705 5295 alioqui
731 5225 939 5297 judices
969 5231 1051 5295 (ut
1082 5225 1587 5297 ttgoslrigluqttuulur)
1603 5242 1750 5281 eom-

159 5306 409 5364 lretentes
449 5305 634 5351 erant:
665 5297 743 5350 sic
769 5296 879 5364 jam
913 5296 1153 5364 quamvis
1185 5295 1611 5363 indignabundus
1652 5314 1741 5351 ex-

157 5370 361 5420 clamet
417 5368 654 5420 rabidam
715 5382 834 5420 esse
890 5366 1285 5419 Donatistarum
1344 5367 1743 5432 provocantium

158 5438 555 5506 pervicaciam:
589 5449 764 5489 tamen
796 5436 1206 5506 appellationem
1242 5446 1529 5506 unumque
1557 5436 1745 5489 admit—

160 5504 221 5561 tit
257 5548 271 5569 ,
322 5508 480 5574 cujus
529 5507 888 5572 cognitionem
930 5504 1102 5570 rejicit
1138 5504 1206 5574 ad
1248 5504 1511 5573 synodum
1564 5508 1749 5560 Arela-

160 5573 405 5636 tensem,
443 5579 492 5627 in
524 5591 626 5642 qua
662 5575 827 5644 jubet,
853 5575 989 5627 alios
1027 5575 1091 5628 de
1132 5573 1231 5627 hac
1270 5589 1427 5627 causa
1466 5575 1746 5643 episcopos

158 5660 350 5700 rumts
386 5642 733 5712 cognoscere.
776 5642 832 5696 id
873 5644 1031 5695 toties
1070 5653 1250 5696 narrat
1279 5653 1339 5712 et
1382 5645 1608 5698 inculcat
1640 5642 1745 5700 Au-

159 5715 405 5783 gustinus
430 5711 534 5776 ,ιιι
576 5713 812 5783 putidum
854 5718 921 5766 sit
963 5714 1106 5783 locos
1148 5711 1341 5779 passim
1383 5713 1566 5767 obvios
1607 5716 1744 5769 iudi-

161 5779 305 5839 Eure.
338 5779 611 5839 Cancrum
642 5779 888 5842 adiit-iam
920 5782 1057 5841 ouod
1100 5786 1272 5838 tuitus:
1304 5789 1380 5839 est
1418 5784 1662 5847 γωδ-ινα.
1695 5791 1749 5841 et

1780 4560 1832 4619 D

1862 3251 1971 3309 tum
1998 3269 2148 3319 esse,
2176 3264 2232 3308 et
2259 3269 2352 3321 pro
2379 3254 2583 3306 Arionis
2611 3253 2710 3322 legi
2743 3255 2903 3319 Afris.
2935 3252 3151 3321 Legitur
3186 3260 3242 3304 et
3281 3251 3329 3303 iu
3375 3266 3436 3304 ea

1861 3325 2126 3395 farragine
2154 3324 2459 3394 quippiam,
2490 3324 2629 3392 quod
2676 3325 2738 3375 ad
2781 3338 2998 3395 causam
3039 3322 3441 3395 ljzeciliauihac-

1858 3391 2041 3451 cedit‘:
2095 3391 2321 3461 nempe,
2371 3391 2635 3463 eos,’qui
2682 3409 2862 3447 sacras
2910 3394 3113 3447 litteras
3158 3391 3439 3445 tradidisse

1860 3469 2089 3522 convicti
2137 3475 2326 3526 erant,
2374 3464 2723 3531 deponendos
2774 3480 2913 3519 esse.
2958 3463 3216 3517 Couviuci
3260 3472 3437 3515 autem

1859 3537 2092 3602 debere,
2120 3552 2223 3591 non
2253 3538 2410 3591 nudis
2449 3536 2655 3598 verbis,
2689 3535 2782 3589 Sed
2821 3545 3061 3587 actorum
3106 3533 3437 3602 publicorum

1861 3609 1983 3663 ﬁde.
2012 3608 2302 3674 Subjicilur
2327 3618 2379 3661 et
2406 3607 2673 3676 quippiam
2703 3604 2770 3659 de
2799 3607 2860 3661 iis
2893 3608 2979 3670 qui
3031 3618 3125 3676 eos
3157 3603 3435 3668 ordinant,

1858 3680 1952 3734 sed
1982 3673 2227 3733 mancum
2256 3693 2375 3731 esse
2404 3673 2513 3730 lioc'
2537 3673 2887 3745 fragmentum
2923 3676 3001 3727 rel
3030 3673 3153 3745 iode
3184 3682 3435 3745 apparet,

1858 3750 1997 3819 quod
2031 3753 2297 3803 inseratur
2324 3747 2438 3801 lucc
2473 3741 2708 3819 clausula
2734 3746 3050 3819 utdixiinus.
3090 3743 3249 3819 Atqui
3275 3758 3337 3797 ea
3373 3741 3440 3796 de

1861 3815 1921 3875 re
1944 3821 2075 3874 nibil
2098 3829 2358 3891 prteterea
2381 3820 2580 3891 dit-tutu
2606 3817 2677 3872 ibi
2707 3819 2915 3888 legitur.
2950 3815 3238 3869 Doletnltun
3262 3824 3365 3891 est,
3388 3821 3443 3866 et

1859 3890 2016 3945 valde
2056 3884 2297 3959 proiecto
2334 3888 2653 3949 dolendum,
2697 3884 2802 3959 tam
2850 3902 2989 3941 Itttuc
3026 3900 3145 3959 esse
3196 3884 3435 3936 mutilam

1859 3972 1915 4015 et
1948 3954 2363 4015 contaminatam
2405 3960 2601 4013 veteris
2632 3958 2885 4014 Ecclesia:
2924 3954 3268 4010 memoriam:
3307 3964 3441 4006 tam-

1860 4049 1964 4102 que
1997 4032 2152 4103 bujus
2178 4032 2252 4084 rei
2282 4032 2477 4084 nullam
2506 4044 2815 4103 ctu-amens
2858 4042 3078 4103 gerere,
3107 4026 3194 4103 qui
3233 4032 3435 4103 tantum

1864 4096 2040 4157 tamen
2061 4096 2115 4159 et
2141 4102 2391 4155 hauriunt
2414 4112 2462 4155 et
2488 4101 2814 4165 abligurinut
2833 4115 2894 4151 ex
2918 4096 3109 4164 opibus
3140 4096 3431 4149 Ecclesias-

1862 4176 2012 4233 ticis.
2038 4190 2167 4243 qua:
2201 4172 2266 4225 ad
2308 4172 2486 4224 talium
2530 4179 2999 4243 tnonnmcutornm
3043 4167 3437 4243 restitutionem

1858 4252 1912 4297 et
1939 4236 2400 4297 conservationem
2427 4250 2580 4295 erant
2614 4242 2787 4308 aliqua
2826 4242 3013 4293 salten.
3050 4251 3113 4290 ex
3157 4246 3308 4305 parte
3342 4236 3438 4289 itu-

1860 4315 2173 4381 pcntlettdtr.

1927 4384 2147 4437 Constat
2191 4385 2241 4435 iu
2283 4381 2582 4436 Arelatensi
2630 4380 2860 4434 concilio
2907 4392 3093 4432 rursus
3130 4377 3430 4432 absolutum

1859 4452 2024 4507 fuisse
2066 4453 2436 4514 Ca-cilianum,
2483 4454 2795 4515 damnatum
2826 4465 2955 4502 vero
3002 4450 3258 4502 Imitatum
3292 4463 3305 4501 :
3334 4446 3435 4501 ite~

1857 4539 2081 4593 rumque
2128 4534 2409 4593 propterea
2458 4520 2768 4575 Donatistas
2797 4521 3097 4588 appellasse
3131 4517 3435 4593 constanti-

1860 4588 2008 4648 num:
2042 4588 2206 4663 Major
2251 4592 2512 4660 profecto,
2545 4608 2704 4663 quam
2736 4603 2889 4645 antea
2930 4604 3086 4663 causa
3131 4588 3434 4656 rejicieuda:

1860 4674 1966 4719 tam
2011 4659 2333 4733 importuna:
2374 4659 2753 4732 apj'iellatiouis
2789 4676 2922 4717 erat.
2970 4659 3073 4714 Sed
3105 4673 3325 4733 passus-
3350 4667 3435 4712 est

1855 4732 2243 4790 Constantinus
2269 4737 2370 4787 sibi
2403 4737 2729 4803 persuaderi,
2756 4742 3009 4803 tit-actum
3033 4732 3113 4799 agi
3142 4738 3430 4803 pateretur,

1856 4819 1909 4860 et
1953 4808 2068 4876 ipse
2118 4799 2490 4874 cognosceret.
2543 4807 2677 4872 Ergo
2703 4801 2992 4876 Mediolani
3023 4799 3430 4876 Cotistantinum

1854 4876 1923 4931 de
1955 4874 2053 4932 bac
2079 4892 2241 4932 causa
2281 4876 2550 4944 judicasse
2593 4874 3028 4941 aitAugnstinus,
3077 4874 3427 4944 epist._cuu.

1858 4950 1993 5012 Quid
2023 4965 2148 5002 vero
2167 4940 2459 5016 judicavit?
2487 4940 2848 5012 Bepetemlutu
2895 4944 2944 4995 id
2975 4948 3058 4995 «Μ
3082 4957 3150 4995 ex
3177 4941 3283 4994 alio
3321 4940 3431 4996 Au-

1858 5020 2052 5083 gusdni
2096 5019 2233 5079 loco,
2267 5018 2368 5070 boe
2414 5030 2514 5078 εει,
2549 5033 2610 5069 ex
2637 5016 2706 5067 ιιι»
2730 5029 2783 5066 ιιι
2809 5026 2991 5083 contra
3023 5016 3278 5066 t'rcscou.
3306 5028 3425 5079 cap.

1863 5082 1919 5143 Ἠ
1939 5132 1952 5153 ,
1984 5090 2066 5144 ubi
2096 5090 2347 5143 recitatur
2377 5087 2600 5152 epistola
2635 5084 2800 5149 ἱι-εἰιιε
2842 5082 3176 5137 Constantini
3206 5098 3426 5137 narran-

1862 5162 1926 5211 tis
1955 5175 2076 5214 sese
2099 5160 2177 5230 (ut
2199 5157 2450 5226 loquitur)
2478 5158 2614 5209 inter
2637 5165 2812 5230 partes
2834 5155 3169 5230 cognovisse,
3194 5156 3427 5230 etimit)-

1859 5242 2065 5283 centem
2096 5224 2435 5281 Caecilianum
2464 5224 2789 5293 eotuperi-se
2835 5238 2950 5293 post
2994 5226 3313 5293 episcopalia
3341 5226 3427 5294 ju-

1856 5302 1989 5353 dicia
2024 5320 2034 5351 :
2069 5297 2295 5355 Pervidi,
2322 5296 2536 5364 inquit,
2585 5294 2915 5359 chilianum
2962 5296 3098 5347 omni
3138 5295 3423 5350 innocentia

1852 5369 2141 5449 praeditum,
2178 5384 2237 5419 ac
2268 5366 2435 5449 debita
2482 5366 2740 5449 religionis
2780 5382 2887 5449 suo:
2916 5366 3083 5449 pﬂiciu
3120 5379 3419 5449 servantem,

1850 5436 1989 5507 eique
2025 5441 2092 5491 ita
2121 5447 2174 5491 ul
2198 5438 2437 5508 oportuit,
2462 5436 2778 5492 servientem.
2822 5438 3059 5506 Sedqno
3088 5447 3324 5505 tempore
3370 5436 3420 5490 id

1846 5510 2134 5578 judicatutn
2168 5521 2247 5563 est
2265 5509 2287 5560 2’
2321 5509 2410 5561 diu
2452 5508 2503 5561 id
2544 5510 2787 5577 qttmsiyi.
2822 5509 2932 5559 Non
2966 5511 3107 5561 enim
3139 5510 3289 5561 facile
3313 5516 3420 5559 sta-

1852 5581 2049 5648 timque
2079 5579 2491 5644 occurrebat,ut
2517 5584 2707 5632 misere
2732 5578 2826 5643 dis;
2850 5592 2964 5630 ersa
2994 5579 3285 5645 suntbujus
3317 5579 3423 5632 ltis-

1850 5651 1999 5703 torite
2029 5649 2200 5704 lacera
2233 5651 2488 5702 membra.
2515 5648 2748 5701 Tandem
2776 5649 2916 5699 venit
2948 5648 3253 5699 intuentem
3278 5648 3418 5715 quod

1849 5718 2175 5784 Augustiqu
2204 5717 2254 5771 ἱιι
2286 5719 2378 5771 lib.
2406 5730 2589 5771 COltlra
2622 5719 2804 5784 llottut.
2835 5725 2949 5782 post
2971 5716 3150 5768 collat.
3179 5732 3300 5784 cap.
3327 5716 3420 5784 δῦ,

1849 5735 1929 5772 All
1970 5735 2175 5774 usttltltl
2204 5735 2254 5771 ιιι
2286 5735 2378 5771 ιιυ.
2406 5735 2589 5771 contra
2622 5735 2804 5768 nouat.
2835 5735 2949 5782 post
2971 5735 3150 5768 count.
3179 5735 3300 5784 cap.
3327 5735 3417 5781 oo,

1849 5735 2035 5845 scribit
2075 5781 2481 5845 Constantinum
2512 5785 2579 5839 de
2602 5780 2870 5839 Caeciliani
2900 5784 3211 5849 purgatione
3246 5781 3417 5857 script
