3828 6218
168 210 305 265 1349

1380 213 1443 269 lN
1485 212 1805 271 saucium
1845 214 2192 272 omnum.
2266 182 2267 185 γ

3304 210 3442 267 4ιῖὶο

168 346 201 383 ιι
227 327 410 383 .udum
455 328 520 381 dc
553 343 612 382 ca
643 337 1000 400 cognoverat,
1034 337 1088 383 et
1131 329 1335 400 aliquot
1376 331 1605 400 primum
1636 339 1756 398 post
1783 334 1835 391 Α
1861 330 1951 383 lib.
1975 344 2033 383 Ill
2061 330 2125 383 de
2150 328 2302 389 Oiﬁc.
2336 341 2557 395 assess.,
2588 330 2662 383 ait
2691 328 2885 385 factum
2917 341 3039 382 esse
3066 325 3131 400 de
3152 325 3441 383 Germania

164 402 322 453 annis
352 414 503 453 suam
552 400 697 453 illam
723 399 1068 470 sententiam
1112 400 1163 454 in
1196 399 1581 455 Mediolaueusi
1624 402 1754 455 urbe

166 474 321 536 tulit,
361 486 461 525 nec
504 486 669 538 parvo
714 472 1026 535 intervallo,
1059 471 1152 526 sed
1203 473 1358 541 longe
1406 480 1752 541 posteaquam

164 542 316 599 Felix
349 544 416 598 ab
442 542 661 599 IEliano
696 545 974 599 absolutus
1000 542 1216 609 luisset,
1249 553 1303 597 ut
1326 543 1400 597 ait
1429 544 1755 613 Augustinus

164 614 217 669 in
252 616 412 683 epist.
443 630 571 669 CLII.
604 615 771 670 Pareo
801 622 860 669 ut
887 617 1114 680 Optatos
1145 615 1231 668 hic
1259 624 1443 669 narrat
1469 615 1755 669 mandasse

160 684 605 751 Constantinum,
633 697 691 740 ut
714 686 782 741 de
805 688 911 739 vita
934 685 1127 740 Felicis
1157 686 1369 755 publice
1396 697 1751 754 quaereretur,

160 759 243 810 sic
277 760 627 827 Augustinus,
659 757 713 812 in
752 757 909 827 epist.
945 773 1138 821 vaIII,
1162 754 1260 823 ait,
1297 757 1508 827 publico
1548 754 1755 827 judicio

167 828 331 899 130
367 844 583 881 causam
632 829 769 883 hanc
817 828 1114 884 discussam
1167 840 1327 899 atque
1377 830 1577 883 linitam
1610 843 1750 883 esse.

160 900 374 962 l’ubliri
406 899 563 966 hujus
596 900 781 968 judicii
813 902 894 954 vel
920 902 1234 970 qumstiouis
1264 900 1492 970 publica:
1522 900 1749 955 formam

158 970 491 1042 etgordiuem
522 970 776 1025 describit
804 971 908 1025 hoc
947 973 1107 1027 etiam
1138 971 1257 1027 loco
1283 972 1505 1042 Optatus
1530 1013 1543 1038 ,
1577 986 1752 1041 neque

156 1040 385 1113 difﬁcile
428 1051 573 1095 esset
624 1042 905 1111 interpreti
954 1044 1005 1096 in
1055 1042 1206 1097 libris
1249 1040 1419 1113 legum
1462 1040 1751 1112 rerumque

158 1110 530 1184 Romanarum
559 1110 781 1167 versato
798 1114 1072 1169 cumulare
1107 1115 1270 1167 rmilt'a
1290 1110 1454 1184 (qua:
1477 1113 1546 1168 de
1583 1110 1748 1169 veteri

156 1183 723 1254 ordinepublicorum
768 1184 1085 1249 iudiciorum
1123 1183 1423 1254 dicuntur:
1466 1184 1561 1240 sed
1610 1201 1750 1240 nunc

158 1268 265 1322 ego
309 1253 417 1307 alio
455 1268 707 1323 proliero.
751 1255 883 1310 illud
926 1255 1085 1309 modo
1126 1256 1280 1323 dico,
1311 1272 1376 1310 ex
1406 1255 1585 1325 Optati
1629 1256 1749 1311 loco

156 1326 642 1397 posseemeudari
691 1326 1026 1381 Constantini
1076 1326 1263 1381 eadem
1315 1327 1382 1382 de
1432 1344 1491 1382 re
1542 1331 1750 1397 agentis

157 1396 451 1465 epistolam
477 1396 737 1450 mendose
774 1399 1053 1464 Scriptum,
1084 1399 1296 1465 qualem
1324 1398 1514 1452 recitat
1541 1396 1750 1453 duobus

158 1466 301 1520 lueis
332 1468 692 1537 Augustinus,
728 1468 820 1521 ubi
852 1482 946 1533 pro
979 1468 1292 1537 Suturianus
1331 1468 1584 1522 scribitur
1614 1466 1747 1522 Cen-

157 1538 302 1590 turio
328 1553 347 1591 :
384 1553 481 1608 pro
511 1535 762 1593 Cattidius
792 1544 876 1591 est
910 1535 1135 1599 Calibius
1159 1554 1177 1591 :
1210 1553 1305 1605 pro
1336 1538 1498 1592 Solon
1525 1539 1752 1608 oﬁicialis

154 1609 398 1679 publicus
420 1617 505 1663 est
524 1608 683 1663 Solus
705 1623 877 1662 servus
903 1608 1153 1677 publicus.
1172 1608 1322 1673 Quod
1352 1624 1513 1677 porro
1527 1612 1750 1677 Optatos

150 1680 290 1734 dicit
319 1680 388 1733 de
428 1681 671 1749 lngeutio
700 1680 876 1733 scriba
896 1721 909 1744 ,
940 1678 1267 1747 Augusdnus
1297 1679 1483 1735 iisdem
1513 1679 1565 1733 in
1593 1680 1742 1745 locis,

152 1750 263 1805 hoc
285 1758 398 1815 est,
431 1749 485 1805 in
516 1753 673 1820 epist.
706 1766 899 1813 vani,
929 1752 1118 1820 etilil).
1152 1766 1208 1805 III
1258 1762 1445 1805 contra
1484 1751 1742 1805 Crescon.

148 1836 279 1890 cap.
306 1822 376 1879 70
397 1864 412 1887 ,
461 1819 620 1876 modo
664 1822 924 1877 mendose
964 1819 1267 1891 Vigcutium
1288 1865 1301 1887 ,
1335 1832 1392 1881 ut
1425 1836 1568 1892 saepe
1593 1823 1745 1889 alibi,

148 1895 321 1947 modo
353 1900 501 1949 recte
549 1893 846 1961 lugentium
880 1900 1069 1958 vocat,
1121 1893 1743 1961 eumqueDecuriOuem

147 1963 503 2035 Ziquensium
524 1965 756 2019 civitatis
785 1964 951 2017 luisse
973 1965 1068 2027 ait,
1096 1975 1145 2017 et
1168 1979 1297 2017 vero
1322 1962 1390 2017 de
1420 1979 1483 2016 co
1513 1964 1746 2033 loquitur

146 2035 385 2103 Optatos
410 2051 533 2090 cuin
564 2038 669 2090 ait:
699 2035 950 2107 Pependit
976 2035 1068 2089 sub
1090 2045 1224 2089 metu
1244 2035 1612 2091 imminentium
1640 2047 1746 2088 tor-

146 2117 463 2160 mentorum.

230 2178 358 2247 Pag.
385 2177 476 2232 ‘26.
512 2177 608 2232 Hic
644 2177 789 2232 enim
819 2191 943 2232 reos
974 2176 1093 2231 falsi
1125 2176 1252 2240 fuit,
1292 2176 1434 2246 quod
1476 2177 1746 2232 diceretur

146 2246 291 2302 falsa
315 2259 432 2303 acta
465 2249 854 2318 conscripsisse
875 2259 1059 2303 contra
1092 2248 1347 2313 Felicem,
1380 2256 1435 2301 et
1461 2250 1743 2316 epistolam

145 2320 445 2387 quamdam
472 2319 745 2375 Cmciliani
777 2318 1087 2385 falsaviSsc,
1123 2328 1180 2372 ut
1210 2321 1363 2373 testis
1390 2327 1473 2374 est
1494 2318 1745 2389 Augusti-

146 2405 279 2456 nus,
304 2393 391 2459 qui
416 2410 434 2444 ι
450 2399 471 2445 ι
490 2389 558 2445 de
580 2406 643 2445 eo
666 2390 814 2460 loqui
838 2391 1062 2456 videtur,
1082 2404 1202 2444 cum
1226 2392 1277 2445 in
1300 2405 1386 2461 ep.
1412 2405 1537 2457 CLtl,
1570 2392 1740 2460 loqui-

146 2471 243 2516 tur
270 2463 340 2515 de
359 2462 594 2532 quodam
626 2476 891 2531 snSpenso
916 2462 967 2515 in
991 2463 1239 2530 equuieo,
1269 2472 1323 2514 ut
1349 2462 1508 2516 etiam
1534 2465 1742 2531 ungulis

148 2544 448 2587 vexaretur
474 2549 487 2585 :
521 2548 695 2603 neque
720 2532 959 2601 potuisse
990 2532 1221 2588 Felicem
1254 2533 1643 2603 contradicere,
1674 2549 1741 2589 ne

148 2613 307 2658 tanta
337 2601 717 2674 diligeittia’vei
748 2605 1037 2658 severitate
1059 2614 1417 2672 quaereretur.
1442 2601 1737 2674 lugentium

143 2673 476 2744 suspensum
499 2676 736 2746 quidem,
762 2674 856 2729 sed
886 2674 1104 2746 minime
1130 2686 1307 2746 tamen
1332 2684 1527 2746 tortum
1549 2673 1733 2741 fuisse,

144 2748 274 2815 quia
304 2761 365 2801 se
392 2744 595 2802 dii-eiet
622 2761 743 2801 esse
769 2745 1126 2800 Decurionem
1146 2788 1161 2810 ,
1190 2744 1455 2815 signiﬁcat
1480 2746 1734 2815 Augusti-

148 2832 256 2871 nus
296 2819 348 2870 iu
380 2818 538 2887 epist.
560 2832 769 2879 vam,
801 2827 855 2869 ct
894 2818 985 2869 lib.
1017 2832 1073 2870 III
1107 2825 1291 2887 coittra
1321 2815 1578 2887 C_rescou.
1612 2832 1732 2887 cap.

148 2834 256 2871 nus
296 2834 348 2870 ιιι
380 2834 538 2887 epm.
560 2834 769 2879 LIVI",
801 2834 855 2869 Cl
894 2834 985 2869 ΙΙΙ).
1017 2834 1073 2870 Ill
1107 2834 1291 2869 Ctillll‘ll
1321 2834 1578 2871 bl'BSCOii.
1612 2834 1672 2870 (33
1720 2859 1732 2871 .

147 2888 243 2961 70,
264 2899 326 2961 et
353 2893 607 2961 convenit
630 2903 752 2961 cum
787 2887 903 2956 iege
933 2885 1406 2961 Tlieodosiana,L_.
1436 2834 1732 2961 omnes,

144 2958 217 3013 de
264 2958 463 3015 Decur.
509 2956 725 3013 Missum
769 2969 947 3011 autem
990 2972 1110 3012 esse
1155 2956 1221 3009 ad
1253 2959 1564 3011 comitatum
1594 2960 1737 3013 Con-

144 3028 377 3083 stantini
400 3070 414 3095 ,
458 3045 578 3084 cum
609 3030 812 3083 crimen
844 3038 989 3082 esset
1030 3027 1327 3081 confessus.
1376 3028 1448 3082 De
1476 3044 1542 3083 eo
1572 3032 1732 3085 etiam

1777 1719 1824 1779 B

1861 411 1914 455 et
1942 401 2141 470 Mysia;
2167 401 2246 454 sic
2274 399 2614 469 Papinianus,
2642 400 2691 453 iu
2712 399 2745 455 i.
2774 416 2824 454 Ix
2851 401 2919 453 de
2946 397 3167 470 pustul.,
3197 400 3444 470 meminit

1859 468 2258 542 provinciarqu
2291 470 2531 537 ejusdem
2577 471 2824 525 nominis.
2870 468 3165 542 Aquitaniae
3210 469 3441 540 duplicis

1862 538 1913 595 lit
1944 544 2107 596 etiam
2150 544 2351 596 mentio
2395 544 2447 595 in
2490 543 2763 595 itinerario
2811 538 3085 595 Autduini.
3119 538 3435 605 Porroeum

1858 614 2084 682 Optatus
2113 615 2330 684 subjicit
2358 613 2687 667 Catholicam
2718 628 2838 666 esse
2868 609 3193 684 Ecclesium,
3224 627 3343 683 qum
3370 609 3439 667 sit

1859 682 2222 748 rationabilis,
2238 684 2448 738 videtur
2468 684 2842 738 rationabilem
2867 682 3160 755 appellare,
3181 682 3298 754 qua:
3327 700 3430 739 non

1858 764 1964 810 tam
1997 757 2163 810 oculis
2194 764 2448 811 cernatur
2472 770 2629 823 quam
2664 757 2887 817 ratione,
2920 756 3019 809 hoc
3046 764 3147 817 est.
3176 766 3354 811 mente
3383 766 3435 811 et

1856 827 2133 883 intellectu
2160 827 2666 895 c0mprehendatur.
2701 826 2827 895 Pag.
2858 828 2946 882 '50.
2979 827 3051 880 De
3080 827 3435 895 appellatione

1853 900 2147 954 Catholica:
2178 900 2329 968 plura
2359 897 2468 953 dixi
2502 897 2554 951 in
2587 897 2808 952 historia
2836 897 3016 951 collat.
3047 896 3232 952 Cartb.
3264 897 3432 967 Opta-

1854 979 1939 1024 tus
1982 971 2030 1025 d-
2052 970 2179 1025 inde
2214 985 2365 1026 suam
2413 970 2711 1024 Ecclesium
2764 969 2953 1037 probat
2995 984 3114 1023 esse
3149 968 3433 1029 Catholicze

1854 1052 2099 1111 partem,
2146 1042 2282 1111 quia"
2313 1042 2611 1096 consentiat
2658 1056 2778 1095 cum
2824 1038 3063 1094 Romana
3094 1056 3107 1094 :
3138 1039 3431 1095 Romanam
3480 1062 3489 1072 ·

1852 1122 2028 1167 autem
2047 1114 2156 1184 jam
2185 1112 2307 1168 inde
2336 1128 2362 1165 a
2388 1112 2547 1166 Petro
2579 1121 2829 1180 perpetua
2857 1112 3434 1184 successione'episco-

1853 1183 2416 1253 porumcmise'rvasse
2444 1184 2853 1238 consensionem
2884 1183 3162 1247 doctrinm,
3188 1191 3243 1237 et
3272 1185 3431 1236 veluti

1852 1256 2257 1310 fundamentum
2290 1270 2340 1310 et
2373 1260 2569 1325 corpus
2599 1253 2803 1309 mdiﬁcii
2842 1254 3144 1323 aposmiici.
3178 1254 3301 1323 Pag.
3336 1256 3427 1309 5i.

1852 1326 1941 1382 Sic
1988 1338 2267 1382 enumerat
2316 1327 2539 1395 Optatus
2590 1327 2873 1395 episcOpus
2916 1325 3214 1386 ltomauos.
3270 1334 3326 1379 ut
3379 1333 3434 1379 et

1850 1398 2081 1452 similem
2113 1399 2413 1468 catalogum
2455 1398 2643 1451 eodem
2674 1398 2778 1451 ﬁne
2818 1397 3056 1464 contegit
3103 1397 3429 1466 Augustinus

1851 1468 1904 1521 in
1929 1469 2086 1538 epist.
2111 1484 2269 1536 cur,
2286 1478 2340 1524 et
2362 1468 2520 1525 simili
2547 1479 2861 1538 argumento
2880 1477 3005 1521 ante
3027 1469 3275 1535 Optatum
3302 1482 3429 1523 usus

1850 1537 1971 1592 erat
2012 1539 2245 1594 lreuacns
2276 1548 2330 1593 et
2376 1537 2657 1608 Origenes.
2707 1537 2811 1593 Sed
2855 1539 3174 1608 admonendi
3235 1540 3425 1593 iterum

1853 1624 2039 1663 sumus
2071 1610 2184 1663 huic
2209 1609 2394 1672 verba,
2424 1607 2649 1662 Dimmao
2684 1608 2901 1662 Siricius
2927 1607 3097 1669 hodie,
3126 1611 3290 1663 videri
3322 1625 3425 1662 non

1854 1694 1973 1762 esse
1998 1682 2202 1749 Optati,
2246 1679 2339 1762 sed
2368 1680 2592 1749 alicujus
2628 1679 2781 1762 paulo
2825 1687 2943 1762 post
2966 1694 3085 1762 eum
3116 1677 3426 1761 Scriptoris.

1856 1750 1988 1805 Nam
2017 1746 2227 1805 constat
2256 1746 2520 1822 Optatum
2539 1746 2940 1818 scripsisse'hos
2973 1749 3137 1822 libros
3166 1746 3305 1804 circa
3337 1767 3434 1804 an-

1848 1832 1977 1876 nuin
2008 1822 2134 1877 570.
2182 1819 2432 1879 Siriéinm
2477 1837 2605 1877 vero
2647 1822 2794 1874 illum
2845 1838 2949 1875 non
2998 1819 3160 1875 fuisse
3190 1830 3424 1876 creatum

1848 1894 2160 1963 episcopum
2211 1902 2335 1949 ante
2375 1908 2571 1948 annum
2618 1894 2745 1958 383,
2790 1902 2848 1946 ut
2894 1902 3043 1945 antea
3077 1892 3273 1947 dii-tum
3321 1904 3423 1947 est.

1847 1965 2067 2036 Constat
2097 1965 2657 2036 Optatumiscripsisse
2684 1964 2789 2025 hos
2813 1964 2976 2036 libros
3004 1967 3297 2036 imperante
3322 1964 3420 2036 \'a-

1847 2032 2282 2108 lentinlano’Lut
2322 2032 2679 2108 Hieronymus
2720 2034 2995 2108 testist-st.
3028 2032 3187 2103 Atqui
3228 2035 3421 2090 deinde

1847 2106 2145 2175 imperante
2178 2107 2481 2161 Theodosio
2511 2105 2683 2161 adhuc
2713 2107 2909 2159 vixisse
2940 2105 3224 2159 Damasum
3259 2108 3418 2161 etiam

1847 2188 2079 2248 constat,
2105 2187 2158 2233 et
2178 2180 2287 2248 ipsa
2312 2179 2395 2233 lex
2421 2178 2815 2241 'l‘lteodosiana,
2841 2176 2906 2231 de
2926 2179 3137 2248 summa
3161 2175 3421 2232 Trinitate

1845 2259 1898 2302 et
1921 2250 2021 2303 ﬁde
2046 2247 2321 2304 Cathdiica
2350 2249 2401 2303 id
2444 2258 2686 2303 testatur.
2735 2248 2859 2316 Pag.
2886 2247 2974 2301 52.
3009 2247 3159 2314 Quod
3200 2249 3424 2317 Optatus

1845 2320 1973 2375 dicit
1996 2322 2412 2375 de'commercio
2441 2318 2808 2373 Formatarum
2829 2359 2842 2382 ,
2872 2319 3135 2388 signiﬁcat
3164 2319 3419 2387 epistolas

1844 2392 1964 2453 illas
1987 2392 2491 2445 communicaturias
2520 2398 2664 2445 certa
2697 2391 2921 2459 formula
2949 2396 3255 2459 eonccptas,
3284 2404 3417 2458 quas

1845 2471 2109 2530 tamquam
2134 2461 2253 2515 lidci
2278 2478 2389 2516 sua:
2416 2472 2646 2516 tesseras
2674 2470 2729 2516 et
2754 2460 3123 2515 consensionis
3149 2463 3412 2530 symbola,

1842 2534 2075 2602 episcopi
2108 2532 2389 2587 orthodoxi
2419 2534 2699 2587 mittebant
2726 2531 2791 2586 ad
2819 2532 3137 2587 Romanum.
3168 2531 3255 2587 Sic
3287 2531 3417 2585 For-

1841 2614 2015 2658 matas
2042 2605 2301 2673 appellari
2352 2614 2575 2659 testatur
2620 2604 2735 2673 ipse
2781 2604 3111 2671 Augustinus
3156 2602 3208 2656 in
3255 2604 3415 2673 epist.

1839 2689 2018 2729 cum.
2075 2676 2179 2731 Sed
2230 2687 2283 2728 et
2331 2675 2611 2743 disputans
2662 2690 2782 2730 cum
2829 2673 3087 2729 Fortnnio
3143 2674 3417 2728 Donatista

1835 2745 2070 2813 jactaute
2097 2761 2245 2799 suam
2277 2745 2570 2800 Ecclesiam
2603 2761 2723 2799 esse
2763 2744 3131 2811 Catholicam,
3171 2744 3421 2814 quaesivit

1839 2815 2525 2900 utrumhtaies.Formatas
2570 2818 2827 2900 epistolas
2870 2825 3084 2899 posset,
3117 2829 3223 2882 quo
3250 2815 3418 2869 vellet

1839 2887 1988 2941 dare.
2026 2888 2117 2944 Sic
2144 2886 2289 2942 enim
2318 2887 2574 2942 facillime
2603 2886 2746 2944 illam
2781 2887 3053 2943 terminari
3083 2900 3240 2957 posse
3270 2902 3415 2958 quie-

1837 2959 2087 3013 stionem.
2854 2986 2857 2987 ν
3294 2960 3297 2964 ’

1911 3029 2034 3100 Pag.
2068 3030 2157 3084 51.
2213 3029 2363 3096 Quod
2416 3030 2573 3098 paulo
2629 3039 2751 3083 ante
2803 3029 3059 3099 scriptum
3112 3028 3305 3099 legitur
3359 3029 3410 3083 in

143 3100 357 3170 aliquid
389 3102 762 3169 pronuntiasse
806 3097 1073 3152 {Elianum
1121 3114 1241 3152 cum
1274 3098 1507 3152 Felicem
1550 3101 1723 3155 absoi-
1760 3096 1805 3158 C
1838 3096 2033 3166 Optato
2056 3142 2070 3166 ,
2100 3102 2313 3156 l’etrmu
2336 3142 2350 3164 ,
2420 3096 2509 3154 uia
2552 3096 2926 3172 apostolorum
2946 3110 3101 3168 caput
3131 3096 3293 3155 fuerit
3321 3116 3415 3168 ap-

145 3180 341 3224 t'eret.
388 3171 719 3224 Aimustinns
755 3169 1050 3224 sianilicat.
1082 3170 1169 3224 oui
1208 3178 1261 3221 et
1308 3170 1527 3224 totidem
1557 3172 1733 3224 verbis
1839 3171 2093 3224 pellatqu
2134 3187 2253 3224 esse
2284 3118 2493 3224 Cenvmn
2517 3214 2530 3224 .
2582 3175 2688 3224 dixi
2734 3172 2854 3224 alibi
2888 3172 3248 3224 soloecismum
3293 3186 3415 3224 esse

145 3169 304 3225 reret
326 3212 341 3237 ,
388 3171 719 3240 Augustinus
755 3169 1050 3238 signiﬁcat,
1082 3170 1169 3237 qui
1208 3178 1261 3221 et
1285 3170 1527 3240 totidem
1557 3172 1733 3236 verbis

142 3238 497 3295 sententiam
520 3241 716 3295 Ailianl
748 3243 975 3304 recitat,
1021 3241 1215 3309 quibus
1259 3238 1504 3310 Optatus.
1538 3243 1737 3310 Super-

141 3312 527 3366 stationarinm
546 3323 723 3366 autem
749 3326 869 3365 cum
899 3313 983 3365 hic
1011 3311 1248 3372 nominat
1270 3309 1517 3380 Optatos,
1544 3309 1731 3368 obser-

142 3398 361 3442 vemus.
391 3384 744 3437 Stationarius
786 3381 952 3436 fuisse
986 3396 1053 3435 ex
1079 3380 1490 3448 Cubortalibus,
1526 3385 1625 3439 boc
1653 3382 1735 3439 est

141 3453 471 3508 ofﬁcialibus
518 3453 845 3516 Prmsidnm,
894 3462 1161 3523 tamquam
1201 3454 1348 3507 dicas
1377 3456 1729 3521 apparitores,

142 3526 237 3590 qui
276 3524 526 3592 dispositi
561 3541 656 3593 per
688 3524 1000 3578 Provincias
1026 3522 1189 3576 certis
1236 3523 1396 3587 locis,
1446 3522 1731 3579 denuntia-1

142 3594 279 3648 bam
321 3595 724 3658 Ittagistratibus
768 3595 891 3661 quid
936 3605 1217 3662 ageretur,
1250 3609 1580 3662 quorumque
1613 3614 1733 3664 prn-

142 3676 338 3734 ptttrea
393 3664 636 3720 (Ιιξῖοιθιιιε
677 3673 733 3718 et
778 3667 881 3718 vile
930 3665 1283 3717 Inittisteriuttt
1330 3667 1629 3732 nppellalur
1675 3666 1729 3719 iit

142 3733 304 3790 libris
354 3737 566 3804 legum,
616 3735 707 3788 ubi
752 3745 806 3788 et
858 3733 1307 3804 Statiunariormr.
1356 3737 1607 3803 frequens
1650 3746 1732 3792 est

143 3809 375 3859 mentio.
410 3803 469 3860 L.
500 3822 572 3871 vt,
602 3806 661 3859 C.
694 3805 761 3859 de
781 3806 978 3874 Dignit.
1014 3805 1073 3859 L.
1098 3820 1137 3868 ι,
1166 3803 1227 3859 C.
1257 3806 1326 3858 de
1355 3805 1656 3872 Coitortal.,
1678 3816 1731 3861 et

143 3876 179 3930 l.
217 3893 232 3930 ι
263 3877 328 3930 C.
350 3877 475 3939 Th.,
498 3876 566 3931 de
592 3875 720 3930 Cur.
748 3876 918 3945 publ.,
945 3885 998 3929 et
1027 3876 1064 3927 Ι.
1093 3876 1137 3929 si
1159 3877 1280 3942 quis
1302 3876 1355 3929 in
1382 3877 1480 3931 hoc
1506 3876 1569 3931 Ο.
1598 3877 1727 3942 Th.,

142 3949 211 4000 de
236 3949 479 4017 episcop.
521 3956 575 4001 et
600 3946 739 4001 Cier.
767 3947 938 4000 Porro
967 3954 1149 4017 noster
1176 3947 1458 4001 Renardus
1489 3948 1733 4003 eruditus

139 4018 284 4086 juris
309 4016 598 4086 interpres,
639 4026 804 4070 totum
839 4019 981 4070 bunc
1006 4016 1182 4085 Optati
1213 4019 1387 4071 locum
1418 4020 1606 4073 recitat
1636 4020 1728 4075 lib.

143 4104 196 4143 Iv
224 4090 427 4143 varior.
452 4103 572 4157 cap.
600 4089 688 4154 ll,
720 4098 777 4141 ut
804 4087 995 4157 probet
1023 4090 1371 4153 qmestiouem
1401 4090 1527 4143 olim
1549 4090 1616 4145 de
1641 4107 1734 4145 reo

143 4160 368 4235 publice
398 4160 636 4235 habitam
680 4172 828 4235 esse;
861 4158 955 4235 sed
983 4157 1252 4235 falleretur
1275 4161 1364 4235 qui
1389 4162 1466 4235 ad
1496 4160 1731 4235 Folicem

144 4246 305 4284 reum
330 4229 558 4287 referret
588 4232 702 4284 haec
726 4229 906 4298 Optati
945 4230 1144 4285 verba:
1192 4229 1437 4301 Pep'endit
1471 4233 1563 4285 sub
1600 4243 1734 4287 metu

143 4302 524 4354 imminentium
557 4310 941 4354 lonnentorum.
987 4302 1153 4355 Immo
1185 4301 1415 4355 Felicem
1452 4303 1730 4357 absentem

144 4371 321 4424 fuisse
351 4374 417 4427 ab
458 4371 673 4426 Atiliano
704 4371 1004 4425 absolutum
1050 4380 1275 4425 testatur
1305 4373 1632 4441 Augustinus
1678 4377 1729 4428 in

143 4442 352 4497 brevic.
379 4444 539 4496 collat
568 4482 585 4509 ,
609 4442 674 4495 ad
701 4445 877 4495 tinem.
904 4442 1053 4509 Quod
1077 4442 1248 4496 obitcr
1263 4443 1399 4506 dico,
1428 4444 1550 4511 quia
1575 4444 1728 4499 rideo

142 4515 495 4567 doctissimus
523 4528 761 4581 quosque
792 4515 935 4565 viros
966 4514 1074 4566 l'aili
1115 4514 1165 4565 in
1214 4513 1432 4566 historia
1466 4514 1563 4569 hac
1594 4525 1722 4569 tota.

144 4585 294 4652 Ergo
324 4591 578 4652 quantum
611 4582 776 4651 potui,
812 4597 950 4635 nunc
980 4592 1202 4635 conatus
1228 4598 1342 4637 smn
1372 4598 1486 4637 eam
1510 4586 1559 4639 in
1585 4588 1729 4640 ordi-

143 4669 271 4708 nem
323 4656 587 4725 redigere,
636 4667 752 4721 quaz
806 4653 1107 4716 perturbata
1155 4660 1301 4715 erat,
1356 4664 1409 4708 et
1447 4671 1567 4725 quin
1612 4669 1728 4713 erat

141 4724 684 4798 cont‘usepcrmixta,
706 4728 956 4798 evolvere
976 4732 1134 4798 atque
1155 4725 1415 4798 explicate
1436 4724 1723 4798 expauere,

143 4797 450 4862 prmset‘tiut
477 4809 598 4846 cum
617 4795 776 4847 etiam
806 4793 1039 4848 viderem
1069 4796 1263 4865 alioqui
1291 4793 1523 4851 histeria':
1554 4801 1728 4855 ecclcc

141 4866 380 4936 sia‘tica;
411 4866 701 4936 scriptores
745 4865 882 4918 banc
927 4880 1038 4919 rem
1080 4875 1278 4935 totam,
1325 4883 1442 4936 qua:
1473 4875 1727 4925 memoria

141 4934 413 5019 imprimis
440 4934 1026 5019 dignaestinonsntis
1052 4934 1384 5019 esposuissc.
1414 4941 1574 4995 Multa
1607 4954 1731 4998 sunt

143 5006 309 5088 hujus
346 5009 557 5088 generis
605 5006 657 5060 in
700 5006 924 5088 historia
971 5006 1169 5088 veteris
1218 5009 1469 5082 Ecclesia:
1515 5013 1731 5088 indigne

140 5082 532 5132 contaminata.
912 5082 924 5093 ‘
1098 5086 1105 5093 '

543 5188 609 5244 ΙΝ
651 5189 913 5246 LIBRUM
946 5189 1333 5249 SECUNDUM.

214 5280 349 5354 Pag.
382 5278 473 5354 29.
501 5279 734 5354 Optatos
757 5282 1128 5354 disputansde
1159 5284 1396 5339 Ecclesia
1425 5286 1720 5354 Catholica,

141 5362 198 5423 et
239 5352 293 5423 in
338 5352 605 5419 principio
648 5352 806 5418 hujus
837 5350 956 5404 libri
996 5351 1207 5423 aliquot
1249 5357 1545 5423 provincias
1576 5350 1721 5414 orbis

140 5420 438 5474 Christiani
471 5435 811 5483 enumerans,
847 5422 1088 5473 meminit
1124 5420 1282 5477 trium
1324 5425 1716 5484 Pannoniarum

142 5488 720 5569 triumque-Syriarum
747 5498 800 5569 et
836 5490 1058 5568 duarum
1092 5494 1458 5569 Armeniarum
1482 5539 1495 5558 ,
1527 5514 1720 5569 nempe

140 5560 281 5641 olim.
316 5572 463 5641 stupe
505 5572 602 5641 una
650 5560 951 5626 provincia,
1001 5576 1126 5641 quas
1166 5564 1359 5641 aliaqui
1409 5570 1568 5622 nimis
1614 5560 1719 5627 la'te

141 5629 395 5721 patebat:
432 5628 504 5721 ἱιι-
530 5628 660 5721 duas
690 5639 784 5721 aut.
827 5639 937 5721 tres
978 5628 1348 5721 dividebatur,
1397 5647 1450 5721 et
1480 5644 1717 5721 singulis

140 5700 396 5779 proprius
440 5712 641 5778 prauos
688 5700 930 5760 dabatur.
978 5701 1069 5761 Sic
1093 5702 1269 5768 Macer
1306 5700 1620 5785 (miscens:
1662 5718 1714 5780 in

1838 3171 2093 3294 pellatum
2134 3187 2253 3228 esse
2284 3169 2530 3242 ϐρρΙιαη,
2582 3169 2688 3226 dixi
2734 3172 2854 3225 alibi
2888 3172 3248 3226 solwcismum
3293 3186 3418 3225 esse
3502 3198 3505 3201 -

1856 3243 2072 3294 Iomiuis
2096 3244 2411 3294 somniantis
2446 3259 2633 3294 vocem
2664 3243 2937 3294 Svriacam
2959 3284 2973 3294 .
3005 3258 3122 3294 una:
3150 3242 3417 3294 signiﬁcat

1856 3243 2072 3314 iomiuis
2096 3244 2411 3298 sumniautis
2446 3259 2633 3298 vocem
2664 3243 2937 3314 Syriacam
2959 3284 2973 3308 ,
3005 3258 3122 3314 qua:
3150 3242 3417 3308 signiﬁcat

1837 3311 2049 3385 Petram
2069 3355 2082 3377 ,
2116 3329 2237 3369 esse
2266 3314 2506 3369 Cinneam
2538 3311 2750 3385 κεραλῆ,
2792 3330 2910 3383 qua:
2949 3311 3101 3382 caput
3127 3314 3411 3385 signiﬁcat.

1838 3382 1943 3438 Sed
1974 3386 2215 3454 suspicor
2255 3387 2367 3439 hate
2404 3388 2563 3441 verba
2583 3382 2605 3451 ,⁷
2641 3387 2775 3441 unde
2799 3382 2844 3439 et
2885 3384 3081 3455 Cap/Ias
3126 3382 3413 3455 ιψιιεημιιιιε

1836 3465 1925 3516 est,
1960 3471 2079 3510 e~se
2105 3458 2298 3525 inepta:
2327 3456 2551 3521 alicuju<
2574 3458 2767 3523 glussze.
2794 3456 2859 3507 ad
2884 3456 3178 3525 marginem
3210 3462 3411 3507 temere

1835 3528 2115 3595 ascriptm,
2146 3523 2208 3581 et
2225 3527 2419 3580 deinde
2454 3529 2551 3579 abs
2580 3526 2832 3587 Librariis
2862 3523 3132 3595 contextni
3166 3524 3402 3595 inserte.

1835 3592 1993 3649 Certe
2023 3595 2245 3664 Optatus
2287 3596 2421 3649 libro
2461 3599 2688 3664 septimo
2728 3594 3043 3662 simpliciter
3086 3594 3158 3646 ait
3189 3592 3403 3647 Petrum

1833 3665 1997 3735 fuisse
2026 3677 2185 3735 caput
2212 3666 2609 3735 ApOstoiorn’m,
2641 3681 2812 3733 neque
2838 3674 3091 3734 prwterea
3115 3664 3401 3735 quidquam

1833 3734 2032 3806 adjicit.
2070 3734 2334 3790 .Verticem
2367 3738 2685 3806 epiSCOpalis
2733 3748 2949 3789 cornuin
2992 3735 3152 3789 fuisse
3193 3734 3398 3806 ειη-γλ-

1833 3804 2157 3861 lentinianus
2201 3808 2329 3873 imp.
2362 3804 2413 3860 in
2442 3804 2573 3862 Nov}
2613 3808 2679 3862 de
2708 3807 2937 3862 ordinat.
2977 3808 3216 3874 episcop.
3260 3804 3402 3858 Prte-

1834 3885 1985 3948 tcrco
2005 3877 2170 3932 multa
2189 3879 2402 3941 similia,
2418 3894 2537 3948 qum
2570 3878 2762 3948 passim
2777 3886 3084 3942 occurrunt,
3103 3885 3158 3927 ut
3183 3874 3397 3948 redeant

1833 3947 1899 4019 ad
1931 3959 2086 4003 notas
2111 3949 2162 4002 in
2194 3945 2483 4003 secundum
2514 3945 2688 4019 Optati
2722 3947 2937 4011 librum,
2972 3950 3023 4001 in
3055 3948 3247 4019 quibus
3272 3945 3401 3998 illud

1834 4017 2176 4089 dissimulare
2201 4035 2305 4074 non
2340 4016 2735 4089 possum'ralde
2763 4016 3193 4089 iusolcusvideri
3220 4031 3401 4084 posse,

1836 4087 1962 4156 l’ag.
1997 4091 2084 4145 53.
2118 4091 2256 4160 quod
2286 4087 2510 4159 Optatos
2550 4091 2677 4145 illud
2713 4091 2856 4144 i‘anli
2901 4089 2966 4142 ad
2998 4088 3404 4160 Romanos_me-

1834 4162 2009 4213 moriis
2048 4158 2346 4215 sanctorum
2364 4164 2788 4216 communicantes
2835 4160 3117 4229 detorquet
3162 4158 3226 4211 ad
3259 4158 3404 4210 Basi-

1835 4229 1962 4284 iicas
2002 4230 2158 4284 Rom.
2208 4233 2478 4287 Eccieslm.
2519 4233 2574 4288 lu
2614 4233 2804 4289 Grieco
2848 4231 3137 4299 exemplari
3169 4229 3401 4281 Paulina:

1832 4302 2071 4379 episloite
2110 4312 2206 4379 est
2237 4306 2472 4379 χρείαις,
2500 4306 2563 4359 .id
2610 4315 2726 4379 est,
2777 4299 3399 4379 necessitatibusubatini

1834 4373 2081 4447 Videntur
2110 4369 2303 4442 legisse
2344 4369 2532 4447 μνείᾷις
2573 4375 2661 4447 qui
2693 4382 2967 4429 verterunt
2996 4370 3264 4447 memoriis.
3296 4369 3400 4423 Sed

1758 4471 1805 4529 υ
1833 4443 2023 4496 mirum
2054 4440 2437 4529 est.‘Optat'u.m
2483 4440 2823 4529 intei‘pretari
2863 4446 2926 4499 de
2961 4443 3167 4529 templis
3204 4440 3400 4529 Marty-

1833 4529 1981 4580 rum,
2019 4530 2138 4587 qu_'.e
2166 4513 2441 4571 memoria:
2471 4513 2812 4583 dicebautur,
2859 4516 3006 4585 quasi
3038 4513 3183 4587 dica_s
3211 4525 3401 4587 manu:

1831 4579 2372 4659 molita.'Tttrt'iaiius.
2397 4590 2590 4659 allegat
2619 4579 3110 4659 antiquuniﬂlibrum
3143 4579 3395 4659 Eustratil

1830 4654 2402 4733 (loustantinopoiitani
2426 4702 2439 4722 ,
2472 4653 2559 4733 qui
2608 4674 2727 4712 eum
2750 4653 2925 4733 :l{anli
2958 4659 3123 4708 iocmu
3160 4653 3399 4729 retulerit

1830 4728 1896 4801 ad
1938 4735 2250 4785 memoriam
2283 4728 2704 4801 Christianorum
2733 4728 3095 4801 defunctorum
3118 4764 3129 4786 ,
3161 4728 3400 4801 pro-qui-

1832 4797 2216 4854 bnsbratulum
2254 4806 2341 4856 sit.
2376 4803 2499 4871 Pag.
2525 4804 2613 4857 3i.
2647 4799 2866 4866 Optatos
2900 4798 3052 4871 paul”
3105 4800 3223 4861 Ρθδῑ
3261 4792 3397 4871 i",‘.',l‘

1832 4878 1947 4936 cat,
1979 4887 2073 4924 cur
2104 4872 2389 4927 Donatista!
2422 4862 2603 4926 Romae
2629 4862 2755 4924 dicti
2786 4862 2911 4921 sunt
2938 4866 3263 4936 Montenses.
3285 4862 3398 4936 ‘Sic

1836 4934 2192 5012 Hieronymus
2222 4944 2270 4995 in
2314 4944 2576 4997 Chronico
2613 4942 2686 4994 ait
2724 4947 3015 5012 sectatores
3046 4935 3230 4988 Donati
3264 4934 3431 5012 Car-0

1834 5006 2163 5080 thagineusis
2209 5027 2237 5065 a
2287 5014 2596 5080 quibusdam
2646 5010 2820 5063 vocari
2876 5008 3220 5069 Mouteuses,
3273 5006 3397 5080 quia

1836 5076 2125 5138 Ecclesium
2156 5076 2335 5135 liomm
2360 5085 2581 5149 primam
2608 5083 2657 5135 in
2684 5088 2861 5133 monte
2891 5080 3086 5134 habere
3112 5076 3393 5149 coeperint.

1834 5152 1975 5207 ldcm
2030 5153 2284 5207 adversus
2340 5147 2570 5207 Lucifer.
2630 5152 2871 5206 nominat
2929 5150 3232 5204 Monteuses
3285 5147 3396 5199 sive

1833 5223 2129 5289 Campates.
2162 5224 2239 5277 Ac
2278 5220 2489 5293 quidem
2533 5225 2755 5293 Erasmo
2798 5222 3091 5293 assentior,
3114 5221 3397 5293 (Iatnpates

1829 5296 1941 5365 sive
1967 5286 2438 5365 Campenses'eum
2476 5290 2736 5365 adjecisse
2775 5292 3001 5362 quadam
3029 5290 3292 5365 allusione
3327 5286 3391 5339 ad

1827 5364 2149 5437 Monteuses.
2198 5362 2302 5419 Sed
2330 5360 2637 5437 numquam
2681 5360 2898 5437 dixero,
2951 5364 3089 5437 quod
3130 5360 3403 5437 lirasmus.

1827 5435 1955 5487 dicit
1982 5434 2284 5488 Monteuscs
2309 5436 2481 5491 dictos
2498 5432 2623 5492 esse
2650 5452 2676 5489 a
2718 5433 2965 5489 Montano
2992 5451 3003 5485 :
3038 5432 3190 5485 sicuti
3222 5442 3393 5497 neque

1827 5504 2121 5571 Epiphanio
2169 5506 2502 5564 subscribam
2554 5507 2808 5562 scribenti
2860 5506 2908 5557 in
2957 5516 3055 5555 suo
3103 5508 3393 5571 Alieni-ato.

1825 5568 2131 5661 uotuotypaiou;
2175 5576 2566 5661 ltomtehvocarj
2614 5578 2936 5661 μρνῖηστξους.
2972 5573 3057 5661 με
3087 5568 3398 5661 Neratiauis

1822 5641 2105 5723 manifesto
2131 5643 2314 5723 errore
2342 5644 2504 5723 dicit,
2530 5641 2771 5723 quodiis
2796 5641 3397 5723 Donatistisyiceudunt

1821 5711 1955 5785 erat.
1985 5711 2413 5797 Augustinus,in
2439 5711 2647 5785 'libL'de
2672 5715 2820 5785 Unit,
3000 5716 3060 5787 5,
3092 5712 3278 5773 Ruina:
3305 5711 3405 5806 bos
