3828 6218
431 316 562 405 ius

1567 319 2096 415 auuo'rartouas
2131 344 2451 402 IMLDUINI

3557 337 3673 393 illi}

422 437 561 510 tum?
579 457 1275 532 pessimorunuerroru_m_,_ut
1296 457 1799 532 tiberiabrcederent,
1821 461 2006 532 tabiitie
2036 467 2081 524 Α
2108 462 2242 519 Cod.
2277 464 2376 518 Th.
2408 462 2655 532 adjicitur
2686 463 2801 531 ejus
2833 459 3232 532 constitutionis
3262 455 3509 532 clausula
3531 498 3543 518 ,
3566 475 3628 532 qu
3648 478 3670 508 ετ

425 526 807 599 frangebantur.
849 526 1066 599 Extorto
1101 527 1404 599 debitoribus
1440 527 1781 599 chirographa
1828 531 2008 584 redde-

425 597 626 652 bantur.
659 597 883 668 Quidsit
905 597 1130 654 reddere
1159 598 1492 652 debitoribus
1517 597 1897 668 chirographa,
1933 605 2011 657 in-

429 671 667 738 telligunt
696 667 1105 738 Jurisconsulti,
1140 669 1231 738 qui
1281 668 1651 724 liberationem
1680 667 1820 725 inde
1861 676 2008 728 nasci

425 737 620 810 sciunt,
655 739 746 792 lib.
776 753 846 810 tv,
871 737 1107 810 depict.
1137 737 1172 796 l.
1199 756 1248 800 ι.
1282 739 1310 810 §
1338 741 1457 803 ult.,
1490 749 1544 793 et
1573 742 1607 793 Ι.
1641 757 1718 806 ιιι,
1751 742 1817 796 de
1847 743 2004 798 liber.

422 811 524 877 leg.
554 808 872 868 Observabit
892 809 1056 864 etiam
1091 811 1226 879 juris
1257 808 1310 864 et
1342 811 1671 879 antiquitatis
1695 815 1971 868 studiosus
1992 856 2004 876 .

423 881 564 953 quod
596 880 755 948 paulo
781 890 902 948 post
930 881 1047 953 ait,
1075 895 1182 935 non
1213 880 1375 953 fuisse
1405 883 1727 950 permissum
1757 885 1807 938 in
1847 883 2009 938 domn

418 950 535 1013 Dei,
553 950 655 1007 hoc
676 959 779 1015 est,
808 953 859 1005 in
887 951 1086 1023 templo
1109 954 1188 1007 vel
1223 950 1474 1014 Ecclesia.
1499 956 1868 1023 sepulturam:
1898 956 2004 1010 sic-

424 1023 496 1078 uti
537 1032 594 1076 et
623 1023 706 1076 lex
752 1022 994 1090 quaedam
1033 1022 1268 1078 Gratiani
1302 1022 1630 1091 temporibus
1657 1025 1832 1094 Optati
1864 1027 2007 1080 edita

422 1103 581 1161 negat
625 1094 992 1164 apostolorum
1042 1095 1124 1148 vel
1172 1105 1462 1164 martyrum
1515 1095 1698 1149 sedem
1760 1097 2006 1151 humanis

419 1163 739 1232 corporibus
767 1179 888 1218 esse
921 1179 1254 1229 concessam,
1281 1163 1320 1217 l.’
1347 1179 1415 1226 ιι,
1448 1165 1506 1219 C.
1532 1166 1600 1219 de
1619 1181 1824 1220 sacros.
1855 1165 2002 1220 Eccl.

420 1232 550 1305 Pag.
575 1235 662 1290 6|.
689 1235 1015 1304 Augustinus
1039 1246 1240 1299 toturn,
1271 1236 1323 1288 in
1349 1235 1437 1287 lih.
1468 1236 1535 1288 de
1551 1251 1677 1288 cura
1698 1250 1795 1305 pro
1817 1243 2001 1301 mort.,

412 1304 599 1359 laudat
640 1320 734 1360 eos
771 1305 863 1373 qui
898 1305 1185 1374 cupiebant
1227 1307 1276 1360 in
1305 1305 1542 1359 Ecclesia
1565 1304 1805 1375 sepeliri
1840 1321 2004 1376 prope

417 1377 666 1445 sepulcra
689 1385 1004 1446 martyrum.

491 1447 624 1501 lhid.
675 1445 940 1500 Prmterea
984 1445 1154 1499 nostri
1191 1446 1554 1508 annotabunt,
1593 1445 1735 1513 quod
1772 1447 2003 1514 Optatus

419 1532 523 1571 non
575 1516 743 1570 multo
793 1526 912 1584 post
959 1515 1176 1580 scribi.,
1227 1515 1639 1588 metatores(ut
1684 1518 1797 1570 ﬁeri
1840 1519 2002 1588 solet)

419 1588 610 1641 missos
641 1601 761 1640 esse
789 1595 912 1641 ante
942 1597 1197 1642 venturos
1231 1588 1445 1642 milites.
1489 1587 1779 1644 Metatores
1809 1587 1998 1654 vocat,

417 1668 470 1711 ct
500 1659 562 1710 iis
589 1657 830 1723 ascribit,
863 1657 1005 1726 quod
1041 1658 1090 1712 in
1115 1657 1301 1712 codice
1332 1659 1774 1713 constitutiouum
1803 1659 2002 1715 dicitur

418 1731 594 1797 potius
645 1727 810 1781 fuisse
855 1728 1091 1782 ofﬁcium
1143 1745 1474 1790 mensorum,
1511 1732 1547 1782 Ι.
1593 1745 1610 1783 ι
1647 1740 1702 1784 et
1746 1746 1797 1792 v,
1836 1729 1898 1784 C.
1934 1731 2002 1786 de

419 1809 603 1854 metat.
648 1799 843 1853 Metata
873 1800 1128 1854 dicuntur
1159 1801 1210 1854 in
1247 1801 1374 1856 lure
1403 1801 1545 1854 civili
1580 1801 1809 1869 hOSpitia
1839 1840 1853 1866 ,
1883 1819 2000 1869 quze

419 1870 780 1938 provinciales
813 1871 1051 1938 prtebere
1079 1873 1330 1936 iubentur
1353 1871 1640 1925 militibus:
1685 1881 1738 1924 ct
1775 1883 2002 1927 metato-

414 1957 527 2002 res,
548 1942 646 2011 ipsi
679 1941 918 2010 hospites
949 1944 1035 2011 qui
1062 1943 1421 2010 cXi-ipiuntur.
1457 1942 1517 1995 L.
1545 1940 1690 2004 tx,C.
1725 1942 1790 1996 de
1814 1954 1997 1998 luctat.

414 2012 522 2067 Sed
554 2016 778 2078 Optatus
809 2012 881 2065 ita
916 2024 1070 2067 vocat
1095 2029 1219 2077 eos,
1261 2015 1349 2080 qui
1387 2013 1783 2080 przcmittuntur
1817 2024 1871 2067 ut
1906 2014 2002 2068 ho-

416 2083 572 2151 Spitia
618 2084 701 2136 illa
738 2081 824 2152 (ut
861 2084 1158 2151 loquimur)
1202 2082 1349 2150 prius
1385 2081 1688 2152 designant.
1727 2084 1815 2136 Sic
1853 2093 1906 2139 et
1947 2087 1999 2139 in

413 2151 816 2230 entltntentiriis
865 2152 1043 2230 Sttidm
1106 2157 1342 2230 perdiwp
1390 2151 2000 2230 (iprpoatnoo'rsnioanvo;

411 2222 618 2300 ἅγγελρς
652 2225 752 2298 πρὸ
772 2231 871 2300 ,ιι-,οῦ
911 2221 1187 2300 ἅρχοντός.
1240 2221 1352 2300 Ημό
1397 2221 1587 2300 alludit
1629 2225 1754 2276 illud
1792 2221 1998 2300 Sidultii

415 2296 738 2363 Apollinaris
770 2297 861 2350 lib.
892 2296 1008 2360 vtit,
1042 2296 1382 2350 metatoriam
1414 2297 1657 2364 paginam
1688 2296 1844 2366 quasi
1872 2313 1993 2351 cum

414 2366 560 2422 blusa
592 2367 785 2435 praevia
810 2367 949 2419 misi.

487 2438 613 2506 Pag.
645 2441 730 2492 68.
765 2437 841 2493 Ex
865 2437 1012 2491 libris
1038 2451 1248 2506 quoque
1269 2435 1783 2503 Jurisconsultorum
1809 2453 1998 2493 cmen-

417 2509 599 2562 datum
623 2517 704 2562 est
729 2518 786 2561 et
824 2509 1126 2562 restitutum
1161 2509 1300 2576 quod
1342 2518 1465 2562 ante
1501 2507 1661 2562 ﬁnem
1698 2509 1816 2562 libri
1854 2511 1994 2564 tertii

413 2579 637 2648 Optatus
689 2579 879 2632 recitat
923 2577 1207 2632 dicterium
1252 2580 1668 2643 Donatistarum,
1717 2577 1828 2632 Caii
1865 2581 1993 2644 Seii,

414 2648 540 2703 Cuia
573 2649 716 2712 Seia,
747 2660 806 2702 ut
831 2659 885 2701 et
914 2665 1101 2703 rursus
1135 2658 1258 2704 ante
1290 2650 1446 2704 ﬁnem
1477 2649 1595 2703 libri
1628 2654 1786 2704 sexti.
1823 2653 1994 2706 Antea

412 2734 666 2788 corrupte
719 2720 771 2774 iu
820 2719 1107 2775 Germania
1164 2721 1481 2790 impressum
1534 2719 1711 2775 fuerat
1762 2720 1989 2776 Gaiasei.

411 2792 617 2846 Norttut
654 2790 797 2844 Juris
828 2791 1050 2845 studiosi
1083 2793 1266 2845 Caium
1291 2834 1304 2852 ,
1341 2799 1432 2843 aut
1464 2791 1644 2847 Seium
1677 2802 1768 2846 aut
1795 2793 1995 2846 Titium

413 2864 670 2931 appellari
708 2863 886 2916 solcrc
923 2861 1165 2932 quemvis
1203 2865 1496 2916 hominem.
1543 2861 1697 2917 Unde
1728 2874 1782 2918 et
1813 2872 1998 2917 uoster

411 2933 801 2998 'l‘ertullianus,
832 2933 884 2986 'ru
910 2935 1150 3003 apolog.,
1177 2944 1566 3003 commemorat
1608 2936 1829 3003 vulgare
1864 2935 1994 2989 illud

415 3007 483 3058 de
511 3003 844 3067 Christiano,
877 3003 1050 3058 Bonus
1078 3001 1157 3057 bir
1185 3001 1340 3057 Caius
1369 3003 1538 3057 Seius.
1569 3001 1738 3057 Porro
1766 3005 1992 3075 August.

417 3076 512 3131 lib.
547 3092 584 3132 Il
614 3075 681 3130 de
707 3075 964 3143 Baptism.
997 3090 1115 3143 cap.
1148 3077 1201 3139 7,
1231 3089 1416 3129 rursus
1449 3076 1588 3127 hunc
1610 3075 1785 3144 Optati
1821 3078 1993 3130 locum

419 3147 678 3210 illustrat,
712 3161 831 3200 cum
863 3155 1044 3200 narrat
1075 3147 1237 3200 fuisse
1265 3152 1376 3198 Inrc
1409 3146 1998 3203 Ilorratistarumvcrba

416 3219 484 3271 ad
511 3208 818 3272 Catholicos
841 3235 853 3271 :
878 3217 1037 3270 bonus
1055 3216 1226 3282 homo,
1255 3219 1297 3269 si
1320 3233 1418 3269 non
1443 3233 1574 3270 esses
1596 3217 1848 3270 traditor:
1877 3235 2002 3271 eon-
2026 3208 2074 3270 C

417 3289 529 3342 sale
577 3290 761 3342 animm
805 3297 945 3341 tuw:
986 3301 1094 3342 esto
1139 3286 1478 3342 Christianus.
1535 3289 1630 3342 llic
1675 3291 2002 3357 Augustinus

419 3360 671 3424 Optatum
701 3367 916 3413 secutus
940 3361 1204 3414 exclamat
1230 3376 1240 3410 :
1271 3376 1298 3412 ο
1326 3358 1611 3428 improbam
1634 3359 1859 3412 rabiem!
1885 3377 2002 3414 cum

418 3430 708 3484 Christiano
735 3431 943 3493 dicitur,
975 3441 1077 3483 esto
1100 3430 1422 3483 Christianus
1447 3445 1464 3481 :
1495 3431 1617 3498 quid
1646 3432 1788 3482 aliud
1815 3431 2004 3483 dicitur

418 3503 538 3564 nisi,
571 3518 698 3572 nega
728 3511 773 3554 te
804 3502 1192 3555 Christianum?
1223 3502 1483 3572 Sierenim
1514 3500 1688 3553 locum
1721 3503 1868 3554 illum
1894 3505 2003 3554 Att-

416 3573 614 3640 gustiui
638 3571 757 3641 lego
784 3583 839 3626 et
867 3572 1116 3626 emendo.
1148 3572 1290 3626 Sane
1318 3571 1456 3625 idem
1477 3571 1730 3640 August.,
1755 3573 1806 3624 in
1839 3573 1998 3641 epist.

419 3659 596 3708 cum,
633 3643 697 3696 ad
735 3643 1044 3706 Eusebium,
1081 3643 1368 3712 signiﬁcat,
1401 3657 1520 3695 cum
1551 3644 1668 3710 quis
1696 3644 2004 3698 Catholicus

417 3717 480 3769 :nl
504 3714 809 3768 Donatistas
829 3715 1134 3779 deﬁciebat,
1159 3725 1210 3768 et
1232 3713 1298 3766 ab
1331 3715 1393 3779 iis
1422 3713 1740 3781 rebaptizari
1771 3715 2002 3778 volebat,

414 3786 707 3851 debuisse,
758 3794 815 3838 ut
862 3785 911 3839 id
942 3796 1270 3848 mereretur,
1319 3784 1533 3847 dicere,
1579 3799 1701 3840 sese
1743 3785 2003 3839 hactenus

414 3859 581 3910 fuisse
610 3871 902 3924 paganum:
929 3871 1041 3925 qua:
1067 3871 1180 3919 vox,
1214 3856 1382 3921 inquit
1412 3857 1763 3923 Augustinus,
1793 3872 1854 3908 ue
1882 3874 2005 3922 pro-

414 3928 610 3979 cederet
644 3927 705 3980 de
731 3943 817 3980 ore
837 3926 1148 3988 Christiano,
1181 3935 1350 3979 tantus
1377 3927 1587 3994 sanguis
1615 3937 1897 3997 martyrum
1920 3930 2004 3996 fu-

412 4015 498 4052 sus
519 4009 612 4053 est.
641 3999 875 4067 Denique
903 3998 1043 4051 idem
1070 3999 1316 4060 August.,
1341 3997 1434 4050 lib.
1461 4013 1508 4049 tv
1535 4007 1718 4050 contra
1743 4001 1998 4052 Crescon.

417 4085 536 4136 cap.
566 4068 656 4132 59,
687 4070 790 4132 ait,
819 4070 958 4122 hunc
981 4069 1247 4135 superbia:
1276 4081 1538 4121 tumorem
1568 4083 1690 4122 esse
1719 4071 1959 4122 omnium
1985 4112 1998 4134 ,

419 4145 505 4208 qui
536 4155 593 4193 se
625 4155 654 4192 a
680 4138 877 4193 Christi
913 4138 1119 4192 unitate
1146 4139 1481 4201 discindunt,
1516 4150 1572 4191 ut
1600 4140 1699 4192 soli
1730 4155 1850 4192 sese
1883 4155 2003 4194 esse

419 4210 756 4263 Christianos
796 4213 1039 4276 jactent,
1080 4209 1441 4276 damuentque
1487 4217 1732 4262 ceteros.
1787 4212 1858 4263 De
1905 4212 2004 4265 hac

414 4280 707 4350 jactatioue
736 4281 1126 4334 Donatistarum
1155 4289 1288 4332 totus
1313 4278 1536 4332 mundus
1559 4282 1884 4348 apostatavit,
1910 4298 2005 4335 nos

419 4353 516 4405 soli
538 4353 836 4416 mansimus,
861 4361 990 4418 ctc.,
1019 4351 1215 4404 dictum
1245 4359 1327 4404 est
1355 4352 1502 4402 alibi.

493 4423 620 4494 Pag.
656 4423 745 4477 69.
788 4423 1102 4478 Postremus
1134 4421 1523 4494 inhocOptatl
1564 4421 1700 4475 libro
1731 4421 1890 4474 tertio
1925 4422 2003 4474 lo-

417 4509 535 4558 cus,
559 4493 647 4564 qui
680 4494 1054 4548 observatione
1083 4493 1238 4546 valde
1276 4493 1470 4561 dignus
1505 4494 1597 4557 sit,
1630 4501 1712 4546 est
1754 4493 1820 4546 de
1873 4494 2006 4546 inia-

419 4570 542 4635 gine
575 4563 758 4620 nescio
789 4581 924 4634 qua,
973 4581 1132 4634 quam
1185 4565 1444 4617 Macarius
1488 4563 1767 4617 dicebatur
1816 4574 2002 4618 contra

361 4639 364 4641 ’
419 4634 579 4690 ritum
611 4635 976 4690 ChriSIianum
1008 4637 1373 4690 collocaturus
1401 4635 1452 4687 in
1485 4636 1663 4700 altari,
1698 4634 2002 4703 priusquam

415 4707 738 4763 sacriﬁcium
767 4706 1068 4762 oﬁerretur.
1129 4707 1381 4774 Suspicor
1417 4706 1559 4775 quod
1589 4707 2006 4760 calumniatores

418 4781 606 4834 odiose
626 4780 722 4860 hic
757 4778 1048 4860 ﬁngebant,
1077 4777 1242 4860 fuisse
1278 4777 1344 4830 de
1374 4776 1594 4858 profana
1629 4777 2001 4860 imagiuesivc

413 4862 590 4907 statua
625 4851 792 4917 ipsius
834 4847 1198 4919 imperatoris,
1233 4864 1260 4900 a
1297 4863 1400 4917 quo
1441 4850 1636 4919 missus
1681 4857 1792 4919 erat
1830 4847 2004 4900 Maca-

418 4925 569 4976 rius:
601 4932 659 4975 ut
698 4923 878 4976 mirari
917 4918 1021 4976 non
1053 4921 1364 4981 debeamus,
1410 4920 1452 4971 si
1483 4918 1590 4971 tale
1629 4918 1999 4984 simulacrum,

415 4993 559 5062 quod
593 4994 644 5047 in
683 4993 836 5048 altari
865 4994 1258 5055 collocaretur,
1290 4989 1626 5062 Christianos
1655 4989 2001 5045 exhorruisse

419 5059 600 5120 narret
628 5065 849 5133 Optatus
879 5082 891 5117 :
925 5080 1046 5119 cum
1075 5062 1288 5132 quidem
1320 5075 1373 5116 et
1412 5060 1464 5133 id
1502 5059 1658 5133 ﬁeret
1687 5071 1871 5114 contra
1901 5062 2002 5133 im-

421 5131 726 5204 peratorum
775 5131 1106 5190 mandatum.
1151 5133 1282 5187 Nam
1326 5144 1380 5187 et
1412 5131 1538 5186 licet
1582 5131 1849 5202 principes
1896 5131 1998 5200 ipsi

414 5207 525 5261 illis
564 5206 892 5277 temporibus
922 5206 1344 5277 magnifacerent
1390 5218 1516 5277 suas
1545 5212 1770 5277 statuas,
1800 5212 1997 5277 tamen

416 5277 563 5333 ldola
591 5273 712 5333 esse
742 5273 1044 5334 noluerunf.
1082 5278 1197 5346 Ipse
1229 5275 1561 5330 Theodosius
1585 5273 1766 5343 junior
1797 5275 1847 5328 in
1869 5291 2003 5345 qua-

415 5349 541 5414 dam
586 5351 1004 5406 constitutione:
1037 5347 1333 5418 siquando,
1369 5348 1560 5418 inquit,
1590 5358 1776 5402 nostra:
1819 5357 2003 5401 statua:

417 5422 498 5475 vel
548 5424 794 5494 imagines
843 5417 1125 5494 eriguntur,
1157 5421 1291 5494 adsit
1314 5417 1636 5494 judexsine
1670 5420 2000 5494 adorationis

416 5489 685 5549 ambitioso
709 5489 935 5564 fastigio:
981 5493 1070 5548 Sic
1099 5493 1242 5564 enim
1276 5489 1470 5559 legitur
1496 5491 1549 5543 in
1578 5489 1873 5564 C._'lfheod.
1894 5490 1994 5564 lib.

415 5579 510 5630 xv,
538 5574 617 5618 ut.
658 5561 723 5630 vi
768 5561 910 5618 in’C.
963 5573 1137 5618 tamen
1167 5561 1363 5618 Justiu.
1392 5577 1486 5631 pro
1536 5562 1779 5632 fastigio,
1807 5562 2000 5630 legitur

422 5637 647 5705 fastidio,
701 5637 794 5690 lib.
825 5652 842 5688 ι
872 5635 1005 5689 Cod.
1041 5636 1121 5691 tit.
1156 5649 1318 5698 xxiv;
1360 5634 1453 5688 sed
1501 5635 1543 5686 si
1580 5636 1714 5705 nolit
1751 5633 2000 5705 Theodo-

415 5704 528 5759 Silis
556 5707 782 5761 fastidiri
807 5705 1174 5760 adorationum
1201 5721 1310 5760 sua:
1337 5715 1556 5768 stature,
1592 5704 1806 5758 civilem
1841 5704 2000 5757 modo

421 5778 681 5832 hoiiorcm
712 5779 953 5847 requirit,
981 5779 1194 5847 qualem
1246 5793 1311 5832 eo
1345 5787 1607 5847 tempore,
1628 5774 2001 5845 signiﬁcabant

421 5848 653 5916 superbo
698 5858 754 5908 et
793 5845 1078 5906 ambitioso
1105 5850 1270 5906 verbo
1314 5845 1642 5904 adorationis
1691 5847 1886 5903 saltem
1946 5849 1998 5902 in

2033 1839 2083 1898 B

2115 534 2202 588 hic
2230 527 2544 604 negligenda
2572 551 2674 587 non
2703 527 2802 587 ἐπι,
2839 528 3346 604 Excedens,_iuquit,
3381 527 3672 604 culturabof

2111 597 2328 677 minam“,
2351 597 2646 677 dignitatem
2685 621 2900 677 superno
2948 602 3144 677 nuntiui
3195 606 3502 650 reservetur.
3551 597 3668 677 Illud

2113 677 2272 730 modo
2300 669 2426 731 dico
2467 675 2628 729 moris
2660 669 2785 748 olim
2819 675 3001 748 (uisse,
3037 680 3094 724 ιιι
3125 669 3668 748 imperatores_tnitle-

2113 756 2232 800 rcnt
2275 761 2398 799 suas
2447 755 2651 799 statuas
2682 746 2793 798 sive
2833 743 3092 816 imagian
3149 742 3201 793 iu
3260 740 3584 816 provincias,
3625 741 3665 816 in

2110 832 2243 882 quas
2273 818 2369 884 ipsi
2396 817 2592 886 alioqui
2621 830 2726 868 non
2750 809 3234 886 proﬁciscebantur
3256 829 3270 862 :
3292 809 3669 886 easquejimagi-

2113 903 2208 941 nes
2248 882 2535 953 apopulis'
2577 886 2644 938 dc
2695 882 2842 938 more
2891 884 3055 937 fuisse
3082 882 3667 953 cxceptaspropereli-

2108 960 2276 1025 giose.
2301 950 2549 1023 Sic—Imp.
2577 954 2930 1022 Theodosius,
2963 955 3012 1007 in
3056 953 3148 1006 lib.
3183 969 3220 1008 ι.
3245 953 3306 1008 C.
3353 950 3505 1025 Publ.
3539 951 3663 1025 letic.

2110 1023 2193 1080 vel
2225 1027 2412 1080 consul
2446 1042 2585 1079 nunc
2611 1042 2624 1077 :
2653 1025 2715 1079 Si
2744 1043 2938 1088 saeros,
2963 1025 3152 1092 inquit,
3174 1025 3347 1077 vultus
3377 1023 3667 1093 initiantibus

2109 1103 2239 1165 [arte
2265 1097 2468 1166 populis
2491 1097 2781 1167 inferimus,
2803 1095 2897 1149 hos
2921 1097 3029 1149 sine
3050 1095 3321 1148 immodico
3343 1095 3502 1167 pretio
3523 1096 3665 1162 excipi

2109 1169 2451 1238 pracipimus.
2486 1166 2748 1238 Imagines
2795 1167 2913 1238 illas
2958 1167 3116 1236 vulgo
3145 1169 3407 1238 vocabant
3439 1166 3662 1238 I_.aurata.

2110 1235 2338 1292 Unde'iu
2378 1238 2510 1292 actis
2537 1235 2788 1309 secunda:
2827 1235 3068 1293 Nicena!
3095 1237 3290 1309 synodi
3321 1237 3408 1309 ubi
3432 1235 3496 1289 de
3521 1237 3668 1288 sacris

2107 1309 2426 1380 imaginibus
2455 1308 2735 1380 agebatur,
2766 1309 2992 1380 legimus
3024 1326 3037 1362 :
3067 1308 3270 1362 [aurata
3291 1318 3340 1363 et
3364 1308 3550 1380 iconas,
3571 1323 3667 1375 qtae

2106 1379 2379 1431 mittuntur
2406 1377 2473 1432 ad
2503 1381 2748 1444 civitates,
2779 1377 2857 1434 vel
2881 1382 3110 1450 regiones
3140 1381 3271 1434 obvii
3300 1379 3486 1450 adeunt
3513 1379 3667 1446 populi

2105 1466 2219 1502 cum
2245 1451 2401 1503 cereis
2433 1460 2478 1502 et
2500 1452 2738 1516 incensis,
2761 1468 2863 1505 non
2888 1449 3002 1506 cera
3023 1452 3286 1520 perfusam
3316 1449 3564 1514 tabulam,
3593 1451 3667 1502 sed

2105 1523 2462 1591 imperatorem
2491 1523 2818 1577 honorantes.
3020 1530 3027 1532 ’

2503 1633 2568 1688 ΙΝ
2621 1633 2879 1692 LIBRUM
2937 1634 3303 1703 QUARTUM.

2179 1725 2306 1793 Pag.
2343 1725 2430 1778 7I.
2478 1725 2587 1780 Iloc
2618 1727 2755 1780 libro
2782 1727 3009 1794 Optatos
3031 1728 3163 1782 illud
3196 1727 3527 1797 potissimum
3555 1727 3662 1796 agit,

2109 1809 2165 1851 nt
2188 1798 2512 1864 re~ponileat
2538 1798 2851 1861 Donatistis,
2887 1800 2997 1867 qui,
3023 1814 3144 1852 cum
3172 1799 3492 1865 baptismum
3513 1814 3537 1850 a
3563 1814 3664 1867 pec-

2109 1871 2381 1923 catoribus
2407 1872 2491 1936 (ut
2520 1871 2805 1937 vocabant)
2839 1871 3270 1924 administratum
3308 1869 3665 1923 contenderent

2108 1955 2230 1993 esse
2275 1940 2510 2002 inanem,
2542 1942 2873 2007 ineptissime
2918 1940 3242 2006 objiciebant
3279 1941 3406 1993 illud
3449 1957 3508 1992 ex
3552 1941 3660 2004 psal.

2106 2025 2229 2082 CXL,
2260 2011 2424 2062 oleum
2451 2012 2852 2082 peccatorisnon
2885 2022 3035 2082 auget
3066 2021 3222 2076 caput
3251 2026 3434 2062 meum.
3457 2010 3552 2064 Sed
3572 2012 3660 2082 vel-

2105 2081 2240 2141 lem,
2275 2082 2453 2148 Optati
2507 2081 2788 2146 responsio
2839 2080 3338 2146 interpretationem
3369 2080 3660 2134 commodio-

2105 2167 2218 2204 rem
2263 2150 2604 2217 opposuisset
2629 2167 2641 2202 :
2670 2152 2880 2219 qualem
2936 2160 3110 2205 tamen
3143 2153 3210 2204 ab
3251 2151 3562 2220 Augustino,
3587 2153 3656 2220 qui

2091 2220 2274 2273 'veluti
2305 2221 2559 2291 supplere
2599 2222 2762 2291 solet,
2793 2221 2931 2290 quod
2976 2225 3026 2274 in
3087 2221 3284 2291 Optato
3329 2222 3653 2286 desideratur,

2103 2293 2274 2358 repeti
2310 2306 2466 2357 posse
2497 2290 2692 2346 fateor.
2725 2290 2985 2347 Utautem
3003 2290 3294 2346 Donatista:
3321 2293 3476 2346 illum
3502 2293 3654 2361 psalmi

2103 2363 2426 2416 versiculum
2457 2373 2563 2415 tam
2619 2363 2799 2432 inepte
2844 2363 2948 2417 huc
2976 2363 3385 2430 detorquere-ut,
3415 2367 3567 2419 secuti
3594 2364 3654 2416 ri-

2101 2433 2302 2506 dentur
2330 2433 2718 2503 pra'posterum
2755 2435 3079 2506 exemplum
3129 2435 3273 2489 illius
3325 2435 3510 2506 synodi
3555 2435 3654 2488 Car-

2104 2503 2458 2573 thagineusis,
2504 2507 2588 2558 cui
2631 2504 2845 2576 prmluit
2873 2504 3196 2576 Cyprianus,
3224 2517 3276 2560 et
3310 2503 3368 2558 in
3390 2522 3488 2576 qua
3519 2510 3654 2560 versi-

2101 2577 2253 2626 culus
2279 2575 2369 2629 ille
2396 2578 2590 2632 citatus
2619 2575 2789 2630 fuerat
2821 2577 2886 2630 ad
2921 2575 3332 2645 improbandum
3366 2575 3652 2646 baptismum

2103 2645 2501 2701 hau-eticorum.
2537 2646 2605 2700 Ut
2649 2648 2758 2713 jam
2811 2648 2988 2702 minus
3045 2649 3228 2701 mirari
3277 2645 3574 2709 debeamus,
3618 2650 3650 2700 si

2102 2718 2244 2784 quod
2280 2717 2384 2770 tale
2424 2718 2732 2786 exemplum
2780 2729 2997 2772 secutus
3035 2717 3424 2774 Parmenianns
3469 2719 3655 2772 ridicule

2103 2788 2397 2856 objecerat,
2425 2789 2582 2841 fuerit
2611 2789 2809 2844 deinde
2834 2797 2890 2843 et
2914 2791 3009 2844 abs
3039 2790 3301 2843 Petiliano
3328 2799 3384 2844 et
3409 2792 3498 2843 abs
3523 2788 3653 2844 Cres-

2102 2858 2282 2923 conio,
2315 2860 2563 2930 gloriosis
2605 2860 2997 2926 Donatistarum
3046 2862 3288 2929 patronis
3317 2862 3494 2930 putide
3520 2860 3657 2915 incul-

2103 2939 2302 3000 catum.
2341 2929 2536 2984 Verum
2582 2931 2717 2984 bene
2772 2931 2932 2984 habet
2962 2929 3327 3000 Augustinum
3351 2947 3470 2986 vera
3519 2932 3654 2985 inter-

2107 2998 2405 3072 pretatione
2423 3001 2899 3065 graviterdiluisse
2917 3013 3023 3055 tam
3045 2998 3224 3057 futiles
3243 3018 3428 3057 eorum
3444 3004 3653 3072 ineptias,

2106 3071 2198 3123 Iih.
2234 3087 2270 3125 ιι
2323 3082 2507 3125 contra
2549 3072 2720 3143 Petil.
2753 3088 2871 3140 cap.
2911 3075 3031 3135 105,
3057 3083 3109 3127 et
3134 3073 3229 3129 lib.
3259 3089 3344 3140 III,
3376 3089 3489 3143 cap.
3515 3071 3656 3138 33;et

2109 3143 2202 3196 lih.
2237 3159 2271 3195 ll
2305 3153 2486 3196 contra
2518 3142 2774 3196 Crescnn.
2799 3159 2919 3211 cap.
2952 3144 3044 3197 Ἡ.

2182 3214 2349 3267 Porro
2382 3229 2541 3268 nemo
2568 3214 2811 3276 miretur,
2851 3216 2894 3267 si
2930 3215 3157 3284 Optatus
3185 3223 3291 3269 tam
3327 3215 3477 3270 facile
3501 3216 3655 3270 existi-

2111 3293 2220 3338 met
2253 3285 2430 3337 statim
2459 3284 2745 3354 signiﬁcari
2791 3285 3116 3353 baptismum
3149 3289 3238 3340 ubi
3279 3290 3474 3341 mentio
3500 3288 3548 3340 ﬁt
3573 3287 3655 3341 olei

2110 3358 2197 3408 vel
2231 3356 2516 3409 unctionis.
2545 3355 2677 3409 Nam
2706 3365 2761 3411 et
2782 3356 3028 3425 baptismi
3055 3359 3220 3412 verbo
3249 3360 3502 3426 scriptura
3531 3373 3654 3412 sacra

2111 3427 2380 3481 interdum
2413 3436 2582 3480 totum
2628 3428 2980 3498 ministerium
3017 3428 3274 3482 Ecclesim
3322 3431 3585 3498 signiﬁcat,
3609 3441 3655 3482 ut

2109 3507 2163 3550 et
2195 3499 2410 3551 nomine
2435 3499 2619 3551 altaris
2639 3497 2835 3552 deinde
2857 3499 3023 3553 tiOStri
3049 3499 3281 3568 majores
3307 3497 3597 3568 plerumque
3615 3501 3653 3553 id

2109 3569 2502 3640 signiﬁcarent,
2520 3569 2598 3622 sic
2619 3569 2926 3640 chrismatis
2951 3578 3038 3623 aut
3068 3571 3170 3624 olei
3193 3573 3359 3625 verbo
3389 3572 3658 3640 frequenter

2112 3647 2283 3692 totum
2328 3639 2652 3712 baptismum
2697 3639 2917 3712 iudicari
2956 3642 3353 3704 existimarunt,
3379 3639 3655 3712 plerumque

2110 3725 2231 3763 CIIIII
2282 3710 2408 3762 olim
2461 3711 2749 3764 Christiani
2798 3711 3035 3765 solerent
3064 3726 3272 3766 sacram
3305 3712 3447 3766 illam
3477 3710 3656 3767 unctiu-

2080 3822 2084 3826 .
2111 3798 2232 3835 nem
2257 3781 2509 3835 adhibere
2535 3789 2646 3852 tam
2676 3794 2822 3846 ante,
2851 3797 3009 3851 quam
3043 3791 3160 3850 post
3207 3785 3539 3852 baptismum.

2181 3853 2307 3921 Pag.
2345 3855 2431 3924 74.
2501 3851 2614 3906 Νοη
2683 3843 2898 3922 possunt
2955 3843 3233 3922 prcetcrire
3277 3843 3418 3924 quod
3468 3843 3660 3924 Optatos

2108 3924 2302 3978 deinde
2350 3923 2459 3988 ait,
2505 3924 2828 3978 Marciouem
2885 3939 2951 3977 ex
3008 3925 3264 3994 episcopo
3300 3923 3520 3980 tactum
3558 3941 3657 3980 esse

2107 4004 2427 4061 apostatam.
2464 3996 2620 4067 Atqui
2651 3995 2876 4067 Tertull.
2897 3996 2946 4048 iu
2967 3995 3060 4048 lib.
3086 3995 3154 4051 de
3183 4012 3428 4067 prtescr.,
3454 4012 3549 4051 non
3570 3998 3659 4062 epi-

2108 4082 2352 4134 scopum,
2386 4065 2479 4119 sed
2508 4065 2741 4135 episcopi
2794 4066 2960 4119 lilium
3007 4065 3310 4132 fuisse—ait,
3364 4078 3417 4123 et
3458 4083 3485 4122 a
3533 4076 3658 4136 patre

2109 4139 2274 4190 fuisse
2323 4141 2845 4190 excommunicatum
2895 4148 3111 4206 prepter
3169 4147 3431 4206 stuprum.
3476 4139 3655 4206 Alioqui

2108 4207 2431 4262 Marciouem
2464 4209 2658 4261 vixisse
2681 4209 2983 4262 solitarium
3011 4209 3194 4263 scrib‘t
3220 4209 3560 4278 Epiphdltith.
3583 4211 3659 4262 list

2109 4288 2286 4332 autem
2309 4278 2653 4350 intolerabile
2704 4281 2960 4333 mendum
2989 4281 3130 4349 quod
3164 4282 3213 4334 in
3247 4282 3440 4347 Optato
3477 4281 3658 4350 lcgvbi-

2111 4357 2214 4422 tur.
2273 4349 2593 4402 Marcioncm
2643 4350 2917 4405 induxisse
2965 4352 3100 4404 duos
3161 4353 3413 4421 Scriptos.
3448 4349 3576 4422 Ergo
3602 4368 3652 4404 ex

2109 4419 2314 4474 'l‘iliano
2346 4422 2480 4472 libro
2509 4422 2788 4474 emendavi
2814 4431 2867 4474 et
2893 4423 3098 4476 restitui
3117 4419 3366 4477 Christus.
3384 4419 3655 4490 Quod-rem

2109 4491 2389 4558 subjicitur
2419 4490 2484 4544 de
2518 4490 2753 4562 Ebioue,
2783 4497 2872 4560 qui
2905 4493 3116 4546 I’atrem
3150 4510 3363 4562 passum
3395 4513 3506 4550 esse
3531 4495 3657 4549 dixe-

2114 4561 2181 4634 rit
2213 4563 2466 4634 :Ama‘llem
2517 4561 2565 4613 id
2598 4561 2822 4634 dixisset
2863 4562 2931 4616 de
2963 4561 3186 4634 Praua,
3210 4566 3364 4634 cujus
3387 4569 3535 4621 etiam
3566 4582 3656 4619 mc-
3682 4567 3687 4574 ‘

2117 4632 2273 4684 miuit
2318 4631 2455 4685 libro
2505 4633 2696 4699 primo.
2743 4633 2873 4686 Nam
2904 4643 2955 4686 ct
2984 4631 3369 4700 Tertullianus,
3415 4639 3465 4690 in
3496 4637 3578 4691 lib.
3603 4637 3657 4688 (lc

2118 4705 2456 4770 prazscript.,
2493 4712 2720 4756 testatur
2791 4703 2974 4757 multis
3030 4713 3151 4772 post
3206 4707 3464 4761 Ehionem
3525 4705 3658 4760 annis

2116 4774 2376 4850 I’raxeam
2408 4774 2617 4850 _(que_m
2657 4775 2708 4850 in
2754 4773 2931 4828 Africa
2963 4775 3162 4850 vigisse
3204 4778 3279 4830 ait
3325 4775 3658 4850 Augustinus)

2112 4845 2800 4918 haeresimintroduxisse,
2853 4861 2979 4918 quae
3017 4845 3229 4918 Patrem
3271 4845 3657 4918 omnipotentem

2111 4916 2193 4990 (ut
2221 4916 2318 4981 ait)
2349 4915 2697 4990 diceretesse
2718 4916 2900 4971 Jesum
2923 4916 3219 4990 Christum,
3257 4915 3468 4990 passum
3494 4932 3540 4975 ct
3559 4934 3660 4974 cru-

2111 4985 2350 5041 eiiixum.
2386 4985 2527 5040 Ibid.
2548 4987 2700 5050 Quod
2725 4998 2901 5041 autem
2925 4988 3150 5057 Optatos
3170 4985 3364 5047 deinde
3389 4991 3658 5054 ait,Valen-

2107 5058 2275 5112 tinum
2293 5060 2524 5111 voluisse
2539 5057 2756 5112 Christo
2771 5073 2987 5112 carnem
3001 5060 3320 5118 subducere.
3337 5105 3352 5127 ,
3367 5066 3462 5120 etsi
3476 5061 3634 5118 Tertul
3647 5088 3659 5100 -

2106 5131 2117 5183 Ι
2124 5129 2498 5203 ianusl33in
2511 5129 2622 5182 suis
2639 5130 2786 5184 libris
2799 5130 3393 5191 contraV'aIentiuianos
3406 5146 3658 5203 utcumque

2104 5201 2434 5276 dissimulet,
2467 5216 2588 5254 cum
2616 5203 2717 5276 alia
2739 5217 2935 5276 eorum
2965 5213 3209 5276 portenta
3236 5201 3654 5276 exagitentamen

2103 5274 2158 5328 in
2188 5273 2327 5327 libro
2347 5272 2414 5327 de
2441 5285 2604 5326 carne
2627 5272 2846 5337 Christi,
2873 5290 2976 5327 nou
2999 5273 3230 5330 obscure
3255 5272 3654 5332 acc'usatValen-

2105 5345 2272 5398 tinum
2301 5385 2316 5408 ,
2347 5343 2437 5413 qui
2465 5343 2556 5414 (ut
2593 5345 2667 5397 ait
2691 5346 2707 5411 )
2733 5359 2948 5399 carnem
2977 5342 3185 5400 Christi
3224 5349 3512 5414 spiritalem
3531 5361 3655 5402 com-

2105 5426 2319 5472 mentus
2341 5422 2430 5480 sit,
2461 5415 2613 5484 quasi
2642 5416 2778 5470 hanc
2797 5417 3045 5471 Christus
3073 5433 3137 5472 ex
3168 5420 3310 5473 caelo
3330 5420 3554 5475 attulerit
3572 5460 3586 5479 ,
3610 5427 3652 5470 et

2107 5505 2202 5558 per
2235 5489 2493 5556 virginem
2527 5488 2702 5556 potius
2742 5503 2898 5556 quam
2941 5504 3006 5542 ex
3037 5490 3241 5558 virgine
3271 5505 3423 5546 natus
3448 5493 3527 5546 sit.
3567 5487 3655 5558 Op-

2108 5571 2248 5633 tatos
2283 5560 2438 5633 paulo
2461 5567 2581 5633 post
2599 5559 3144 5633 incanuitcujtndam
3160 5560 3409 5633 Corpiani
3426 5560 3649 5633 hrcrctici.

2105 5631 2235 5701 Pag.
2259 5632 2345 5685 75.
2362 5630 2435 5704 In
2460 5630 2825 5704 libro_’l_‘iliano
2848 5631 3038 5703 legitur
3067 5630 3362 5704 Scorpidm‘.
3406 5636 3476 5690 De
3500 5648 3558 5688 eo
3587 5632 3652 5686 ni-

2108 5704 2178 5755 hil
2214 5702 2428 5775 uiemini
2459 5718 2544 5775 me
2567 5702 2692 5775 alibi
2725 5702 2936 5774 legisse.
2983 5704 3110 5760 Scio
3147 5702 3406 5775 quosdam
3436 5708 3548 5760 oliui
3574 5719 3651 5758 uc-

2107 5775 2329 5847 hulones
2357 5773 2408 5828 in
2437 5773 2612 5829 Africa
2641 5773 2964 5847 Cyprianum
2993 5773 3348 5847 ignominioso,
3391 5776 3650 5847 appellasse

2107 5846 2430 5915 Coprianum
2459 5863 2471 5900 :
2519 5846 2669 5916 quasi
2690 5845 3090 5904 ’Stercorarium
3119 5847 3291 5906 dicas.
3329 5845 3437 5907 Sed
3459 5845 3646 5917 Cypria-
