3828 6218
177 330 301 385 1157

1412 330 1478 388 tu
1517 328 1841 387 saucruu
1877 314 2225 390 opturba.

3300 333 3436 387 1158

174 457 293 515 num
323 459 481 499 nemo
509 444 705 515 dixerit
744 445 977 501 alienum
1026 445 1189 502 fuisse
1234 458 1262 497 a
1298 445 1556 515 martyrio
1582 486 1595 508 ,
1630 460 1750 499 cum
1782 448 1826 505 Α
1858 444 2085 497 etoritati
2116 444 2315 515 utr_ique
2344 444 2699 508 consentimus,
2733 445 3009 509 credimus,
3041 446 3307 499 servimus.
3361 446 3441 499 Ibi

173 514 597 589 exhortationem
624 514 689 571 ad
722 519 1034 589 martyrium
1065 516 1364 589 scripserit,
1392 514 1582 589 ellipse
1614 531 1756 589 tuar-

175 593 253 654 tyr
283 583 461 641 fuerit.
514 587 657 645 Sane
697 583 1112 658 quam'Optatus
1142 583 1409 657 signiﬁcat
1449 586 1614 642 fuisse
1642 586 1755 640 lia:-

174 658 330 711 resim
364 659 613 731 Corpiani
640 662 882 729 negantis
922 658 1599 731 debereessegntartyria:
1653 659 1757 712 sci-

175 742 288 784 ums
316 732 574 802 rariorem
619 731 821 796 fuisse,
868 748 1027 802 quam
1054 731 1221 785 altera
1266 729 1357 785 illa
1402 729 1593 792 inerit,
1636 744 1757 799 qua:

175 808 393 855 auctore
420 801 673 875 Montano
721 801 977 875 martyria
1022 813 1126 858 tam
1156 803 1381 875 prajcise
1406 802 1713 875 requirebat
1738 842 1753 865 ,

175 882 225 946 in
254 887 359 946 non
387 874 705 946 aliosquam
738 872 1002 946 martyres
1033 872 1395 946 contenderet
1415 876 1591 929 salvos
1620 872 1751 931 fore.

176 940 455 1015 Eusebius,
487 940 579 997 lilii
613 960 665 999 Vl
691 986 705 1006 .
731 960 850 1013 cap.
878 940 947 1002 38
972 987 987 1013 ,
1011 951 1279 1012 uarratjex
1308 942 1543 1015 Origene
1569 960 1760 1015 quam-

173 1011 292 1087 dam
321 1013 642 1087 olitniuisse
673 1011 1090 1071 Helcesaitarutn
1137 1011 1427 1087 lia-resim,
1475 1011 1600 1087 qnte
1632 1016 1756 1073 irri-

171 1082 327 1137 derct
353 1084 688 1159 Christianos
732 1087 821 1159 qui
866 1100 1087 1159 prepter
1133 1082 1528 1159 confessionem
1556 1087 1756 1143 Christi

172 1156 468 1223 periculum
498 1156 685 1211 mortis
709 1156 1089 1214 adirentz'sed
1134 1174 1252 1213 eam
1284 1156 1534 1214 haeresim
1574 1158 1755 1213 statim

170 1234 331 1290 atque
356 1236 479 1299 nata
506 1224 1173 1299 fuit,exstiuctam'fuissé
1198 1240 1399 1284 narrat.
1429 1229 1647 1299 Majoris
1675 1239 1759 1283 est

133 1329 137 1331 λ
171 1298 431 1371 momenti
457 1298 597 1367 quod
623 1298 818 1355 deinde
832 1300 1054 1371 Optatns
1076 1301 1258 1356 scribit
1282 1301 1415 1371 olim
1436 1298 1601 1357 fuisse
1622 1302 1759 1356 hanc

170 1366 221 1422 in
262 1366 540 1449 baptismo
557 1441 567 1449 _
586 1366 895 1449 puerorum
915 1370 1198 1449 formulam
1238 1370 1527 1427 exorcisnii
1544 1391 1592 1449 _:_
1617 1371 1755 1449 Ibid.

169 1439 459 1513 maledica,
487 1441 567 1493 exi
595 1444 756 1513 foras,
780 1457 901 1513 qute
926 1443 1215 1498 etiamnum
1231 1453 1496 1513 servatur.
1543 1444 1757 1498 Memini

168 1506 388 1583 Petrum
420 1506 709 1583 martyrem
728 1506 1060 1568 familiariter
1076 1512 1360 1583 aliquando
1384 1512 1513 1567 mibi
1536 1514 1756 1582 dixisse,

166 1581 312 1650 quod
361 1592 416 1637 et
448 1581 648 1656 postea
671 1585 889 1655 scripsit
915 1586 967 1639 in
1014 1581 1242 1653 primum
1274 1584 1483 1656 librum
1511 1584 1714 1656 Regum
1741 1581 1756 1649 ,

165 1666 287 1725 sese
316 1667 436 1708 cum
458 1654 741 1723 quemdam
772 1657 1020 1725 Cypriani
1054 1655 1229 1711 locum
1256 1654 1542 1725 diligenter
1561 1654 1763 1725 capen-

165 1723 362 1789 deret,
414 1726 763 1793 singulariter
798 1723 1221 1796 deprehendisse
1261 1723 1418 1795 atque
1445 1723 1763 1782 observasse

164 1797 431 1865 originem
460 1797 680 1852 minime
702 1795 1071 1867 vulgo’notam
1094 1795 1380 1852 exorcismi
1404 1812 1526 1850 cum
1556 1797 1757 1866 baptis-

164 1868 666 1939 moconjungendi.
699 1867 1023 1939 Cyprianum
1061 1869 1225 1936 enim,
1276 1868 1367 1922 lib.
1396 1884 1450 1923 iv
1480 1910 1493 1933 ,
1522 1869 1761 1923 scrihere

162 1938 228 1991 ad
261 1938 562 2009 Magnum,
599 1938 834 2008 Spiritus
877 1940 1183 1995 immundos
1226 1940 1542 2009 qttzuiquue
1573 1938 1760 1994 fallere

161 2022 364 2081 servos,
388 2009 515 2071 Dei,
562 2010 691 2065 dum
715 2011 946 2081 adjurati
991 2011 1195 2081 tingunt
1222 2025 1341 2064 sese
1380 2012 1528 2065 abire
1554 2026 1651 2081 nec
1680 2018 1762 2065 ta-

161 2095 287 2134 men
320 2080 540 2151 abeunt.
577 2081 710 2136 Tum
740 2080 866 2137 vero
896 2080 1219 2151 Cyprianum
1247 2081 1483 2146 adjiCere
1514 2100 1526 2135 ε
1567 2080 1758 2134 Verum

159 2168 278 2223 cum
318 2150 388 2203 ad
414 2168 599 2223 aquam
630 2164 829 2207 centum
856 2162 961 2219 est,
982 2150 1065 2207 ibi
1098 2152 1342 2206 Diabolus
1386 2153 1593 2205 minime
1628 2153 1760 2205 valet

158 2222 439 2305 subsistere
486 2239 789 2305 morsusque
835 2224 1082 2305 disceditr
1126 2224 1259 2277 lliuc
1312 2223 1504 2277 Petrus
1561 2224 1760 2305 Martxr

154 2292 332 2362 jactat
362 2292 786 2365 sese’colligcre,
819 2295 948 2349 oliui
981 2295 1178 2363 factum
1202 2308 1347 2356 esse.
1381 2305 1433 2347 ut
1460 2292 1755 2362 arrepticii,

152 2367 250 2435 ’ςιυί
288 2379 397 2417 ιιοη
430 2375 678 2435 poterant
719 2368 893 2420 curari
940 2365 1296 2427 exorcismis,
1338 2365 1755 2431 baptizarentur.

160 2434 549 2491 Posteritatem
580 2450 710 2491 vero
736 2437 1061 2506 generaliter
1089 2444 1148 2491 et
1164 2436 1386 2490 confuse
1409 2436 1604 2490 deinde
1622 2450 1762 2490 sem-

161 2520 263 2577 per
294 2509 631 2577 esoreiSiuos
654 2508 1004 2577 conjunxisse
1032 2522 1153 2561 cum
1186 2507 1472 2575 baptismo.
1520 2507 1599 2561 Ac
1644 2508 1763 2577 qui-

160 2576 289 2631 dem
330 2576 525 2631 fatetur
545 2576 820 2645 Optatum,
850 2588 907 2632 nt
926 2589 978 2643 et
1012 2578 1366 2648 Augustinum
1387 2578 1541 2633 valde
1568 2578 1618 2632 id
1644 2576 1764 2646 [ὀνο-

159 2648 352 2719 1ῃιεδθ.
387 2648 492 2703 Sed
522 2656 807 2719 utrumque
834 2658 1119 2719 propterea
1150 2648 1494 2717 reprehendit
1530 2660 1583 2704 et
1612 2663 1762 2703 erro-

163 2718 239 2772 ris
288 2728 530 2773 accusat.
584 2718 869 2775 'Prsetereo
919 2720 1062 2789 quod
1109 2721 1291 2789 inepte
1335 2720 1531 2788 allegat
1582 2720 1763 2774 neaeio

163 2805 339 2857 quem
365 2788 543 2856 Optati
576 2790 768 2845 librum
798 2788 1049 2845 octavum
1075 2832 1090 2855 ,
1129 2791 1223 2859 qui
1251 2792 1427 2844 nullus
1474 2800 1575 2845 est.
1632 2791 1765 2845 Illud

166 2860 346 2935 modo
373 2860 516 2923 dico,
547 2872 652 2935 tam
680 2862 848 2935 luisse
872 2863 1127 2935 Optatum
1150 2859 1404 2933 Cypriani
1437 2862 1767 2935 temporibus

166 2932 441 3003 vicinum,
471 2941 526 2985 ut
550 2932 691 3002 quod
728 2945 910 2987 narrat
936 2934 1133 3003 passim
1163 2932 1262 2987 suo
1290 2942 1532 3003 tempore
1570 2933 1764 2987 facttnn

168 3002 386 3068 fuisse,
442 3003 660 3079 intelligi
691 3005 871 3079 etiam
898 3002 1070 3079 possit
1110 3004 1304 3059 factum
1350 3002 1563 3079 quoque
1603 3004 1770 3057 fuisse

169 3081 429 3143 tempore
452 3074 707 3142 Cypriani
732 3093 744 3127 :
770 3074 944 3144 neque
968 3076 1225 3144 Optatum
1256 3077 1493 3129 accusari
1524 3089 1680 3144 posse
1710 3082 1770 3129 tit

166 3154 462 3202 auctorem
489 3144 647 3215 hujus
671 3147 835 3200 moris
859 3154 913 3200 et
933 3145 1358 3201 consuetudinis.

618 3257 683 3313 IN
722 3258 980 3315 Lteuuu
1020 3258 1347 3337 QUINTUM.

252 3349 391 3419 Pag.
418 3349 480 3404 81
514 3355 567 3405 et
589 3349 678 3404 82.
728 3350 912 3404 Nullus
961 3361 1043 3405 est
1093 3353 1142 3405 in
1192 3353 1292 3407 hoc
1334 3352 1473 3407 libro
1519 3352 1781 3409 illustrior

172 3421 363 3494 locus,
395 3436 551 3490 quam
582 3422 668 3490 qui
701 3437 767 3476 ex
800 3422 949 3475 libris
976 3422 1495 3478 Juriscousultorum
1522 3425 1782 3494 repetitus

175 3503 267 3547 cst
300 3493 373 3544 de
397 3502 719 3546 testamento
752 3533 765 3555 ,
788 3498 941 3561 cujus
971 3495 1279 3548 testimonio
1306 3496 1372 3549 de
1401 3493 1675 3550 voluntate
1704 3506 1783 3550 te-

175 3562 420 3617 statoris
441 3561 671 3635 iudicari
701 3566 859 3618 solet.
910 3562 979 3618 Ut
1009 3565 1098 3617 tali
1125 3567 1375 3633 exemplo
1410 3568 1601 3634 probet
1624 3566 1785 3635 Opta.

176 3643 299 3696 tus,
333 3647 399 3687 ex
428 3633 622 3705 tabulis
650 3649 922 3690 sacrarum
951 3635 1247 3689 litterarum
1275 3635 1630 3692 dirimendum
1650 3633 1785 3705 quo-

177 3721 297 3778 qne
320 3716 459 3778 esse
488 3704 634 3778 liteni
665 3720 825 3778 quam
856 3712 1085 3778 movent.
1105 3706 1412 3778 Donatistm.
1434 3708 1783 3778 Augustinus,

178 3773 281 3844 qui
307 3773 565 3842 Optatum
597 3773 790 3829 imitari
818 3776 1000 3840 solet,
1045 3777 1255 3831 videtur
1292 3779 1453 3833 simili
1499 3773 1625 3833 usus
1667 3794 1788 3834 esse

178 3855 541 3913 argumento.
570 3844 703 3899 Nam
733 3847 781 3899 iu
815 3847 1017 3899 Psalm.’
1044 3863 1128 3901 χχι
1157 3887 1171 3911 ,
1210 3850 1541 3915 compellans
1574 3851 1790 3902 Donati-

180 3929 337 3990 stas,
374 3917 584 3984 inquit:
627 3915 839 3969 Fratres
887 3933 1058 3974 sumus
1086 3933 1105 3970 .'
1141 3934 1302 3990 quare
1339 3920 1597 3990 litigamus
1626 3920 1652 3973 .9
1685 3936 1787 3973 non

184 3989 475 4041 intestatus
495 3997 722 4039 mortuus
742 3997 812 4039 est
833 3997 1013 4056 pater:
1052 3989 1170 4056 fecit
1213 3989 1597 4053 testamentum,
1636 3999 1681 4043 et
1715 3991 1789 4042 sic

184 4070 444 4123 mortuus
465 4065 554 4110 est.
590 4056 808 4109 Tamdiu
823 4058 1140 4109 contenditur
1166 4059 1229 4111 de
1256 4059 1549 4112 Ita’reditatc
1569 4068 1791 4113 mortuo-

184 4144 343 4193 rum,
369 4128 615 4199 quamdiu
641 4136 989 4199 testamentum
1018 4133 1305 4197 proferatur
1332 4131 1384 4183 in
1415 4130 1674 4199 publicum
1699 4140 1791 4185 :.et

186 4215 329 4253 cum
352 4196 611 4266 prolatum
638 4197 820 4270 fuerit.
850 4207 1015 4251 tacent
1038 4196 1212 4253 attines
1227 4240 1242 4265 ,
1265 4210 1318 4253 ut
1347 4196 1533 4254 tabulae
1555 4202 1793 4270 aperian-

188 4279 284 4323 tur
307 4279 359 4322 et
382 4270 677 4322 recitentur.
701 4267 873 4323 Iudex
896 4270 1117 4323 intentus
1147 4272 1291 4323 audit
1316 4311 1329 4335 ,
1372 4267 1599 4325 advocati
1620 4273 1789 4337 silent,

192 4339 477 4411 prcccdnes
505 4339 758 4413 silentium
777 4340 970 4413 faciunt
1000 4382 1014 4404 ,
1046 4343 1308 4413 universus
1336 4342 1552 4413 papulas
1583 4359 1795 4411 suspen-

191 4428 297 4486 sus
324 4419 422 4472 est,
456 4419 511 4462 ut
541 4410 771 4481 legantur
790 4410 938 4486 verba
954 4412 1163 4486 mortui.
1203 4412 1303 4486 Ille
1337 4410 1448 4486 sine
1470 4430 1628 4486 sensu
1657 4414 1795 4486 jacet

194 4483 259 4537 in
293 4492 627 4553 monumento
650 4522 666 4549 ,
707 4483 945 4553 etrvalent
976 4482 1121 4535 verba
1146 4483 1325 4553 ipsius.
1372 4484 1524 4538 Sedet
1568 4482 1797 4538 Christus

193 4557 257 4607 in
289 4552 528 4624 εωιονει
554 4552 920 4624 contradicitur
941 4554 1055 4624 eius
1092 4552 1404 4608 testamento.
1450 4555 1592 4609 Idem
1617 4557 1794 4624 Διιειισ

196 4626 418 4690 stinus,
462 4623 514 4677 in
546 4623 639 4677 lib.
678 4623 746 4677 de
775 4628 1008 4693 quinque
1044 4623 1369 4680 hmresibus:
1401 4624 1577 4694 Leges,
1604 4623 1794 4695 inquit,

198 4695 435 4760 habent,
466 4703 519 4746 ut
547 4696 797 4748 testatoris
815 4695 1061 4747 voluntati
1083 4696 1135 4747 in
1160 4697 1391 4749 omnibus
1430 4707 1689 4763 parcatur.
1742 4696 1803 4750 Si

198 4768 337 4836 quis
366 4775 549 4836 contra
576 4766 884 4836 veluntatem
912 4765 1160 4819 testatoris
1181 4770 1347 4836 facere
1372 4769 1610 4829 voluerit,
1637 4777 1804 4822 careat

204 4833 550 4891 hmreditate.
586 4834 955 4890 Testamentum
983 4833 1191 4905 profero
1213 4852 1232 4889 :
1279 4837 1429 4892 verba
1453 4841 1705 4893 testatoris
1728 4855 1806 4892 re-

204 4909 351 4961 cito.
388 4905 610 4977 [ineptus
634 4921 841 4977 essem,
884 4908 929 4960 si
960 4920 1025 4977 es
1059 4910 1256 4961 nostris
1283 4908 1459 4977 legum
1486 4910 1637 4965 libris
1666 4924 1807 4964 nunc

205 4976 524 5049 ambitime
563 4988 722 5049 atque
768 4976 902 5031 adeo
947 4975 1120 5049 otiose
1152 4975 1449 5048 repeterem
1501 4982 1661 5036 multa
1688 4982 1806 5049 ejus

206 5048 451 5120 generis
472 5046 545 5120 de
568 5046 670 5120 fide
690 5056 745 5101 et
766 5047 1081 5120 auctoritate
1110 5058 1165 5103 et
1194 5046 1500 5104 testimonio
1524 5046 1809 5107 testamén-

216 5115 442 5174 torum.
489 5115 622 5171 Illud
663 5119 833 5188 magis
858 5117 1015 5187 hujus
1043 5120 1139 5175 loci
1185 5132 1266 5174 est
1293 5161 1308 5186 ,
1337 5130 1397 5176 ut
1424 5122 1773 5178 observemus
1798 5162 1815 5186 ,

221 5189 601 5266 Augustinum
641 5195 893 5266 cautius,
923 5198 1106 5266 quam__
1122 5189 1370 5260 Optatum
1392 5233 1408 5258 ,
1448 5194 1524 5249 uti
1552 5193 1820 5266 superiori

212 5262 493 5329 exemplo
521 5271 575 5315 et
599 5261 1022 5328 comparatione.
1071 5262 1293 5331 Optatns
1331 5265 1475 5319 enim
1514 5280 1582 5319 eo
1613 5261 1777 5320 utitur
1800 5306 1818 5331 ,

215 5347 368 5404 cum
400 5347 467 5404 ex
494 5345 634 5385 novo
662 5332 1007 5404 Testamento
1034 5333 1236 5402 profert
1259 5336 1573 5404 scripturam
1601 5335 1823 5392 Joannis

210 5408 305 5459 de
341 5401 549 5457 lotione
580 5403 771 5471 pedum
803 5442 819 5467 ,
872 5412 928 5457 ut
974 5401 1098 5458 inde
1137 5406 1323 5473 probet
1348 5401 1453 5461 non
1485 5422 1604 5462 esse
1627 5408 1822 5471 iteran-

218 5477 378 5531 dum
411 5474 756 5547 baptismum.
784 5474 897 5530 Sed
930 5474 1282 5546 Augustinus,
1306 5476 1399 5547 qui
1429 5477 1558 5547 vidit
1581 5488 1825 5532 coactum

221 5548 289 5603 id
325 5542 495 5608 esse,
529 5545 731 5599 niavtilt
769 5548 843 5599 uti
869 5542 1129 5614 superiori
1155 5542 1581 5615 comparatione,
1611 5562 1730 5601 cum
1757 5562 1825 5601 ex

226 5615 478 5692 psalmis
502 5624 554 5692 et
586 5616 1213 5692 proplietat-umscriptis
1246 5618 1470 5692 probare
1502 5620 1615 5671 vult
1640 5618 1826 5692 Eccle-

226 5684 391 5746 'siam
417 5684 619 5739 Christi
646 5684 765 5741 esse
791 5684 1127 5740 catholicam}
1178 5684 1291 5752 Qua
1329 5687 1397 5741 de
1422 5702 1481 5741 re
1504 5702 1624 5741 cum
1655 5689 1829 5741 Dona-

228 5759 401 5813 tistis
428 5757 596 5808 altera
626 5756 690 5807 lis
726 5755 841 5808 fuit.
886 5756 974 5809 Sic
1015 5766 1070 5809 et
1119 5756 1170 5809 iu
1220 5757 1311 5810 lib.
1342 5758 1410 5811 de
1442 5756 1584 5812 Utiit.
1618 5758 1825 5812 Eeclcs.

1790 1827 1837 1889 Β

1824 4587 1878 4648 D

1860 530 2145 574 qureramus
2172 513 2495 569 Ecclesium:
2523 516 2589 569 ibi
2611 516 2945 571 discutiamus
2967 534 3172 572 causam
3198 526 3440 570 nostram.

1861 584 2124 636 Ca-terum
2157 600 2275 638 eum
2304 588 2536 653 tllSlelal
2567 588 2820 642 adversus
2859 590 3161 643 llouatistas
3192 588 3259 642 de
3288 588 3445 640 uuicn

1862 654 2128 726 baptismo
2158 694 2172 717 ,
2202 671 2370 724 eoque
2396 673 2500 711 non
2532 659 2774 713 iterando
2798 700 2812 724 ,
2846 676 2950 714 non
2986 671 3091 714 tam
3120 660 3443 726 scripturam

1860 725 2060 802 allegat
2082 740 2256 802 quam
2287 727 2622 783 traditionem
2673 733 3031 802 Apostolicam
3058 774 3071 795 ,
3102 725 3259 802 quasi
3300 746 3447 802 nun-

1861 796 2094 866 cupativi
2143 796 2319 864 potius
2358 813 2516 865 quam
2559 796 2745 861 scripti
2774 796 3445 857 TeSIamenti'testimouio

1861 876 1991 924 tunc
2014 868 2089 942 uti
2118 866 2319 942 mallet.
2352 866 2469 923 Lib.
2501 885 2538 942 ll
2576 869 2642 923 de
2676 871 2870 941 Baptis.
2901 889 3018 942 cap.
3048 874 3078 927 7
3098 914 3112 940 ,
3140 885 3193 927 et
3224 874 3316 926 lib.
3350 887 3405 926 iv
3426 913 3441 936 ,

1861 954 1979 1014 cap.
2005 939 2263 1014 6,Aet_‘lib.
2288 953 2489 1014 v,_cap.
2518 941 2712 1014 25._Ae
2735 939 2946 1009 quidem
2969 939 3131 997 etiam
3157 942 3446 1014 aliquando

1860 1011 2111 1083 allegavit
2142 1012 2313 1065 locum
2344 1009 2568 1083 Joannis
2598 1012 2664 1067 de
2694 1014 2890 1083 lotiune
2913 1016 3129 1083 pedum,
3159 1009 3335 1070 libfnt
3379 1013 3448 1069 de

1863 1082 2119 1151 Baptism.
2149 1096 2269 1151 cap.
2302 1080 2388 1136 M.
2419 1082 2523 1139 Sed
2553 1099 2677 1138 cum
2697 1080 2985 1139 Petilian’us
3007 1100 3126 1139 eum
3158 1085 3209 1139 in
3238 1096 3449 1140 nostros

1860 1162 2223 1223 retorqueret,
2256 1153 2586 1225 Augustinus
2616 1155 2692 1208 sic
2715 1155 3004 1225 respondet
3024 1196 3037 1217 ,
3072 1165 3125 1208 ut
3156 1170 3261 1209 non
3290 1157 3447 1211 «lissi.—

1861 1225 2031 1280 mulet
2056 1240 2178 1279 sese
2206 1239 2311 1279 non
2337 1225 2491 1296 valde
2518 1241 2709 1295 urgere
2732 1227 2837 1281 tale
2866 1234 3261 1296 argumentum,
3291 1227 3384 1281 lib.
3413 1242 3451 1280 tl

1809 1294 1814 1299 ⁷
1860 1308 2046 1350 contra
2070 1295 2225 1351 Petil.
2259 1312 2377 1366 cap.
2413 1295 2502 1351 22.
2550 1297 2734 1367 Itaque
2763 1307 2818 1352 et
2845 1298 2895 1351 in
2926 1294 3019 1353 lib.
3054 1297 3125 1353 de
3157 1296 3300 1363 Unit.
3328 1312 3448 1366 cap.

1865 1368 1933 1422 ti)
1959 1406 1974 1433 ,
2020 1367 2088 1425 ab
2114 1383 2179 1422 eo
2205 1368 2325 1421 loco
2354 1367 2534 1423 statim
2569 1369 2759 1423 transit
2806 1369 2871 1422 ad
2906 1368 3160 1424 Ecclesim
3203 1383 3357 1424 usum
3396 1376 3456 1423 et

1862 1439 2252 1493 auctoritatem.
2295 1438 2437 1494 Sane
2469 1442 2645 1495 tamen
2678 1440 2828 1494 locus
2858 1440 2947 1495 ille
2977 1440 3202 1496 Joannis
3225 1480 3240 1505 ,
3273 1440 3453 1493 multis

1868 1511 2027 1563 etiam
2057 1520 2176 1578 post
2197 1511 2555 1580 Augustinum
2584 1511 2738 1565 annis
2760 1521 2864 1566 tam
2894 1513 3037 1567 visus
3079 1521 3163 1567 est
3192 1512 3242 1565 in
3272 1509 3450 1565 Africa

1864 1581 2134 1704 Pertinere
2165 1582 2229 1633 ad
2263 1584 2477 1635 unicum
2524 1582 2845 1651 baptismum
2873 1624 2886 1647 ,
2917 1593 2974 1636 ut
3004 1582 3214 1645 furente
3244 1582 3453 1636 Vanda-

1885 1666 2040 1704 orunt
2066 1660 2315 1704 tvranno.
2343 1667 2463 1704 cum
2492 1663 2697 1704 sentem
2731 1653 2803 1704 illi
2834 1653 3046 1704 fratres.
3079 1670 3302 1704 oliorum
3343 1667 3449 1704 non

1885 1666 2040 1704 orum
2066 1660 2315 1722 tyranno,
2343 1667 2463 1705 cum
2492 1663 2697 1721 septem
2731 1653 2803 1706 illi
2834 1653 3046 1720 fratres,
3079 1670 3302 1722 quorum
3343 1667 3449 1706 non

1867 1722 2059 1793 minus
2089 1721 2266 1775 nobile
2316 1725 2628 1793 martyrium
2660 1723 2797 1784 fuit,
2848 1739 3005 1793 quam
3053 1726 3179 1778 olim
3226 1725 3451 1780 fratrum

1869 1791 2309 1851 Maccahteorum.
2327 1792 2396 1846 ab
2421 1791 2632 1846 Ariauis
2657 1791 2971 1862 urgerentur
2989 1794 3053 1848 ad
3073 1795 3298 1849 alterum
3324 1796 3455 1862 bap-

1868 1862 2082 1933 tismum
2108 1905 2122 1924 ,
2177 1861 2308 1933 nihil
2354 1863 2521 1933 magis
2546 1861 2916 1932 opposueriut.
2967 1864 3142 1920 Testis
3168 1874 3251 1920 cst
3277 1861 3459 1919 Victor

1868 1932 2158 2004 Uticensis,
2189 1932 2291 2004 lib.
2314 1949 2369 1987 tv
2411 1934 2483 1989 de
2510 1934 2723 1990 Perseo.
2762 1934 3010 2001 Vaudal.,
3044 1951 3258 2004 nempe,
3288 1934 3456 1989 nostri

1862 2005 1992 2058 olim
2021 2002 2524 2077 fueruntfortiores
2548 2016 2815 2077 martyres
2847 2021 3005 2076 quam
3035 2002 3183 2061 acuti
3218 2002 3456 2075 disputa-

1864 2083 2027 2148 t_nres.
2078 2074 2203 2148 Pag.
2224 2074 2306 2148 _85
2338 2087 2387 2148 et
2416 2075 2507 2130 84.
2544 2075 2675 2130 Illud
2695 2074 2992 2146 'postremo
3015 2078 3283 2134 aunotabo
3312 2074 3454 2148 quod

1863 2145 2088 2214 Optatns
2129 2146 2179 2198 iti
2223 2145 2323 2200 hoc
2372 2146 2507 2201 libro
2538 2145 2833 2217 respondet
2860 2148 3200 2204 adversariis'
3226 2145 3450 2205 conten—

1867 2216 2119 2270 dentibus
2151 2217 2471 2286 baptismum
2516 2218 2583 2272 ad
2627 2216 2983 2274 schisutaticis
3028 2220 3454 2274 administratum

1863 2301 1984 2359 esse
2010 2286 2235 2359 nullum,
2277 2299 2326 2342 et
2360 2297 2642 2359 propterea
2668 2304 2789 2344 esse
2817 2290 3171 2359 repetendum
3191 2332 3205 2354 ,
3251 2293 3373 2359 quia
3399 2300 3460 2345 et

1866 2357 2118 2430 baptizati
2149 2374 2177 2411 a
2203 2357 2413 2430 Joanne
2441 2357 2548 2414 sint
2578 2360 2768 2421 iterum
2800 2357 3048 2426 baptizuti
3077 2361 3145 2415 ab
3177 2357 3458 2430 apostolis,

1867 2426 1929 2502 ut
1953 2428 2124 2502 Lucas
2154 2428 2340 2502 refert.
2392 2430 2621 2499 Optatns
2647 2437 2940 2502 respondet
2982 2426 3286 2500 exemplum
3336 2426 3463 2488 esse

1866 2500 2127 2554 dissimile
2150 2539 2166 2564 ,
2208 2500 2334 2571 quia
2362 2502 2659 2571 baptismus
2683 2500 2906 2558 Joannis
2944 2503 3079 2557 alius
3122 2512 3177 2557 et
3214 2503 3460 2558 diversus

1867 2518 2127 2554 uissmute
2150 2539 2166 2564 ,
2208 2518 2334 2571 quia
2362 2518 2424 2556 na
2471 2518 2659 2557 usmus
2683 2518 2906 2558 Joannis
2944 2518 3079 2557 anus
3122 2518 3177 2557 et
3214 2518 3460 2558 diversus

1867 2571 2029 2624 fuerit
2072 2586 2097 2621 a
2128 2572 2395 2641 baptismo
2419 2518 2616 2628 Christi
2658 2595 2673 2629 :
2704 2574 3002 2643 baptismus
3027 2574 3461 2629 veroSchisma-

1870 2643 2094 2715 tieorum
2125 2644 2433 2697 conferatur
2461 2645 2512 2697 in
2544 2644 2759 2699 nomine
2788 2646 2987 2712 Patris,
3018 2653 3076 2700 et
3092 2644 3237 2711 Filii,
3266 2654 3319 2701 et
3334 2644 3461 2715 Spi-

1867 2714 2004 2785 ritus
2031 2715 2219 2779 sancti,
2250 2724 2522 2784 tamquam
2555 2716 2853 2785 baptismus
2880 2716 3101 2771 Christi.
3154 2716 3272 2771 Non
3302 2714 3463 2772 dissi-

1869 2784 1996 2838 mile
2038 2799 2355 2858 resriotrstiui
2394 2795 2449 2839 et
2472 2784 2750 2858 distinctio
2788 2797 2872 2842 est
2900 2786 3296 2858 Hieronymiin
3327 2787 3460 2842 dial.

1868 2863 2052 2926 contra
2084 2854 2315 2910 Lucifer.
2364 2863 2423 2910 et
2467 2856 2772 2926 Augustini,
2809 2858 2944 2912 libro
2988 2854 3227 2913 secundo
3276 2870 3464 2913 contra

1871 2925 2024 3001 Petil.
2058 2938 2178 2992 cap.
2205 2927 2300 3001 ζῆ,
2331 2937 2385 2981 et
2412 2926 2504 2981 lib.
2526 2925 2592 3001 Att!
2615 2968 2628 2989 .
2652 2943 2775 3001 cap.
2809 2927 2898 2996 56,
2930 2939 2985 2984 et
3017 2930 3108 2986 lib.
3144 2945 3175 2985 ν
3204 2929 3274 2986 de
3327 2930 3464 3001 Bap-

1873 3000 1960 3050 tis.
1988 3008 2177 3051 cutura
2201 2998 2335 3056 Don.
2361 3012 2481 3072 cap.
2516 2999 2571 3065 9,
2602 3000 2690 3065 10,
2721 2998 2825 3055 etc.

2330 3109 2399 3166 IN
2423 3112 2684 3171 LIBRUM
2713 3114 3017 3172 SEXTUM.

1806 3203 1851 3266 C
1959 3205 2086 3276 Pag.
2118 3204 2207 3262 90.
2242 3204 2383 3260 Nihil
2413 3208 2611 3279 multos
2642 3208 2802 3264 hodie
2832 3210 2998 3279 magis
3024 3208 3245 3266 on‘endit
3286 3214 3337 3266 in
3366 3212 3469 3269 hoc

1884 3280 2022 3334 libro
2048 3319 2064 3344 ,
2092 3293 2250 3347 quam
2280 3279 2420 3348 quod
2450 3278 2679 3345 Optatns
2711 3280 2843 3334 tanti
2878 3278 3033 3335 faciat
3072 3284 3277 3337 altaria.
3309 3285 3470 3341 Certe

1884 3352 2074 3406 Petrus
2104 3350 2321 3420 Martyr,
2353 3352 2443 3425 int
2472 3350 2566 3425 lib.
2597 3351 2968 3425 Regum,cap.
3002 3352 3090 3420 25,
3128 3354 3283 3408 valde
3310 3371 3467 3425 prop-

1889 3432 2030 3476 terea
2085 3421 2430 3488 reprehendit
2479 3420 2759 3486 Optatum.
2807 3422 2997 3476 Mirum
3052 3440 3180 3479 vero
3212 3420 3321 3480 cur
3361 3420 3466 3482 non

1889 3494 2064 3569 potius
2104 3491 2277 3569 ip~tuu
2301 3530 2314 3555 ,
2348 3492 2446 3569 qui
2485 3493 3345 3569 antiquioremL'I‘ertnlliauum,
3380 3497 3471 3569 qui

1890 3565 1942 3618 in
1988 3562 2080 3616 lib.
2113 3565 2179 3615 de
2209 3562 2499 3617 Pmttitetit.
2530 3562 2651 3618 aras
2680 3565 2773 3618 Dei
2804 3566 2854 3619 in
2876 3564 3111 3620 Ecclesia
3142 3569 3395 3622 celebrat.

1962 3632 2129 3688 Poirn
2172 3634 2310 3701 quod
2336 3633 2560 3701 Optatns
2584 3634 2669 3690 hic
2697 3645 2879 3690 narrat
2913 3636 2978 3690 de
3022 3637 3321 3690 incredibili
3360 3640 3468 3691 Do-

1892 3705 2207 3760 natistarum
2255 3703 2421 3769 fastu,
2484 3714 2539 3757 et
2590 3705 2845 3758 adversus
2898 3705 3199 3760 Catliolicos
3246 3706 3466 3763 iuimaui

1890 3776 2049 3841 odio,
2099 3773 2319 3828 memini
2366 3774 2549 3828 inultis
2600 3785 2718 3843 post
2747 3776 2958 3829 sreculis
2985 3777 3033 3829 in
3072 3774 3288 3831 Oriente
3319 3777 3469 3833 Grill-

1892 3849 2044 3900 eutos
2068 3859 2189 3897 esse
2219 3845 2453 3897 imitatos
2484 3846 2534 3897 in
2565 3860 2663 3898 suo
2689 3845 2995 3899 schismate.
3041 3846 3170 3901 Nam
3206 3846 3468 3905 Innocen-

1892 3919 1997 3970 tius
2018 3915 2104 3977 ΙΙΙ,
2136 3916 2315 3984 incap.
2342 3912 2460 3969 (ide
2481 3915 2760 3983 Baptism.
2779 3915 2872 3969 lib.
2898 3932 2953 3970 ιιι
2976 3916 3255 3984 decretal.,
3280 3936 3342 3975 ex
3369 3935 3468 3975 suo

1892 3984 2135 4060 Concilio
2167 3983 2531 4060 Lateraneusi
2550 3986 2711 4056 (quod
2748 4002 2888 4060 anno
2926 3987 3067 4042 1215
3102 3983 3287 4044 Roma:
3316 3991 3468 4060 coiit)

1894 4057 2048 4130 istam
2103 4054 2296 4130 repetit
2323 4054 2717 4130 narrationem.
2763 4059 3073 4130 Siquando,
3114 4061 3305 4130 inquit,
3363 4054 3468 4116 Sa;

1894 4128 2117 4181 cerdotec
2164 4124 2334 4198 Latini
2374 4143 2529 4198 super
2563 4124 3218 4184 ercorunicelebrasten't
3247 4124 3432 4186 altaria
3455 4175 3469 4198 ,

1896 4215 1996 4251 non
2018 4198 2160 4271 prius
2186 4195 2354 4271 Graeci
2379 4195 2736 4271 sacriﬁcabant
2770 4199 2822 4253 in
2851 4200 2977 4271 ipsis
2994 4241 3007 4266 ,
3038 4216 3190 4270 quam
3215 4219 3273 4256 ea
3298 4245 3312 4267 ,
3346 4195 3474 4256 tant;

1930 4285 2046 4321 uam
2076 4267 2340 4335 inquinata
2364 4309 2379 4335 ,
2410 4267 2648 4323 iuvissent
2670 4311 2684 4336 ,
2718 4267 2997 4338 baptiz'alos
3024 4267 3176 4325 etiam
3210 4290 3241 4325 α
3276 4273 3474 4329 Latinis

1896 4284 2065 4393 ἓν·ωεί
2092 4338 2407 4393 rebantizare
2443 4356 2569 4393 ausu
2596 4343 2861 4393 temerario
2905 4344 3294 4393 nrtcsmnebam.
3342 4345 3469 4393 Pais.

1948 4339 2065 4414 ε·ωεί
2092 4338 2407 4414 νςιζαριξξανε
2443 4356 2569 4414 ausu
2596 4343 2861 4414 temerario
2905 4344 3294 4410 prwsmnebant.
3342 4345 3469 4414 Pag.

1899 4410 1968 4482 95
2018 4418 2078 4482 et,
2120 4407 2229 4482 94.Δ
2254 4409 2402 4482 Alter
2450 4410 2503 4482 in
2548 4409 2652 4467 hoc
2696 4412 2814 4467 loco
2868 4407 3166 4482 przecipuus
3215 4416 3362 4471 locus
3408 4407 3475 4472 de

1901 4479 2411 4557 Sanetimonialibus
2466 4481 2550 4553 (ut
2596 4479 2944 4557 vocabantur)
2996 4479 3126 4553 quas
3169 4498 3221 4540 et
3261 4488 3474 4557 olimin

1904 4551 2079 4605 Alrica
2110 4562 2159 4604 et
2187 4548 2424 4622 Egypto
2447 4548 2664 4607 vocatas
2696 4552 2860 4609 fuisse
2884 4548 3123 4621 Nonnas,
3142 4568 3210 4612 ex
3238 4550 3477 4613 Arnobio

1902 4623 2418 4695 atquetlieronymo
2445 4622 2626 4679 didici.
2655 4624 2951 4695 thuidem
2980 4629 3313 4695 Ambrosius,
3342 4628 3431 4683 lib.
3460 4644 3478 4681 t

1905 4695 1972 4747 de
2011 4692 2240 4768 Yirgirn,
2275 4696 2356 4768 ait
2382 4708 2449 4747 ex
2480 4694 2683 4768 ultimis
2715 4692 2848 4751 infra
2876 4697 3121 4768 ultraque
3149 4692 3479 4756 Mauritania

1907 4764 2151 4840 partibus
2186 4763 2451 4840 deductas
2482 4765 2837 4840 Mediolanum
2865 4810 2879 4835 ,
2916 4763 3114 4840 sacrari
3139 4773 3383 4840 gestiisse
3404 4769 3479 4823 ab

1909 4832 2237 4911 Ambrosio._
2280 4832 2569 4911 liabebant
2628 4848 2693 4911 er
2747 4832 3035 4911 Donatista:
3078 4832 3202 4911 suis
3245 4839 3479 4911 virgines

1908 4905 2384 4970 Sanctimoniales,
2415 4916 2469 4961 et
2506 4922 2627 4963 cum
2656 4908 2955 4965 Catholicos
2985 4910 3232 4966 audirent
3266 4905 3478 4966 in'suis

1910 4986 2184 5053 ostentare
2229 4977 2496 5053 quoddam
2524 4978 2692 5053 decus
2721 4980 2975 5053 Ecclesim
2995 5019 3018 5053 ,Α
3043 4981 3193 5053 valde
3215 4983 3321 5036 ltoc
3348 4998 3478 5053 age-

1914 5048 2069 5123 bant,
2088 5058 2157 5123 _ut
2179 5061 2273 5123 eas
2301 5047 2367 5103 ad
2394 5063 2456 5103 se
2490 5050 2835 5123 pellicerent,
2864 5051 3020 5123 sicuti
3046 5051 3246 5107 indicat
3268 5047 3481 5123 Augus-

1916 5122 2059 5201 tinus
2086 5121 2140 5175 in
2173 5120 2531 5201 epist:_t_:t.m.
2570 5120 2683 5201 Hoc
2713 5135 2842 5201 ergo
2869 5120 2997 5201 illud
3030 5132 3111 5201 est
3135 5163 3150 5185 .
3190 5124 3331 5201 quod
3358 5120 3477 5193 Ὀρ-

1921 5200 2063 5245 tatus
2089 5189 2210 5261 ,qui
2229 5198 2294 5261 et
2317 5189 2453 5244 libro
2473 5192 2707 5261 secundo
2727 5189 2923 5259 aliquid
2952 5190 3053 5245 hac
3076 5193 3145 5246 de
3167 5189 3225 5248 re
3247 5189 3480 5261 dixerat,

1923 5271 2029 5316 tam
2049 5260 2197 5313 valde
2228 5258 2314 5312 hic
2334 5260 2677 5329 conqueritur
2704 5258 2929 5316 tentatas
2956 5276 2983 5314 a
3009 5260 3297 5319 Donatistis
3322 5258 3487 5322 fuisse

1926 5332 2059 5386 tales
2086 5329 2322 5383 Vestales
2347 5338 2445 5403 :_e_t
2468 5344 2650 5403 earum
2679 5348 2783 5403 non
2815 5332 2973 5387 modo
3002 5346 3242 5403 raptores
3261 5375 3281 5402 ,
3308 5336 3405 5390 sed
3432 5344 3489 5391 et

1927 5415 2116 5472 procos
2152 5410 2258 5477 tam
2304 5400 2461 5477 valde
2500 5401 2681 5477 abigit.
2728 5401 2895 5477 Paulo
2932 5400 3215 5477 antequam
3260 5400 3488 5477 Optatns

1928 5470 2043 5527 haec
2077 5470 2364 5534 scriberet,
2391 5470 2495 5542 lata
2526 5473 2702 5542 fuerat
2727 5474 2794 5527 ab
2823 5470 3198 5542 lianoviauo
3226 5470 3493 5534 lex'set'e-

1928 5542 2135 5598 rissima
2159 5580 2182 5619 ,_
2206 5554 2325 5609 quae
2346 5540 2627 5619 capitalem
2670 5558 2878 5619 pinnam
2902 5540 3271 5619 denuntiabat
3296 5547 3378 5619 iis
3397 5548 3497 5619 qui

1930 5628 2034 5668 non
2063 5610 2221 5682 modo
2241 5625 2463 5682 rapere,
2495 5612 2589 5666 sed
2618 5610 2954 5682 et’jungendi
2980 5615 3309 5672 matrimonii
3334 5610 3499 5674 antisti

1929 5681 2316 5739 sacratissimas
2355 5681 2591 5753 virgines
2634 5681 2899 5739 attentare
2944 5699 3105 5739 ausus
3133 5698 3293 5741 esset.
3325 5689 3387 5743 L.
3421 5706 3453 5741 γ
3480 5730 3497 5753 ,

1931 5754 1993 5808 C.
2024 5753 2091 5807 de
2120 5763 2321 5827 saeros:
2354 5750 2564 5827 Eccles.
2598 5753 2876 5827 Testisque
2901 5764 2985 5811 est
3023 5755 3375 5827 SHZOIttemtS,
3406 5750 3499 5816 lib.

228 5832 445 5885 cotitra
471 5822 629 5878 Petil.
665 5823 816 5889 Sunt,
846 5822 1034 5894 inquit,
1067 5825 1182 5879 libri
1209 5824 1470 5893 dominici,
1500 5843 1711 5897 quorum
1739 5843 1833 5882 au-
1936 5841 2017 5895 VI,
2046 5837 2165 5896 cap.
2191 5825 2248 5891 ὅ,
2289 5820 2570 5882 Jovianum
2596 5824 2649 5882 id
2672 5820 2908 5884 edixisse
2933 5868 2947 5894 ,
2979 5836 3033 5882 ut
3061 5820 3383 5899 reprimeret
3423 5830 3507 5888 in-
