3838 6222
465 270 609 329 “59

1590 262 2158 323 OBSEIWATIONES
2186 239 2616 319 ALBASPINEI

3611 257 3733 315 iiGll

464 392 666 457 costam
694 382 1057 454 petulantiam,
1091 394 1209 457 qua:
1255 377 1738 457 tetnpore_1uliani
1785 377 1947 441 impio
1990 387 2043 431 et
2069 379 2119 440 Α
2147 388 2354 457 gutture
2368 376 2562 457 alieno,
2586 369 2716 427 illud
2734 369 2918 457 loliario
2946 370 3665 457 propriesigniﬁcareﬁcro,
3686 386 3734 457 ut

468 448 804 522 impudenter
826 463 1064 522 grassata
1094 449 1285 522 fuerat.
1336 448 1464 522 Sed
1485 448 1883 501 Donatistarum
1914 462 2038 522 pro-

466 518 745 579 cacitatem
786 518 850 576 et
869 518 1249 585 impudicitiam
1281 518 1423 573 nulla
1454 518 1534 571 lex
1563 532 1817 572 coercere
1846 520 2037 585 potuit.

534 594 660 662 Pag.
694 592 780 657 93,
810 591 918 662 94;
945 586 1117 662 Porro
1136 589 1419 662 commode
1449 603 1590 662 nunc
1619 586 1747 662 mihi
1800 588 1863 640 in‘
1891 603 2044 662 men-

468 672 570 719 tem
598 656 788 717 revoco
813 702 828 727 ,
881 659 1217 731 Fulgentium
1249 660 1435 715 Afrum
1465 657 1736 731 quiannis
1775 656 2043 731 postAOp—

466 735 557 787 tati
589 745 813 789 mortem
847 728 1123 801 plusquam
1163 739 1379 785 centum
1426 731 1477 784 in
1500 730 1759 801 Africana
1782 728 2041 801 Ecclesia

462 804 605 859 fulsit
632 802 915 870 ﬂoruitque
939 842 955 867 ,
988 800 1139 856 libro
1165 802 1405 857 secundo
1448 800 1515 854 ad
1560 815 1716 855 suum
1748 800 2037 853 Monimum

462 890 529 931 ex
553 874 653 930 hoc
676 874 852 941 Optati
875 874 1010 929 libro
1034 884 1188 930 sexto
1210 913 1227 938 ,
1256 874 1344 928 ubi
1385 874 1451 928 de
1484 870 1789 941 Virginibus
1832 871 2047 940 agitur,

458 945 677 1001 laudare
697 945 875 1012 Optati
908 945 1427 1015 interpretationem,
1460 942 1697 1015 Paulinae
1727 942 1795 996 de
1823 941 1889 996 iis
1919 955 2041 996 sen-

461 1016 638 1085 tentia:
666 1016 733 1070 ad
758 1012 1082 1083 Corinthios,
1105 1025 1160 1071 et
1184 1015 1396 1069 consilii
1426 1012 1595 1085 magis
1620 1028 1779 1083 quam
1806 1026 2039 1085 przccepf

459 1082 533 1142 ti:
563 1102 788 1156 eamque
817 1086 1311 1155 interpretationem
1340 1082 1586 1156 conferre
1608 1082 1727 1156 cum
1760 1082 2039 1156 Augustini

459 1167 513 1213 et
545 1152 815 1214 Ambrosii
854 1152 1337 1224 alia'cXpositione.
1389 1155 1456 1209 Et
1482 1154 1604 1222 quia
1633 1155 1833 1223 integra
1862 1152 2041 1223 Optati

462 1232 622 1284 verba
651 1231 837 1284 recitat
864 1227 1176 1298 Fulgentius
1201 1268 1231 1295 ,,
1259 1229 1435 1298 locum
1464 1225 1715 1298 inspiciat
1746 1228 1953 1298 lector,
1985 1235 2038 1277 et

460 1315 583 1356 cum
615 1310 795 1354 nostra
817 1295 1051 1354 editione
1074 1299 1335 1354 conferat.
1380 1296 1515 1352 Nam
1546 1306 1600 1351 et
1630 1295 1681 1350 id
1719 1295 1935 1361 majoris
1957 1302 2039 1347 est

462 1372 715 1425 momenti
742 1407 758 1433 ,
788 1386 945 1441 quam
964 1369 1112 1440 quod
1141 1382 1400 1441 praeterea
1430 1367 1661 1441 Optatns
1703 1366 1939 1441 inculcat
1968 1364 2039 1420 de

459 1442 590 1496 velis
612 1484 627 1509 ,
658 1438 851 1512 quibus
878 1438 1191 1512 tegebantur
1219 1451 1273 1497 et
1299 1438 1913 1512 velutipbnubcbantur
1944 1450 2040 1512 ca-

460 1513 567 1584 pita
585 1507 855 1568 sacrarum
887 1507 1169 1584 virginum.
1201 1513 1327 1584 Pag.
1352 1512 1444 1575 95,
1467 1509 1537 1584 9i
1554 1519 1616 1584 _et
1642 1508 1732 1564 95.
1784 1507 2040 1584 Mitrellas

460 1580 612 1655 vocat
635 1627 651 1651 ,
679 1587 831 1655 quasi
864 1580 1054 1653 parvas
1083 1580 1467 1655 mitras'diras.
1520 1582 1675 1655 Mitra
1697 1580 1932 1655 verbum
1957 1588 2039 1634 est

461 1649 739 1725 Syriatiutn
775 1673 789 1710 :
822 1649 996 1711 Graeci
1045 1656 1229 1711 dicitnl
1257 1653 1511 1725 διάδημας
1540 1652 1735 1716 Latini,
1755 1649 1963 1725 villain,
1989 1658 2044 1705 et

464 1719 680 1797 proprie
707 1726 971 1798 signiﬁcat
997 1728 1266 1781 vinculum
1294 1736 1384 1798 aut
1406 1719 1806 1798 redimiculum.
1856 1719 1927 1776 Ut
1948 1736 2045 1775 au-

465 1795 921 1852 tem’eraut‘vitta:
964 1797 1284 1868 virgin‘ales,
1317 1796 1396 1851 sic
1423 1802 1479 1849 et
1502 1795 1624 1850 alite
1651 1802 2046 1868 erantAmatro-

462 1869 631 1923 nales.
660 1868 793 1923 Nam
822 1879 998 1938 nuptze
1026 1864 1283 1923 matrona:
1310 1868 1468 1938 aliter
1505 1880 1664 1937 quam
1695 1864 1933 1935 virgines
1958 1878 2048 1919 ca-

463 1948 561 2010 put
592 1941 838 1996 velabant
876 1937 932 1995 et
961 1941 1247 1995 ornabant.
1299 1937 1450 1993 Unde
1478 1938 1825 2008 Propertius:

552 2052 715 2102 Ciuxit
732 2062 783 2103 ut
805 2058 1029 2116 acceptas
1052 2051 1207 2101 altera
1233 2051 1352 2103 vitta
1374 2063 1554 2100 comas.

537 2145 694 2219 134
713 2145 838 2216 Pag.
869 2146 962 2219 95.
995 2144 1147 2214 Quod
1178 2144 1279 2219 sub
1307 2142 1467 2219 tinem
1499 2140 1931 2219 aitOptatus,’de
1958 2156 2051 2207 ea,

460 2215 581 2286 qui
599 2215 849 2273 secundo
875 2216 1025 2271 nubit
1050 2235 1064 2271 :
1096 2232 1197 2270 non
1223 2216 1278 2268 in
1304 2216 1466 2268 altum
1487 2215 1704 2279 tollitur,
1732 2221 2045 2286 annotatum

460 2284 541 2342 est
573 2288 641 2342 ab
666 2288 785 2342 aliis
812 2330 827 2353 ,
858 2286 1057 2342 dictum
1090 2287 1260 2341 videri
1287 2300 1352 2342 ex
1384 2301 1534 2341 more
1566 2286 1834 2340 Africana:
1867 2284 2046 2353 potius

459 2374 620 2430 qttam
648 2359 812 2430 liatim
832 2359 1045 2430 Gentis.
1096 2358 1290 2430 Fuisse
1310 2359 1451 2412 enim
1482 2357 1623 2426 apud
1651 2356 1879 2430 Ptenos,
1908 2364 1967 2409 ιιι
1994 2366 2049 2430 et

459 2426 599 2499 apud
626 2428 909 2501 Egyptios
931 2439 986 2485 et
1008 2428 1247 2489 Graecos.
1283 2429 1335 2481 in
1364 2443 1538 2501 more,
1568 2440 1623 2482 ut
1654 2427 1916 2483 nubentes
1943 2426 2049 2480 sel-

459 2501 525 2556 la:
553 2499 1071 2567 curuli'insiderent,
1094 2514 1363 2569 curruque
1387 2499 1642 2554 sublimes
1673 2510 1863 2567 vectae.
1894 2512 1923 2549 a
1940 2511 2049 2569 _pa-

458 2571 555 2626 tris
576 2572 737 2626 domo
764 2571 820 2626 in
841 2571 1168 2627 domicilium
1189 2567 1363 2625 mariti
1382 2569 1820 2625 transferrentur.
1850 2571 1919 2623 At
1938 2567 2050 2624 Ro-

456 2658 617 2698 mano
646 2658 794 2699 more
825 2645 1087 2698 nubentes
1119 2642 1293 2711 potius
1322 2656 1482 2696 manu
1513 2640 1865 2696 ducebantur.
1916 2664 1917 2667 η

529 2713 655 2783 Pag.
689 2713 759 2769 97
786 2724 841 2769 et
866 2714 955 2770 98.
1002 2710 1173 2780 Quam
1203 2720 1478 2783 postremo
1516 2710 1817 2783 elegantem
1853 2711 2044 2766 simili-

459 2782 697 2840 tudinem
744 2786 941 2855 repetit
984 2787 1052 2839 ab
1095 2782 1395 2853 aucupibus
1431 2782 1701 2855 Optatos,
1740 2784 1955 2855 videtur
1994 2793 2049 2837 et

460 2856 789 2927 Augustinus
812 2854 937 2911 eum
967 2857 1208 2927 imitatus
1239 2856 1519 2927 repetiisse
1544 2857 1594 2909 in
1618 2854 1710 2926 lib.
1734 2854 1799 2927 ad
1826 2854 2045 2927 llonor.

455 2925 669 2999 derutil.
699 2927 850 2982 cred.
879 2942 999 2999 cap.
1031 2928 1085 2983 1.
1118 2926 1234 2997 Ego
1266 2941 1409 2981 nunc
1438 2925 1541 2999 edo
1567 2925 2000 2999 emendationem
2032 2966 2047 2989 ,

459 2998 548 3052 ubi
575 3013 673 3067 pro
694 2999 922 3054 vivarum
949 2999 1223 3053 volentium
1248 3039 1261 3058 ,
1293 3012 1356 3052 cx
1392 2998 1602 3052 meliori
1634 2998 1929 3066 exemplari
1964 3009 2046 3050 re-

459 3069 606 3123 tttitui
635 3071 809 3124 avium
834 3070 1130 3124 volantium.
1166 3070 1379 3139 Memini
1409 3071 1592 3133 etiam,
1622 3067 1764 3139 quod
1792 3082 1915 3123 cum
1946 3083 2047 3120 nu-

2076 1761 2126 1822 B

2146 441 2285 514 apud
2313 446 2611 503 Horatium,
2641 441 2793 495 malis
2824 441 3077 497 ridentem
3103 442 3327 514 alienis,
3372 442 3425 497 id
3454 441 3539 498 est
3568 486 3582 507 ,
3612 448 3733 514 ﬁctis

2146 528 2193 570 et
2219 516 2470 571 simulatis
2496 514 2639 582 genis
2660 552 2674 574 ,
2726 522 2782 568 et
2810 514 3060 569 similiter
3091 513 3231 584 apud
3274 513 3591 568 Homerum.
3614 513 3732 571 Sed

2145 586 2395 656 respondi
2424 625 2438 648 ,
2467 585 2605 651 apud
2633 585 2887 652 Optatum
2913 600 3042 639 aves
3084 586 3173 641 hic
3201 585 3311 640 dici
3336 586 3490 655 quasi
3534 586 3601 639 de
3626 598 3732 656 gnt-

2147 668 2263 711 tnre
2282 658 2459 709 alieno
2483 663 2723 725 cantare,
2754 657 2877 724 quia
2901 670 3084 719 earum
3113 666 3306 711 cantus
3344 658 3437 725 qui
3475 672 3635 711 verus
3657 668 3731 712 est

2147 742 2244 796 per
2267 740 2507 780 errorem
2538 723 2801 780 habeatur
2826 742 2925 797 pro
2957 741 3117 783 cantu
3149 723 3377 781 aliarum
3410 728 3590 780 avium
3613 728 3731 782 alio-

2184 800 2237 851 ui
2270 797 2510 869 lictarum
2535 805 2706 869 atque
2726 808 3012 851 mutarum.
3043 798 3262 861 Addidi,
3300 798 3443 869 apud
3476 799 3728 854 Valerium

2192 870 2416 942 laccutn,
2458 865 2583 942 illud
2613 883 2625 918 :
2656 866 3175 942 Errantesquegenw
3195 912 3210 935 ,
3418 871 3588 925 alieno
3613 887 3729 942 gini.

2144 938 2233 993 dia
2248 936 2410 1005 vultu,
2442 936 2620 992 simile
2651 939 2776 994 esse
2804 936 2982 996 versui
3012 936 3328 999 Horatiano.

2548 1052 2613 1108 IN
2653 1052 2913 1112 LIBRUM
2951 1057 3329 1116 SEPTIMUM.

2216 1146 2341 1219 Pag.
2376 1145 2818 1219 99.7ASuspicatus
2842 1163 2960 1203 sum
3006 1152 3294 1219 aliquando
3318 1151 3464 1206 hunc
3492 1151 3684 1208 librum
3715 1195 3727 1217 ,

2142 1217 2255 1344 διιιί
2272 1216 2325 1273 et
2348 1218 2403 1271 in
2424 1216 2661 1272 editione
2682 1216 3005 1275 Germanica
3025 1216 3332 1281 praeteritus
3355 1223 3481 1294 fuit)
3497 1240 3603 1279 non
3624 1216 3732 1279 esse

2193 1291 2363 1344 Dtati‘.
2397 1302 2518 1343 cum
2549 1288 2912 1344 llieronvmus
2939 1307 3044 1344 non
3076 1296 3175 1344 nisi
3216 1309 3311 1344 sex
3354 1295 3527 1344 libros
3567 1296 3635 1344 ab
3674 1312 3731 1344 eo

2193 1291 2363 1357 ptati,
2397 1302 2518 1343 cum
2549 1288 2912 1359 Hieronymus
2939 1307 3044 1345 non
3076 1296 3175 1347 nisi
3216 1309 3312 1348 sex
3354 1288 3527 1349 libros
3567 1296 3635 1350 ab
3674 1312 3731 1350 eo

2142 1360 2372 1428 scriptos
2394 1374 2515 1414 esse
2541 1359 2765 1424 scribat,
2795 1371 2850 1414 et
2880 1361 2995 1429 ipse
3022 1361 3269 1431 Optatos,
3302 1363 3398 1419 lib.
3432 1381 3481 1429 ι,
3509 1381 3614 1423 ιιοιι
3641 1366 3731 1421 nisi

2143 1446 2236 1485 sex
2283 1430 2544 1486 librorum
2587 1441 2964 1497 argumentum
2995 1445 3282 1502 proponat.
3326 1433 3436 1491 Sed
3489 1452 3612 1492 cum
3657 1438 3731 1493 hic

2145 1502 2283 1556 liber
2306 1517 2362 1556 γι
2412 1502 2721 1574 reperiatur
2747 1502 2798 1556 in
2832 1504 3029 1570 tribus,
3059 1506 3256 1574 quibus
3282 1521 3412 1560 usus
3440 1522 3559 1561 sum
3581 1550 3598 1571 ,
3626 1524 3727 1562 nia-
3804 1512 3805 1521 ‘

2145 1573 2437 1641 nuscriptis
2465 1573 2891 1647 exemplaribus,
2920 1584 2977 1630 et
3005 1576 3178 1647 stylus
3200 1591 3397 1647 resque
3430 1580 3727 1640 conveniat,

2146 1659 2434 1719 agnoscam
2460 1660 2582 1700 esse
2607 1645 2826 1719 Optati:
2877 1645 3070 1719 verum
3096 1646 3271 1700 dicam
3309 1645 3443 1703 esse
3484 1651 3729 1719 scriptum

2152 1727 2273 1789 post
2297 1716 2481 1789 editos
2498 1732 2593 1770 sex
2622 1717 2954 1787 superioris.
3006 1717 3149 1771 Bene
3178 1726 3359 1772 autem
3390 1719 3571 1783 habet,
3598 1716 3730 1789 quod

2154 1788 2335 1841 multae
2366 1788 2607 1858 pagintu,
2635 1804 2755 1858 qua:
2780 1789 3246 1854 desiderabantur,
3282 1790 3515 1843 inventze
3544 1788 3660 1845 sunt
3686 1792 3729 1845 in

2153 1858 2364 1913 Titiano
2402 1860 2699 1928 exemplari
2723 1877 2736 1913 :
2760 1866 2839 1930 'ret
2878 1869 3143 1928 postrema
3169 1875 3293 1930 pars
3321 1876 3445 1930 qua:
3475 1861 3531 1915 in
3556 1876 3621 1916 eo
3645 1862 3731 1916 de-

2149 1940 2298 1995 erat,
2332 1932 2382 1984 in
2428 1930 2547 1984 aliis
2573 1929 2974 1999 exemplaribus
3019 1928 3289 1985 exstiterit
3324 1928 3353 1981 :'
3374 1932 3589 1987 tametsi
3638 1949 3728 1986 non

2148 2000 2504 2056 dubitaverim
2536 2000 2828 2055 detrahere
2854 2013 2903 2057 et
2942 2001 3126 2056 delere
3150 2042 3165 2065 ,
3194 2000 3339 2067 quod
3370 2018 3436 2056 cx
3484 2004 3590 2058 line
3618 2003 3726 2056 libri

2147 2086 2204 2126 ιιι
2249 2072 2317 2125 de
2347 2087 2505 2126 causa
2546 2072 2761 2125 Macarii
2792 2083 2995 2127 temere
3020 2072 3106 2127 hic
3138 2073 3425 2140 repetitum
3450 2113 3463 2139 ,
3491 2084 3547 2127 et
3573 2076 3731 2141 inepte

2148 2141 2388 2213 additum
2416 2155 2576 2213 atque
2595 2154 2834 2197 assutum
2856 2143 3115 2198 fueratad
3144 2146 3305 2198 tinem
3332 2146 3492 2212 hujus
3517 2145 3632 2199 libri
3650 2161 3729 2198 vn.

2148 2211 2255 2286 Sed
2287 2215 2432 2269 nolui
2462 2211 2636 2284 neque
2673 2214 2835 2269 debui
2866 2217 3144 2285 praeterire
3190 2230 3353 2286 quam
3401 2211 3453 2269 in
3480 2218 3732 2278 exempla.

2151 2284 2300 2357 ribus
2345 2286 2951 2357 duobusappendicem
2991 2284 3322 2355 postremam
3373 2287 3591 2357 reperi,
3626 2288 3733 2342 licet

2151 2356 2370 2412 deesset
2400 2358 2451 2411 in
2482 2355 2716 2412 Tiliano.
2752 2356 2883 2411 lllud
2916 2357 3075 2412 modo
3101 2358 3363 2413 conﬁteor
3406 2355 3461 2413 in
3493 2358 3729 2413 emenda-

2152 2428 2297 2498 tione
2327 2429 2485 2495 hujus
2514 2428 2634 2483 libri
2666 2430 2922 2497 postremi
2949 2428 3169 2484 minime
3212 2429 3343 2484 mibi
3394 2430 3510 2498 ipsi
3540 2445 3621 2485 me
3661 2444 3734 2482 ελ-

2150 2497 2417 2555 tisl‘ecisse
2447 2542 2462 2566 ,
2520 2515 2694 2571 neque
2737 2512 2956 2571 propter
2986 2501 3301 2556 varietatem
3331 2497 3612 2571 scripturae
3656 2518 3734 2570 po-

2154 2572 2340 2624 tuisse.

2230 2640 2521 2714 Caeterum,
2557 2650 2615 2695 ut
2637 2640 2779 2714 quod
2807 2641 2873 2697 ad
2904 2658 3016 2698 rem
3044 2642 3215 2713 magis
3240 2645 3514 2714 pertinet,
3556 2653 3607 2699 et
3636 2644 3731 2713 ple-

2153 2712 2273 2766 nior
2303 2713 2700 2766 Donatistarum
2730 2712 2952 2769 historia
2986 2712 3543 2783 postulat,'expleam,
3574 2724 3628 2771 et
3648 2715 3735 2782 Ορο

2152 2790 2264 2856 tato
2293 2784 2393 2838 hac
2415 2786 2624 2839 ratione
2647 2784 3288 2856 cuniulatesatislaciam,
3314 2788 3487 2841 visum
3511 2797 3589 2841 est
3612 2802 3735 2839 utine

2152 2855 2390 2924 adjicere
2420 2855 2683 2925 integram
2716 2855 3106 2924 expositionem
3136 2856 3523 2924 disputationis
3556 2860 3619 2913 de
3650 2858 3733 2911 Ec-

2152 2926 2391 2999 clesiain
2418 2927 2755 2999 amplissimo
2775 2935 3041 2999 conventu
3066 2926 3482 2999 Carthaginiensi
3506 2944 3622 2983 eum
3647 2929 3732 2979 Do-

2153 2996 2365 3052 natistis
2410 2996 2605 3051 habita:
2651 3012 2920 3067 praesente
2961 2996 3301 3068 Augustino,
3352 3001 3509 3055 annis
3554 3000 3731 3065 aliquot

2155 3076 2277 3138 post
2319 3078 2550 3141 mortem
2581 3068 2783 3141 Optati.
2834 3068 2967 3124 Nam
2998 3081 3052 3125 et
3085 3071 3136 3122 in
3172 3084 3236 3124 ea
3281 3071 3377 3141 (ut
3407 3081 3591 3124 vocata
3615 3069 3729 3139 fuit)

460 3140 954 3229 per'tnevinrise'ret
980 3139 1296 3229 Fornierins
1316 3138 1616 3229 Juris‘cons;
1642 3138 2047 3229 Aurelianensis
2073 3166 2119 3229 C
2150 3140 2480 3229 collatione,
2532 3139 2700 3229 ipsius
2740 3141 3175 3229 qunque-Optimi
3223 3138 3581 3225 cthibrorum
3630 3138 3728 3229 ejus

454 3220 509 3265 et
534 3210 603 3265 de
631 3210 827 3280 Optato
856 3212 994 3268 forte
1022 3211 1301 3267 incidisset
1322 3213 1523 3276 seruio,
1552 3211 1917 3266 admonuisse.
1941 3209 2043 3263 sibi

457 3281 629 3337 videri
657 3283 711 3337 in
745 3299 844 3350 eo,
872 3283 1015 3354 quod
1062 3283 1221 3353 paulo
1260 3290 1381 3352 post
1401 3283 1626 3352 Optatos
1674 3283 1788 3349 ait,
1836 3290 2045 3336 cantare

2149 3225 2308 3265 causa
2336 3210 2734 3284 quodammodo
2763 3210 2880 3266 acta
2910 3221 3032 3276 est,
3084 3220 3141 3265 ut
3186 3228 3249 3267 ex
3284 3214 3349 3267 iis
3376 3256 3392 3281 ,
3443 3229 3559 3284 qu:
3589 3216 3726 3283 paulo

2150 3292 2275 3337 ante
2300 3283 2557 3338 annotavi
2591 3283 2816 3353 intelligi
2848 3292 3045 3354 potest.

458 3419 3689 3444 ,._________________—______________._________.

993 3490 1961 3644 GABRIELIS
2096 3513 3219 3673 ALBASPINXEI

1570 3698 1928 3774 EPISCOPI
1993 3697 2633 3763 AURELIANENSIS

1359 3866 2857 3981 OBSERVATIONES

557 4084 676 4168 ΙΝ
731 4080 1293 4167 SANCTUM
1351 4077 1930 4167 OP'I‘ATUM
2008 4082 2685 4167 EPISCOPUM
2759 4082 3627 4197 MILEVITANUM.

892 4374 1329 4434 OBSERVATIO
1367 4373 1599 4432 PRIMA.

633 4468 713 4525 De
740 4470 996 4526 erroribus
1027 4479 1073 4525 et
1103 4470 1403 4537 criminibus
1435 4468 1851 4525 Donatistarum.

512 4583 595 4639 Ex
624 4584 874 4641 omnibus
904 4583 1097 4655 Africae
1129 4584 1491 4655 Scriptoribus
1522 4585 1611 4655 qui
1639 4596 1823 4641 contra
1864 4585 2037 4640 haere-

439 4657 576 4711 ticos
605 4670 705 4726 pro
743 4654 987 4712 Ecclesia
1018 4654 1377 4726 scripserunt,
1428 4654 1656 4711 nonest
1693 4659 1780 4726 qui
1815 4666 1921 4711 tam
1950 4656 2037 4710 ditt

438 4727 901 4797 interpretationis
940 4729 1057 4783 luce
1103 4733 1373 4793 caruerit,
1418 4742 1579 4796 quam
1620 4727 1849 4796 Optatos
1894 4728 2041 4783 Mile-

437 4799 666 4853 vitanus.
698 4798 763 4853 Et
789 4800 918 4854 licet
946 4799 1368 4867 lnmenaliquod
1394 4813 1423 4851 a
1458 4798 1745 4853 Francisco
1779 4799 2038 4853 Balduino

435 4869 827 4941 Jurisconsulto
855 4869 1156 4940 acceperit;
1203 4872 1326 4940 quia
1371 4878 1549 4923 tamen
1584 4885 1670 4924 res
1712 4873 1884 4937 potius
1918 4887 2037 4941 qua:

436 4940 501 4993 ad
545 4941 821 4996 historiam
867 4942 1238 5010 pertinerent,
1287 4943 1338 4994 in
1378 4957 1480 5009 qua
1523 4943 1765 5010 apprime
1790 4940 2037 4996 versatus

433 5022 586 5084 erat,
619 5027 776 5082 quam
806 5028 866 5067 ea
894 5030 1014 5084 qua:
1051 5012 1118 5067 de
1151 5014 1315 5066 veteri
1358 5012 1612 5067 Ecclesiae
1652 5013 1939 5083 disciplina
1980 5012 2030 5067 in

432 5081 524 5137 illo
582 5081 800 5139 auctore
843 5081 1170 5150 occurrunt,
1216 5084 1541 5152 explicavit,
1583 5086 1699 5138 sine
1746 5081 2033 5153 interprete

430 5167 554 5227 eum
586 5153 759 5227 adhuc
785 5154 947 5210 fuisse
971 5200 984 5223 ,
1023 5158 1213 5209 merito
1240 5171 1529 5227 possumus
1560 5156 1740 5210 dicere
1762 5201 1777 5224 ,
1806 5157 1946 5226 quod
1979 5166 2033 5211 et

428 5226 761 5296 antiquitatis
807 5226 1259 5296 investigator”,
1292 5236 1347 5280 et
1374 5229 1870 5283 controversiarum
1913 5238 2029 5281 stu-

427 5293 565 5369 diosi
618 5296 817 5351 diutius
859 5293 1143 5352 ferre'nnn
1193 5297 1528 5362 debuerunt;
1573 5314 1693 5354 cum
1738 5300 1790 5353 in
1830 5298 2026 5369 Optato

370 5422 373 5425 ,
427 5368 593 5439 multa
641 5370 920 5439 utrinsque
957 5378 1171 5423 exstent
1208 5371 1465 5439 vestigia,
1502 5386 1621 5437 quae
1653 5370 1705 5423 in
1735 5370 1853 5425 aliis
1893 5386 2017 5423 auc-

425 5438 634 5492 turibus
654 5455 759 5494 non
784 5438 1058 5494 notantur.
1080 5440 1188 5501 Sed
1217 5438 1500 5509 antequam
1530 5442 1594 5495 ad
1618 5457 1676 5496 ea
1708 5441 2022 5494 illnstranda

422 5511 735 5581 veniamus,
781 5527 947 5581 pauca
986 5513 1053 5565 de
1102 5513 1498 5567 Donatistarum
1532 5512 1807 5567 erroribus
1848 5521 1900 5566 et
1932 5513 2026 5564 lla-

424 5580 571 5649 gitiis
601 5580 926 5651 praelibanda
956 5592 1100 5638 sunt.

496 5650 729 5705 Primum
762 5673 889 5724 ergo
925 5655 1318 5708 lintiutistarum
1347 5654 1585 5719 crimen,
1628 5670 1655 5707 τι
1689 5668 1795 5720 quo
1825 5661 2021 5706 cratera

424 5737 613 5780 eorum
643 5727 835 5798 ﬂagitia
862 5769 875 5793 ,
908 5727 1099 5797 quibus
1137 5725 1314 5781 Africa
1350 5726 1549 5780 tutntliu
1588 5740 1841 5797 Oppressu
1880 5724 1977 5779 fuit
2002 5766 2017 5791 ,

2151 4374 2411 4450 originem
2459 4373 2770 4450 duxerunt,
2822 4376 2962 4434 istud
3010 4391 3129 4445 est,
3175 4381 3318 4450 quod
3351 4383 3521 4438 altare
3557 4396 3714 4438 Contra

2073 4482 2126 4542 ι)
2152 4440 2323 4542 illi}:
2356 4440 2686 4542 satiatae?
2720 4461 3046 4542 εξειεξτυηιι
3098 4440 3205 4542 ιὲεξέ
3241 4462 3357 4520 est
3389 4456 3532 4542 «sed
3575 4455 3715 4532 ωειλυτ

2151 4518 2326 4593 riuum
2356 4517 2411 4571 in
2444 4517 2675 4571 ecclesia
2701 4560 2716 4582 ,
2765 4520 2818 4571 in
2855 4521 3311 4593 quaCmciliauus
3347 4517 3605 4593 sedebat,
3644 4517 3716 4593 qui

2150 4590 2252 4666 rite
2292 4588 2639 4666 inauguratus
2670 4601 2850 4655 esset,
2876 4588 3230 4666 ordinarunt.
3286 4596 3522 4666 Hujusce
3561 4588 3717 4665 impie

2150 4657 2275 4713 tatis
2316 4659 2466 4712 inulti
2493 4657 2846 4714 fabricatores
2876 4665 3235 4728 exsdterunt;
3278 4657 3387 4720 sed'
3407 4666 3605 4722 Lucilla
3629 4657 3718 4720 Ἰω-

2147 4729 2307 4805 mina
2342 4728 2573 4805 Hispana
2630 4733 2771 4784 hunc
2828 4745 3033 4805 motum
3085 4734 3254 4805 prima
3286 4738 3579 4802 excitavit,
3619 4752 3716 4805 qum

2145 4814 2265 4855 cunt
2300 4803 2572 4856 inimicum
2624 4816 2783 4855 suum
2815 4802 3162 4858 Cmciliantnn
3203 4803 3257 4857 iu
3304 4806 3393 4861 illa
3434 4808 3560 4863 sede
3600 4802 3716 4860 ferre

2147 4888 2252 4944 non
2305 4882 2487 4944 posset
2511 4914 2525 4937 ,
2569 4872 2831 4940 plurimos
2871 4874 3165 4944 Episcopus
3197 4890 3319 4928 cum
3348 4877 3592 4933 Secundo
3627 4876 3715 4932 Nu-

2146 4943 2323 4998 midiae
2367 4942 2872 5017 Primateipecunia
2915 4942 3199 5014 corrupit,
3229 4947 3417 5015 eisque
3450 4949 3712 5017 persuasit,
3804 4960 3805 5017 ξ

2145 5014 2759 5083 υιύθριιδὶιοϋίεεὶὶιιιιιει
2774 5015 3091 5084 Majorinutn
3110 5014 3368 5072 lectorem
3390 5014 3714 5074 domesticum
3804 5014 3805 5067 ἒ

2142 5100 2295 5138 suum
2316 5085 2583 5157 Ecclesiae
2606 5086 3015 5155 Carthaginiensi
3049 5090 3391 5157 prteticerent
3422 5107 3437 5142 :
3470 5090 3589 5146 huic
3614 5105 3716 5143 mox

2141 5156 2410 5231 ambitiosi
2462 5156 2695 5231 quidam
2732 5157 2925 5231 Botrus
2973 5171 3028 5213 et
3052 5156 3339 5224 ’Silesius,
3370 5162 3465 5231 qui
3494 5159 3711 5216 eumdem

2142 5227 2523 5303 Episcopatum
2556 5227 2903 5303 ambiebant,
2960 5244 3181 5300 operam
3209 5241 3281 5303 Aet
3327 5227 3558 5301 studium
3600 5246 3716 5303 pra:-

2140 5300 2396 5374 stitcrunt
2440 5320 2451 5355 :
2483 5301 2727 5374 seniores
2753 5302 2983 5370 denique
3018 5300 3287 5374 nonnulli,
3311 5300 3403 5373 qui
3450 5300 3710 5374 depositam

2134 5368 2391 5442 Ecclesia:
2423 5371 2817 5440 supellectilem
2845 5368 3149 5442 negabant,
3186 5372 3268 5425 bis
3299 5368 3360 5430 se
3396 5368 3708 5431 addiderunt.

2133 5451 2293 5509 atque
2321 5440 2496 5509 plebis
2529 5451 2733 5515 partem
2782 5459 2812 5497 a
2843 5440 3137 5500 Caeciliano
3174 5443 3504 5502 subtractam
3540 5452 3592 5503 et
3613 5443 3707 5515 iam

2132 5523 2409 5584 nutantem
2440 5516 2491 5567 in
2529 5513 2667 5567 idem
2689 5516 2922 5568 schisnta
2953 5516 3304 5584 impulerunt.

2205 5583 2296 5635 llis
2326 5583 2493 5639 initiis
2520 5594 2573 5639 et
2599 5587 2908 5641 auctoribus
2945 5583 3349 5641 Donatistarum
3371 5587 3702 5644 dissensiones

2131 5652 2360 5723 primum
2392 5665 2523 5708 ortir.
2549 5666 2688 5707 sunt.
2731 5656 2923 5712 \‘crunt
2948 5673 3071 5712 cum
3107 5660 3314 5712 interea
3340 5660 3699 5715 animadverte

2132 5737 2254 5781 t'cnt
2276 5725 2519 5796 Majorini
2544 5728 2936 5786 ordinationem
2954 5740 3099 5787 stat'c
3118 5747 3227 5786 non
3248 5746 3432 5803 posse,
3452 5734 3587 5805 quod
3602 5728 3699 5789 Sim
