3838 6222
460 282 590 338 1163

1560 276 2127 336 OBSERVATIONES
2167 276 2607 334 ALBASPINASI

3586 277 3725 333 ιιδι

457 393 708 455 firmatio,
734 390 1025 463 ordinatio,
1067 391 1378 460 ptenitentia
1401 434 1415 457 ,
1448 391 1775 457 benedictio,
1795 394 2027 449 curatio-
2056 398 2103 458 Α
2131 392 2393 455 doxornm
2421 392 2743 457 esurebant,
2773 392 2967 447 calices
2997 391 3344 463 frangebant,
3390 393 3636 461 parietes
3674 404 3727 448 et

455 483 571 529 nes,
603 462 873 517 miracula.
925 461 1029 515 Sed
1069 465 1194 531 quia
1218 478 1304 517 res
1345 475 1425 517 csr
1450 464 1621 530 spissa
1667 479 1729 517 ac
1754 463 2027 530 difficilis,

455 536 748 604 eademque
774 532 1014 601 pulchra,
1045 534 1177 587 milii
1218 533 1430 588 videtur
1458 533 1617 602 digna
1644 549 1763 602 qua:
1790 534 2032 603 ldiligeno

380 634 389 641 -
456 610 559 661 tius
590 605 922 669 enucleetur.
983 604 1059 659 De
1100 618 1164 659 ea
1216 604 1375 675 igitur
1400 604 1454 658 in
1502 604 1605 657 alia
1657 604 2035 660 observatione

458 678 803 732 disseremus.

531 750 837 807 Decimum,
869 744 1010 814 quod
1038 744 1323 813 episcopos
1369 744 1511 798 nulla
1552 745 1711 814 iusta
1755 744 1823 799 de
1875 760 2033 800 causa

455 813 899 886 cxauctorarent,
929 827 1130 886 eosque
1174 816 1226 868 in
1268 816 1432 886 laicus
1477 813 1741 871 referrent
1763 856 1777 880 ,
1802 830 2035 886 quaeres

457 888 847 945 Ecclesiasticre
872 885 1169 955 disciplinae
1209 885 1351 939 olim-
1372 886 1603 939 maxime
1628 886 2031 953 adversabatur;

456 972 507 1016 et
536 961 661 1014 licet
690 956 932 1028 plurimis
946 957 1398 1028 iu‘monumcntis
1421 956 1770 1028 historiarum
1795 956 2035 1026 legamus

455 1025 739 1099 episcopos
766 1042 794 1081 a
818 1026 987 1099 sacris
1007 1025 1464 1099 fuiss_e_remotos,
1494 1037 1549 1099 e_t
1570 1026 1635 1080 ad
1666 1027 1854 1099 laicam
1885 1025 2035 1083 com.-

448 1093 765 1155 ‘munioiiem
821 1097 1070 1151 redactos
1092 1138 1106 1161 ,
1136 1095 1189 1152 id
1230 1108 1406 1152 tamen
1453 1093 1558 1152 noh
1588 1099 1686 1151 nisi
1727 1097 1887 1167 justis
1918 1108 2032 1152 tn‘a-

451 1175 678 1241 gnisque
725 1170 792 1241 de
829 1168 1017 1241 causis
1053 1177 1116 1241 et
1150 1170 1419 1241 atrocibus
1469 1168 1785 1241 criminibus
1835 1170 2029 1241 factum

454 1238 654 1304 fuisse,
689 1239 761 1292 uti
794 1238 863 1293 ob
902 1238 1292 1303 idololatriam;
1337 1254 1515 1294 verum
1544 1240 1853 1308 episcOpum
1886 1239 2031 1293 nulla

457 1313 523 1367 de
549 1324 708 1366 causa
735 1309 989 1382 dignitate
1019 1319 1197 1382 sua_et
1249 1312 1451 1363 honore
1483 1324 1773 1365 consessus
1798 1309 2031 1382 spoliare

457 1384 645 1447 ingens
690 1382 903 1435 crimen.
928 1378 1045 1437 erat
1076 1378 1223 1434 :.hoc
1269 1382 1411 1435 enim
1441 1388 1558 1445 erat
1579 1395 1699 1434 eum
1731 1378 1929 1436 exuere
1950 1380 2033 1435 di-

454 1455 690 1523 gnitate,
735 1466 853 1521 quae
908 1450 1083 1523 locum
1126 1461 1435 1523 etdpartem
1468 1453 1520 1523 in
1566 1466 1796 1519 corpore
1820 1449 2030 1505 Christi

455 1521 866 1578 eminentiorem
893 1522 1105 1577 czeteris
1129 1521 1399 1577 tribuebat
1428 1564 1441 1587 ,
1473 1521 1698 1591 ideoque
1724 1531 1776 1587 et
1807 1523 1952 1585 eum,
1975 1532 2032 1575 et

456 1595 749 1650 Ecclesiam
784 1593 979 1660 pariter
1002 1592 1191 1659 injuria
1224 1592 1518 1656 afficiebat,
1544 1603 1703 1660 atque
1726 1591 2028 1659 Ecclesium

456 1666 559 1718 hoc
583 1664 824 1719 membro
873 1662 1131 1730 privabat.
1168 1661 1313 1717 Idem
1363 1662 1431 1717 de
1462 1660 1805 1732 presbyteris;
1834 1670 1889 1715 et
1914 1661 2033 1715 dia-

452 1735 606 1795 conis
635 1736 760 1788 licet
787 1746 1051 1799 asserere,
1107 1746 1242 1800 quos
1275 1734 1562 1786 Donatistae
1589 1735 1706 1787 sine
1732 1745 1891 1800 causa
1940 1738 2033 1787 aut

455 1805 682 1861 crimine
711 1805 777 1857 ab
810 1796 1172 1858 ecclesiastica
1217 1801 1592 1857 communione
1619 1796 1989 1863 removebant.

527 1873 879 1931 Undecimum
921 1873 1125 1939 scelus,
1173 1872 1313 1941 quod
1353 1874 1539 1927 eadem
1587 1870 1718 1926 falsa
1755 1872 1934 1939 opinio
1974 1883 2030 1928 et

455 1945 855 2000 fundamentum
890 1944 940 1996 in
970 1944 1165 1996 animis
1210 1958 1396 2005 eorum
1432 1942 1681 2013 gignebat
1703 1984 1717 2008 ,
1746 1950 1857 2004 est.
1886 1941 2029 2010 quod

454 2032 641 2070 mnnes
671 2014 1005 2070 orthodoxos
1030 2012 1273 2082 quamvis
1301 2012 1611 2068 innocentes
1660 2013 1727 2068 ad
1769 2014 2032 2082 paeniten-

455 2090 580 2141 tiam
628 2095 902 2156 cogerent,
934 2085 1078 2153 quod
1125 2085 1519 2156 Ecclesiasticis
1563 2084 1688 2138 olim
1736 2084 2033 2156 canonibus

454 2160 687 2213 maxime
706 2155 1069 2225 repugnabat,
1100 2155 1319 2222 impium
1348 2170 1576 2225 namque
1597 2165 1712 2209 erat
1730 2155 2029 2225 membrum

455 2228 523 2284 de
553 2242 778 2294 corpore
802 2224 1001 2279 CliriSIi
1027 2224 1126 2278 nisi
1159 2233 1313 2293 putre
1342 2236 1396 2280 et
1424 2224 1676 2279 infectum
1697 2224 2028 2293 rescindere,

457 2312 508 2351 et
536 2301 586 2352 in
615 2297 943 2366 paenitentia:
968 2295 1143 2351 locum
1174 2295 1422 2365 redigere
1453 2313 1467 2350 :
1504 2311 1622 2349 nam
1650 2297 1895 2366 quamvis
1917 2295 2033 2351 hate

456 2369 771 2440 pmniteutia
802 2365 1007 2440 publica
1038 2381 1265 2440 summa:
1280 2381 1341 2419 ac
1368 2366 1619 2440 singulari
1649 2366 1865 2440 utilitati
1889 2376 2031 2440 esset

457 2436 522 2493 is
553 2440 643 2508 qui
693 2436 940 2507 baptismi
990 2437 1219 2504 primum
1252 2436 1535 2492 candorem
1568 2447 1621 2490 et
1671 2436 2032 2493 innocentiam

452 2508 764 2573 amiserant,
798 2521 1174 2576 summumque
1201 2522 1264 2562 ac
1297 2508 1607 2575 praesens-in
1636 2522 1697 2561 ea
1729 2517 1873 2577 esset
1896 2523 2033 2577 pra:-

456 2579 648 2635 sidium
680 2578 938 2633 adversus
966 2578 1169 2645 peccati
1220 2578 1480 2643 maculas,
1512 2578 1681 2633 invisa
1707 2576 1884 2633 tamen
1900 2576 2035 2633 erat

458 2650 862 2709 innocentibus.
892 2664 1064 2717 neque
1112 2646 1190 2701 fas
1216 2658 1331 2702 erat
1366 2663 1483 2703 eam
1512 2650 1789 2717 imponere
1817 2650 1917 2702 nisi
1969 2650 2034 2704 iis

453 2721 544 2789 qui
597 2723 647 2774 in
704 2718 1017 2773 criminibus
1053 2718 1473 2789 detinebantur:
1540 2734 1673 2789 nam,
1710 2720 2034 2788 pmnitentes

453 2788 579 2845 olim
603 2790 656 2844 in
684 2804 962 2844 numerum
996 2788 1401 2843 interdictorum
1423 2800 1581 2845 erant.
1598 2788 1864 2844 referendi
1884 2800 2048 2857 ante:

457 2877 615 2930 quam
645 2862 707 2913 ad
753 2859 1124 2930 pteuitentiam
1156 2860 1529 2930 pervenirent,
1561 2869 1614 2930 et
1642 2861 1712 2913 ita
1744 2860 1895 2928 quasi
1926 2869 2036 2930 tra—

457 2925 555 2985 diti
604 2925 817 2985 Satanae
865 2925 1225 2999 habebantur;
1257 2925 1516 2996 praeterea
1562 2929 1614 2981 in
1643 2925 1837 2999 primo
1867 2929 2034 2998 gradu

406 3056 407 3059 η
458 3004 708 3072 lacrymis
738 3009 793 3072 et
833 2997 1043 3072 veniam
1064 2999 1513 3072 deprecabantur
1538 3008 1592 3072 et
1619 2997 1790 3053 status
1821 3000 1901 3053 sui
1930 3000 2033 3054 mi-

458 3068 653 3127 seriam
693 3069 999 3131 deflebant,
1045 3068 1241 3139 deinde
1286 3068 1338 3122 in
1370 3069 1607 3125 secundo
1647 3078 1913 3139 tamquam
1943 3084 2034 3124 ca-

2134 466 2439 534 payimenta
2482 463 2741 517 Ecclesiae
2784 465 2935 534 quasi
2999 464 3201 534 polluta
3270 463 3726 527 Ortbodoxorum

2137 534 2413 589 sacriﬁciis
2446 534 2713 588 lavabant.
2982 554 2984 557 τ
3652 577 3665 587 .

2136 624 2139 627 λ
2210 606 2480 659 Decimum
2509 613 2754 676 quartum
2778 645 2792 669 ,
2826 604 2965 674 quod
2994 605 3253 660 solemnia
3295 606 3567 676 virginum
3599 614 3726 661 vota

2136 676 2408 746 solverent
2432 684 2486 729 et
2523 675 2664 729 inter
2691 676 3013 745 pmnitentes
3046 675 3451 746 gdetruderent,
3494 682 3552 731 ut
3605 692 3725 746 qua:

2135 745 2275 815 apud
2314 747 2510 818 glapsos
2558 754 2648 799 aut
2689 743 3316 818 idololatra3"professze
3370 743 3557 811 esSent
3591 743 3637 814 ,'
3662 762 3725 803 ac

2136 816 2361 889 proinde
2390 818 2456 871 iis
2478 830 2595 889 non
2620 824 2969 889 tenerentur,
2991 816 3167 888 neque
3197 830 3314 873 rata
3345 830 3553 887 essent.
3712 821 3717 825 ’

2208 888 2481 942 Decimum
2506 888 2757 959 quintum
2784 930 2797 952 ,
2831 888 2974 958 quod
3002 890 3053 942 in
3083 889 3232 944 locis”
3266 892 3317 944 vi
3350 891 3639 959 occupatis
3667 889 3721 945 in

2135 958 2327 1031 quibus
2354 958 2554 1031 templa
2599 959 2973 1027 possidebant,
3034 960 3244 1015 civibus
3280 958 3585 1031 incolisque
3617 961 3721 1015 Ca-

2090 1065 2093 1068 ›
2138 1029 2353 1083 tltolicis
2405 1029 2697 1101 sepulturae
2747 1044 2932 1099 pacem
2983 1038 3038 1085 et
3108 1032 3371 1086 honorem
3423 1029 3749 1101 negarent,‘

2136 1110 2417 1171 propterea
2447 1100 2587 1169 quod
2618 1115 2714 1156 eos
2739 1101 2918 1170 lapsos
2948 1109 3003 1154 et
3028 1102 3337 1166 idololatria
3368 1100 3604 1156 infeetos
3627 1117 3720 1170 per

2100 1169 2404 1225 Caeciliani
2455 1169 2891 1239 communionem
2933 1171 3307 1226 existimarent
3349 1181 3407 1226 ct
3460 1169 3721 1240 praedica-

2132 1250 2256 1295 rent
2305 1260 2317 1296 :
2361 1251 2425 1296 et.
2456 1241 2597 1312 quod
2627 1242 2866 1301 defuncti
2916 1257 3012 1312 per
3055 1242 3393 1312 sepulturam
3422 1243 3557 1309 olim,
3597 1256 3718 1298 cum

2131 1312 2439 1367 viventibus
2481 1314 2887 1381 communicare
2954 1316 3340 1376 censebantur,
3388 1327 3719 1383 precumque

2133 1391 2187 1436 et
2215 1383 2469 1438 sacrificii
2514 1398 2576 1437 ac
2619 1384 2860 1438 omnium
2884 1385 3326 1439 communionum
3354 1399 3478 1452 qua:
3511 1384 3645 1438 fiunt
3664 1385 3715 1438 in

2136 1452 2374 1523 Ecclesia
2403 1466 2441 1519 ,‘
2471 1460 2529 1509 et
2567 1456 2618 1507 in
2674 1455 2867 1519 sacris,
2898 1469 3001 1509 non
3048 1456 3227 1509 minus
3280 1454 3397 1509 fieri
3433 1456 3716 1523 participes

2134 1539 2293 1593 quam
2320 1522 2562 1579 viventes
2586 1542 2598 1577 :
2624 1525 2693 1579 ob
2732 1524 2871 1579 hanc
2900 1538 3116 1580 causam
3146 1539 3217 1581 ne
3232 1540 3362 1580 eum
3390 1522 3716 1580 Orthodoxis

2135 1603 2253 1659 post
2295 1605 2521 1651 mortem
2554 1596 2953 1665 communicare
2986 1607 3337 1664 cogerentur,
3375 1608 3499 1649 cum
3530 1597 3717 1665 quibus

2133 1666 2440 1735 viventibus
2486 1680 2555 1720 ne
2582 1664 2761 1719 cibum
2793 1666 3011 1735 quidem
3059 1671 3276 1720 sumere
3314 1664 3637 1729 volnerant,
3666 1668 3719 1721 in

2135 1734 2403 1860 Eechisiist
2425 1746 2477 1790 et
2521 1734 2849 1792 cmmeteriis
2886 1751 3005 1805 quae
3055 1736 3399 1807 occupabant
3440 1738 3619 1792 locum
3646 1738 3717 1809 eis

2135 1819 2269 1860 nega
2310 1820 2377 1859 an
2410 1844 2424 1858 .

2135 1819 2424 1875 negabant.

2658 1894 3093 1953 OBSERVATIO
3130 1896 3207 1951 Il:

2208 1984 2474 2050 Quomodo
2503 1997 2839 2112 congrueth
2872 1996 2965 2071 aut
2990 1986 3260 2055 diﬂ'errent
3292 1968 3580 2045 Novatiam'
3608 2000 3653 2045 rt

2826 2069 3077 2112 enatum.

2826 2069 3077 2115 onatiuw.

2130 2182 2133 2185 -
2203 2150 2319 2205 Non
2351 2152 2446 2224 abs
2486 2166 2546 2207 re
2577 2152 2680 2224 erit
2721 2152 3011 2209 enucleare
3067 2167 3129 2206 ac
3171 2154 3413 2222 penitius
3460 2153 3715 2224 inspicere

2135 2236 2267 2295 num
2292 2222 2474 2290 quain
2504 2238 2564 2295 re
2593 2223 2891 2278 Donatista:
2919 2224 3277 2279 convenirent
3307 2222 3712 2295 cum,No'vatia-

2134 2292 2218 2347 nis
2249 2308 2263 2345 :
2291 2306 2414 2346 nam
2444 2294 2596 2348 multi
2643 2310 2710 2350 ex
2754 2295 3147 2350 recentioribus
3186 2292 3424 2351 innuere
3476 2296 3714 2351 videntur

2134 2362 2233 2416 bas
2260 2372 2435 2417 sectas
2477 2363 2667 2419 eodem
2699 2373 2793 2419 aut
2814 2367 2965 2419 nixas
2986 2365 3379 2433 fundamento,
3404 2376 3503 2421 aut
3531 2368 3711 2420 saltem

2140 2433 2193 2486 in
2216 2433 2397 2507 m_ultis
2425 2436 2766 2507 consensisse
2797 2453 2814 2507 :7
2835 2435 2928 2490 sed
2953 2435 3209 2490 falluntur
3226 2440 3448 2506 egregie
3468 2436 3714 2507 quidquid

2135 2518 2199 2585 es
2244 2503 2475 2559 Eusebio
2496 2547 2520 2595 Ε
2556 2505 2865 2595 ιῖέρίιιΙιξιιιίοΔ
2886 2503 3310 2595 et'Theodoret'o
3337 2503 3442 2577 pro
3488 2503 3583 2595 sua
3608 2503 3715 2595 epi-

2137 2574 2297 2647 nione
2322 2574 2619 2631 conradere
2659 2574 2888 2631 valeant.
2922 2576 3053 2631 Nam
3078 2579 3311 2647 primum
3338 2574 3573 2632 'constat
3620 2574 3714 2631 No-

2137 2646 2380 2716 vatianos
2445 2647 2830 2714 ptenitentiam.
2868 2646 3117 2703 omnibus
3190 2662 3330 2716 pene
3400 2649 3709 2703 criminibus

2135 2714 2433 2784 denegasse
2461 2732 2491 2781 ;—
2525 2716 2874 2772 contra'vero
2900 2714 3206 2772 Donatistas
3234 2734 3340 2773 non
3374 2718 3555 2772 solum
3600 2732 3709 2772 eam

2130 2788 2471 2841 concessisse
2529 2788 2829 2842 idololatris
2872 2797 2927 2842 et
2974 2786 3293 2851 homicidis.
3336 2803 3528 2841 verum
3583 2790 3712 2843 ultro

2138 2870 2256 2909 eam
2313 2856 2501 2910 etiam-
2534 2857 2924 2912 reluctantibus
2981 2869 3075 2911 aut
3100 2866 3253 2912 certe
3311 2858 3711 2915 immerentibus

2143 2926 2470 3000 imposuisse
2490 2968 2504 2992 ,
2531 2931 2591 2982 et
2610 2928 2764 3000 quasi
2810 2929 3123 3000 innocentes
3146 2926 3487 3000 ptenitentize
3519 2930 3711 3000 legibus

2138 2997 2439 3064 subjecisse
2470 3015 2483 3051 :
2515 2998 2789 3062 secundo,
2837 2997 2980 3053 inter
3025 2998 3355 3053 Novatianos
3412 2997 3610 3062 laicisl.
3636 3000 3710 3055 vel

2138 3066 2301 3120 etiam
2330 3066 2580 3123 ﬂentibus
2600 3077 2655 3125 et
2682 3070 2889 3125 crimen
2923 3069 3341 3139 deprecantibus
3391 3072 3711 3139 pmnitentite

459 3143 763 3205 tecliumeni
788 3151 840 3196 et
870 3138 1509 3212 rerumACliristianarum
1534 3138 1847 3212 i‘mperiti'et
1872 3139 2036 3195 rudes
2058 3147 2107 3211 (ς
2140 3139 2435 3212 remedium
2464 3155 2570 3193 non
2600 3139 2938 3212 patebat;_at
2985 3138 3035 3195 in
3082 3141 3184 3195 bac
3236 3138 3434 3212 litereSi
3467 3142 3711 3212 Episcopi

457 3204 880 3268 erudiebantur:
928 3216 992 3263 ac
1041 3202 1277 3277 denique
1330 3210 1381 3263 in
1438 3202 1955 3264 tertio'exorcismis
2004 3226 2034 3265 a

461 3282 725 3338 daemonis
755 3287 1040 3351 potestate,
1067 3279 1494 3351 vindicabuntur,
1524 3288 1579 3348 et
1608 3280 1724 3349 ejus
1766 3280 2037 3336 aﬂlatibus

462 3350 863 3423 purgabantur;
905 3350 1047 3420 q‘nod
1096 3350 1347 3423 maxime‘
1384 3352 1781 3423 abhorrentium
1830 3362 1945 3423 erat
1970 3351 2037 3406 iis

459 3417 1089 3493 qui'innocentesgerant.
1119 3417 1387 3493 Caeterum
1416 3421 1706 3493 notandum
1742 3430 1825 3493 est
1859 3422 2035 3493 Dona-

461 3488 613 3565 t'istas
644 3492 1009 3565 paenitentiam
1040 3489 1120 3543 liis
1148 3488 1398 3565 omnibus
1425 3505 1530 3544 non
1552 3522 1566 3530 -
1584 3490 2036 3565 imposuisse_nisi

452 3564 612 3619 initio
638 3560 941 3619 scliisniatis
989 3566 1044 3614 et
1067 3573 1187 3613 cum
1216 3560 1441 3627 primum
1487 3561 1850 3615 secessionem
1894 3560 2036 3627 fece-

460 3645 582 3690 runt
606 3676 619 3699 ,
647 3642 702 3690 et
732 3634 794 3688 iis
819 3632 1095 3686 dumtaxat
1122 3630 1212 3701 qui
1238 3631 1485 3698 baptizati
1512 3641 1692 3686 essent
1715 3640 1837 3685 ante
1864 3632 2037 3688 schis-

462 3720 547 3758 ma
575 3723 586 3758 :
620 3720 739 3760 nam
766 3704 831 3757 iis
845 3703 944 3772 qui
976 3702 1226 3771 baptizati
1260 3713 1440 3756 essent
1468 3711 1589 3772 post
1609 3701 2037 3770 scliisma’pmni-

463 3775 679 3829 tentiam
713 3789 816 3829 non
847 3781 1096 3842 poterant
1126 3773 1425 3842 imponere,
1456 3773 1597 3842 quod
1626 3772 1831 3827 scilicet
1854 3781 2036 3828 essent

463 3846 851 3911 rebaptizandi.
899 3843 1082 3911 Itaque
1126 3842 1267 3911 quod
1315 3842 1390 3897 ait
1425 3844 1686 3911 Optatus.
1733 3858 1829 3897 eos
1877 3843 2033 3897 iuno-

463 3918 799 3970 ccutesiuter
830 3927 953 3968 reos
987 3923 1041 3967 ct
1070 3914 1393 3980 pmuitentes
1425 3915 1721 3983 relegasse,
1755 3914 1805 3967 id
1830 3929 1936 3967 non
1964 3913 2034 3968 ad

463 3986 636 4056 Optati
662 3996 897 4054 tempora
930 3983 1515 4056 quibus'quoscumque
1540 3984 1839 4056 allicercet
1865 3984 2034 4056 abdu-

464 4053 587 4108 cere
616 4053 904 4123 poterant,
938 4053 1374 4118 rebaptizabant,
1410 4053 1502 4107 sed
1551 4054 1615 4106 ad
1670 4055 1816 4106 initia
1860 4055 2035 4109 schis-

467 4128 624 4180 matis
660 4124 1001 4179 referendum
1050 4132 1167 4189 est,
1220 4137 1328 4191 quo
1380 4134 1619 4190 tempore
1668 4124 1819 4177 multi
1843 4126 1907 4180 ad
1938 4139 2032 4180 eos

466 4195 765 4250 transibant
790 4195 880 4263 qui
912 4194 1063 4248 tincti
1094 4204 1279 4255 essent
1322 4202 1447 4247 ante
1488 4191 1755 4261 Caeciliani
1816 4196 2033 4248 ordina-

466 4267 662 4319 tionem
687 4305 702 4331 ,
730 4275 785 4319 et
832 4266 921 4334 qui
950 4264 1161 4335 purgari
1201 4264 1504 4319 secundum
1522 4278 1613 4319 eos
1654 4278 1758 4318 non
1786 4273 2031 4332 poterant

464 4337 562 4388 nisi
588 4336 919 4405 pmiiizentia.
1221 4375 1226 4385 .
1470 4404 1478 4405 ί
1510 4404 1513 4405 ν
1638 4368 1650 4405 ς
1860 4364 1873 4372 .

536 4404 916 4479 Duodecimum
961 4405 1165 4459 crimen
1206 4411 1324 4460 erat
1351 4423 1366 4479 ε
1398 4404 1602 4479 publica
1634 4404 1735 4479 hac
1764 4405 2028 4473 poeniten-

466 4476 534 4528 tia
560 4491 755 4544 pueros
800 4477 1110 4531 innocentes
1144 4486 1197 4530 et
1210 4474 1460 4545 gnoudu‘m
1487 4478 1689 4545 peccati
1717 4489 1943 4545 capaces
1966 4490 2030 4531 co

388 4570 394 4575 ·
463 4548 578 4613 ipso
605 4545 819 4600 nomine
861 4546 1001 4615 quod
1031 4562 1151 4600 cum
1191 4544 1477 4599 Caeciliano
1505 4544 2027 4614 communicassent,

468 4616 793 4669 mulctabaut
819 4632 832 4679 ;
858 4632 956 4685 qua
985 4617 1036 4670 in
1070 4632 1129 4670 re
1158 4618 1258 4669 hoc
1286 4615 1610 4671 concedatur
1636 4625 1850 4684 oportet
1868 4615 2031 4684 Opta-

468 4698 574 4739 tum
608 4687 749 4753 loqui
779 4686 845 4740 de
875 4688 1058 4753 primis
1084 4688 1277 4755 quibus
1314 4696 1495 4740 natum
1526 4686 1861 4747 estschisma
1892 4695 2031 4740 tem-

469 4757 708 4822 poribus,
740 4765 793 4809 et
823 4755 888 4809 de
915 4760 1091 4823 pueris
1111 4765 1235 4811 ante
1265 4756 1665 4810 schismanatis
1686 4771 1819 4824 quos
1853 4757 2028 4809 Dona-

468 4828 605 4880 tista:
658 4842 763 4880 non
820 4826 1219 4897 rebaptiz‘abant
1270 4845 1283 4878 :
1325 4842 1445 4881 nam
1489 4829 1577 4897 qui
1633 4837 1750 4895 post
1799 4827 2031 4881 scltisma

469 4896 900 4950 nascebanturad
930 4898 1268 4964 pmnitentes,
1288 4899 1357 4951 uti
1382 4896 1515 4963 dixi,
1544 4912 1647 4951 non
1681 4905 2029 4965 poterautre-

468 4967 649 5030 scribi,
674 4968 795 5035 quia
828 4967 1310 5032 reliaptizabanutr.
1336 4967 1601 5022 Caeterum
1628 4981 1824 5036 pueros
1851 4965 2031 5033 rudes,

468 5048 521 5089 et
553 5039 603 5107 in
633 5047 788 5089 :etate
832 5038 1149 5096 constitutos
1179 5054 1297 5105 quae
1326 5039 1526 5107 peccati
1555 5054 1658 5091 non
1693 5045 1787 5089 est
1818 5036 2029 5104 idenea,

465 5104 777 5176 pmiiitentia
811 5107 1079 5160 donabant
1104 5147 1118 5170 ,
1170 5104 1236 5161 eo
1265 5104 1470 5162 scilicet
1520 5108 1779 5170 consilio,
1814 5123 1918 5162 non
1976 5118 2039 5167 ut,

467 5175 559 5231 eos
581 5193 609 5231 a
654 5186 869 5248 peccato
896 5175 1223 5248 liberarent,
1260 5178 1353 5231 sed
1377 5186 1434 5230 ut
1460 5193 1553 5232 eos
1580 5180 1630 5231 in
1664 5190 1975 5248 perpetuum
2002 5193 2031 5232 a

466 5246 841 5303 communione
897 5246 1265 5299 Ecclesiastica
1297 5257 1349 5299 ct
1378 5262 1407 5301 a
1449 5248 1615 5303 sacris
1644 5246 1918 5303 ordinibus
1946 5262 2032 5303 ar—

452 5330 651 5371 ~eerent
685 5334 697 5368 :
730 5332 848 5369 nam
873 5315 997 5367 olim
1032 5330 1132 5368 non
1165 5312 1357 5369 licebat
1384 5320 1729 5383 peenitentem
1752 5321 1805 5373 in
1826 5321 2027 5373 clerum

466 5388 797 5449 adsciscere;
823 5386 1016 5440 deinde
1040 5396 1097 5438 ut
1125 5384 1195 5438 ita
1224 5390 1842 5459 cogerenturortliodoxi
1876 5385 2033 5459 136

436 5478 439 5481 λ
470 5458 778 5544 peregrinos
804 5470 1045 5525 quaerere
1070 5466 1119 5509 et
1153 5463 1355 5544 petere,
1381 5467 1433 5535 et
1472 5456 1593 5544 alibi
1626 5468 1776 5511 natos
1804 5456 2030 5544 quam

465 5529 568 5599 vita
586 5527 686 5580 illis
713 5536 960 5599 constare
983 5541 1086 5599 non
1113 5533 1315 5599 posset,
1341 5534 1394 5578 et
1422 5526 1472 5578 in
1500 5528 1778 5599 sedescos
1805 5526 2029 5599 Episco-

466 5596 609 5669 pales
638 5593 1144 5669 et‘presbyterales
1193 5593 1493 5664 inducere:
1540 5596 1678 5665 quod
1731 5593 2027 5669 antiquitus

464 5667 681 5719 vctilttm
714 5667 958 5735 legimus.

532 5735 803 5791 Decimum
856 5736 1069 5791 tertium
1110 5736 1311 5791 crimen
1341 5775 1355 5801 ,
1409 5735 1550 5805 quod
1588 5735 1775 5791 altaria
1834 5738 2028 5796 Ortho-

2058 4520 2108 4579 D

2140 3207 2208 3281 ad
2255 3207 2627 3281 penitentiam
2705 3210 3079 3281 adigebantur,
3150 3211 3296 3281 quod
3362 3222 3486 3266 erat
3518 3207 3710 3267 'contra

2081 3346 2089 3353 _
2142 3276 2399 3333 Ecclesia
2445 3276 2841 3353 disciplinam}
2887 3282 3045 3353 tertio
3087 3276 3403 3337 Novatianis
3428 3283 3520 3352 jus
3546 3292 3600 3338 et
3625 3298 3710 3353 po-

2141 3356 2308 3423 testas
2338 3363 2446 3403 non
2471 3350 2597 3423 erat
2619 3350 2817 3405 delicta
2841 3351 3215 3423 condonandi.,
3244 3353 3389 3423 quod
3424 3350 3710 3409 Ecclesiam

2141 3420 2240 3471 hac
2275 3420 2596 3474 auctoritate
2622 3435 2808 3474 carere
2847 3422 3242 3478 existimarent.
3264 3420 3575 3480 Donatistae
3595 3438 3711 3480 vero

2139 3490 2466 3543 contrarium
2493 3490 2714 3564 omnino
2743 3484 3003 3564 docebant
3025 3509 3040 3559 ;
3066 3509 3189 3547 nam
3215 3496 3536 3564 paenitentia
3566 3496 3707 3551 func-

2141 3566 2305 3629 toset
2330 3572 2583 3629 purgatos
2610 3560 2663 3615 in
2688 3562 3001 3628 societatem
3046 3560 3407 3618 admittebant
3462 3584 3476 3618 :
3533 3575 3713 3629 quarto

2139 3628 2269 3701 illia
2320 3628 2570 3701 secundis
2608 3632 2813 3701 nuptiis
2843 3633 3241 3699 abhorrebant,
3287 3633 3342 3687 bi
3376 3649 3508 3690 vero
3540 3628 3637 3692 hac
3660 3636 3710 3691 in

2136 3713 2197 3753 re
2220 3700 2288 3755 ab
2316 3698 2649 3756 Ortbodoxis
2679 3698 2785 3756 non
2817 3698 3231 3759 dissentiebant.
3498 3730 3513 3736 ο

2208 3769 2398 3839 Negari
2427 3784 2602 3826 tamen
2629 3788 2734 3827 non
2769 3783 2947 3842 p0test
2986 3775 3241 3831 nonnulla
3268 3774 3413 3829 inter
3434 3791 3528 3832 eos
3557 3776 3711 3833 fuisse

2137 3840 2328 3917 similia
2353 3882 2369 3905 ,
2401 3840 3095 3917 quemadmodumCathari
3126 3858 3326 3901 nomen
3374 3859 3483 3917 quo
3509 3849 3710 3916 utrique

2139 3912 2421 3977 puritatem
2453 3929 2602 3969 suam
2630 3915 3012 3983 ostentabant,
3042 3918 3157 3973 sed‘
3179 3912 3460 3973 diversam
3502 3921 3575 3974 ob
3593 3912 3711 3973 cau-

2136 3995 2248 4033 sam
2280 4000 2311 4061 _:
2354 3999 2473 4061 nam
2518 3985 2811 4041 Novatiani
2858 4001 3024 4061 puros
3053 4002 3174 4044 sese
3212 3989 3532 4057 iactabant,
3577 3988 3708 4061 quod

2136 4066 2254 4129 cum
2278 4054 2474 4129 lapsis,
2520 4070 2691 4129 neque
2725 4054 3142 4129 ptenitentibus,
3175 4054 3351 4128 neque
3405 4054 3706 4129 panitentia

2138 4120 2345 4199 fauetis
2381 4120 2847 4199 communicarent
2899 4145 2929 4181 εκ
2954 4120 3443 4185 Donatistae-vero
3475 4133 3704 4199 puriores

2137 4192 2385 4281 viderint
2409 4197 2665 4281 appellari
2694 4196 2955 4281 volebant
2978 4215 2991 4250 :
3024 4213 3129 4253 non
3152 4198 3299 4281 qunod
3319 4216 3361 4281 _a
3402 4192 3698 4281 painiteuti-

2133 4262 2252 4335 bus
2270 4262 2623 4320 abhorrerent
2641 4307 2655 4329 ,
2690 4267 2787 4322 sed
2819 4267 2955 4335 quod
3010 4262 3185 4323 suam'
3207 4262 3510 4324 Ecclesiam
3536 4286 3563 4323 a
3589 4285 3700 4326 oon-

2137 4333 2348 4457 taguiOnte
2379 4345 2433 4389 et
2474 4337 2699 4394 crimine
2745 4333 3020 4392 Caeciliani
3057 4339 3355 4393 immunem
3395 4342 3697 4396 conservare

2137 4418 2198 4457 Ve
2240 4419 2304 4457 CII
2342 4445 2351 4457 .

2134 4418 2351 4458 vellent.

2650 4494 3085 4554 OBSERVATIO
3108 4498 3196 4553 Ill.

2278 4595 2549 4650 Nonnulla
2575 4612 2689 4666 quia
2723 4598 2777 4650 in
2816 4598 2912 4651 hac
2940 4597 3151 4651 historia
3180 4607 3303 4657 sunt
3331 4598 3569 4654 obscura.

2202 4685 2259 4759 In
2305 4686 2411 4759 liae
2473 4686 2747 4759 historia,
2791 4687 3034 4759 quamvis
3078 4698 3334 4759 accurate
3373 4689 3625 4759 descripta
3661 4700 3688 4742 ι

2134 4755 2393 4831 Baluuino
2419 4768 2471 4831 et
2498 4772 2531 4831 ιι
2556 4755 2821 4831 Duronio,
2848 4757 3013 4831 multa
3060 4758 3414 4831 reperiuntur
3440 4755 3565 4831 quae
3597 4774 3686 4831 non
3712 4760 3715 4767 '

2132 4826 2200 4878 ita
2226 4827 2381 4881 facile
2418 4826 2593 4881 decidi
2619 4826 2986 4894 explicarique
3017 4838 3259 4895 possunt.
3294 4826 3536 4885 Primum
3560 4830 3685 4886 enim

2134 4896 2270 4971 duos
2324 4911 2512 4971 omnes
2562 4896 2793 4965 produnt
2847 4898 3119 4971 exstitisse
3190 4900 3431 4955 Donatos
3493 4901 3686 4971 hujusce

2137 4965 2440 5019 scliismatis
2470 4976 2719 5020 auctores
2766 4976 2821 5021 et
2874 4967 3225 5024 fabricatores
3258 4988 3273 5024 :
3308 4988 3477 5026 unum
3501 4988 3530 5027 a
3556 4965 3685 5025 case

2137 5038 2301 5112 nigris
2325 5077 2351 5100 ,.
2373 5035 3103 5112 Cartliaginenseinalterum
3123 5041 3351 5112 ,Μηδιιί
3392 5042 3685 5111 cognomine

2134 5106 2432 5183 illustrem,
2481 5105 2905 5183 _de_quibus_in
2961 5105 3286 5183 auctoribus
3327 5105 3556 5183 plurima
3616 5117 3683 5166 est

2136 5178 2336 5229 mentio
2355 5217 2369 5239 ,
2402 5176 2495 5252 sed
2523 5175 2688 5243 adeo,
2716 5176 2981 5252 ni_fallor,
3009 5181 3229 5252 contusa
3256 5175 3344 5237 ac'
3361 5184 3678 5252 perturbata,

2135 5256 2192 5298 ut
2224 5261 2327 5299 non
2357 5247 2488 5300 satis
2514 5257 2717 5301 certum
2750 5247 2818 5302 sit
2870 5257 2986 5303 uter
3014 5250 3295 5306 amborum
3325 5247 3376 5306 ε’
3410 5250 3678 5307 Melcbiatle

2135 5315 2321 5389 Boium
2368 5316 2884 5389 fueritgdamnatus,
2931 5328 2985 5374 et
3028 5336 3187 5389 quem
3239 5338 3307 5376 ex
3354 5324 3462 5381 illis
3501 5321 3677 5376 ἀποδω

2137 5387 2314 5442 Ιιίινεςο
2338 5387 2494 5442 verba
2523 5387 2832 5462 designent;
2870 5390 3007 5462 quod
3030 5387 3295 5462 confessus
3317 5394 3385 5446 sit
3411 5409 3467 5447 se
3488 5390 3677 5462 νώσριὶτ

2134 5472 2277 5532 zqsse
2326 5465 2373 5510 et
2416 5473 2622 5532 mairum
2671 5460 2833 5532 lapsis
2868 5458 3152 5532 Episcopi":
3199 5463 3539 5530 imposuisse,
3566 5458 3678 5532 qm

2134 5527 2355 5579 alienum
2387 5536 2461 5581 est
2488 5528 2550 5581 ab
2577 5526 2823 5583 Ecclesia.
2848 5526 2985 5596 Qua:
3011 5526 3178 5585 verba
3210 5526 3481 5588 ιηἸηιιιιπ
3505 5534 3554 5587 in
3574 5526 3676 5585 icit-

2139 5598 2299 5669 tentia
2320 5608 2372 5652 et
2392 5597 2594 5669 judicio
2625 5598 2765 5666 quod
2789 5601 2838 5653 in
2877 5603 3140 5656 Donatum
3170 5618 3200 5655 a
3228 5602 3525 5669 Melcbiade
3567 5614 3672 5657 eon-

2136 5668 2374 5741 slil‘lllllm
2391 5668 2627 5741 legimus
2657 5685 2818 5741 :_qu:e
2846 5685 2933 5725 res
2961 5671 3314 5727 adeoinccrta
3347 5668 3445 5727 fuit
3470 5684 3656 5741 setan

2137 5749 2189 5791 ut
2221 5737 2273 5792 in
2323 5706 2606 5794 collisione
2656 5706 3097 5810 Ga'rtliaginensi,
3139 5706 3670 5811 ptitai'et‘irutmbﬁ

3693 5943 3700 5954 ⁸
