3838 6222
380 191 511 247 1173

1397 265 1401 269 ν
1475 189 2045 248 OBSERVATIONES
2071 189 2503 245 ALBASPINJ‘EI

3510 180 3658 243 H76

374 308 618 374 puriores
639 320 693 363 et
720 308 1017 363 sanctiores
1045 306 1151 361 dici
1195 320 1254 361 se
1278 305 1549 364 volebant.
1597 314 1649 358 ct
1668 306 1759 374 qui
1804 319 1954 358 seve-
1985 306 2032 367 Α
2061 302 2208 375 illius
2228 303 2664 373 capitislectioue
2690 303 3027 375 perspicitur.
3058 316 3167 359 non
3188 311 3379 375 autem
3424 299 3655 369 imposi-

378 379 537 432 rioris
556 394 616 433 se
665 377 957 448 disciplina:
992 377 1387 432 Ecclesiastirrc
1408 374 1649 431 vindices
1676 387 1731 430 et
1759 390 1957 447 propu-

373 457 626 518 gnatores
658 450 830 519 palam
864 449 1270 518 proﬁtebantur.

448 516 670 586 Quarta,
695 516 916 574 necesse
942 520 1163 573 omnino
1208 527 1322 573 erat
1353 528 1408 570 nt
1450 517 1523 572 illi
1556 516 1792 587 episcopi
1822 531 1957 586 quos

380 592 563 644 volunt
586 592 907 658 interpretes
948 589 1297 658 aDonatistis
1327 588 1684 647 reordinatos.
1734 588 1959 642 idolola—

382 661 492 731 triae
508 663 733 737 crimine
745 660 1481 737 absolvergnturprittsquam
1498 658 1956 737 reordinarentur;

380 746 555 797 neque
574 733 717 785 enim
738 747 802 785 ex
835 730 1017 784 eorum
1042 731 1318 799 disciplina
1351 739 1404 783 et
1428 730 1687 792 moribus,
1706 731 1777 782 uti
1802 738 1959 783 antea

286 828 289 829 ν
378 803 681 865 docuimus,
705 802 809 855 ulla
842 810 1051 870 poterat
1100 802 1237 855 inter
1285 816 1380 855 eos
1405 811 1459 856 et
1483 800 1712 854 crimine
1734 798 1964 854 obstric-

316 896 321 901 -
378 880 463 926 tos
507 872 818 928 communio
848 882 902 927 et
949 872 1177 926 societas
1219 871 1575 925 intercedere.
1627 870 1740 923 Duo
1784 880 1963 924 autem

381 942 519 1009 apud
541 960 635 996 eos
668 944 734 996 ad
779 942 1059 997 eluendam
1093 942 1393 996 traditionis
1430 940 1693 995 maculam
1726 940 1963 995 remedia

352 1015 821 1081 proponebantur
849 1030 862 1066 :
892 1014 1203 1080 paanitentia
1226 1022 1282 1068 et
1308 1010 1676 1085 rebaptizatio.
1720 1010 1873 1085 Quod
1897 1009 1965 1085 ad

382 1086 862 1150 rcbaptizationetn
892 1087 1103 1151 attinet,
1136 1084 1324 1150 primis
1353 1083 1459 1137 illis
1473 1081 1788 1136 'schismatis
1809 1081 1967 1136 annis

383 1169 491 1207 non
517 1162 673 1207 erant
696 1155 1062 1224 rebaptizandi
1094 1152 1516 1224 cpiscopi,quod
1538 1167 1743 1224 omnes
1786 1161 1969 1206 essent

382 1225 636 1293 baptizati
674 1234 796 1279 ante
830 1222 1103 1289 VSClIiSllla,
1144 1239 1249 1279 non
1285 1222 1434 1278 enim
1484 1222 1551 1275 ad
1600 1224 1969 1292 episcopatum

383 1295 801 1367 admittebantur
838 1296 1093 1367 ncophyti
1128 1313 1141 1348 :
1190 1295 1389 1350 idcirco
1410 1295 1469 1367 in
1502 1293 1609 1367 illis
1639 1293 1790 1367 quasi
1821 1294 1972 1347 incu-

384 1366 597 1419 nabulis
615 1366 917 1421 schismatis
939 1365 1043 1420 non
1077 1374 1323 1436 poterant
1347 1365 1681 1436 rebaptizare
1692 1365 1973 1436 episcopos

387 1436 713 1502 Donatistm,
744 1446 804 1490 ut
829 1452 924 1492 eos
968 1453 996 1490 a
1044 1435 1269 1492 crimine
1315 1435 1621 1490 traditionis
1667 1435 1970 1489 abluerent.

389 1506 644 1577 ltestabat
683 1509 840 1576 igitur
888 1508 1356 1577 pmnitentia,qua
1398 1521 1582 1561 revera
1617 1506 1691 1559 uti
1710 1513 1977 1577 poterant

394 1575 519 1648 erga
549 1575 835 1646 episcopos
888 1575 1007 1632 illos
1036 1592 1172 1648 quos
1198 1575 1330 1631 suis
1360 1577 1579 1645 tecltnis.
1615 1588 1668 1629 et
1699 1575 1978 1648 fraudibus

390 1646 886 1704 circumveniebant
916 1669 928 1703 :
954 1646 1140 1703 verum
1174 1648 1374 1702 nullttm
1426 1661 1676 1716 umquam
1705 1656 1859 1700 vetus
1885 1646 1975 1700 illa

392 1718 672 1787 disciplina
721 1720 787 1773 ad
835 1721 1202 1788 episcopatum
1234 1716 1470 1780 admisit,
1516 1717 1605 1786 qui
1636 1717 1977 1788 intcr‘ptrnig

392 1785 569 1843 tentes
585 1790 729 1843 visus
756 1785 921 1854 esset,
948 1785 1115 1843 tmilto
1138 1791 1315 1843 minus
1340 1785 1628 1842 Donatista:
1650 1790 1737 1857 qui
1762 1785 1978 1843 Cathari

394 1860 747 1914 vocabantur.
777 1861 1140 1927 Quamobrem
1167 1861 1381 1915 obvium
1412 1859 1605 1928 cuique
1624 1867 1679 1913 ct
1707 1869 1976 1927 apertum,

396 1928 545 1982 nullo
592 1941 745 1997 pacto
791 1947 821 1984 a
874 1930 1161 1985 Donatistis
1202 1930 1501 1985 reordinari
1557 1928 1843 1999 episcopos
1891 1937 1983 1983 aut

401 2000 743 2080 presbyteros
789 2002 1024 2080 potuisse
1054 2002 1243 2080 primis
1270 2000 1575 2080 schismatis
1602 1998 1979 2080 tempat-ibus:

401 2069 634 2140 indeque
693 2070 867 2140 sequi.
912 2071 1225 2133 Melchiadis
1277 2072 1621 2131 sententiam,
1669 2084 1789 2140 qum
1832 2070 1985 2124 initio

400 2139 705 2193 schismatis
736 2139 883 2205 data,
905 2141 975 2195 de
1006 2141 1408 2196 reordinatione
1437 2155 1540 2194 non
1574 2139 1818 2208 intelligi.

477 2208 629 2265 Nunc
658 2220 833 2265 autem
862 2211 929 2266 de
960 2212 1247 2281 postremis
1271 2211 1430 2279 hujus
1453 2211 1756 2264 schismatis
1780 2219 1987 2279 tempo-

402 2280 551 2333 ribus
581 2282 869 2350 agendum,
919 2280 969 2337 in
1026 2284 1220 2351 quibus
1261 2282 1458 2351 largior
1502 2282 1552 2334 id
1601 2296 1705 2334 non
1761 2296 1925 2351 azgre,
1955 2297 1986 2335 a

408 2352 695 2405 Donatistis
725 2352 1009 2421 episcopos
1029 2354 1400 2416 reordinatos;
1421 2352 1564 2420 quod
1588 2351 1742 2423 facile
1758 2360 1842 2406 est
1865 2367 1991 2423 pro-

406 2424 530 2475 bare
542 2437 608 2495 ex
633 2424 697 2477 iis
725 2424 856 2495 locis
876 2439 1011 2493 quos
1042 2434 1225 2495 postea
1247 2424 1551 2495 citabimus;
1574 2422 1877 2495 videndum
1894 2437 1989 2495 ve-

404 2507 466 2563 ro
498 2492 1337 2563 et‘perpendendum,'quomodo
1366 2504 1420 2549 et
1446 2494 1641 2563 quibus
1662 2494 1992 2547 conditioni-

407 2562 507 2616 bus
534 2580 626 2618 seu
656 2565 833 2618 causis
862 2566 913 2619 id
947 2566 1336 2621 concederetur
1359 2576 1413 2619 et
1438 2562 1625 2619 liceret
1649 2581 1663 2617 :
1690 2578 1810 2618 cum
1835 2564 1994 2631 igitur

449 2635 673 2703 uispiam
705 2635 990 2707 episcopus
1035 2646 1129 2691 aut
1163 2636 1447 2707 presbyter
1469 2636 1537 2689 ab
1586 2635 1901 2707 orthodoxis
1923 2634 1992 2689 ad

458 2707 715 2776 onatistas
750 2705 1007 2761 deliceret
1039 2705 1344 2776 postremis
1368 2706 1471 2760 illis
1498 2705 1830 2774 temporibus
1873 2720 1994 2775 quae

414 2774 718 2847 schismatis
746 2786 921 2847 ortum
945 2774 1434 2847 consequebantur,
1464 2777 1617 2830 illum
1637 2777 1701 2832 ad
1736 2774 1999 2845 ptettiten-

415 2845 555 2916 tiam
602 2861 706 2899 non
746 2846 1031 2916 adigebant
1063 2845 1141 2903 uti
1196 2848 1297 2902 sub
1332 2848 1594 2915 Majorino
1626 2866 1639 2900 :
1668 2848 1761 2901 sed
1802 2848 1996 2901 iterum

416 2913 793 2983 baptizabant,
842 2913 904 2972 et
960 2919 1013 2972 in
1037 2918 1285 2974 ordinem
1337 2913 1594 2973 laicorum
1652 2916 1994 2982 referebant,

418 2985 581 3056 unde,
607 3001 729 3040 cum
758 2987 951 3055 dignus
979 2990 1125 3044 visus
1151 3000 1317 3056 esset,
1348 2989 1400 3042 in
1426 2988 1629 3042 clerum
1660 2989 1885 3056 repetita
1910 3004 2001 3042 or-

2066 373 2268 428 tionem
2302 389 2554 429 manuum
2573 390 2673 445 qua
2692 373 2959 429 ordinatio
2989 373 3387 445 peragebatur:
3413 384 3654 445 quapro-

2058 456 2175 525 pter
2200 445 2469 525 verba-illa
2491 445 2556 499 ad
2583 442 2695 500 rem
2716 447 2842 525 nihil
2861 442 3109 500 attinere.
3126 442 3389 501 Secundo
3422 442 3649 525 {locum

2060 512 2208 568 illum
2245 514 2525 586 manifeste
2545 526 2600 572 et
2631 517 2906 585 perspicue
2927 530 3163 586 pugnare
3202 524 3393 570 contra
3425 512 3651 586 illorum

2060 586 2400 639 sententiam.
2418 585 2549 641 Nam
2569 587 2610 639 si
2631 583 2909 640 verborum
2924 583 3115 641 sensus
3137 594 3285 641 recte
3307 583 3649 648 attendatur,

2061 656 2229 710 voluit
2254 658 2435 710 dicere
2467 658 2526 711 D.
2560 656 2888 727 Augustinus
2932 672 3184 710 manuum
3226 655 3373 712 illam
3421 654 3651 721 imposi-

2064 728 2261 782 tionem
2290 728 2457 796 repeti
2493 742 2671 796 posse,
2715 742 2820 781 non
2848 739 3024 781 autem
3060 728 3407 795 baptismum;
3470 737 3651 793 neque

2063 797 2236 858 obstat
2265 799 2404 866 quod
2432 813 2498 852 ex
2522 798 2855 853 correctione
2882 809 2930 851 et
2959 798 3339 852 emendatione
3360 807 3653 866 postrema:

2067 869 2340 930 editionis,
2367 876 2422 922 et
2440 884 2505 922 ex
2525 871 2741 939 antiqua
2771 870 3146 939 impressione,
3174 869 3331 922 aliter
3360 866 3651 939 legendum

2067 954 2188 993 csse
2234 949 2424 1007 putent
2468 936 2705 1007 quidam,
2750 954 2812 993 ac
2837 938 3166 994 contendant
3205 939 3449 992 ultimam
3503 936 3652 990 illam

2073 1006 2388 1077 particulam
2417 1006 2517 1063 non
2562 1009 2843 1064 delendam
2874 1024 3031 1064 esse:
3062 1025 3184 1064 nam
3212 1006 3652 1064 emendationem

2072 1081 2216 1133 illam
2248 1082 2409 1135 verba
2450 1083 2564 1134 hinc
2603 1080 2841 1149 ejusdem
2883 1081 3073 1149 capitis
3103 1086 3399 1148 respuunt:
3438 1077 3656 1149 quith

2071 1150 2205 1223 enim
2251 1151 2397 1204 aliud
2443 1152 2542 1205 nisi
2595 1147 2763 1223 oratio
2808 1147 2960 1223 super
2980 1147 3287 1223 ﬂaminem?
3341 1150 3550 1223 quibus
3582 1147 3654 1223 _D.

2073 1219 2402 1289 Augustinus
2432 1223 2627 1276 asserit
2669 1233 2722 1277 et
2754 1222 2821 1275 ita
2854 1218 3060 1276 sentire
3088 1221 3324 1287 videtur,
3356 1218 3660 1287 impositio—

2076 1306 2174 1346 nes
2203 1290 2324 1346 illas
2346 1308 2597 1346 manuum
2625 1292 2819 1360 quibus
2847 1292 2986 1346 dona
3013 1291 3248 1361 Spiritus
3278 1290 3453 1345 sancti
3481 1297 3659 1343 usus-

2075 1364 2443 1434 mittebantur,
2491 1362 2561 1417 de
2603 1363 2798 1430 quibus
2838 1362 2999 1434 paulo
3027 1361 3513 1434 supragdisseruit,
3553 1372 3661 1413 nou

2077 1434 2179 1486 nisi
2218 1433 2492 1488 orationes
2530 1432 2902 1503 episcoporum
2929 1432 3300 1504 appellandas,
3325 1447 3434 1486 non
3483 1440 3659 1484 autem

2078 1512 2433 1570 sacramenta,
2463 1504 2688 1572 ideoque
2710 1517 2865 1573 posse
2890 1508 3058 1572 repeti
3085 1522 3099 1558 :
3124 1504 3453 1573 baptismum
3482 1510 3662 1554 autem

2080 1588 2199 1628 esse
2227 1584 2641 1634 saeramentum.
2678 1572 3067 1645 proptereaque
3092 1572 3207 1645 non
3233 1572 3446 1645 iterari,
3472 1586 3539 1625 ex
3571 1585 3664 1645 tu-

2081 1645 2166 1712 jus
2196 1646 2479 1700 sententia:
2508 1641 2752 1699 sensu’et
2779 1641 3094 1713 argumento
3122 1644 3383 1713 liquidum
3412 1644 3472 1695 lit
3499 1641 3668 1713 parti-

2010 1689 2261 1769 Bcolam
2310 1689 2479 1769 illan:
2507 1733 2606 1769 non
2652 1689 3057 1785 expungendam
3086 1689 3192 1770 ηοιῖ
3222 1729 3368 1777 csse,
3401 1689 3672 1781 verbaque

2089 1786 2175 1839 illa
2207 1786 2364 1840 aliter
2392 1786 2563 1856 accipi
2588 1801 2745 1855 quam
2775 1786 3013 1840 nonnulli
3044 1787 3378 1841 existiment.

2154 1856 2326 1925 Objici
2371 1858 2531 1911 etiam
2592 1864 2766 1925 potest
2794 1872 2963 1911 canon
2992 1858 3081 1912 ille
3112 1858 3422 1926 trigesimus
3454 1866 3672 1926 octavus

2084 1926 2297 1980 concilii
2330 1926 2768 1998 Carthagineusis
2784 1937 3024 1995 tempore
3055 1926 3458 1982 Donatistarum
3486 1925 3671 1989 habiti,

2084 2013 2212 2067 quo.
2239 2008 2295 2051 ιιι
2324 2014 2391 2052 ex
2440 1999 2651 2054 duobus
2691 1998 3081 2067 superioribus,
3113 1998 3281 2053 multa
3316 2011 3599 2066 perperam
3628 2005 3677 2050 et

2088 2068 2486 2123 inconsiderate
2511 2069 2726 2123 inducta
2751 2086 2777 2119 a
2811 2070 3099 2132 Donatistis
3130 2068 3548 2123 rescinduntur:
3582 2083 3679 2120 non

2089 2138 2235 2197 liceat
2257 2140 2366 2205 ﬁeri
2388 2139 2829 2207 rebuptizationes,
2852 2150 2938 2209 aut
2959 2140 3386 2205 reord’inationes,
3418 2139 3499 2192 uel
3517 2148 3677 2191 trans-

2090 2209 2303 2280 lationes
2334 2210 2708 2280 episcoporum.
2737 2208 2939 2275 Quibus
2958 2211 3136 2265 verbis
3160 2211 3375 2280 videtur
3395 2208 3680 2280 concilium

2092 2278 2223 2333 illud
2256 2278 2654 2335 Donatistarum
2683 2280 3113 2336 reordinationes
3141 2279 3429 2350 repudiare
3465 2294 3531 2333 ac
3560 2279 3678 2347 reji-

2090 2364 2236 2421 cere,
2283 2362 2341 2405 ut
2383 2363 2437 2405 et
2469 2351 2682 2405 illorum
2715 2350 3168 2420 rebaptizationes
3208 2361 3496 2420 respuunt.
3528 2350 3680 2421 quue

2092 2420 2228 2476 adeo
2274 2423 2477 2475 clarum
2505 2429 2560 2476 et
2589 2423 3064 2489 persjticuutnxst,
3093 2432 3149 2476 ut
3174 2436 3365 2477 omnes
3420 2423 3679 2489 interpre-

2095 2499 2175 2546 tes
2220 2488 2394 2555 ϐτωοί
2423 2502 2477 2546 et
2505 2488 2689 2546 Latini
2721 2488 2884 2547 hanc
2908 2492 3329 2561 esplicationem
3365 2488 3679 2560 comproba-

2098 2563 2204 2615 rint
2234 2579 2246 2614 :
2278 2572 2333 2616 at
2360 2578 2460 2633 ego
2489 2564 2553 2616 ad
2602 2564 2715 2616 haec
2756 2560 3015 2631 canonem
3066 2564 3190 2617 dico
3218 2562 3415 2616 factum
3444 2576 3595 2633 esse
3630 2560 3679 2617 in

2096 2636 2243 2687 exitu
2264 2632 2414 2703 illius
2443 2633 2775 2697 schismatis,
2816 2649 2879 2687 ac
2911 2634 3136 2703 proinde
3163 2634 3369 2687 nullam
3403 2632 3513 2686 vim
3537 2632 3599 2685 ad
3620 2646 3679 2686 ea

2097 2719 2216 2771 quae
2244 2702 2476 2759 diximus
2527 2704 2890 2757 labefactanda
2918 2702 3164 2765 habere.
3207 2706 3333 2772 quia
3384 2708 3491 2756 non
3522 2717 3674 2772 nega.

2100 2789 2240 2840 mus,
2264 2775 2359 2830 sed
2387 2776 2659 2829 credimus
2692 2774 2994 2828 Donatistas
3021 2774 3282 2843 quosdam
3322 2773 3679 2836 reordinasse;

2100 2844 2198 2900 sed
2240 2847 2340 2898 sub
2392 2847 2553 2900 tinem
2584 2844 2888 2899 schismatis
2915 2855 2967 2899 et
2992 2859 3087 2900 eos
3123 2858 3261 2913 quos
3304 2859 3499 2899 rursus
3534 2858 3681 2898 sacro

2108 2913 2255 2969 fonte
2281 2916 2595 2976 abluissent.
2618 2932 2722 2969 non
2751 2927 2930 2970 autem
2956 2916 3109 2971 initio
3135 2916 3448 2971 schismatis
3492 2925 3547 2970 et
3584 2930 3681 2970 non

2106 2988 2334 3056 repetito
2367 2987 2705 3055 baptismate.

419 3054 699 3111 dinatione
774 3054 1155 3127 reponebatur,
1193 3054 1456 3129 nemoque
1498 3054 1836 3129 reordinatus
1900 3058 1997 3112 fuit
2024 3065 2070 3126 ρ
2168 3054 2413 3129 Ἀᾀάαθι
2438 3054 3010 3129 ἱιιιιόμῠπηοηθηιᾷηοη
3042 3056 3210 3112 videri
3243 3057 3312 3112 de
3334 3056 3679 3129 reordinatio-

418 3140 670 3200 umquam
718 3131 801 3200 cui
850 3132 899 3184 id
947 3146 1049 3183 non
1089 3131 1201 3200 ipsa
1236 3128 1654 3200 rebaptizatione
1682 3130 1999 3199 interposita

418 3197 1048 3271 contigerit.LPrimttm,
1104 3197 1199 3254 illo
1246 3199 1475 3253 crimine
1523 3216 1630 3271 quo
1672 3197 2003 3255 orthodoxos

418 3268 665 3339 laborare
715 3268 1056 3339 dictitabant,
1096 3271 1301 3324 solutos
1329 3280 1384 3323 et
1415 3268 1614 3325 liberos
1640 3285 1759 3324 esse
1787 3280 2004 3339 oporte-

420 3340 509 3393 bat
534 3357 545 3389 :
575 3338 771 3393 deinde
798 3341 930 3393 nihil
963 3355 1097 3409 opus
1120 3351 1235 3395 erat
1262 3340 1575 3411 poenitentia
1626 3349 1683 3393 ut
1716 3338 2005 3410 purgaren-

422 3420 527 3473 tur,
559 3426 679 3463 cum
714 3410 1009 3478 baptismus
1038 3426 1156 3466 eam
1184 3411 1288 3465 vim
1319 3411 1529 3473 habeat,
1556 3420 1615 3465 ut
1632 3425 1845 3463 omnem
1878 3426 2005 3479 pec-

423 3493 663 3535 catorum
713 3482 977 3536 maculam
1026 3483 1222 3536 deleat.
1273 3481 1479 3545 Tertio,
1521 3481 1871 3549 rebaptizatio
1913 3480 2010 3535 deo

424 3552 706 3618 positionis
752 3563 930 3606 notam
970 3552 1221 3607 elidebat.
1260 3552 1352 3606 His
1375 3553 1512 3607 adde
1556 3567 1622 3606 ex
1656 3551 1766 3605 Divi
1795 3551 2005 3619 Augus-

424 3623 517 3675 tini
541 3622 675 3677 libro
707 3624 862 3677 tertio
900 3636 1085 3678 contra
1112 3625 1317 3678 litteras
1346 3623 1612 3688 Petiliani,
1664 3622 2007 3676 manifestum

424 3694 536 3747 lteri
563 3693 867 3749 Dunatistas
909 3694 1084 3748 nullos
1104 3695 1205 3748 sibi
1249 3694 1609 3761 rebaptizatos
1641 3694 2006 3757 reordimtsse,

412 3773 556 3817 .etex
580 3766 760 3818 multis
798 3766 1103 3819 collationis
1128 3765 1260 3820 locis
1291 3779 1384 3818 eos
1414 3765 1835 3833 rebaptizatione
1883 3778 2010 3817 usos

427 3835 735 3902 priusquam
761 3834 1173 3890 reordtnationis
1202 3850 1390 3889 manus
1416 3836 1847 3903 itnponerenuet
1867 3834 2013 3887 reba-

426 3907 741 3974 ptizaverunt
765 3906 911 3959 illum
947 3905 1203 3959 hominem
1229 3907 1628 3971 nonagenariunt
1663 3903 1970 3975 Episcopum
1993 3918 2014 3958 .‘

430 3979 579 4036 item,
609 3976 717 4043 ipse
754 3986 826 4029 est
856 3976 1138 4048 Episcopus
1164 3976 1250 4048 qui
1280 3978 1622 4048 rebaptizatus
1650 3990 1719 4027 est
1761 3986 1805 4028 et
1848 3979 2012 4048 [actus

430 4056 502 4099 est
530 4048 751 4117 audiens
778 4063 796 4099 .'
826 4044 951 4100 item
980 4087 992 4111 ,
1022 4049 1130 4117 ipse
1156 4044 1503 4114 rebaptizabat
1526 4056 1636 4114 post
1666 4055 1863 4111 partem
1900 4044 2012 4098 Do-

429 4116 558 4180 nati;
588 4116 927 4182 rebaptizatus
949 4128 1022 4169 est
1044 4126 1211 4177 antea.
1242 4127 1289 4170 et
1309 4119 1381 4170 sic
1410 4127 1484 4171 est
1522 4118 1788 4170 ordinatus
1812 4132 1830 4169 :
1862 4120 2011 4183 item,

429 4188 521 4239 iste
553 4186 739 4243 Vitatis
768 4189 1017 4240 diaconus
1050 4189 1146 4253 fuit
1176 4186 1468 4242 Catholicus
1494 4190 1549 4241 in
1573 4188 1775 4241 civitate
1797 4186 2014 4256 Sitifen-

430 4257 494 4320 si,
551 4258 889 4327 rebaptizatus
947 4260 1108 4327 factus
1158 4266 1231 4310 est
1284 4258 1575 4328 presbyter,
1624 4260 1887 4327 projectus
1940 4267 2015 4313 est

430 4342 583 4398 causa
610 4329 871 4388 adulterii,
901 4337 947 4379 et
981 4330 1144 4397 [actus
1174 4338 1247 4379 est
1278 4338 1449 4394 postea
1481 4328 1782 4398 Episcopus.

504 4395 789 4451 Conclusio
818 4395 988 4466 igitur
1010 4399 1167 4464 hujus
1202 4400 1424 4463 capitis:
1456 4395 1766 4453 Melcbiadis
1797 4406 2015 4453 senten-

433 4468 561 4522 tiam
592 4483 695 4520 non
723 4482 884 4536 posse
908 4466 1113 4521 traduci
1158 4467 1226 4520 ad
1254 4467 1732 4535 reordinationetn,
1777 4470 2017 4537 quando-

430 4537 645 4607 quidem
672 4541 775 4591 isto
803 4539 978 4606 capite
1007 4538 1312 4601 docuimus,
1341 4536 1648 4590 Donatistas
1676 4556 1780 4593 tton
1799 4536 2015 4607 potuis-

431 4623 489 4662 se
519 4608 831 4663 reordinare
857 4624 951 4663 eos
991 4610 1079 4678 qui
1121 4610 1262 4663 intra
1295 4608 1493 4677 primos
1519 4609 1823 4663 schismatis
1848 4625 2017 4666 annos

433 4679 647 4734 deserta
678 4678 781 4734 ltde
805 4682 995 4734 tierent
1025 4679 1338 4734 Donatistae.

947 4792 1382 4849 OBSERVATIO
1420 4793 1510 4847 IX.

471 4862 755 4919 Solvuntur
775 4866 1009 4934 quaedam
1039 4876 1220 4919 contra
1249 4868 1539 4936 proximam
1566 4864 1981 4921 observationem.

504 4957 700 5011 Contra
740 4972 896 5027 quam
927 4958 1160 5012 diximus
1192 4944 1519 5023 Donatistas,
1544 4958 1643 5012 sub
1669 4958 1950 5027 Majorino,
1983 4976 2013 5015 a

434 5028 623 5100 primis
676 5026 983 5100 schismatis
1027 5029 1181 5083 annis
1216 5028 1614 5100 reordinatioue
1663 5026 1881 5085 uti’non
1916 5046 2011 5100 po-

429 5099 618 5163 tuisse,
649 5098 846 5166 opponi
880 5108 1101 5166 possunt
1128 5099 1286 5153 verba
1314 5099 1402 5153 illa
1449 5099 1512 5153 D.
1542 5104 1791 5168 August.,
1827 5098 1923 5155 lib.
1946 5118 2007 5159 tu

429 5172 496 5223 de
523 5168 794 5234 Baptismo
818 5178 1003 5223 contra
1036 5169 1336 5223 Donatistas
1364 5184 1481 5238 cap.
1512 5171 1577 5225 16
1595 5189 1607 5224 :
1628 5170 1820 5225 Munus
1833 5183 2002 5227 autem

431 5239 690 5313 impositio
712 5254 812 5313 non
847 5240 976 5293 sicut
1006 5238 1286 5313 (raptimque
1338 5241 1493 5308 repeti
1525 5258 1625 5294 non
1668 5252 1831 5313 potest
1861 5246 2014 5312 :qui-

434 5309 534 5363 bus
589 5311 870 5379 Augustini
910 5309 1095 5381 verbis
1134 5310 1351 5381 quidam
1390 5324 1451 5363 se
1502 5309 1777 5367 assecutos
1827 5309 2015 5381 putant

429 5393 501 5435 .ex
560 5379 1330 5449 opinione‘etjudicio'illius
1374 5393 1478 5449 non
1534 5382 1651 5449 plus
1700 5379 2013 5441 reordinare

433 5463 592 5568 quam
626 5450 958 5519 rebaptizare
984 5452 1183 5504 licitum
1210 5464 1354 5504 esse.
1384 5448 1491 5505 Sed
1523 5448 1587 5504 ad
1628 5451 1757 5504 illud
1790 5469 2011 5523 respon-

472 5534 534 5568 eo
566 5519 755 5568 primo-
789 5521 929 5568 illam
959 5536 1080 5568 esse
1114 5534 1303 5568 manus
1327 5520 1721 5568 imnnsitimtem
1764 5539 1864 5568 mm
1894 5525 2011 5568 Sni-

472 5534 546 5594 eo~
566 5519 756 5594 primo,
789 5521 929 5594 illam
959 5536 1080 5594 esse
1113 5534 1303 5594 manus
1327 5520 1721 5594 impositiouem
1744 5519 2013 5594 ‘qua'Spi-

434 5587 566 5640 ritus
586 5593 757 5643 sancti
784 5592 921 5644 dona
961 5592 1086 5645 olim
1116 5590 1647 5656 transfundebantur,
1681 5592 1758 5645 uti
1785 5587 2007 5650 idontim

438 5657 757 5728 linguarum,
794 5661 1111 5732 prophetiae,
1140 5663 1478 5720 curationum
1508 5674 1562 5720 et
1591 5663 1809 5733 similia,
1848 5676 1907 5720 ut
1933 5679 2004 5721 es

1636 5812 1669 5823 .f

2106 3142 2173 3181 ne
2202 3127 2441 3197 ejusdem
2477 3144 2719 3197 persmuc
2751 3127 2917 3198 loqui,
2958 3130 3048 3184 sed
3080 3138 3285 3190 vetare,
3334 3144 3403 3182 ne
3442 3143 3549 3182 uno
3576 3127 3681 3196 epi-

2104 3200 2341 3267 sc0poin
2371 3214 2473 3252 una
2514 3199 2728 3253 civitate
2758 3200 3023 3263 ordinato.
3054 3202 3191 3253 alter
3222 3200 3443 3267 insuper
3472 3214 3565 3269 per
3585 3198 3682 3269 fac:

2104 3270 2278 3323 tiones
2331 3269 2752 3334 reordinaretur,
2807 3268 2950 3338 quod
3001 3270 3127 3325 alibi
3176 3268 3677 3333 ostettdemus;sed

2105 3341 2238 3421 Satis
2268 3355 2532 3410 superque
2575 3341 2741 3410 prima
2787 3341 3053 3396 solutione
3102 3340 3436 3395 satisfactum
3466 3351 3549 3395 est
3596 3354 3678 3394 ca-

2108 3423 2255 3462 nom.

2186 3478 2338 3552 151
2366 3480 2444 3535 Ad
2475 3490 2773 3537 extremum
2789 3482 2893 3536 dici
2915 3482 3168 3553 potestD.
3188 3481 3545 3553 Augustinum
3575 3480 3680 3535 nul.

2111 3550 2221 3625 l_:_tn_i
2242 3550 2567 3625 locutionem
2594 3554 2783 3608 fecisse
2800 3554 2866 3607 de
2894 3550 3207 3621 poenitentia
3229 3550 3390 3625 quam
3408 3552 3679 3606 Donatista

2111 3619 2388 3694 Episcopis
2420 3622 2757 3691 imponerent
2778 3666 2792 3690 ,
2826 3619 2997 3694 tteque
3038 3637 3225 3679 contra
3248 3619 3424 3679 'illum
3455 3638 3680 3678 errorem

2111 3693 2423 3759 scripsisse.
2481 3696 2723 3761 quamvis
2778 3693 2968 3750 omnes
3024 3696 3425 3750 Donatistarum
3482 3707 3681 3748 errores

2114 3773 2429 3834 persecutus
2460 3766 2530 3817 sit
2575 3782 2587 3816 :
2642 3775 2971 3834 quapropter
3022 3767 3317 3822 verisimile
3371 3763 3540 3819 videri
3589 3763 3683 3817 Do-

2115 3833 2337 3885 ttatistas
2356 3834 2636 3903 episcopos
2659 3836 2795 3888 inter
2814 3833 3160 3904 ptenitentes,
3175 3848 3268 3892 aut
3289 3852 3395 3891 non
3411 3836 3677 3905 dejecisse.

2113 3911 2204 3954 aut
2260 3905 2361 3958 hoc
2415 3919 2517 3957 non
2566 3905 2730 3960 fuisse
2756 3917 2944 3960 contra
2971 3917 3207 3963 veterem
3242 3906 3501 3963 Ecclesia:
3535 3906 3680 3959 disci-

2115 3974 2338 4041 plinam,
2368 3985 2457 4027 aut
2487 3974 3007 4047 deniqnejmanuutn
3049 3978 3455 4047 impositionem
3502 3977 3568 4031 de
3589 3989 3677 4045 qua

2116 4055 2199 4097 est
2220 4058 2398 4098 sermo
2428 4054 2480 4098 in
2514 4045 2780 4100 sententia
2810 4045 3207 4103 Melchiadisad
3235 4048 3677 4103 reordinationcm

2118 4118 2409 4187 pertinere.
2450 4115 2771 4185 Respondeo
2800 4116 2860 4169 Ι).
2908 4121 3268 4186 Augustinum
3312 4136 3421 4173 non
3454 4117 3590 4187 loqui
3620 4115 3678 4170 de

2117 4185 2235 4258 aliis
2263 4187 2580 4241 criminibus
2606 4226 2622 4251 ,
2666 4202 2822 4257 quam
2851 4187 2916 4240 de
2947 4187 3011 4241 iis
3033 4204 3151 4258 qua:
3205 4190 3375 4257 ipsius
3404 4185 3631 4257 tempore
3650 4200 3675 4239 a

2118 4254 2411 4326 Donatistis
2462 4254 2945 4324 committerentur,
2977 4254 3151 4326 tteque
3196 4254 3328 4315 vero
3368 4259 3440 4314 de
3463 4254 3676 4312 aliisde-

2116 4325 2300 4382 buisse
2344 4328 2669 4382 mentionem
2719 4328 2899 4383 facere
2929 4346 2942 4383 :
2976 4325 3260 4400 propterea
3311 4344 3417 4384 non
3465 4328 3675 4400 potuisse

2043 4434 2096 4495 Β
2330 4400 2933 4495 (ίυηιξειᾊρωιρὶιεθηιὶεηη
2962 4398 3120 4495 quam
3152 4401 3245 4471 qui
3261 4400 3441 4495 Αντξωί

2122 4467 2415 4523 Donatistae
2444 4471 2715 4539 episcopis
2759 4467 3118 4540 imponerent,
3148 4467 3296 4541 quod
3316 4471 3433 4540 ejus
3462 4480 3608 4523 aetate
3630 4468 3672 4541 id

2121 4547 2389 4608 tamquam
2421 4537 2720 4596 obsoletum
2746 4537 2851 4597 non
2872 4543 3104 4611 amplius
3130 4537 3511 4596 admittebatur
3534 4556 3548 4592 ε
3575 4537 3672 4607 qui-

2121 4621 2351 4683 cumque
2367 4615 2507 4665 enim
2529 4614 2587 4683 D.
2612 4611 2893 4683 Augustini
2913 4624 3153 4683 tempore
3171 4615 3367 4667 tierent
3385 4612 3667 4683 Donatistae,

2126 4680 2178 4755 hi
2205 4684 2527 4755 otttties_.sive
2556 4680 2827 4753 Episcopi,
2856 4685 2969 4737 sive
2998 4680 3319 4755 presbyteri,
3347 4682 3522 4738 denuo
3542 4681 3669 4755 aquis

2126 4749 2884 4828 immergebanturfatquejta
2916 4749 3034 4809 sine
3064 4749 3379 4828 paenitentia
3413 4769 3441 4806 δ
3469 4750 3668 4828 peccatis

2126 4819 2520 4894 liberabantur;
2552 4827 2645 4879 sed
2695 4819 2742 4877 si
2786 4825 2848 4879 D.
2891 4819 3222 4894 Augustinus
3249 4819 3666 4894 vixisset'DouaAli

2132 4891 2481 4962 temporibus.
2506 4902 2594 4946 aut
2613 4893 2877 4962 Majorini,
2903 4890 3065 4950 multa
3091 4896 3232 4951 illius
3256 4898 3459 4951 erroris
3477 4890 3665 4962 vestigia

2124 4963 2175 5015 in
2210 4960 2351 5015 illius
2379 4964 2595 5032 scriptis
2634 4960 3018 5032 reperirentur.

2634 5054 3072 5112 OBSERVATIO
3110 5056 3178 5110 Χ.

2573 5148 2653 5203 De
2687 5148 2903 5202 concilio
2932 5148 3240 5203 Arelatensi.

2192 5243 2265 5296 De
2294 5240 2525 5296 concilio
2556 5238 2861 5295 Arelatensi
2916 5253 3022 5292 non
3056 5240 3234 5295 minor
3261 5248 3347 5295 est
3368 5239 3662 5309 disputatio:

2121 5327 2240 5367 nam
2265 5313 2332 5366 ab
2353 5310 2673 5367 adversariis
2684 5312 2936 5380 objicitur
2954 5325 3222 5380 suprema:
3261 5311 3408 5366 illius
3426 5307 3663 5380 potestatis

2120 5399 2278 5452 quam
2312 5382 2471 5438 hodie
2500 5378 2765 5449 usurpant
2784 5378 3092 5450 pontiﬁces.
3125 5382 3178 5435 in
3206 5396 3277 5437 eo
3306 5378 3519 5452 vestigia
3539 5378 3667 5452 nulla.

2121 5448 2354 5508 exse-re.
2402 5454 2513 5507 lmo
2540 5448 2698 5505 ausos
2741 5448 2863 5505 esse
2894 5452 3198 5507 Donatistas
3243 5468 3271 5507 a
3301 5448 3579 5509 Melchiade
3604 5448 3659 5503 ad

2122 5525 2501 5591 imperatorem
2524 5522 2823 5590 appellare;
2846 5521 2982 5575 alios
2998 5522 3213 5591 judiees
3244 5538 3360 5590 p08!
3391 5521 3655 5594 pontiﬁcem

2118 5597 2412 5663 quaesisse;
2466 5603 2519 5647 et
2569 5594 3357 5663 Constantinumaliosueliam
3413 5594 3653 5663 episcopos

2115 5660 2328 5721 dedisse
2353 5663 2443 5734 qui
2464 5662 2531 5719 de
2556 5660 2743 5721 eadem
2770 5675 2928 5720 causa
2952 5675 3072 5733 qum
3091 5677 3122 5718 tt
3144 5660 3651 5733 Mclcbiade'iudiull
