3838 6222
167 243 307 297 H77

1400 242 1467 297 ΙΝ
1504 240 1821 300 SANCTUM
1864 243 2208 301 0PTATUM.

3294 242 3433 301 H78

167 369 334 426 esset,
358 369 778 433 cognoscerent;
808 360 1042 433 denique
1081 374 1143 433 ea
1189 368 1505 433 tempestate
1535 361 1747 433 pontili-
1776 362 1820 422 Α
1852 372 2071 429 quartus
2097 362 2367 429 reSpicere
2399 361 2692 429 potuisset,
2735 370 2827 417 aut
2854 361 2904 416 itt
2943 378 3078 433 quos
3109 362 3277 418 videri
3310 376 3438 417 con-

167 445 292 483 cum
322 431 522 498 judicia
550 432 665 500 ejus
686 432 1021 487 auctet-italis
1042 440 1095 486 et
1126 431 1389 485 firmitatis
1414 445 1517 484 non
1551 432 1743 496 fuisse,

166 515 291 624 aur.
320 502 386 555 ab
408 502 529 556 aliis
556 504 824 574 episcopis
851 502 1086 558 rescindi
1116 518 1220 557 non
1253 511 1506 571 possent;
1537 502 1749 570 quando
1788 556 1798 563 ,

206 586 237 624 e
266 572 381 624 inso
410 573 702 624 Meleltiade
726 583 781 624 et
805 575 871 624 de
901 574 1017 624 eius
1051 572 1313 624 sententia
1340 573 1573 624 euisconi
1617 574 1752 624 Are-

206 586 237 625 e
266 572 381 637 ipso
410 573 702 629 Melcltiade
726 572 781 629 et
805 575 871 628 de
901 574 1017 644 ejus
1051 572 1313 627 sententia
1340 573 1573 644 episcopi
1617 574 1752 644 Are-

169 640 412 698 latenses
441 646 580 711 passi
612 646 718 699 sint
756 640 964 714 jndiee's
1002 659 1060 699 se
1086 644 1336 703 constitui
1362 640 1601 696 {addunt
1630 643 1752 713 Syl—

170 723 412 784 gestrum
440 716 507 768 de
540 717 636 770 bac.
685 716 900 784 injuria,
931 726 1021 767 ant
1050 714 1189 781 quod
1233 715 1343 768 ‘ilOC
1375 715 1512 767 facto
1550 722 1750 768 sancta:

170 782 333 837 Sedis
355 784 586 854 dignitas
615 782 920 849 lmderetur,
964 793 1209 855 questum
1240 800 1343 838 non
1376 798 1517 855 esse,
1549 794 1640 837 aut
1673 785 1749 855 le-

168 864 327 923 gatos
356 856 767 926 interposuisse,
789 873 855 911 ne
879 858 930 911 in
956 858 1047 910 illo
1075 854 1522 926 conciliojudieia
1553 854 1748 909 summi

169 926 443 993 pontificis
466 925 516 979 in
544 926 762 982 dubium
786 935 1184 992 revocarentur,
1214 936 1268 980 et
1288 925 1356 979 de
1381 925 1445 978 iis
1464 940 1755 991 cognosce-

170 1005 344 1049 retur.
402 997 524 1049 ΙΙςιιιε
552 1011 604 1052 et
634 999 829 1052 similia
860 1015 886 1051 a
916 998 1139 1054 Calvino
1164 1006 1219 1050 et
1255 1013 1285 1051 a
1318 998 1476 1050 Petro
1506 996 1754 1051 Molinato

170 1078 569 1139 congeruntur;
600 1070 791 1135 quibus
814 1068 1243 1139 respondendum
1268 1076 1372 1139 est.

244 1135 487 1191 Primum
530 1135 1229 1209 quod.aiunt,’Donatistas
1260 1154 1289 1191 a
1343 1136 1638 1193 Melcltiade
1686 1136 1753 1192 ad

171 1206 561 1279 imperatorem
588 1225 909 1279 provocasse
954 1220 1010 1265 et
1061 1208 1391 1277 appellasse;
1426 1224 1510 1261 res
1537 1217 1621 1261 est
1663 1223 1756 1277 pa—

171 1293 293 1332 rum
329 1276 504 1350 firma,
527 1276 672 1336 et'ex
700 1298 801 1350 qna
828 1281 1031 1335 nullum
1057 1276 1231 1348 putest
1257 1280 1447 1334 deduci
1470 1276 1756 1350 argumen-

172 1358 287 1431 tum
320 1348 465 1431 quod
496 1352 564 1404 sit
588 1348 816 1431 alicujus
842 1353 1097 1431 momenti
1124 1368 1137 1403 :
1166 1366 1287 1405 nam
1317 1351 1361 1431 si
1392 1366 1511 1431 quae
1540 1349 1637 1403 fuit
1662 1364 1755 1417 ap-

171 1420 416 1492 pellatio,
441 1436 579 1475 verte
618 1420 1001 1492 appellationis
1051 1424 1155 1477 vim
1190 1436 1293 1475 non
1326 1420 1513 1475 habuit
1534 1461 1550 1485 ,
1584 1434 1755 1489 neque

173 1489 378 1562 habere
410 1495 611 1562 potuit;
658 1489 782 1547 cum
840 1494 1067 1562 ipsemet
1098 1492 1337 1560 pontifex
1368 1492 1633 1562 maximus
1662 1507 1757 1559 per

173 1560 403 1630 legatos,
440 1561 672 1617 Marinus
700 1560 1053 1629 Arelatensis,
1078 1563 1353 1619 Maternus
1396 1561 1753 1631 Agrippinen-

170 1632 268 1696 sis,
306 1631 583 1687 Retbicius
608 1634 1105 1699 Augustodunensis
1131 1675 1145 1699 ,
1198 1632 1459 1689 Merocles
1502 1632 1754 1687 Mediola-

174 1650 268 1696 sts,
306 1650 583 1687 netutctus
608 1650 688 1688 Att
730 1650 1105 1690 nStouunenSIs
1131 1675 1145 1699 ,
1201 1650 1459 1689 mercetes
1502 1650 1754 1687 memora-

174 1702 394 1775 nensis.
427 1703 671 1759 Poteritts
693 1650 1025 1775 ilapuensis,
1062 1720 1093 1758 a
1136 1719 1358 1772 quormn
1406 1704 1755 1775 sententiaet

167 1772 377 1840 judicio
406 1776 728 1842 appellatum
778 1772 968 1831 volunt
995 1792 1023 1829 a
1054 1775 1373 1836 Donatistis.
1420 1772 1761 1828 interftterint

174 1843 413 1916 concilio
440 1845 739 1901 Arelatensi
767 1859 819 1902 et
848 1851 987 1902 inter
1008 1848 1142 1901 alios
1170 1846 1460 1916 Episcopus
1500 1845 1761 1909 sederint,

172 1923 227 1968 et
252 1914 323 1969 de
352 1914 751 1972 Donatistarum
781 1918 1163 1973 controversiis
1191 1926 1245 1971 et
1269 1914 1624 1986 appellatione
1666 1930 1757 1969 co-

173 1988 498 2061 gnoverint:
530 1987 696 2061 forma
725 1991 868 2044 enim
893 1987 1216 2059 judiciorum
1243 1985 1393 2061 passa
1422 2002 1525 2061 non
1571 1985 1762 2061 fuisse}

173 2048 234 2130 iit
263 2055 427 2111 iidem
456 2056 666 2130 judices
707 2061 773 2115 de
802 2048 1161 2130 appellatione
1186 2048 1337 2130 et'de
1359 2048 1760 2130 judicio:un

176 2126 365 2181 Roma:
398 2129 627 2196 primum
663 2126 1037 2194 constitutum,
1085 2140 1138 2183 et
1166 2128 1233 2181 de
1281 2144 1387 2196 quo
1436 2127 1759 2196 appellatum

176 2206 337 2272 esset,
389 2198 710 2272 iudicarent.
748 2202 1070 2272 Respontleo
1101 2208 1357 2272 prteterea
1402 2198 1763 2272 appellatione

175 2267 288 2330 illa,
311 2272 416 2324 etsi
442 2284 568 2324 vera
598 2271 788 2328 fuisset
816 2267 1131 2341 appellatio,
1163 2271 1301 2323 nulla
1336 2284 1399 2323 ex
1433 2279 1581 2337 parte
1640 2269 1763 2341 laedi

174 2349 267 2391 aut
290 2342 587 2410 impugnari
608 2356 806 2398 sancta!
827 2340 981 2397 Sedis
1012 2342 1381 2395 auctoritatem
1411 2358 1421 2391 :
1458 2355 1577 2393 nam
1601 2340 1760 2393 etiam

176 2423 321 2483 nunc
367 2428 397 2483 ρ
441 2413 691 2481 pontiﬁce
721 2416 787 2467 ad
821 2414 1123 2483 pontiﬁcem
1160 2424 1568 2477 'provocamus;
1600 2410 1761 2483 simili

176 2479 337 2551 modo
371 2479 663 2538 Donatista:
695 2501 723 2537 a
756 2479 1049 2539 Melchiade
1076 2483 1140 2535 ad
1171 2483 1527 2550 SylveStruni,
1550 2482 1639 2548 qui
1668 2495 1764 2551 per

177 2550 385 2625 legatos
397 2553 626 2625 concilio
641 2556 852 2625 praefuit
873 2554 1197 2625 Arelatensi,
1216 2553 1514 2625 appellare,
1539 2550 1763 2622 ejusque

171 2620 377 2694 judicio
432 2624 580 2678 litem
627 2620 786 2694 quam
821 2627 1003 2679 Roma:
1042 2620 1385 2693 perdiderant
1423 2620 1607 2675 rursus
1642 2620 1763 2690 per-

178 2692 396 2766 mittere
452 2707 504 2749 et
558 2692 771 2751 deferre
826 2704 1111 2766 potuerunt
1151 2694 1758 2766 :deniqueconciliutn

175 2761 496 2821 Arelatense
534 2780 563 2820 a
596 2761 887 2837 majoribus
916 2767 1111 2820 nostris
1133 2806 1145 2828 ,
1180 2767 1253 2818 uti
1284 2780 1311 2817 a
1345 2767 1402 2818 υ.
1438 2765 1759 2837 Augustino,

178 2844 403 2905 vocatur
434 2836 729 2903 plenarium
748 2838 1035 2892 c0ncilium
1062 2846 1113 2890 et
1141 2839 1413 2905 generale,
1436 2836 1486 2888 in
1509 2851 1615 2905 quo
1638 2850 1760 2889 cum

176 2903 629 2976 sederitrsanctus
671 2909 904 2975 pontifex
951 2918 1006 2962 et
1053 2903 1162 2976 per'
1204 2908 1405 2975 legatos
1456 2904 1758 2974 pra-fuerit,

178 2974 304 3027 nulli
336 2974 535 3047 mirum
566 2974 737 3033 videri
767 2980 927 3033 debet
955 2979 998 3030 si
1024 2974 1329 3047 permiserit
1355 2976 1421 3030 de
1436 2975 1639 3045 judicio
1664 2991 1761 3030 suo

176 3045 430 3117 cognosci
456 3088 469 3111 ,
512 3059 567 3102 et
603 3065 750 3103 suam
781 3045 1100 3105 sententiam
1140 3047 1207 3102 ab
1237 3048 1504 3117 episcopis
1530 3058 1583 3100 et
1613 3064 1640 3100 a
1673 3062 1759 3102 se-

178 3116 409 3186 metipso
433 3120 749 3176 examinari.
1274 3116 1283 3117 ί
1446 3137 1456 3150 ’

244 3185 522 3261 Objiciunt
548 3203 804 3259 praeterea
824 3232 839 3256 ,
872 3190 1157 3261 episcOpos
1183 3203 1316 3258 quos
1341 3187 1550 3261 judices'
1578 3187 1630 3261 in
1661 3189 1753 3243 illo

177 3256 421 3334 Concilio
443 3256 666 3334 dederat
702 3256 1022 3334 imperaior,
1046 3256 1151 3314 non
1193 3256 1367 3314 solum
1398 3259 1479 3334 ad.
1496 3259 1549 3334 id
1574 3260 1752 3334 datos,

179 3334 235 3379 ut
262 3328 331 3401 de
356 3328 563 3396 judicio
595 3324 793 3385 ltomm’
820 3333 959 3385 facto
1002 3336 1389 3401 cognoscerent
1412 3372 1426 3401 ,
1459 3324 1553 3385 ﬁed
1592 3332 1753 3401 etiam

179 3406 233 3449 ut
255 3398 323 3451 de
360 3402 798 3467 ipsoMelcltiade
823 3398 1161 3471 judicarent;
1194 3398 1465 3471 quomodo
1494 3410 1674 3455 autent
1704 3400 1755 3456 id

179 3471 438 3545 probent.
490 3483 582 3545 aut
624 3478 709 3528 ubi
755 3475 963 3545 legant,
1010 3471 1403 3545 deMelcbiade
1444 3470 1757 3545 Arelatense

176 3542 464 3613 concilium
486 3543 777 3613 judicasse,
805 3542 909 3603 non
927 3544 1144 3598 invenio
1165 3542 1433 3613 :tjuantvis
1451 3542 1591 3595 enim
1616 3558 1757 3613 tcgre

180 3611 379 3665 terrent
412 3611 703 3670 Donatista:
729 3616 1071 3670 Caecilianum
1122 3611 1304 3668 Itonia:
1348 3611 1685 3676 θὴευιυιυηιξ
1704 3625 1759 3669 et

178 3680 243 3735 de
268 3680 415 3735 illius
457 3686 793 3741 absolutione
826 3695 1330 3753 conquererentur.
1376 3697 1482 3736 non
1534 3684 1757 3753 legimus

181 3758 356 3825 tamen
407 3754 457 3825 in
516 3756 608 3810 illo
655 3757 884 3812 concilio
910 3755 1196 3825 quidquam
1228 3757 1279 3808 in
1309 3753 1657 3809 Melcltiadem
1690 3754 1757 3810 ab

180 3820 285 3894 iliiﬁ
300 3823 590 3878 conlictutn
618 3838 709 3880 aut
738 3820 1029 3894 tibjccluttt.

249 3892 433 3947 Tertio
476 3897 614 3964 quod
663 3892 979 3960 obtrtitlnnt,
1012 3895 1253 3949 eamdem
1309 3910 1525 3950 causam
1572 3910 1758 3951 rursus

182 3962 708 4033 Arelatejudicatant
738 3978 787 4023 et
811 3968 1167 4023 examinatum
1193 3967 1445 4031 fuisse,et
1473 3968 1758 4022 Arelaten-

180 4046 265 4086 ses
293 4036 575 4107 episcopos
601 4039 670 4095 de
708 4040 895 4094 eadem
927 4052 1085 4091 causa
1118 4053 1277 4107 quam
1325 4038 1615 4092 Donatistae
1653 4036 1760 4091 Ro-

184 4118 280 4178 ma;
322 4106 663 4176 perdiderant
694 4110 962 4178 judicasse
994 4149 1009 4173 ,
1046 4106 1149 4162 non
1200 4109 1329 4162 satis
1354 4119 1563 4163 constat
1590 4126 1603 4163 :
1635 4124 1756 4162 nam

184 4176 278 4255 etsi
305 4192 332 4255 ει
364 4180 637 4255 plerisque
746 4180 1092 4255 concedatur,
1115 4189 1291 4255 tamen
1314 4180 1357 4233 si
1383 4195 1510 4255 rem
1541 4179 1758 4255 propius

186 4245 639 4319 insiticiamus,'et
676 4252 719 4305 si
751 4268 815 4306 ex
863 4252 1030 4319 ipsius
1053 4250 1266 4303 concilii
1291 4252 1425 4303 actis
1454 4260 1507 4304 et
1534 4245 1756 4302 canoni-

185 4314 282 4369 bus
306 4314 677 4391 conjecturam
704 4314 896 4391 Capere
924 4322 1168 4386 velimus,
1204 4324 1358 4390 longe
1386 4322 1489 4373 alia
1515 4335 1673 4391 causa
1692 4319 1757 4372 ad

186 4388 467 4461 concilium
497 4388 817 4448 Arelatense
859 4393 1032 4448 delata
1074 4402 1156 4445 est
1198 4388 1355 4461 quain
1382 4389 1757 4459 quzejudicata

190 4455 367 4513 [limite
391 4462 582 4517 fuerat.
616 4464 733 4517 Duo
762 4475 914 4519 erant
945 4464 1086 4517 inter
1128 4455 1470 4515 Czecilianuttt
1495 4455 1548 4514 et
1580 4461 1757 4513 Dona-

189 4529 334 4583 tiStas
360 4532 412 4585 in
443 4535 836 4597 controversia,
887 4544 941 4587 et
994 4532 1293 4587 traditionis
1321 4544 1374 4585 et
1416 4532 1755 4586 scitismatis:

184 4596 389 4657 duobus
411 4606 727 4660 criminibus
754 4596 1106 4659 acCusabatnr
1128 4615 1179 4657 et
1212 4603 1488 4671 petebatur
1519 4599 1761 4655 Catonia-

188 4682 280 4722 nus
309 4689 322 4725 :
359 4687 588 4739 quorum
620 4679 687 4729 alt
720 4676 820 4729 hoc
850 4676 1034 4729 Romae
1074 4675 1381 4736 absolutus,
1415 4674 1481 4726 ab
1510 4673 1601 4725 illo
1631 4688 1760 4725 vero

187 4740 392 4817 Arelate
420 4746 707 4812 discessit;
740 4762 912 4817 neque
941 4746 1082 4817 enim
1113 4759 1274 4817 causa
1300 4745 1603 4817 SQilismaliS
1626 4743 1761 4817 Are-

186 4809 611 4886 late‘examinata
639 4809 982 4886 atitjudieata
1010 4815 1119 4870 ullo
1146 4815 1303 4869 modo
1334 4813 1450 4878 fuit,
1475 4814 1566 4886 sed
1598 4815 1757 4867 tradi-

188 4881 341 4936 tionis
365 4886 675 4951 dumtaxat;
700 4881 839 4955 quod
868 4887 1053 4941 multis
1084 4886 1381 4940 rationibus
1424 4883 1635 4955 probari
1666 4900 1756 4953 po-

186 4958 318 5008 test:
352 4955 503 5010 nulla
528 4960 671 5011 enim
716 4960 768 5012 in
808 4958 902 5012 illo
942 4958 1173 5012 concilio
1202 4966 1376 5009 exstat
1423 4956 1620 5015 mentio
1668 4964 1760 5009 aut

186 5036 350 5096 canon
391 5028 461 5081 de
488 5028 777 5082 schismate
804 5038 859 5085 et
898 5028 964 5082 de
994 5028 1331 5081 ordinatione
1364 5027 1627 5096 Majorini,
1664 5026 1757 5080 sed

186 5107 246 5165 ex
275 5095 487 5151 decimo
517 5100 674 5153 tertio
703 5114 911 5161 canone
954 5099 1296 5152 manifestum
1348 5102 1405 5150 lit
1426 5095 1756 5165 {quaesitum

190 5164 238 5217 in
269 5166 359 5219 illo
388 5168 640 5232 concilio,
664 5184 731 5222 an
754 5170 1028 5224 crimenet
1048 5168 1232 5222 vitium
1262 5164 1563 5221 ordinantis
1588 5177 1761 5220 trans-

192 5233 287 5289 iret
313 5238 363 5291 in
395 5238 725 5305 ordinatum,
750 5250 803 5293 et
831 5241 875 5293 si
928 5254 1117 5292 manus
1145 5238 1416 5306 impositio
1442 5254 1470 5291 a
1501 5253 1593 5291 reo
1620 5236 1758 5291 facta

190 5312 351 5362 totam
406 5308 800 5364 ordinationem
858 5310 1060 5363 irritam
1118 5308 1355 5371 faceret;
1409 5307 1757 5374 quamobrem

189 5378 325 5430 enim
375 5380 683 5434 sanxissent
713 5389 891 5445 patres
923 5380 1067 5432 illius
1113 5379 1356 5440 concilii,
1386 5377 1760 5431 ordinationem

191 5461 285 5500 nou
310 5450 481 5504 obesse
508 5449 781 5513 ordinatis,
814 5448 1086 5502 dummodo
1116 5449 1179 5501 de
1204 5448 1281 5501 his
1307 5449 1392 5517 qui
1417 5448 1641 5502 ordinati
1684 5463 1763 5500 cs-

191 5528 292 5586 scnt
332 5522 467 5573 ratio
496 5521 824 5581 subsisteret,
868 5518 971 5573 nisi
1001 5518 1070 5572 de
1110 5518 1211 5571 hoc
1256 5518 1394 5571 laeto
1422 5517 1764 5586 quaesiissent

196 5585 513 5655 Donatistae,
556 5603 608 5645 et
646 5606 804 5645 causa
844 5591 896 5644 in
934 5606 999 5643 eo
1028 5598 1352 5652 versaretur,
1387 5603 1452 5640 an
1491 5587 1761 5641 ordinatio

194 5658 455 5726 celebrata
489 5664 557 5715 ab
589 5661 909 5715 idololatriae
937 5675 1030 5713 reo
1059 5671 1112 5712 et
1135 5667 1405 5726 suspecto,
1439 5672 1542 5726 pro,
1563 5657 1758 5726 inlecta

195 5722 427 5788 iubenda
449 5730 635 5789 esset?
657 5742 746 5787 aut
768 5742 903 5801 quos
932 5728 1162 5798 denique
1186 5722 1357 5785 canon
1384 5722 1469 5783 illo
1516 5725 1759 5784 decimus

1853 433 2093 493 stitutus.
2143 448 2241 501 quo
2288 433 2355 485 ad
2401 433 2594 486 exitum
2644 435 2994 489 communione
3040 436 3305 503 privamur
3351 434 3439 502 qui

1854 503 1985 574 falso
2016 513 2312 574 accusarent
2346 507 2549 574 fratres.
2596 504 2695 557 nisi
2746 504 2797 557 in
2834 504 3140 560 Donatistas
3167 546 3179 567 .
3218 505 3311 572 qui
3339 504 3440 559 Fe-

1856 573 2012 627 licem
2037 582 2090 627 et
2114 573 2457 628 Ctecilianum
2488 574 2807 628 idololatriae
2836 573 2971 629 falso
3012 575 3435 630 insimulabant?

1855 643 1934 697 Ex
1956 644 2147 710 quibus
2180 644 2398 697 dubium
2423 659 2528 698 non
2558 655 2659 706 est,
2682 645 3011 707 Donatistas,
3040 650 3238 701 omissa
3262 646 3438 701 scitis-

1858 714 2017 768 matis
2045 730 2204 769 eausa
2235 731 2352 784 qua:
2388 716 2569 769 licium
2604 717 2883 769 terminata
2924 719 3119 781 fuerat,
3150 718 3214 770 ad
3244 731 3437 771 secun-

1856 785 1978 838 dum
2020 785 2318 839 traditionis
2354 786 2554 856 crimen
2595 784 2931 856 confugisse.
2982 798 3032 841 et
3060 788 3435 842 nullatualiam

1855 858 2120 910 actionem
2150 859 2200 909 itt
2228 855 2570 910 Caecilianum
2596 855 2811 911 Arelate
2831 856 3143 924 intendisse,
3171 858 3272 911 nisi
3292 856 3435 925 quod

1856 926 1973 995 ejus
1998 926 2265 980 ordinatio
2298 942 2364 980 ex
2408 926 2703 981 ordinantis
2727 929 2951 981 crimine
2976 929 3327 983 rescindenda
3352 941 3439 982 es-

1856 1005 1961 1050 set.
2006 996 2157 1051 Nulla
2200 996 2457 1069 printerea
2490 1007 2665 1069 potest
2708 998 2968 1069 assignari
3000 1002 3136 1053 ratio
3175 1000 3437 1069 quamob-

1857 1082 1971 1121 rem
2024 1078 2201 1137 patres
2252 1067 2594 1123 Arelatenses
2637 1068 2705 1123 de
2748 1067 3038 1124 scliismate
3108 1067 3435 1124 mentionem

1859 1137 2059 1191 nullam
2092 1140 2336 1202 iecerint,
2360 1138 2486 1193 etin
2515 1154 2609 1192 eos
2630 1139 2721 1208 qni
2755 1139 2889 1193 falso
2911 1151 3226 1195 accusarent
3248 1139 3439 1193 fratres

1852 1208 2053 1278 judicia
2086 1218 2190 1261 tam
2238 1224 2423 1264 severa
2475 1210 2715 1272 tulerint,
2742 1211 2843 1263 nisi
2872 1211 3013 1279 quod
3046 1211 3175 1265 nihil
3212 1210 3355 1264 aliud
3384 1210 3437 1263 in

1859 1279 1951 1348 illo
1978 1279 2208 1333 concilio
2239 1291 2292 1333 et
2344 1281 2394 1332 in
2443 1281 2527 1333 illa
2557 1280 2853 1348 quaestione
2886 1290 3216 1343 versaretur,
3264 1282 3364 1333 nisi
3394 1280 3440 1334 si

1816 1412 1819 1419 ι
1856 1347 2174 1419 Caacilianus
2197 1349 2393 1404 Felicis
2416 1347 2642 1404 crimine
2678 1360 2821 1404 esset
2843 1353 3196 1406 removendus
3232 1351 3300 1405 ab
3326 1350 3442 1419 epi-

1858 1419 2008 1491 scopi
2053 1418 2330 1491 dignitate.
2392 1421 2658 1474 Prtcterea
2711 1420 2825 1475 litec
2872 1437 2993 1475 cum
3024 1421 3245 1491 hujusce
3294 1418 3437 1475 sciti-

1856 1490 2042 1544 smatis
2068 1502 2121 1545 et
2169 1491 2564 1545 Donatistarum
2596 1491 2817 1545 ltistoria
2849 1491 3073 1547 mirilice
3096 1490 3438 1561 congruunt,

1857 1561 1944 1630 qui
1974 1564 2025 1615 in
2055 1562 2115 1616 D.
2136 1562 2432 1631 Augustino
2452 1574 2855 1629 eooqttertmtur
2878 1562 3020 1630 quod
3048 1568 3200 1632 pauci
3229 1562 3440 1629 judices

1860 1634 2008 1686 nullo
2047 1632 2235 1687 ordine
2279 1644 2491 1687 servato
2523 1632 2839 1703 sententiam
2870 1633 3055 1687 Roma:
3100 1634 3437 1703 pra-cipitas-

1864 1712 1985 1756 scnt
2010 1721 2022 1753 :
2056 1705 2202 1767 prius
2224 1706 2365 1758 enim
2400 1703 2681 1757 videbatur
2704 1702 3068 1771 judicandnm,
3096 1719 3161 1757 an
3193 1704 3447 1758 ordinan-

1868 1774 1934 1826 tis
1964 1774 2186 1828 crimine
2225 1775 2451 1842 alicujus
2478 1775 2746 1827 ordinatio
2770 1784 3207 1843 corrumperetur
3231 1784 3283 1828 et
3322 1772 3443 1827 inﬁ-

1866 1852 2097 1910 ceretur,
2115 1854 2243 1899 etan
2261 1845 2406 1899 Felix
2424 1844 2649 1899 traditor
2666 1842 2872 1909 fuisset,
2893 1842 3049 1912 quam
3069 1846 3135 1900 de
3156 1844 3445 1899 schismate

1866 1916 2127 1983 quaerere.
2170 1917 2279 1968 lloc
2304 1914 2445 1969 illius
2475 1930 2650 1968 causa:
2678 1916 2812 1968 ordo
2836 1917 3106 1983 postulare
3135 1916 3442 1969 videbatur:

1866 1986 1989 2053 quid
2021 1988 2162 2038 enim
2198 2000 2417 2041 necesse
2448 1996 2564 2039 erat
2613 1985 2879 2053 inspicere
2925 2001 3166 2053 quaenam
3193 2000 3255 2039 ex
3284 1984 3445 2053 Majo-

1866 2054 1971 2109 rini
2017 2065 2071 2109 et
2094 2054 2367 2110 Cteciliani
2398 2056 2827 2109 ordinationibus
2873 2059 3040 2125 magis
3083 2065 3443 2110 consentanea

1866 2135 2007 2181 esset
2064 2125 2361 2194 disciplina:
2414 2126 2838 2188 Ecclesiasticae,
2892 2126 2937 2180 si
2990 2142 3153 2194 penes
3186 2126 3440 2189 Felicem,

1868 2196 2104 2250 idololatt
2138 2210 2188 2253 ω
2236 2213 2405 2261 reum,
2452 2199 2651 2252 nullum
2702 2197 2891 2251 fuisset
2921 2214 3109 2250 manus
3139 2196 3445 2263 imponendi

1860 2268 1951 2333 jus
1990 2276 2045 2321 et
2072 2268 2381 2323 arbitrium?
2410 2270 2744 2337 QuaprOpter
2794 2268 3039 2321 dicebant
3071 2269 3358 2321 Douatisue
3380 2268 3448 2321 de

1867 2339 2093 2391 crimine
2152 2338 2345 2394 Felicis
2388 2339 2534 2407 ptius
2561 2339 2937 2407 inquirendum
2977 2339 3143 2393 luisse
3189 2354 3346 2407 quam
3378 2339 3447 2392 de

1866 2408 2157 2463 schismate
2186 2425 2249 2463 ac
2275 2410 2343 2463 de
2378 2410 2719 2463 ordinatione
2746 2410 2980 2476 episcopi
3011 2409 3447 2475 Carthaginensis

1858 2478 2214 2547 judicaretur,
2266 2496 2333 2534 ne
2380 2481 2471 2534 illo
2500 2481 2699 2532 scilicet
2730 2478 2933 2547 judicio
2961 2479 3027 2533 de
3051 2478 3322 2532 Caeciliani
3358 2493 3446 2531 or-

1865 2552 2141 2621 dinatiooe
2181 2551 2546 2621 pra-judicium
2583 2551 2862 2621 baberent.
2894 2549 3133 2621 Denique
3176 2553 3313 2603 inter
3351 2549 3447 2601 ltu-

1861 2620 2013 2690 jusce
2059 2619 2769 2689 concilii'subscriptiones,
2817 2619 3089 2673 Cmciliani
3140 2621 3448 2690 nomenin-

1866 2689 2076 2745 Venitur
2103 2702 2156 2746 et
2188 2692 2399 2761 legitur,
2428 2692 2568 2760 quod
2601 2706 2695 2758 pro
2731 2698 3049 2759 argumento
3079 2689 3446 2760 accipiendum

1863 2770 1967 2825 est,
1996 2761 2186 2818 Felicis
2220 2767 2391 2833 potius
2417 2778 2575 2832 quam
2597 2762 2869 2816 Ctl‘Ciiialli
2904 2761 3108 2833 crimen
3152 2772 3204 2815 et
3231 2775 3447 2815 causam

1863 2844 2036 2887 actam
2066 2832 2229 2888 fuisse
2250 2838 2301 2887 in
2329 2835 2418 2887 illo
2448 2834 2708 2895 concilio;
2740 2848 2843 2885 non
2874 2832 3016 2885 enim
3052 2833 3191 2886 inter
3218 2841 3445 2886 czeleros

1862 2905 2147 2973 episcopos
2187 2904 2487 2960 adsedisset
2530 2914 2585 2957 et
2630 2903 2920 2971 judicasset
2947 2901 3297 2969 Cmcilianus,
3347 2902 3448 2956 nisi

1862 2977 2007 3028 omni
2047 2976 2288 3029 criminis
2328 2988 2380 3029 et
2425 2976 2734 3029 scltismatis
2763 2973 3071 3042 suspicione
3111 2974 3375 3027 caruisset
3396 2982 3448 3026 et

1861 3060 2062 3101 Vacuus
2089 3044 2516 3102 fuisset.C:etera
2542 3062 2659 3115 quac
2682 3045 2750 3099 ab
2769 3044 3091 3099 adversariis
3114 3044 3446 3115 adferuntur,

1783 3114 1828 3175 C
1862 3127 1950 3169 aut
1979 3132 2163 3184 parum
2195 3117 2366 3173 valida
2401 3114 2570 3182 sunt,
2596 3127 2688 3170 aut
2722 3132 2785 3171 ex
2818 3118 2895 3170 eis
2918 3131 3034 3185 quae
3066 3116 3299 3169 diximus
3334 3114 3445 3169 dis-

1860 3188 1997 3241 solvi
2030 3196 2273 3257 possunt.

2351 3276 2789 3337 OBSERVATIO
2844 3278 2937 3333 XI.

1858 3372 1939 3427 De
1986 3373 2067 3428 die
2111 3383 2156 3427 et
2206 3374 2499 3448 consulibus
2534 3375 2723 3448 judicii
2770 3374 3143 3448 proconsularis
3164 3383 3262 3440 quo
3294 3369 3446 3423 Felix

2254 3445 2617 3515 Apungitanus
2648 3456 2895 3516 purgatus
2937 3445 3052 3513 fuit.

1931 3537 2190 3591 Constare
2238 3536 2380 3590 inter
2410 3550 2598 3589 omnes
2632 3536 2786 3588 video
2830 3536 2918 3601 qui
2950 3535 3016 3585 de
3046 3530 3441 3584 Donatistarum

1861 3607 2150 3661 schismate
2194 3608 2549 3675 scripserunt,
2594 3606 2789 3659 Felicis
2818 3601 3137 3675 Apnttgitani
3170 3602 3440 3675 Episcopi,

1860 3679 1948 3745 qni
1973 3678 2277 3730 traditionis
2310 3674 2340 3728 'a
2382 3676 2671 3728 Donatistis
2703 3674 3325 3745 accusabatur,causam
3376 3674 3444 3723 ab

1860 3741 2077 3802 IEliano
2105 3749 2443 3815 proconsule,
2470 3760 2572 3798 non
2598 3746 2695 3798 nisi
2722 3741 3160 3815 postMclchiadis
3184 3742 3443 3815 judicium

1862 3819 1914 3872 in
1973 3812 2254 3881 Donatum,
2290 3817 2522 3869 habitam
2570 3828 2623 3869 et
2675 3812 2962 3882 judicatatn
3018 3813 3201 3866 fuisse.
3249 3812 3441 3865 Verum

1861 3890 2017 3958 longe
2044 3888 2325 3941 obscurius
2355 3897 2439 3940 est
2486 3901 2553 3939 an
2590 3886 2832 3958 ejusdem
2860 3884 3060 3958 [Ειίαηὶ
3094 3883 3441 3938 Proconsulis

1862 3956 2124 4013 seniontia
2148 3974 2250 4027 qua
2268 3958 2415 4011 Felix
2442 3956 2759 4011 idololatrite
2782 3957 3059 4009 absolutus
3079 3963 3184 4020 est,
3204 3966 3444 4027 tempore

1867 4031 2129 4097 posterior
2166 4024 2327 4082 'fuerit
2356 4029 2590 4082 cencilio
2634 4028 2976 4091 Arelatensi;
3034 4024 3444 4097 nam‘quamvis

1865 4094 2053 4153 iisdem
2097 4100 2407 4153 consttlibns
2430 4139 2442 4155 .
2475 4097 2578 4151 ltoc
2607 4108 2709 4161 est,
2745 4097 3032 4155 Volusiano
3059 4106 3111 4149 et
3156 4094 3403 4151 Anniane
3424 4138 3438 4161 ,

1865 4172 2010 4225 Felix
2044 4170 2096 4223 in
2128 4171 2303 4226 Atrica
2343 4177 2399 4224 et
2424 4167 2745 4223 Ca'cilianus
2776 4168 2993 4221 Arelate
3036 4168 3347 4221 innocentes
3392 4176 3447 4219 et

1866 4242 2154 4295 indemnati
2184 4238 2529 4303 recesserint,
2560 4250 2735 4293 tamen
2757 4240 2824 4293 de
2849 4239 2936 4292 die
2966 4236 3320 4291 absolutionis
3345 4236 3444 4289 Fe-

1866 4312 1980 4365 licis
2012 4327 2117 4365 non
2143 4312 2273 4365 Satis
2301 4318 2544 4375 constat;
2570 4310 2899 4379 multumque
2929 4309 3165 4363 historite
3188 4310 3446 4361 intereSse

1868 4383 2075 4437 videtur
2106 4381 2380 4451 indagare,
2407 4393 2461 4434 et
2510 4382 2840 4435 adamussint
2866 4396 2971 4449 quo
2998 4381 3085 4434 die
3114 4380 3235 4432 data
3266 4388 3314 4431 et
3341 4379 3445 4431 lata

1866 4454 2024 4507 fuerit
2053 4451 2251 4507 Aﬂliatii
2282 4454 2567 4515 sententia,
2603 4453 2885 4519 inspicere.
3308 4464 3315 4470 ’

1943 4526 2003 4576 ι).
2054 4524 2383 4592 Augustinus
2434 4534 2659 4576 tractatu
2716 4533 2831 4589 post
2888 4522 3231 4592 collationem
3272 4519 3446 4592 capite

1871 4588 2335 4665 trigesitno'tet-tio
2368 4636 2382 4658 ,
2424 4595 2579 4649 docet
2628 4588 2744 4647 eam
2805 4594 2992 4647 laetam
3042 4606 3161 4644 esse
3203 4588 3443 4665 decimo:

1868 4660 2075 4741 quinto‘
2108 4664 2375 4741 Kalendas
2402 4666 2663 4741 _Martias,
2713 4666 2866 4741 cujus
2918 4665 3219 4741 opinionem
3278 4660 3442 4741 secuti

1868 4729 2009 4812 sunt
2040 4729 2360 4812 Cardinales
2400 4737 2660 4812 Baronins
2703 4746 2756 4790 et
2779 4729 3092 4812 'Perronins
3120 4751 3129 4781 :
3162 4747 3341 4812 verum
3391 4731 3441 4812 in

1870 4809 2460 4884 libello_‘manuscripto
2513 4808 2753 4884 ejusdem
2806 4802 3279 4884 sententiaeetjn
3314 4802 3442 4884 ipsis

1865 4882 2000 4954 actis
2031 4882 2230 4954 Aﬁliani
2250 4875 2839 4954 proconsulis,_qnibus
2870 4879 2920 4954 in
2950 4875 3143 4954 Felicis
3171 4875 3328 4954 vitam
3356 4875 3443 4954 in-

1865 4952 2114 5019 quisivit,
2143 4943 2385 5005 decimus
2412 4954 2601 5003 tertius
2632 4943 2847 5004 kalend.
2883 4947 3184 5016 Septembr.
3216 4943 3327 4997 dies
3355 4943 3439 4996 itt-

1864 5022 2135 5075 scribitur.
2600 5062 2603 5067 .
3230 5067 3238 5075 .

1938 5093 2085 5165 Inter
2111 5092 2207 5145 has
2238 5091 2379 5165 duas
2398 5092 2702 5160 opiniones,
2730 5102 3085 5165 qttarumﬁnna
3119 5082 3441 5165 auctoritate

1863 5164 2301 5235 gravissimorum
2354 5159 2687 5235 Scriptorum
2714 5159 3057 5235 {alteralide
3094 5159 3441 5235 vetustissimi

1864 5224 2065 5304 codicis
2094 5244 2342 5285 constare
2383 5224 2593 5304 videtur
2622 5272 2635 5294 ,
2689 5224 3036 5304 tentet-arium
3064 5234 3211 5304 esset
3237 5224 3440 5304 aliquid

1865 5298 2159 5375 dijudicare
2187 5320 2199 5354 :
2226 5318 2420 5375 verum
2465 5303 2578 5356 lucc
2608 5302 2877 5375 posterior
2901 5300 2963 5353 ad
2998 5299 3134 5351 hanc
3163 5294 3438 5375 historiam

1866 5367 1932 5428 et'
1959 5372 2024 5425 ad
2064 5374 2351 5445 concilium
2382 5367 2696 5427 Aretateuse
2740 5371 2918 5445 magis
2962 5367 3354 5445 acei_i_mm0tl_ari
3388 5375 3443 5419 et

1866 5445 2155 5497 convenire
2201 5444 2445 5497 videtur:
2488 5460 2608 5496 nam
2658 5450 2777 5515 post
2826 5436 3137 5515 Melcltiadis
3180 5436 3438 5515 judicium

1867 5529 1973 5579 quo
2002 5514 2306 5568 schismatis
2336 5529 2496 5567 causa
2543 5507 2826 5567 terminata
2857 5507 3351 5582 estA,-e_t_lj;unomii
3384 5514 3439 5560 et

1866 5575 2095 5653 Olympii
2143 5585 2486 5652 legatiOuent,
2537 5591 2591 5636 et
2617 5586 2893 5635 transitum
2938 5578 2987 5631 in
3024 5575 3283 5653 Africam,
3335 5591 3441 5643 qtto

1869 5643 2151 5709 caihoiica:
2196 5643 2806 5708 Ecclesia—communio
2850 5659 3061 5702 ostensa
3089 5658 3141 5699 et
3169 5643 3441 5701 declarata

1866 5736 1949 5780 est
1971 5720 2519 5796 Cartltaginensibus;
2552 5719 2680 5777 nilill
2713 5725 2987 5789 supererat
3016 5710 3362 5784 iudicandum
3385 5713 3437 5770 in
