3838 6222
303 146 444 244 ωδ

1580 180 2009 239 MONUMENTA
2049 180 2321 237 νΕΤΕηΑ

3439 178 3587 237 1184

301 310 582 383 parentum
625 309 935 358 nostrorum
961 342 976 369 ,
999 298 1376 379 Constantini,
1406 296 1741 365 Constantii,
1777 297 1882 353 Va-
1916 305 1963 365 Α
1992 297 2196 364 clesiis,
2220 297 2430 352 occulto
2454 305 2628 351 tamen
2658 295 2836 352 furore
2862 304 3198 369 grassantur,
3244 294 3362 351 loca
3385 306 3586 365 magna

301 396 618 463 lentiniani,
646 394 863 471 decreta
890 402 1033 450 sunt.
1059 391 1164 450 Sed
1188 393 1432 464 plerique
1449 391 1657 462 expulsi
1688 390 1755 446 de
1784 390 1886 446 Ec-

1990 391 2271 446 domorum
2297 405 2394 446 seu
2427 388 2709 446 fundorum
2748 389 2932 445 illicite
2957 376 3366 462 frequentantes
3399 406 3413 441 ε
3440 397 3585 459 quos

1606 529 1622 578 ρ
1668 505 2215 565 ANNOTATIONES.
2292 516 2299 524 ·

304 632 472 688 est.Et
497 630 795 686 Eusebeius
825 628 912 684 lib.
964 643 1035 683 vn
1066 626 1208 683 Hist.
1240 624 1385 681 Eccl.
1414 620 1527 694 cap.
1561 624 1581 677 i
1622 641 1634 677 :
1667 624 1891 679 Παλαιοῦ

301 704 359 777 γέ
387 724 466 779 rei
486 701 845 779 κεκρατῃκότος
877 698 1019 779 ἔθους
1045 718 1057 753 :
1083 709 1131 779 et
1151 715 1268 763 cap.
1296 696 1352 779 β,
1385 694 1492 752 ἄλλ’
1518 695 1601 779 ὅςγε
1628 698 1888 779 Στέφανος,

309 768 502 847 μήΑθεῖν
526 768 583 847 τέ
607 776 849 847 νεώτερον
870 773 1128 847 παρὰ-τήν
1161 768 1496 847 repetitionem
1530 768 1757 847 quae...
1787 788 1891 822 πα-

344 844 541 911 αδοσιν,
570 837 1229 916 ἰηκαιόοτομεὶξῦ-ρεὸμσγοὲ.
1253 842 1518 916 inligabant
1539 837 1891 909 διήέγανάκτειι

344 866 541 911 αοοσιν,
571 866 968 915 ιπικαινοτομειν
985 866 1229 914 οιομσνος,
1253 866 1338 895 "rt.
1350 866 1518 912 τουτῳ
1539 866 1862 909 οιηγανακτει
1877 874 1891 889 ο

306 866 360 972 rd
392 927 507 982 est,
544 910 841 984 Stephanus
870 914 999 967 nihil
1036 914 1149 984 novi
1190 919 1279 984 aut
1316 910 1536 984 alienia
1570 922 1892 984 TRADITIDNE

311 1003 378 1043 se
401 980 982 1050 sartouo'onrtnsn'rs,
1024 982 1338 1037 moliendum
1383 980 1690 1044 arbitratus,
1720 980 1893 1032 animo
1942 985 1951 991 ‘

313 1057 376 1111 ab
406 1060 539 1111 hanc
580 1073 786 1110 causam
830 1054 1218 1127 indignabatur.
1266 1054 1596 1127 Augustinus
1626 1065 1849 1127 quoque
1879 1090 1893 1115 ,

313 1128 408 1183 lib.
430 1144 460 1180 v
491 1128 559 1181 de
584 1126 857 1196 Baptismo
883 1120 1066 1180 co'ntra
1096 1120 1439 1188 Donatistas,
1468 1136 1588 1196 cap.
1622 1120 1732 1176 25:
1762 1120 1897 1196 Apa-

317 1199 438 1253 stali
465 1190 677 1267 quidem
696 1197 825 1264 nihil
852 1196 1034 1267 exinde
1071 1202 1420 1267 praceperunt
1443 1209 1466 1247 :~
1482 1192 1574 1248 sed
1588 1190 1900 1247 consuetudo

313 1269 429 1333 illa,
460 1264 574 1337 qua
597 1267 948 1340 opponebatur
969 1264 1227 1340 Cypriane
1252 1307 1266 1330 ,
1297 1264 1360 1317 ab
1384 1280 1558 1340 eorum
1578 1279 1897 1340 suspiriose

317 1334 585 1395 exordium
606 1334 882 1410 sumpsisse
917 1334 1237 1410 credendum
1271 1346 1343 1389 est
1363 1351 1387 1410 :-
1408 1334 1537 1410 sicut
1580 1345 1694 1410 sunt
1737 1336 1901 1410 multa

315 1426 430 1481 quin
467 1400 880 1481 uniuersa'tenct
909 1400 1142 1463 Ecclesia
1164 1448 1178 1470 ,
1233 1414 1279 1460 et
1322 1404 1385 1459 ob
1413 1405 1507 1481 hac
1553 1405 1616 1459 ab
1655 1400 1902 1476 apostolis

319 1478 716 1559 praeceptdbenc
735 1480 1029 1559 creduntur,
1043 1493 1368 1559 ﬂuantqttam
1394 1478 1585 1559 scripta
1628 1491 1733 1529 non
1758 1491 1904 1557 repe-

315 1544 538 1605 riantur.
570 1550 887 1606 Vincentius
934 1544 1158 1603 tandem
1181 1544 1571 1602 Lirinensis'in
1600 1544 1902 1613 commoni-

323 1624 462 1677 torio
484 1636 583 1676 suo
609 1637 659 1676 c.
682 1621 738 1687 9,
762 1635 880 1674 cum
906 1621 1072 1673 multa
1098 1616 1235 1672 ha‘nc
1261 1618 1313 1671 in
1332 1618 1654 1672 sententiam
1679 1616 1898 1682 scribat,

2001 632 2251 679 cumenta
2283 631 2353 694 et
2402 621 2703 678 testimonia
2737 622 2997 693 protulit,
3027 622 3221 694 quibus
3249 636 3357 677 non
3404 620 3583 694 solum

1940 702 1953 717 ‘
2001 694 2141 748 idem
2188 693 2574 763 colligeretur,
2621 695 2713 748 sed
2742 692 2918 763 plane
2968 692 3393 763 ostenderetur:
3435 692 3531 747 lib.
3565 706 3586 746 ι

2000 773 2183 819 contra
2210 762 2546 819 Donatistas:
2576 777 2630 818 et
2656 765 2746 818 lib.
2768 762 2843 831 n,
2871 780 2990 835 cap.
3024 762 3112 831 l4;
3142 765 3234 819 lib.
3267 779 3345 828 tv,
3370 777 3488 833 cap.
3522 763 3580 828 7;

2002 835 2093 889 lib.
2126 852 2181 901 v,
2211 850 2329 904 cap.
2358 836 2391 888 4
2421 846 2475 890 et
2495 835 2585 890 25.
2606 886 2618 898 ,
2808 879 2814 883 .

2074 906 2335 961 Provocat
2386 917 2441 961 et
2485 910 2583 959 hac
2635 911 2745 978 tege
2785 906 3072 963 Gratianus
3115 906 3199 978 ad,
3237 907 3582 978 superiorum

2003 978 2303 1047 Principum
2328 975 2762 1043 constitutiones,
2793 978 3125 1032 Constantini
3154 976 3251 1041 Μ..
3280 975 3584 1031 Constantii

2000 1050 2017 1116 (
2040 1064 2140 1117 ego
2170 1048 2462 1102 Constantis
2491 1051 2693 1111 malim,
2722 1050 2805 1102 cui
2832 1050 3005 1102 Alrica
3029 1057 3289 1112 cesserat,
3310 1062 3419 1117 non
3438 1047 3589 1101 Con-

1999 1115 2202 1190 stantii,
2231 1123 2318 1186 qui
2342 1123 2503 1173 etiam
2525 1119 2773 1174 haeretica
2798 1119 2917 1175 labe
2938 1118 3227 1190 adspersus
3247 1126 3365 1174 erat
3381 1115 3415 1189 )7
3430 1120 3590 1173 item-

1998 1206 2103 1265 que
2132 1189 2515 1265 Valentiniani.
2659 1262 2670 1265 _
3042 1189 3067 1233 ί
3220 1230 3223 1231 ν
3388 1240 3453 1265 ν,
3476 1261 3489 1265 _
3535 1251 3562 1265 κ

2072 1262 2329 1317 Provocat
2348 1273 2399 1313 et
2417 1261 2481 1315 ad
2504 1262 2833 1317 sanctionem
2857 1274 2954 1317 seu
2972 1269 3294 1332 pmeptum
3313 1260 3583 1328 quoddam

2002 1334 2243 1387 anterius
2283 1333 2347 1386 ad
2376 1332 2673 1403 Nitentiom
2704 1333 2887 1387 datum
2922 1352 2935 1386 :
2964 1331 3107 1403 quod
3152 1331 3316 1401 quale
3339 1332 3412 1403 sit
3450 1347 3589 1385 non—

1980 1405 2130 1459 .dum
2157 1399 2431 1472 comperio
2461 1422 2476 1457 :
2508 1404 2638 1458 illud
2667 1399 2995 1459 crediderim
3018 1399 3348 1458 anteriorem
3389 1402 3591 1470 ipsius-

2005 1486 2115 1529 met
2138 1473 2842 1539 Gratianiconstitntionem
2882 1475 2967 1527 hic
2993 1473 3214 1527 indicari
3250 1490 3264 1526 :
3293 1482 3350 1527 et
3368 1473 3585 1542 quidem

2004 1548 2256 1601 emissam
2281 1544 2347 1598 ad
2389 1544 2681 1616 Nitentium
2708 1544 2982 1616 tribunum
3004 1554 3068 1616 et
3092 1544 3364 1616 notarium
3395 1543 3589 1616 (Cujus

2006 1618 2206 1672 mentio
2237 1616 2375 1685 apud
2406 1615 2747 1670 Ambrosium
2775 1615 2930 1684 epist.
2954 1613 3024 1669 64
3047 1615 3065 1685 )
3086 1624 3236 1669 extra
3257 1613 3587 1686 ordinem'in

322 1692 539 1747 tandem
562 1694 657 1756 ait,
688 1686 955 1759 epistolam
984 1706 1014 1742 a
1038 1688 1303 1759 Stephano
1333 1689 1537 1741 missam
1556 1688 1623 1742 ad
1650 1687 1899 1759 Africam,
1934 1688 1980 1746 B
2009 1688 2243 1743 Africam
2289 1686 2514 1759 missum
2560 1701 2685 1759 cum
2710 1688 2975 1759 mandatis
3000 1701 3093 1759 seu
3124 1695 3379 1759 praecepta
3415 1687 3436 1757 (
3454 1701 3588 1756 quo-

322 1764 411 1817 ubi
456 1764 535 1815 his
578 1757 738 1816 verbis
766 1762 970 1824 sanxit,
1017 1757 1147 1815 nihil
1192 1761 1577 1827 innovandum,
1629 1759 1727 1812 nisi
1760 1757 1917 1828 quod

322 1848 594 1888 TRADITUI!
634 1843 727 1887 est.
762 1832 892 1900 Quae
940 1833 1053 1902 ipsa
1097 1841 1221 1886 sunt
1259 1829 1514 1902 Stephani
1546 1831 1704 1883 verba
1732 1870 1747 1895 ,
1778 1842 1898 1900 quae

322 1903 620 1973 Cyprianus
672 1919 829 1972 supra
863 1900 1213 1957 memorabat.
1258 1902 1324 1957 Et
1362 1900 1667 1973 Cyprianus
1720 1909 1897 1973 tamen

328 1970 457 2029 illud
500 1974 551 2028 in
589 1970 859 2043 Stephano
900 1973 1353 2043 reprehendebat,
1393 1970 1533 2043 quod
1558 1970 1851 2043 Scripturis
1882 2010 1897 2035 ,

325 2045 526 2115 quibus
546 2040 698 2099 suam
724 2045 819 2099 niti
842 2040 1102 2099 docerent
1131 2043 1317 2098 Patres
1351 2042 1583 2115 Alricnni
1609 2084 1624 2108 ,
1665 2040 1902 2115 obduce-

246 2120 248 2122 ’
326 2112 410 2171 ret
438 2127 493 2187 et
519 2123 820 2187 apponeret
848 2115 1187 2187 traditionem
1209 2156 1223 2175 ,
1253 2123 1412 2182 atque
1431 2113 1577 2187 adeo
1599 2112 1903 2172 traditionis

330 2183 789 2256 nomine'pravam
822 2185 1119 2256 venditaret
1149 2183 1623 2256 consuetudinem,
1652 2198 1901 2256 quaene"

327 2268 471 2311 esset
500 2253 891 2325 ab'apostolis,
936 2255 1029 2309 sed
1084 2264 1264 2324 postea
1306 2254 1633 2323 irrcpsisset.
1684 2253 1788 2309 Sed
1837 2253 1905 2306 de

331 2328 431 2381 ista
463 2331 514 2381 in
547 2324 658 2395 ipsa
687 2324 1131 2397 Alricajuniores
1158 2342 1188 2380 a
1212 2326 1477 2391 Cypriane
1523 2325 1737 2391 abiere,
1768 2326 1904 2397 etin

330 2409 643 2467 argumento
671 2395 923 2467 Stephani
948 2397 1051 2452 PP.
1081 2399 1415 2466 acquievere,
1447 2395 1909 2464 quicontendebat

334 2481 458 2523 ante
485 2470 829 2540 Agrippinum
864 2480 1129 2535 nusquam
1158 2469 1209 2522 in
1227 2468 1465 2523 Ecclesia
1499 2468 1678 2522 iterari
1709 2467 1909 2535 baptis-

333 2556 476 2594 mum
504 2540 742 2594 solitum.
780 2541 844 2594 Et
872 2540 1135 2610 acquievit
1165 2540 1328 2593 etiam
1374 2547 1523 2592 tanto
1556 2548 1674 2610 ιιρςι
1702 2540 1910 2607 Augus-

334 2613 497 2673 tinus,
527 2611 619 2664 lib.
658 2626 715 2676 ll,
746 2626 865 2680 cap.
896 2609 1049 2673 7,7de
1071 2611 1341 2678 Baptismo
1366 2616 1554 2663 contra
1582 2609 1907 2662 Donatistas:

339 2681 507 2747 Quam
549 2683 962 2736 consuetudinem
991 2682 1235 2735 credaea:
1272 2680 1552 2747 apostalicu
1590 2694 1913 2734 'l'ltADl'l‘lONB

332 2751 608 2805 uenientem
636 2793 650 2817 ,
680 2753 807 2805 sicut
832 2754 994 2805 multa
1020 2768 1119 2806 non
1146 2753 1468 2805 inveniuntur
1488 2751 1541 2803 in
1575 2749 1714 2803 libris
1742 2766 1916 2803 eorum

340 2830 499 2891 ireque
518 2822 829 2894 ingconciliis
849 2823 1183 2894 posteriorum
1214 2837 1234 2886 ;
1261 2832 1307 2875 et
1336 2822 1659 2894 tamenquia
1684 2835 1773 2894 per
1801 2820 1917 2874 uni-

334 2890 534 2957 uersam
566 2890 1141 2947 Ecclesiam'creduntur
1165 2934 1179 2955 ,
1202 2892 1404 2945 nonnisi
1420 2890 1480 2943 ab
1509 2892 1632 2962 ipsis
1650 2891 1845 2962 tradita
1873 2900 1919 2944 et

338 2963 690 3017 commendata
711 2966 1006 3021 creduntur.
1038 2965 1101 3017 Et
1114 2964 1214 3017 lib.
1251 2978 1324 3027 IV,
1352 2976 1473 3029 cap.
1493 2960 1601 3015 ‘24-:
1628 2960 1778 3028 Quod
1800 2963 1917 3015 uni-

262 3058 271 3065 ι
341 3050 483 3088 versa
506 3043 634 3088 tenet
667 3033 916 3098 Ecclesia,
946 3051 1035 3087 nec
1061 3034 1287 3086 conciliis
1322 3034 1635 3093 institutum,
1664 3033 1753 3086 sed
1782 3049 1912 3086 sem-

334 3082 1989 3175 s;.';.;a.}...;si;'55.;as'naasui.‘strinxissent-~c
2023 3082 2438 3161 ii...‘.~'."..’...‘i.-‘.2;
2460 3082 2865 3175 agninos};

344 3188 459 3230 tum
495 3176 769 3229 rectissime
818 3176 1061 3230 creditur.
1095 3174 1226 3237 Vide
1258 3174 1502 3228 eumdem
1528 3184 1582 3228 et
1613 3175 1707 3228 lib.
1736 3191 1753 3229 ι
1798 3190 1920 3228 con-

345 3254 425 3299 tra
474 3246 818 3302 Cresconinm
842 3260 979 3314 cap.
1018 3248 1106 3300 55.
1139 3245 1315 3300 Secuti
1348 3254 1399 3298 et
1432 3244 1567 3297 hanc
1597 3246 1915 3300 sententiam

344 3326 397 3370 et
440 3316 748 3370 traditionis
773 3319 1174 3386 przcrogativam
1225 3318 1576 3386 imperatores
1616 3316 1683 3369 ab
1714 3318 1922 3383 episco-

344 3388 425 3456 pis
452 3386 624 3442 edocn
648 3428 663 3448 ,
698 3384 1101 3442 Valentinianus
1121 3386 1328 3440 scilicet
1357 3386 1457 3454 leg.
1484 3384 1503 3436 ι
1535 3399 1679 3456 supr.
1712 3387 1798 3439 nhi
1830 3401 1923 3441 eo-

347 3455 469 3512 dem
500 3472 662 3511 sensu
691 3458 793 3519 ait,
821 3470 998 3512 contra
1022 3471 1344 3514 ms'rrruruu
1371 3456 1594 3508 omnium
1621 3455 1925 3522 baptismum

344 3530 544 3593 iterari;
563 3529 851 3603 Gratianus
882 3529 978 3603 hac
1009 3532 1115 3603 lege
1138 3529 1223 3581 ubi
1251 3528 1447 3603 pariter
1468 3527 1562 3592 ait,
1592 3542 1923 3603 ms'n'rurto-

349 3615 446 3653 nes
490 3599 791 3671 sequendas
812 3642 826 3663 ,
859 3611 910 3653 et
942 3599 1071 3657 item
1092 3643 1105 3666 ,
1157 3599 1293 3671 quod
1323 3613 1577 3671 'rnttnmo
1630 3600 1925 3669 incorrupta

351 3672 541 3723 servavi
573 3685 591 3733 ;
632 3670 896 3726 Honorius
932 3672 970 3726 ι.
1022 3688 1073 3728 Iv
1101 3669 1222 3740 infr.
1252 3680 1305 3724 ut
1338 3669 1576 3722 traditum
1605 3679 1697 3723 est.
1728 3671 1922 3724 liadetn

354 3756 486 3814 vero
532 3742 815 3795 traditione
859 3742 1383 3814 sicut'singnlaritas
1411 3741 1724 3814 baptismi,
1764 3744 1831 3814 ita
1874 3748 1929 3795 et

358 3811 596 3881 plerique
626 3813 755 3866 ritus
782 3815 831 3866 in
860 3811 1199 3881 baptismate,
1234 3829 1297 3865 ne
1322 3812 1390 3865 de
1414 3812 1531 3863 aliis
1559 3829 1697 3866 nunc
1727 3813 1923 3876 dicam,

355 3881 799 3947 defendebantur,
832 3893 887 3937 ut
914 3888 1117 3951 prolixe
1144 3884 1437 3953 et‘egregie
1468 3882 1649 3936 multis
1677 3884 1928 3938 demons-

358 3961 464 4005 trat
508 3953 871 4008 Tertullianns
903 3958 967 4009 de
996 3959 1203 4010 (Zorona
1260 3955 1413 4009 milit.
1470 3969 1592 4018 cap.
1644 3953 1747 4018 54,
1781 3955 1814 4009 5
1836 3996 1849 4019 ,
1874 3963 1930 4009 et

359 4025 584 4077 Basilius
611 4024 676 4077 de
704 4027 901 4092 Spiritu
933 4038 1119 4080 sancto
1142 4067 1156 4091 ,
1187 4042 1304 4093 cap.
1332 4024 1398 4078 27
1417 4066 1432 4089 ,
1458 4024 1619 4078 veluti
1643 4040 1925 4080 consecra-

361 4094 433 4146 tio
460 4109 610 4165 aquaz
655 4096 865 4163 oleique
894 4100 1176 4163 unctionis;
1207 4106 1261 4151 et
1290 4096 1458 4165 ipsius
1487 4097 1577 4164 qui
1610 4096 1927 4163 baptismum

362 4164 576 4236 accipit,
611 4167 929 4222 renuntiatio
961 4168 1174 4223 Satanae
1204 4177 1258 4221 et
1287 4164 1492 4236 angelis
1517 4166 1662 4234 ejus;
1699 4167 1852 4221 lactis
1878 4180 1953 4223 et'

362 4234 533 4289 mellis
586 4240 929 4305 prmgustatio
950 4280 964 4302 ,
1009 4241 1121 4307 ipsa
1179 4238 1297 4292 lidei
1329 4234 1592 4305 professio
1619 4278 1631 4299 ,
1665 4249 1719 4291 et
1750 4239 1849 4291 alia
1880 4239 1929 4293 id

362 4319 531 4378 genus
566 4324 578 4357 :
614 4308 829 4378 tandem
852 4319 903 4361 et
934 4308 1067 4362 trina
1099 4308 1317 4363 mersio.
1342 4307 1697 4378 Hieronymus
1723 4323 1933 4377 quoque

364 4374 621 4429 adversus
651 4376 1014 4431 Luciferianos
1040 4396 1053 4430 :
1087 4378 1165 4431 An
1198 4380 1357 4432 nescis
1393 4374 1557 4429 ctiant'
1583 4374 1931 4433 Ecclesiarutn

368 4445 501 4499 hunc
521 4457 627 4521 esse
668 4461 877 4521 rnorem,
904 4458 957 4501 ut
985 4449 1252 4521 baptizatis
1279 4457 1455 4519 postea
1491 4464 1679 4521 manus
1700 4451 1933 4518 impona-

366 4526 479 4591 tur,
522 4527 566 4571 et
593 4518 671 4591 ita
705 4518 963 4591 inpacetur
1010 4517 1249 4591 Spiritus,
1280 4517 1532 4591 sanctas?
1580 4517 1796 4591 Exigis,
1850 4522 1934 4575 ubi

367 4588 611 4661 scriptam
631 4588 722 4640 sit?
752 4589 803 4640 in
827 4590 1029 4642 Actibus
1043 4590 1416 4661 Apostolorum.
1447 4587 1939 4661 Etiantsiicripttti'te

370 4660 646 4711 auctoritas
676 4674 775 4711 non
809 4661 1029 4712 subesset
1055 4704 1068 4727 ,
1106 4662 1255 4711 totius
1287 4660 1422 4711 orbis
1444 4659 1495 4710 in
1519 4660 1616 4711 hac
1651 4659 1793 4729 parte
1817 4678 1940 4715 con-

368 4744 547 4781 sensus
592 4731 753 4781 instar
794 4731 1030 4797 praecepti
1060 4731 1301 4783 obtineret
1330 4744 1347 4781 :
1374 4746 1489 4779 nam
1534 4739 1580 4781 et
1608 4731 1799 4791 multa,
1832 4748 1944 4796 quae

373 4814 462 4867 per
493 4814 851 4855 TRADITIONBI
882 4803 931 4852 in
962 4799 1195 4853 Ecclesia
1220 4800 1568 4861 observantur,
1594 4802 1945 4856 auctoritatem

370 4869 464 4945 sibi
489 4872 692 4945 scripta:
713 4872 835 4945 legis
858 4881 1248 4945 usurpaverant,
1276 4871 1407 4945 uelut
1426 4872 1478 4922 in
1504 4874 1704 4922 lavacra
1728 4881 1947 4945 tet-nter-

373 4890 462 4943 swt
489 4890 586 4923 σενι
628 4890 692 4924 ue
713 4890 835 4945 (6’ng
858 4890 1248 4935 usurpaverant,
1276 4890 1478 4923 venum
1504 4890 1704 4922 lavacro
1728 4890 1800 4923 ter
1814 4890 1945 4924 nter-

373 4941 551 5008 gitare.
579 4890 753 5006 6uare
779 4951 833 4997 et
854 4943 919 4996 ad
952 4942 1122 5011 ipsum
1160 4941 1439 4995 lloininnm
1469 4948 1523 4993 et
1546 4941 1817 5008 apostolos
1850 4942 1945 4997 hos

372 5010 507 5063 ritus
552 5012 751 5067 referre
776 5030 883 5085 non
932 5010 1183 5085 verentur
1208 5012 1740 5085 Chrysostomus,_si
1772 5012 1945 5085 Chry-

374 5085 594 5151 sostomi
635 5094 718 5137 est
766 5082 994 5137 Hamilia
1040 5085 1103 5138 de
1129 5085 1229 5151 ﬁde
1279 5081 1331 5137 in
1371 5081 1580 5135 Patrem
1604 5124 1619 5148 ,
1654 5082 1850 5136 Filium
1887 5081 1944 5138 'et

376 5150 626 5224 Spiritum
653 5154 919 5224 Sanctum.
945 5168 999 5210 et
1028 5150 1271 5224 Pelagius
1318 5153 1456 5221 apud
1497 5152 1807 5208 Gratianum
1833 5196 1846 5219 ,
1878 5156 1945 5209 de

376 5220 632 5295 Consecr.
660 5223 784 5291 dist.
814 5224 867 5277 4.
900 5225 965 5279 Et
1004 5227 1073 5280 ita
1101 5220 1313 5295 quinque
1340 5220 1588 5295 hmcjam
1615 5224 1866 5279 dicuntur
1892 5234 1947 5279 et

378 5292 464 5347 hic
494 5293 755 5350 habentur
780 5292 1139 5365 Apostolorum
1162 5292 1433 5365 prlecep‘ta,
1463 5294 1576 5348 lucc
1590 5296 1869 5364 apostolica
1899 5305 1947 5349 et

376 5367 721 5433 apostolorum
760 5365 905 5433 ﬁdes,
924 5383 1093 5491 gnam
1124 5367 1331 5421 scilicet
1360 5365 1600 5421 Traditio
1639 5368 1945 5435 incorrupta

378 5437 630 5491 servavit.
683 5437 778 5491 Cui
828 5449 881 5491 et
974 5440 1320 5491 uanaeliorum
1364 5437 1496 5490 ﬁdes
1546 5436 1631 5489 hic
1674 5437 1945 5491 sociatur:

327 5486 333 5503 ._
378 5437 630 5508 servavit.
683 5437 778 5493 Cui
828 5449 881 5492 et
924 5436 1320 5508 Evangeliarum
1364 5437 1496 5508 ﬁdes
1546 5436 1631 5489 hic
1674 5437 1946 5493 sociatur:

380 5505 1015 5578 Quomodo‘Angustinus
1044 5505 1260 5578 quoque
1291 5506 1452 5578 204
1478 5509 1574 5561 etsi
1606 5508 1949 5563 traditionem

381 5584 436 5648 et
460 5580 899 5648 consuetudinem
928 5591 1145 5648 urgeat.
1174 5581 1311 5632 idem
1340 5591 1515 5633 tamen
1542 5618 1570 5648 ,γ
1589 5594 1654 5631 ne
1681 5578 1952 5635 videretur

384 5644 628 5701 humanis
659 5644 1219 5729 tantumargumentis
1239 5662 1418 5718 agere.
1447 5664 1510 5703 es
1536 5645 1827 5719 Evangelia
1850 5650 1950 5705 ἀοι

2005 1759 2164 1816 modo
2208 1765 2264 1812 et
2306 1756 2395 1812 hic
2433 1755 2695 1827 vocatur)
2726 1755 2791 1811 ad
2835 1756 3167 1811 cohibendos
3207 1755 3586 1811 haereticorum

2003 1839 2178 1888 cintus
2205 1847 2218 1883 :
2247 1839 2301 1882 ut
2328 1828 2659 1896 caetrroquin
2678 1828 2872 1882 tribuni
2903 1841 2954 1883 et
2983 1828 3176 1882 natarii
3201 1828 3270 1882 ab
3300 1830 3589 1899 imperato-

2001 1905 2150 1959 ribus
2184 1914 2304 1954 cum
2336 1900 2601 1954 inaudatis
2627 1907 2677 1953 et
2712 1902 2995 1968 praeceptis
3028 1899 3174 1953 missi
3207 1900 3371 1953 etiam
3411 1900 3465 1952 in
3496 1914 3591 1952 ne-

2001 1974 2145 2044 gotio
2192 1971 2467 2094 religionis
2492 2013 2506 2034 .
2539 1971 2607 2024 de
2647 1986 2754 2039 quo
2783 1970 2937 2038 plene
2963 1970 3029 2024 ad
3071 1971 3109 2024 ι.
3158 1970 3300 2023 unic.
3347 1987 3495 2038 supr.
3524 1968 3588 2023 de

2003 2041 2259 2094 mandatis
2331 2043 2585 2094 rincinum
2606 2058 2623 2094 :
2644 2042 2731 2094 ubi
2751 2041 3043 2094 Marcellini
3065 2051 3118 2094 et
3135 2041 3384 2094 Dalmatii
3406 2055 3588 2094 exem-

2003 2041 2259 2166 in|andatis
2286 2041 2585 2166 Pii-incipum
2606 2058 2623 2097 :
2644 2042 2731 2096 ubi
2751 2041 3043 2097 Marcellini
3065 2051 3118 2096 et
3135 2041 3384 2096 Dalmatii
3406 2055 3588 2097 exem-

2007 2132 2037 2166 ll
2060 2125 2256 2166 a.tnter
2295 2130 2320 2164 a
2352 2129 2418 2165 ta.

2027 2115 2256 2170 ila.inter
2295 2115 2418 2166 alia.

2007 2132 2256 2239 “agniti?
2273 2132 2533 2254 datimhujus
2564 2183 2687 2254 legis
2729 2184 2975 2239 sententia
2998 2225 3012 2248 ,
3041 2183 3280 2253 quidque
3330 2181 3587 2254 adversus

2008 2256 2402 2323 rebaptizantes
2424 2253 2715 2309 constituat
2739 2255 3061 2310 Gratianus:
3091 2269 3287 2325 nempe
3314 2254 3415 2309 tria
3446 2253 3583 2319 haec,

2008 2329 2152 2383 hunc
2184 2327 2233 2380 in
2264 2326 2421 2379 linem
2444 2335 2748 2380 statuuntur
2779 2344 2793 2379 :
3292 2356 3297 2360 ι
3600 2329 3606 2333 “

2083 2398 2317 2452 Primum
2366 2398 2628 2451 absistere
2678 2398 2890 2452 miseris
2917 2396 3195 2453 erroribus
3224 2395 3360 2450 suis.
3393 2394 3589 2465 Vicarii

2012 2470 2203 2525 Africa:
2238 2468 2557 2521 auctoritate
2589 2468 2877 2537 iubentur,
2896 2469 2954 2537 id
2984 2478 3069 2523 est
3096 2483 3285 2523 eorum
3312 2477 3487 2521 cretus
3508 2466 3590 2537 in.

2015 2540 2203 2593 hibero
2249 2538 2331 2591 his
2381 2535 2618 2605 jubetnr.
2659 2540 2809 2605 Quod
2855 2535 3048 2593 mirum
3081 2557 3094 2592 :
3124 2537 3421 2593 Flavianus
3450 2535 3592 2591 enim

2014 2610 2101 2665 hic
2133 2609 2377 2681 Vicarius
2406 2607 2601 2681 Africa:
2658 2610 2853 2681 (cujus
2903 2610 3138 2676 alioquin
3162 2609 3431 2681 (meminit
3458 2620 3591 2675 quo-

2014 2697 2119 2749 que
2150 2680 2466 2734 Ammianus
2498 2679 2853 2751 .Marcellinns
2899 2690 3120 2735 extrema
3150 2679 3284 2734 libro
3326 2692 3511 2751 xxviii,
3540 2684 3596 2732 et

2017 2751 2346 2821 Augustinus
2393 2749 2540 2822 epist.
2585 2765 2781 2816 ccxxv;
2812 2751 2931 2806 vide
2967 2750 3349 2822 Symmachum
3398 2749 3486 2802 lib.
3527 2763 3589 2822 ιι2

2016 2818 2125 2893 ρρῖ
2145 2837 2294 2876 xxvn
2319 2829 2373 2874 et
2400 2819 2549 2889 LXIII)
2581 2823 2746 2890 partis
2798 2818 3221 2893 Donatistarum
3244 2828 3365 2875 erat
3390 2862 3407 2886 ,
3430 2818 3594 2893 _quod

2021 2890 2303 2963 Augustini
2322 2893 2488 2956 locus,
2506 2893 2645 2946 dicta
2664 2895 2813 2963 epist.
2840 2909 3019 2959 cutv,
3037 2890 3293 2956 ostendit,
3312 2892 3401 2945 ubi
3426 2891 3595 2945 Dona-
3618 2914 3619 2917 η

2023 2965 2177 3018 tistas‘
2206 2966 2285 3018 sic
2332 2964 2534 3026 inducit
2578 2963 2879 3032 loquentes,
2906 2963 3023 3026 ’ωσι
3054 2975 3107 3019 et
3144 2964 3227 3017 eis
3264 2964 3588 3032 respondet:

2024 3038 2087 3089 At
2118 3036 2249 3088 enim
2289 3035 2439 3107 (sunt
2473 3030 3102 3107 verba—DonatiStarum)
3132 3042 3199 3107 iet
3225 3030 3393 3087 malas

2889 3101 3205 3231 gespondet
3226 3101 3591 3187 Augustinus),

2940 3176 3235 3231 atestatibus
3260 3216 3275 3231 .
3306 3175 3375 3229 ad
3406 3175 3591 3231 hocin-

2022 3194 2124 3230 non
2150 3177 2299 3229 liceat
2326 3191 2346 3228 :
2376 3177 2466 3227 sed
2492 3174 2737 3246 numquid
2766 3178 2859 3231 hoc
2890 3174 3235 3232 Patéstatibus
3260 3216 3275 3237 ,
3306 3175 3375 3229 ad
3406 3175 3499 3228 hoc
3516 3174 3596 3246 ip-

2021 3263 2135 3302 sum
2163 3247 2413 3319 ordinatis
2443 3288 2457 3309 ,
2487 3251 2566 3319 [as
2593 3244 2662 3301 est
2707 3248 2969 3315 objicere?
2996 3265 3061 3301 an
3087 3248 3380 3319 apostolum
3411 3244 3597 3299 delebi-

2024 3320 2173 3390 mus?
2197 3317 2301 3372 Sed
2345 3331 2453 3390 vos,
2481 3316 2677 3390 inquies
2736 3320 2928 3390 (altera
2950 3319 3062 3390 haec
3088 3316 3168 3373 est
3200 3317 3595 3390 Donatistarum

2024 3387 2518 3461 obiectio),talibus
2541 3387 2560 3457 (
2584 3387 2967 3461 potestatibus)
2998 3389 3375 3461 communicare
3401 3404 3500 3461 non
3519 3387 3599 3461 de-

2025 3459 2149 3512 betis
2172 3460 2196 3512 ?
2222 3458 2357 3522 Quid
2382 3475 2501 3530 ergo
2533 3456 2845 3530 (respondet
2866 3456 3243 3530 Augustinus)?
3282 3474 3369 3511 eos
3400 3456 3600 3530 Flauia-

2029 3545 2092 3582 na
2120 3534 2373 3599 quondam
2413 3528 2612 3582 Vicario
2633 3532 2795 3601 partis
2822 3528 2996 3584 vestris
3020 3530 3234 3597 homini,
3268 3530 3388 3595 quia
3416 3528 3600 3599 legibus

2028 3601 2249 3653 serviens
2277 3611 2507 3653 nocentes
2536 3618 2657 3665 quos
2685 3603 2939 3668 invenem!
2958 3644 2973 3667 ,
3004 3601 3295 3663 accidebat,
3326 3615 3429 3652 non
3471 3615 3603 3652 cant-

2030 3673 2323 3725 municastis
2353 3671 2377 3723 ?
2431 3672 2495 3724 Et
2522 3686 2650 3728 sane
2680 3673 2716 3727 l.
2752 3688 2806 3727 tv
2838 3690 2980 3735 supr.
3013 3674 3077 3735 de
3122 3671 3394 3726 Hmcticis
3416 3710 3432 3734 ,
3466 3669 3600 3732 idem

2031 3741 2316 3797 Gratianus
2344 3744 2363 3812 (
2389 3759 2528 3795 anim
2576 3744 2817 3812 proximo
2847 3740 2950 3799 378
2980 3745 3229 3799 existimo
3252 3740 3272 3813 )
3295 3750 3469 3796 ccetus
3500 3740 3602 3793 h2-

2031 3815 2227 3867 rcticos
2286 3814 2711 3885 dissimulatione
2768 3815 3014 3870 Judicum
3082 3816 3273 3885 agitari
3318 3814 3601 3885 permissos

2034 3894 2274 3956 testatur.
2315 3882 2377 3938 Et
2403 3900 2529 3938 vero
2569 3902 2629 3940 ea
2661 3887 2744 3941 lex
2774 3887 3018 3956 (addatur
3042 3896 3096 3940 et
3120 3882 3225 3940 'lca:
3262 3901 3294 3937 ν
3319 3882 3467 3952 cad.)
3489 3882 3602 3935 huic

2036 3955 2306 4008 ﬁrmanda:
2352 3957 2453 4009 lata
2503 3958 2713 4011 videtur
2744 3975 2755 4009 :
2783 3970 2835 4011 et
2887 3960 3107 4026 utraque
3155 3957 3398 4025 anterior
3436 3956 3601 4026 aliqua

2034 4026 2115 4079 lex
2145 4026 2412 4096 antiquior
2432 4028 2687 4081 adversus
2711 4038 2884 4081 etetus
2916 4025 3294 4081 [hereticorum
3326 4025 3602 4096 conllrmt-

2034 4105 2151 4150 tur:
2182 4095 2323 4162 alim,
2355 4099 2544 4167 inquit,
2571 4098 2689 4152 dict.
2729 4100 2768 4153 l.
2794 4114 2863 4158 tv.
2883 4098 3163 4151 Jussimtts.
3184 4097 3295 4152 Hac
3323 4110 3452 4151 vero
3474 4095 3598 4163 lege,

2038 4167 2191 4221 Nihil
2221 4180 2272 4221 at
2297 4170 2358 4222 ab
2382 4166 2639 4223 eatenare
2662 4172 2855 4236 sanatio
2883 4180 3057 4223 nostra
3082 4169 3358 4232 diminuat,
3388 4166 3474 4236 qui
3496 4167 3601 4219 dato

2035 4239 2229 4292 dudum
2251 4242 2317 4293 ad
2343 4237 2629 4294 Nitentium
2675 4253 2927 4310 praecepto
2952 4242 3120 4310 fuerat
3148 4240 3476 4310 constitutus.

2109 4311 2378 4375 Secundo,
2416 4306 2684 4365 Ecclesiae
2713 4306 2851 4378 quas
2897 4306 3072 4365 adhuc
3104 4309 3395 4364 nonnullas
3418 4306 3601 4362 retine-

2037 4380 2165 4434 bant
2220 4382 2536 4449 Donatistae,
2565 4382 2822 4437 Ecclesize
2868 4380 3159 4437 Catholica:
3213 4382 3493 4437 restituere
3526 4380 3600 4447 ju-

1960 4484 2015 4543 D
2040 4452 2252 4543 b61395:

2113 4522 2318 4587 Tertio,
2343 4524 2455 4579 loca
2485 4526 2534 4577 in
2563 4525 2756 4594 quibus
2778 4523 3007 4578 coierint
3032 4522 3594 4646 conﬁscari‘y'ubentur.

2113 4594 2144 4646 tl
2169 4596 2461 4646 notandum
2492 4596 2557 4646 ad
2586 4596 2635 4646 id
2667 4595 2934 4646 deleszisse
2961 4609 3056 4646 eos
3082 4594 3296 4646 niaanas
3363 4609 3499 4646 amas
3517 4604 3594 4645 seu

2045 4593 2144 4649 Ubi
2169 4596 2461 4649 notandum
2492 4596 2557 4649 ad
2583 4593 2635 4650 id
2667 4595 2934 4664 delegisse
2961 4609 3056 4649 eos
3082 4594 3296 4664 niagnas
3324 4593 3499 4647 damas
3517 4604 3597 4645 seu

2045 4665 2233 4737 fundos
2264 4681 2279 4717 :
2311 4666 2505 4737 de_qu.a
2535 4664 2919 4719 conﬁscationc
2946 4667 3308 4737 Augustinus,
3338 4666 3427 4719 lib.
3458 4678 3601 4719 Icon-

2044 4745 2121 4787 ινα
2153 4735 2343 4787 litteras
2374 4735 2616 4789 Petiliani
2640 4753 2684 4789 ε.
2714 4737 2806 4790 24.

2120 4803 2359 4858 Tandem
2390 4808 2489 4879 sibi
2514 4807 2739 4879 quisque
2773 4806 3011 4861 nocitura
3062 4809 3204 4879 quod
3231 4809 3393 4863 sentit
3423 4804 3600 4879 sentire

2051 4884 2299 4951 monetur
2329 4894 2341 4928 :
2369 4872 2583 4951 sibique
2605 4872 3104 4951 salislovere'viru's
3126 4879 3271 4951 (nam
3298 4880 3372 4934 ita
3398 4872 3596 4951 repono)

2051 4943 2228 5017 impia:
2250 4943 2570 5017 disciplinae.
2601 4945 2755 5012 Quod
2786 4943 3278 5017 omnitmcon'gruit
3300 4992 3316 5016 ,
3344 4943 3600 5017 sententia‘.

2052 5013 2211 5089 simul
2239 5016 2523 5089 et.vcrbis,
2551 5016 2587 5089 l_.
2613 5032 2643 5068 v
2672 5032 2816 5083 supr.
2842 5016 2904 5069 de
2927 5013 3240 5085 Haereticis.,
3268 5013 3393 5089 qua:
3413 5016 3600 5073 biennio

2054 5084 2222 5137 ferme
2252 5093 2373 5153 post
2403 5084 2539 5153 hapc
2568 5086 2738 5153 legem
2770 5088 2891 5139 data
2920 5097 3022 5140 est.
3116 5137 3121 5144 .

2127 5155 2191 5208 Et
2220 5155 2333 5210 hinc
2358 5154 2573 5227 quidem
2607 5156 2781 5211 omnia
2827 5156 3131 5212 Donatistas
3160 5158 3475 5227 respiciunt.
3517 5154 3601 5209 Ne-

2052 5241 2154 5300 que
2181 5226 2322 5300 enim
2349 5225 2508 5300 audio
2532 5226 2827 5300 Baronium
2844 5225 3599 5300 existimantem—posteriora!!!

2054 5296 2277 5369 hujusce
2309 5298 2440 5366 legis
2467 5307 2670 5365 partem
2707 5299 2771 5351 ad
2815 5297 3136 5353 Manichaens
3179 5296 3466 5369 spectare;
3499 5309 3599 5354 nam

2055 5367 2161 5438 imo
2190 5376 2298 5421 tota
2340 5369 2472 5437 legis
2516 5371 2684 5423 series
2719 5371 3045 5424 contrarium
3089 5367 3346 5426 ostendit.
3391 5368 3602 5438 Denique

2056 5437 2163 5491 duo
2194 5440 2589 5493 Donatistarum
2614 5454 2812 5509 genera
2859 5439 2944 5495 hic
2973 5443 3379 5497 constituuntur
3409 5458 3424 5494 :
3462 5437 3600 5507 unum

2030 5522 2244 5581 eorum
2294 5511 2383 5579 qui
2423 5510 2690 5565 Ecclesias
2735 5510 2910 5565 adhuc
2955 5509 3431 5581 quasdamgconu'a
3472 5509 3601 5579 tidem

2059 5566 2362 5658 retinebant
2393 5597 2407 5633 :
2447 5581 2905 5658 alterumcoer
2930 5566 3088 5658 ,‘qui
3116 5566 3479 5658 deﬁcielesiis
3500 5581 3603 5658 l_ieo}

2059 5650 2311 5719 expulsi,
2348 5653 2561 5708 occulto
2604 5662 2788 5708 tamen
2832 5645 3030 5733 [πώ-ε’
3064 5652 3478 5725 sumuntur.
3508 5645 3603 5707 led

3454 5963 3794 6066 add]
