3838 6222
215 317 359 375 1185

1067 319 1158 374 an
1200 277 1739 376 DONA'i‘IS'I‘ARUM
1779 316 2150 400 HISTORIAM
2190 317 2674 374 PEItTlNENTlA.

3356 319 3495 377 H86

214 430 418 486 fiscalis
442 429 1244 500 publicatiocomprehendet,si
1273 433 1526 502 piaculari
1549 433 1808 488 doctrinae
1838 437 1882 494 Α
1912 409 2120 487 versam
2148 431 2380 488 Africam
2410 475 2423 498 ,
2458 433 2558 487 hoc
2593 441 2676 488 est
2698 473 2713 497 ,
2761 447 2854 501 per
2894 431 3230 488 Provinciam
3261 434 3498 489 Procon-

212 534 431 579 secreta
480 524 808 592 prazbuerint
836 542 850 580 :
880 525 1008 579 nihil
1049 534 1108 580 ut
1148 528 1215 582 ab
1266 542 1331 582 eo
1381 538 1567 582 tenore
1598 527 1803 580 sanctio

212 625 406 670 nostra
435 614 718 678 diminuat,
743 616 832 684 qui
863 616 987 671 dato
1014 617 1214 671 dudum
1245 617 1310 672 ad
1341 617 1632 672 Nitentium
1671 633 1805 686 prte-

166 711 172 716 '
213 713 381 776 cepto
409 704 586 760 fuerat
622 707 966 762 constitutus.
996 709 1150 775 Quod
1179 710 1221 764 si
1253 724 1498 766 errorem
1542 726 1696 765 suum
1724 710 1805 764 di—

212 795 414 868 ligunt,
443 799 555 853 suis
589 799 743 854 malis
768 800 1176 872 domesticoque
1200 813 1434 868 secreto,
1464 803 1563 857 soli
1601 813 1802 869 tamen,

211 888 439 946 foveant
464 891 609 947 viros
653 893 829 962 impia:
859 893 1180 964 disciplinze‘.
1227 895 1348 948 Dat.
1396 911 1481 949 xvt
1523 893 1630 949 kal.
1671 889 1802 949 Nov‘.

213 998 304 1040 cr.
338 983 592 1040 Gratiano
620 1002 672 1040 Α.
707 1001 758 1040 tv
784 997 838 1040 et
867 985 1194 1042 Merobaude
1223 985 1373 1041 Coss.

757 1077 906 1134 Auno
942 1078 1128 1134 Βοιωιι
1149 1078 1274 1133 595.

974 1168 1062 1224 ιν.
1200 1168 1209 1179 ’

432 1259 800 1317 DECRETUM
831 1258 1273 1316 HIPPONENSIS
1309 1257 1607 1314 CONCILII

217 1367 292 1410 DE
350 1369 655 1410 DONATlSTlS
703 1369 942 1409 CLEBICIS
990 1368 1041 1407 IN
1075 1367 1287 1407 κυκειιο
1337 1365 1600 1429 ιΑιεοιιυιι
1661 1365 1810 1406 REGI-

905 1460 1108 1500 PIENDIS
1125 1480 1152 1510 ,-

333 1539 628 1596 Rccitatnm
661 1540 712 1593 in
740 1539 970 1593 concilio
1002 1538 1405 1621 Carthaginensi
1430 1539 1551 1593 anni
1576 1539 1700 1594 397.

295 1630 504 1687 Placuit
534 1633 716 1697 etiam,
750 1640 808 1686 ut
849 1631 970 1701 quia
1025 1631 1075 1684 in
1109 1630 1536 1700 praecedentibus
1564 1631 1809 1686 conciliis

217 1714 484 1780 statutum
513 1732 595 1779 est
625 1723 701 1795 (1)
720 1765 734 1790 ,
783 1739 849 1778 ne
878 1723 996 1792 quis
1023 1723 1418 1777 Donatistarum
1450 1739 1572 1777 eum
1603 1724 1810 1777 honore

1906 523 2180 587 sularem,
2224 523 2558 589 Numidiam,
2599 522 2968 578 Mauritaniam
3001 565 3014 589 ,
3064 524 3398 596 Byzaeenam
3443 513 3500 581 et

1908 614 2145 684 Tripolin
2177 615 2482 669 constitutis
2506 655 2521 682 ,
2571 615 2665 670 sed
2705 624 2758 670 et
2800 613 3138 686 Presbyter-is
3165 655 3179 677 ,
3213 616 3455 672 diaeonis
3481 657 3494 683 ,

1907 715 1964 784 et
1983 706 2244 760 universis
2271 707 2523 776 plebibus
2548 749 2562 773 ,
2590 707 2642 762 in
2673 707 2897 762 veritate
2918 704 3190 784 Evangelii
3217 701 3494 763 nobiscum

1909 782 2298 862 militantibus,
2371 797 2712 864 Victorinus,
2770 797 3132 863 Fortunatus,
3182 782 3255 853 ‘et
3314 798 3492 854 Victo-

1909 891 2124 956 rianus,
2163 890 2424 960 Migginus
2455 933 2468 956 ,
2521 892 2874 956 Saturninus,
2927 892 3313 956 Constantius,
3362 890 3500 947 Can-

1910 979 2126 1049 dorius,
2174 982 2518 1036 Innocentius
2543 1025 2556 1047 ,
2605 983 2927 1038 Cresconius
2953 1025 2966 1048 ,
3002 982 3307 1037 Florentius
3333 1025 3347 1049 ,
3379 982 3500 1038 Sal-

1910 1072 2052 1140 vius,
2076 1072 2212 1126 alius
2235 1073 2472 1139 Salvius,
2501 1075 2760 1141 Donatus,
2794 1075 3091 1140 Geminius,
3144 1074 3499 1133 Przetextatus

1815 1239 1823 1246 ε
1914 1163 2287 1234 (Assuritanus
2325 1165 2656 1237 episcopus).
2705 1166 3076 1234 Maximianus,
3139 1166 3456 1223 Theodorus
3485 1208 3502 1234 ,

1918 1253 2232 1310 Anastasius
2258 1296 2273 1320 ,
2324 1255 2657 1312 Donatianus
2687 1297 2702 1323 ,
2744 1257 2982 1312 Donatus
3009 1299 3020 1321 ,
3051 1257 3188 1312 alter
3217 1257 3456 1314 Donatus
3482 1300 3496 1326 ,

1912 1345 2239 1415 Pomponius
2263 1388 2278 1412 ,
2335 1347 2650 1403 Pancratius
2676 1390 2691 1416 ,
2739 1348 3026 1404 Januarius
3053 1391 3069 1416 ,
3117 1350 3458 1407 Secundinus
3483 1392 3499 1418 ,

1912 1435 2266 1505 Paschasius,
2311 1438 2634 1496 Cresconius
2663 1481 2679 1506 ,
2733 1441 3102 1511 Rogatianus,
3153 1442 3289 1497 alius
3331 1442 3504 1497 Maxi-

1846 1535 1852 1540 ‘
1912 1529 2162 1594 mianus,
2214 1531 2553 1598 Benenatus,
2596 1533 2868 1601 Gaianus,
2915 1534 3218 1589 Victorinus
3245 1576 3259 1600 ,
3302 1535 3505 1591 Gunta-

1914 1621 2026 1676 sius
2050 1664 2065 1688 ,
2097 1621 2407 1690 Quiutasius
2426 1665 2440 1691 ,
2491 1624 2797 1682 Fclicianus
2822 1667 2836 1691 ,
2884 1625 3101 1682 Salvius
3126 1668 3143 1694 ,
3194 1627 3461 1698 Migginus
3485 1669 3500 1695 ,

1913 1713 2174 1771 Proculus
2203 1757 2218 1783 ,
2266 1715 2487 1772 Latinus
2541 1727 2594 1773 et
2641 1719 2818 1775 cmteri
2864 1718 2952 1789 qui
2991 1719 3042 1772 in
3073 1719 3316 1774 Concilio
3363 1719 3503 1790 apud

217 1831 325 1872 suo
375 1818 664 1887 recipiatur
712 1832 742 1871 a
777 1817 943 1872 (nobis
969 1856 982 1881 ,
1041 1817 1134 1870 sed
1167 1817 1220 1870 in
1269 1830 1496 1870 numero
1525 1816 1806 1882 laicorum,
1837 1827 1885 1886 Β
1913 1804 2227 1864 CabarSUSSi
2261 1810 2458 1866 fuil'nus
2480 1853 2493 1876 .
2527 1811 2579 1866 in
2610 1811 2834 1868 Domino
2860 1821 3115 1867 mtcruam
3147 1814 3398 1884 salutem-

217 1922 447 1982 prOpter
491 1911 720 1966 salutem
761 1926 880 1980 quae
913 1910 1042 1963 nulli
1069 1908 1382 1978 deneganda
1426 1918 1511 1964 est
1553 1910 1571 1982 (
1604 1919 1808 1964 tantum

218 2013 407 2058 autem
455 2005 648 2071 inopiae
697 2003 1022 2056 clericorum
1064 2001 1487 2056 ordina'ndorum
1533 2002 1585 2056 in
1632 2000 1811 2056 Africa

215 2097 505 2167 patiuntur
527 2095 807 2158 Ecclesiae,
839 2103 894 2148 ut
921 2094 1162 2162 quaedam
1200 2095 1315 2150 loca
1346 2097 1568 2151 omnino
1599 2095 1812 2149 deserta

214 2185 378 2256 sint),
410 2197 655 2242 servetur
677 2188 890 2256 quidem
929 2187 982 2242 in
1014 2187 1134 2242 istis
1156 2230 1169 2252 ,
1203 2187 1343 2256 quod
1370 2189 1480 2256 jam
1512 2201 1666 2242 antea
1696 2202 1813 2242 cre-

216 2280 398 2336 ditum
425 2281 517 2353 (al.
549 2280 828 2349 traditum)
861 2289 945 2336 est
974 2299 987 2336 :
1015 2281 1108 2335 sed
1137 2281 1384 2350 exceptis
1417 2282 1529 2344 his,
1564 2297 1698 2350 quos
1724 2289 1815 2335 aut

180 2371 185 2377 ’
219 2389 338 2428 non
380 2372 744 2441 rebaptizasse
780 2373 1130 2439 constiterit,
1161 2381 1252 2426 aut
1288 2374 1375 2443 qui
1405 2389 1526 2428 cum
1559 2374 1670 2427 suis
1702 2374 1816 2442 ple-

218 2467 388 2524 bibus
432 2465 499 2521 ad
535 2467 971 2525 communionem
1012 2466 1342 2521 Catholicam
1375 2467 1604 2522 transire
1634 2466 1816 2520 volue-

219 2558 358 2614 rint.
394 2558 488 2614 Sic
519 2561 660 2612 enim
708 2560 972 2628 scriptum
1003 2571 1084 2613 eSt
1110 2601 1124 2625 ,
1155 2559 1296 2628 quod
1320 2558 1529 2614 duobus
1558 2559 1601 2612 si
1628 2573 1818 2613 conve-

221 2650 374 2705 nerit
417 2649 776 2716 Christianis,
825 2651 1083 2720 quidquid
1134 2651 1387 2721 petierint
1452 2650 1820 2718 impetrabunt

221 2739 460 2812 (Matth.
498 2742 676 2811 xvnt).
706 2741 820 2796 Non
873 2753 1090 2812 oportet
1133 2727 1398 2806 dubitari,
1442 2741 1581 2812 quod
1612 2748 1819 2796 remoto

223 2833 487 2888 scandan
517 2835 870 2888 dissensionis
894 2835 1164 2888 universa:
1188 2835 1379 2903 plebis,
1406 2833 1644 2887 invitatce
1662 2833 1820 2902 pacis

224 2926 674 2993 compensatione
722 2935 774 2980 et
831 2926 1095 2981 sacrificio
1143 2925 1418 2980 charitatis
1473 2924 1817 2989 abolcantur,

226 3032 353 3086 qua:
375 3018 638 3086 majorum
671 3033 893 3072 suorum
928 3017 1298 3072 auctoritatem
1323 3007 1634 3086 sequentes,
1666 3032 1821 3084 repe-

229 3108 426 3162 titione
447 3108 1138 3176 baptismi'commiserunt.
1173 3109 1278 3164 Sed
1312 3108 1450 3162 hanc
1477 3125 1588 3162 rem
1622 3108 1821 3177 placuit

227 3215 343 3257 non
386 3201 695 3256 confirmari
739 3201 1043 3270 priusquam
1077 3200 1290 3254 ‘exinde
1330 3200 1682 3254 transmarina
1722 3199 1821 3254 Ec-

229 3292 399 3349 clcsia
438 3293 771 3348 consulatur.

659 3408 818 3478 205
858 3410 1004 3463 Auno
1041 3408 1230 3462 DOMINI
1272 3407 1396 3462 ⁸595.
1442 3424 1446 3430 ·

1015 3501 1075 3554 γ.

411 3593 742 3651 EPISTOLA
777 3593 1354 3650 CABARSUSSITANI
1394 3591 1683 3648 CONCILII

375 3684 378 3686 ’
479 3703 511 3740 Α
541 3701 848 3742 DONATIS’I‘IS
894 3701 1368 3740 uaxmuueustnus
1413 3701 1592 3739 unum

310 3779 512 3835 Contra
547 3779 873 3834 Primianum
903 3780 1231 3833 Donatistam
1262 3779 1754 3848 Carthaginensem.

482 3872 666 3945 (Edita
692 3880 757 3927 ea:
775 3874 1054 3942 Augustino
1082 3873 1134 3923 in
1157 3871 1352 3924 Psalm.
1385 3871 1594 3942 xxxvr.)

312 3964 680 4026 Sanctissimis
722 3960 996 4016 Fratribus
1042 3972 1202 4032 atque
1248 3960 1511 4030 Collegis,
1550 3976 1667 4032 'per
1715 3963 1832 4016 uni-

1986 2007 2158 2062 Nemo
2183 2017 2264 2063 est
2289 2009 2376 2076 qui
2403 2009 2643 2076 nesciat,
2675 2009 2872 2065 fratres
2914 2001 3291 2079 dilectissimi,
3325 2012 3390 2068 de
3420 2026 3505 2067 sa-

1917 2099 2225 2155 cerdotibus
2277 2101 2521 2166 Domini,
2577 2117 2683 2156 non
2740 2104 2972 2173 propriae
3021 2105 3349 2171 voluntatis,
3409 2105 3505 2160 sed

1916 2191 2112 2247 divinae
2139 2193 2271 2263 legis
2298 2193 2528 2264 impulsu
2554 2237 2570 2262 ,
2603 2205 2710 2249 tam
2735 2195 2786 2250 in
2811 2211 2934 2251 reos
2948 2197 3273 2252 sententiam
3298 2198 3501 2264 dicere,

1918 2299 2079 2363 quam
2122 2284 2500 2340 innocentibus
2530 2285 2784 2341 inﬂictam
2815 2327 2830 2349 ,
2853 2286 2976 2365 jure
3005 2287 3073 2341 ab
3100 2289 3180 2343 eis
3217 2303 3278 2344 ac
3316 2289 3512 2344 merito

1917 2377 2258 2431 submovere.
2321 2376 2438 2431 Non
2492 2377 2599 2433 levi
2660 2379 2801 2432 enim
2872 2379 3112 2448 periculo
3165 2380 3505 2450 subjacebit,

1919 2469 2162 2538 quisquis
2199 2479 2288 2523 aut
2335 2484 2426 2524 reo
2458 2471 2797 2539 pepercerit,
2847 2480 2938 2525 aut
2967 2472 3306 2527 innocentem
3339 2473 3508 2527 confi-

1921 2576 2046 2615 cere
2077 2563 2398 2629 pertentarit
2427 2580 2440 2614 :
2477 2557 2711 2618 maxime
2756 2578 2878 2618 cum
2923 2565 3280 2634 scriptumsit
3311 2582 3325 2618 :
3359 2567 3507 2620 inna-

1921 2660 2110 2705 centcm
2143 2660 2189 2704 et
2207 2654 2410 2723 justum
2441 2667 2539 2706 non
2569 2651 2768 2708 occides
2805 2669 2824 2708 :
2849 2664 2894 2708 et
2922 2656 3226 2725 purgatione
3253 2672 3352 2710 non
3382 2673 3507 2727 pur-

1921 2745 2065 2818 gabia
2095 2763 2256 2800 reum.
2807 2732 2813 2736 ’

1995 2858 2106 2913 Hoc
2152 2858 2310 2928 igitur
2364 2859 2542 2915 edicto
2593 2859 2727 2932 legis
2783 2861 3082 2929 admoniti,
3135 2879 3360 2921 necesse
3407 2880 3511 2922 nos

1921 2952 2094 3007 fuerat
2132 2948 2384 3007 Primiani
2432 2967 2646 3008 causam
2678 2996 2692 3020 ,
2743 2971 2897 3025 quem
2944 2957 3096 3026 plebs
3142 2969 3324 3014 sancta
3379 2960 3512 3015 Car-

1927 3042 2259 3113 thaginensis
2302 3044 2559 3099 Ecclesiae
2589 3046 2897 3114 episcopum
2938 3046 3112 3103 fuerat
3154 3049 3206 3104 in
3246 3051 3385 3105 ovile
3416 3052 3509 3106 Dei

1925 3136 2110 3187 sortita
2137 3176 2150 3199 ,
2192 3137 2464 3189 seniorum
2511 3137 2704 3191 litteris
2741 3138 2982 3207 ejusdem
3027 3140 3284 3196 Ecclesia:
3330 3153 3511 3212 postu-

1847 3206 1890 3267 Ο
1926 3225 2182 3293 lantibus,
2219 3227 2405 3283 audire
2434 3237 2596 3298 atque
2645 3206 2916 3286 discutere
2957 3234 3058 3286 sub
3097 3248 3164 3289 eo
3189 3275 3201 3299 ,
3237 3245 3291 3289 ut
3320 3206 3510 3305 expla-

1929 3321 2069 3375 natis
2097 3323 2346 3376 omnibus
2371 3333 2464 3377 aut
2491 3325 2832 3379 innocentem
2861 3368 2875 3391 ,
2909 3328 3050 3396 quod
3076 3329 3310 3398 optabile
3340 3329 3514 3385 fuerat

1927 3427 2308 3482 purgaremus,
2342 3423 2433 3467 aut
2463 3424 2743 3470 nocentem
2787 3427 2933 3472 certe
2955 3421 3374 3476 ostenderemus
3403 3421 3514 3475 suis

1931 3503 2137 3560 meritis
2150 3520 2268 3560 esse
2283 3505 2614 3560 damnatum.
2630 3507 3037 3575 Optatissimum
3061 3512 3201 3564 enim
3221 3512 3372 3566 nobis
3395 3510 3513 3577 fuit,

1933 3604 1990 3649 ut
2022 3594 2172 3663 plebs
2211 3605 2392 3650 sancta
2435 3596 2872 3667 Carthaginensis
2902 3599 3171 3662 Ecclesiae,
3219 3616 3283 3654 eo
3322 3615 3379 3654 se
3425 3601 3516 3662 lte-

1935 3687 2413 3761 tereturcpiscopo
2441 3688 2782 3741 sublimatam
2812 3727 2825 3750 ,
2858 3687 2946 3754 qui
2979 3688 3029 3740 in
3059 3689 3236 3742 omnia
3264 3700 3510 3754 sanctus,

1932 3787 1988 3832 et
2053 3779 2103 3832 in
2163 3778 2307 3832 nullo
2370 3777 2813 3844 rcprehensibilis
2863 3777 3169 3833 haberetur.
3223 3780 3514 3850 Propterea

1930 3873 2115 3940 utique
2166 3870 2325 3924 talem
2375 3885 2494 3924 esse
2540 3877 2754 3938 oportet
2796 3869 3008 3923 Domini
3051 3871 3430 3938 sacerdotem,
3461 3883 3518 3928 ut

1934 3963 2076 4034 quod
2111 3963 2334 4034 populus
2364 3979 2459 4033 pro
2497 3977 2557 4018 se
2586 3963 2724 4033 apud
2759 3963 2924 4018 Deum
2958 3979 3064 4020 non
3098 3965 3373 4033 valuerit,
3403 3967 3518 4038 ipse

1612 4077 2156 4136 ANNOTATIONES.

240 4189 562 4246 magnarum
593 4173 874 4250 domorum
916 4186 1009 4226 seu
1041 4169 1320 4224 fundorum
1363 4167 1549 4222 illicite
1585 4168 1834 4238 frequen-
1940 4173 2102 4239 prior.
2141 4171 2198 4225 In
2245 4169 2474 4226 co‘ncilio
2509 4172 2810 4250 Arelatensi
2873 4174 3002 4250 nihil
3059 4176 3180 4232 novi
3225 4177 3366 4231 circa
3417 4177 3518 4234 hoc

242 4256 444 4303 tantes.
1035 4256 1252 4297 uconus
1291 4253 1688 4305 αοτιιοιιτιιευυε.

320 4317 401 4388 (ι)
420 4316 484 4385 In
515 4313 1146 4388 prwcedentiltueconciliis
1172 4320 1414 4388 statutum
1435 4319 1526 4386 est.
1550 4308 1714 4388 vetus
1729 4309 1831 4388 Ec:

243 4379 440 4445 cle‘siEe
477 4379 743 4441 Africana:
788 4383 1070 4448 disciplina
1133 4383 1244 4435 lucc
1293 4381 1431 4444 fuit,
1475 4384 1535 4432 ut
1595 4379 1830 4434 haeretici

244 4458 646 4516 etschismatici
664 4457 714 4510 in
737 4456 881 4508 clero
903 4452 1178 4506 constituti
1194 4451 1256 4504 ad
1284 4450 1579 4506 Ecclesiam
1600 4449 1832 4504 redeun-

246 4540 355 4592 tes,
399 4531 513 4584 sive
539 4528 683 4594 prius
726 4527 778 4579 in
811 4524 1082 4577 Catholica
1106 4521 1361 4594 ordinati,
1385 4521 1469 4594 vel
1493 4519 1630 4594 apud
1661 4521 1832 4594 lucre-

1938 4252 2220 4315 statutnm‘,
2249 4257 2571 4315 quamquam
2601 4242 2760 4310 hujus
2793 4247 2981 4315 synodi
3014 4257 3190 4314 patres
3242 4257 3517 4315 optassent

1937 4324 1996 4366 ut
2049 4313 2294 4385 severior
2337 4311 2389 4364 in
2462 4313 2766 4368 Donatistas
2822 4311 3100 4372 sententia
3153 4311 3512 4385 proferretur,

1936 4382 2392 4449 quemadmodum
2416 4396 2480 4437 ex
2505 4395 2687 4438 eorum
2717 4385 2962 4452 epistola:
2989 4388 3054 4441 ad
3078 4382 3362 4442 Miltiadem
3390 4382 3512 4442 ver-1

1935 4452 2017 4525 bis
2064 4453 2362 4525 intelligere
2389 4463 2506 4525 est._
2545 4452 2613 4507 At
2658 4456 3110 4525 subsequentibus
3167 4459 3219 4511 in
3269 4459 3508 4513 conciliis

1936 4522 2205 4578 Africanis
2227 4523 2450 4577 vetitu‘m
2470 4522 2649 4596 (fuisse
2673 4569 2686 4590 ,
2721 4541 2787 4580 ne
2817 4522 2938 4596 quis
2969 4529 3361 4582 Donatistarum
3394 4545 3513 4583 cum

246 4582 920 4656 tieosﬁaut'scltismatieos
951 4585 1200 4659 promoti,
1235 4607 1295 4644 ea
1334 4582 1640 4662 conditione
1665 4591 1829 4662 susci-
1857 4582 1910 4640 D
1939 4598 2139 4648 h0nore
2192 4609 2290 4648 suo
2341 4582 2737 4662 susciperetur,
2771 4582 2972 4652 diserte
3023 4600 3109 4652 hic
3157 4597 3416 4651 asseritur
3459 4582 3513 4652 in

247 4681 542 4742 perentur,
596 4677 655 4722 ut
720 4665 1199 4742 communicarent
1231 4670 1435 4742 tantum
1477 4668 1533 4712 ιιι
1580 4660 1734 4742 laici_z
1776 4668 1829 4713 et

249 4729 389 4796 satis
419 4729 677 4794 baberent
697 4735 1272 4810 quod‘admitterentur
1300 4729 1365 4783 ad
1397 4744 1602 4810 pacem,
1625 4729 1825 4808 nullam

249 4823 434 4866 autem
461 4803 814 4865 ordinationis
853 4816 906 4860 et
937 4803 1155 4859 honoris
1186 4803 1590 4870 praerogativam
1635 4803 1830 4868 retine-

251 4893 402 4937 rent.
430 4883 502 4934 lta
524 4880 686 4946 Cypr.
713 4895 799 4946 ep.
845 4891 1008 4930 Lxxtt.
1042 4869 1298 4926 Eamdem
1317 4872 1485 4938 legem
1517 4869 1742 4946 primum
1778 4871 1828 4922 in

252 4896 402 4937 rent.
431 4896 502 4934 lla
524 4896 565 4933 b
609 4896 686 4945 pr.
713 4896 799 4946 ep.
845 4896 1008 4930 LXXII.
1042 4896 1485 4938 nulltucmtcgcm
1518 4896 1742 4938 μιιιιιυιιι
1778 4896 1826 4922 ιιι

252 4951 500 5006 Romana
565 4896 804 5003 Ecclesia
857 4947 1086 5015 viguisse
1119 4950 1366 5015 constat
1416 4955 1481 4994 ex
1553 4937 1826 5015 Innocent.

251 5022 277 5076 Ι
303 5038 392 5089 ep.
421 5035 526 5074 xxu
560 5019 623 5071 ad
650 5010 935 5089 episcopos
951 5011 1455 5073 Macedoniaeldetn
1471 5017 1737 5089 statutum
1765 5010 1837 5089 le-

253 5084 400 5162 gitur
454 5091 504 5142 in
536 5088 763 5142 concilio
794 5084 1140 5162 Cliberitano,
1169 5097 1396 5162 canam.
1459 5084 1834 5162 Attamenmi-

253 5154 366 5217 tius
413 5169 589 5220 actum
634 5166 719 5210 est
755 5157 1051 5227 aliquando
1088 5169 1207 5208 cum
1236 5154 1625 5227 schismaticis,
1678 5158 1733 5200 ιιι
1783 5154 1833 5202 in

253 5231 492 5287 concilio
505 5221 1201 5298 Niezenoe'um'Novatianis,
1224 5238 1355 5298 quos
1372 5223 1423 5274 in
1449 5221 1594 5274 clero
1621 5234 1837 5298 manere

253 5302 502 5372 synodus
521 5297 779 5372 permisit,
809 5303 864 5348 et
891 5311 1010 5349 cum
1041 5289 1324 5372 Melitianis
1350 5289 1725 5372 ,ﬁquosetiam
1749 5289 1836 5372 ul-

255 5358 431 5428 Iérius
475 5358 723 5438 provehi
749 5358 1158 5438 non__vclavit.'
1181 5365 1320 5418 Idem
1366 5358 1657 5438 Donatistis
1690 5359 1838 5411 initio

255 5431 1087 5496 schismatisindultum.Nam.ut
1100 5438 1348 5488 observat
1364 5435 1419 5485 S.
1437 5431 1572 5499 Aug.
1586 5443 1669 5497 ep.
1686 5443 1835 5493 xutt,

257 5511 527 5566 Miltiades
578 5509 782 5561 Donato
823 5504 938 5557 solo
971 5504 1194 5569 expulso
1226 5514 1437 5570 paratus
1469 5503 1564 5555 fuit
1593 5512 1836 5570 commuf

259 5579 644 5636 municatorias
676 5578 888 5628 mittere
909 5568 1237 5647 c;eteris_qu_i
1261 5589 1289 5647 a
1319 5573 1578 5647 Majorino
1605 5568 1834 5647 ordinati

258 5652 512 5710 fuerant,
545 5661 744 5718 eosque
775 5658 871 5712 pro
902 5642 1167 5718 episcopis
1206 5638 1449 5718 habere;
1480 5643 1550 5695 ita
1592 5647 1654 5718 ut
1693 5638 1743 5690 in
1775 5638 1838 5718 iis

261 5722 398 5778 locis
445 5709 537 5773 ubi
582 5709 688 5770 duo
716 5709 898 5768 essent
923 5709 1160 5781 episcopi
1200 5725 1335 5780 quos
1375 5711 1651 5781 dissensio
1669 5709 1837 5777 gemi-

261 5800 450 5852 nasset
476 5829 492 5858 ,
538 5803 661 5844 eum
698 5779 1006 5850 conﬁrmari
1057 5779 1227 5838 vellet
1257 5781 1348 5849 qui
1388 5781 1527 5838 foret
1561 5779 1834 5836 ordinatus

1936 4666 2164 4718 concilio
2187 4664 2593 4733 Carthaginensi
2640 4668 2763 4718 anni
2789 4665 2913 4722 401.
2954 4667 3008 4721 In
3046 4672 3144 4721 hoc
3185 4668 3516 4735 Hipponiensi

1936 4736 2061 4787 anni
2091 4735 2216 4799 393,
2249 4735 2563 4802 proponitur
2599 4735 2757 4802 hujus
2787 4739 3092 4790 severitatis
3123 4737 3384 4790 relaxatio
3411 4780 3424 4803 ,
3459 4741 3512 4792 in

1938 4807 2160 4872 gratiam
2193 4820 2376 4858 eorum
2407 4815 2608 4858 tantum
2639 4822 2764 4874 quos
2791 4817 2878 4858 aut
2909 4823 3011 4859 non
3033 4808 3372 4875 rebaptizasse
3394 4825 3515 4862 con-

1938 4877 2121 4928 stiterit
2147 4917 2160 4936 ,
2189 4885 2278 4928 aut
2303 4877 2388 4943 qui
2419 4891 2535 4928 cum
2576 4879 2680 4929 suis
2727 4876 2953 4944 plebibus
2999 4877 3068 4930 ad
3114 4881 3517 4932 communionem

1942 4945 2259 4998 Catholicam
2309 4948 2527 4998 transire
2564 4947 2828 4998 uoluerint.
2874 4947 2976 5000 Sed
3026 4957 3310 5015 antequam
3357 4949 3516 5016 quid-

1941 5031 2098 5083 quam
2128 5026 2457 5070 statueretur
2481 5057 2496 5079 ,
2529 5017 2936 5069 transmarinam
2971 5016 3264 5070 Ecclesiatn
3306 5021 3514 5075 consuli

1943 5085 2160 5152 placuit.
2195 5086 2248 5140 In
2271 5085 2504 5139 concilio
2533 5084 2941 5154 Carthaginensi
2974 5087 3101 5140 anni
3131 5088 3254 5150 597,
3294 5091 3516 5143 manda-

1941 5164 2051 5208 tum
2065 5165 2166 5216 est.
2187 5166 2245 5209 ut
2261 5155 2669 5209 consulerentur
2684 5156 2942 5222 praesules
2957 5155 3228 5211 Romanus
3249 5170 3302 5212 et
3323 5160 3520 5214 Medio-

1941 5223 2216 5289 lanensis,
2268 5234 2446 5277 utrum
2497 5223 2727 5282 infantes
2769 5224 3020 5292 baptizati
3063 5244 3090 5280 a
3139 5229 3430 5284 Donatistis
3451 5232 3515 5283 ad

1941 5294 2139 5349 clerum
2171 5293 2471 5362 promoveri
2509 5304 2742 5359 possent.
2778 5294 2972 5349 lterum
2998 5297 3050 5350 in
3078 5299 3308 5353 concilio
3330 5300 3511 5355 Cartb.

1945 5367 2068 5417 anni
2098 5367 2220 5426 401,
2255 5363 2413 5435 missa
2447 5363 2641 5435 legatio
2668 5364 2732 5416 ad
2781 5366 3000 5420 eosdem
3030 5370 3300 5424 antistites
3326 5411 3340 5432 ,
3375 5382 3429 5422 ut
3460 5371 3522 5423 li-

1945 5443 2094 5490 ceret
2120 5435 2349 5486 clericos
2377 5432 2777 5488 Donatistarum
2823 5437 2873 5489 in
2899 5439 3175 5493 ordinibus
3205 5441 3317 5494 suis
3345 5441 3517 5493 susci-

1945 5520 2090 5577 pere.
2115 5503 2354 5577 Tandem
2384 5501 2434 5554 in
2461 5503 2686 5577 concilio
2726 5506 3017 5561 universali
3050 5509 3242 5563 Africae
3273 5509 3513 5577 ejusdem

1943 5574 2100 5637 anni,
2133 5587 2227 5647 pro
2258 5573 2397 5626 bono
2425 5575 2568 5647 pacis
2599 5585 2652 5628 et
2689 5577 2758 5631 ob
2791 5579 3024 5641 impiam
3052 5573 3393 5642 clericorum,
3424 5594 3517 5647 po-

1941 5654 2106 5698 testas
2132 5643 2267 5715 facta
2292 5651 2375 5695 est
2404 5645 2652 5715 omnibus
2673 5647 2940 5715 episcopis
2961 5647 3239 5700 catholicis
3273 5643 3519 5702 Donatis-

1941 5724 2109 5769 tarum
2135 5711 2359 5768 clericos
2386 5711 2809 5784 sttst-ipicndicu
2833 5711 2873 5769 η’
2892 5717 3170 5770 ordinibus
3200 5717 3332 5769 suis.
3365 5717 3415 5770 J.
3446 5717 3511 5770 G.
3570 5717 3574 5724 ⁷
