3838 6222
385 261 519 317 H87

1612 244 2042 311 MONUMENTA
2083 251 2356 310 VETERA

3514 264 3658 319 “88

380 387 477 442 pro
524 371 721 441 populo
765 378 1029 426 mereatur
1068 368 1209 442 quod
1261 369 1569 441 poposcerit
1618 370 1908 438 impetrare
1942 383 1955 419 :
1986 371 2031 429 Α
2065 374 2197 420 teret
2225 383 2236 418 :
2261 366 2403 436 quod
2442 367 2647 423 obsessi
2677 367 2783 424 sint
2809 369 3045 442 episcopi
3072 372 3235 429 simul
3256 382 3314 429 et
3335 374 3529 452 clerici
3553 417 3570 440 .
3603 385 3662 430 et

380 465 501 532 quia
545 464 799 533 scriptum
826 473 943 518 est:
977 464 1022 517 si
1062 464 1341 534 peccaverit
1371 463 1593 535 papulas
1617 505 1631 530 ,
1668 460 1832 515 orabit
1862 475 1956 531 pro

379 570 438 607 co
463 554 697 609 sacerdos
723 571 741 607 :
764 556 806 609 si
831 565 999 609 autem
1022 555 1264 610 sacerdos
1296 554 1575 625 peccaverit
1606 596 1619 619 ,
1648 554 1762 624 quis
1794 552 1957 607 orabit

376 663 470 717 pro
499 663 556 701 eo
578 648 607 700 7
1668 660 1671 663 ’

446 737 703 792 Srandala
735 737 894 808 igitur
920 736 1214 802 Primiani,
1258 746 1313 791 et
1358 737 1526 807 ipsius
1556 735 1795 805 nequitia
1838 733 1953 788 sin-

374 829 611 898 gularis,
649 830 806 883 sicin
848 845 906 884 se
934 828 1154 883 etnleste
1196 827 1455 899 judicimn
1505 825 1853 898 provocavit,
1899 835 1957 879 ut

378 920 564 974 bormn
616 921 897 976 criminum
951 928 1224 976 auctorem
1278 934 1498 976 necesse
1547 929 1691 975 esset
1746 908 1957 988 penitus

375 1019 657 1079 amputare
706 1030 720 1066 :
765 1012 854 1082 qui
900 999 1087 1067 recens
1126 1012 1440 1075 ordinatus,
1479 1012 1957 1082 presbyteroslsu-

377 1104 631 1172 pradictu'.
677 1103 845 1173 plebis
887 1104 953 1158 ad
1000 1104 1422 1174 conjuratinnem
1453 1103 1631 1173 impia:
1671 1098 1953 1171 conspira-

375 1196 536 1250 tionis
565 1195 845 1266 impellens
872 1237 885 1261 ,
915 1196 1015 1251 hoc
1042 1198 1111 1251 ab
1134 1198 1212 1252 eis
1245 1196 1386 1250 velut
1419 1195 1660 1265 precario
1678 1193 1799 1263 jure
1822 1207 1953 1263 pos-

378 1286 565 1341 tularit
590 1327 604 1349 ,
638 1296 692 1340 ut
721 1287 787 1342 ad
826 1287 1157 1343 damnandos
1203 1299 1431 1357 quatuor
1471 1287 1727 1340 diaconos
1761 1324 1777 1349 ,
1802 1285 1954 1338 viros

374 1381 618 1447 egregios
641 1418 654 1443 ,
681 1392 743 1432 ac
768 1379 1126 1450 singularibus
1152 1372 1359 1433 meritis
1406 1378 1729 1447 approbatos
1746 1418 1761 1443 ,
1793 1375 1955 1431 Maxi-

376 1472 609 1526 mianum
660 1464 905 1538 seiiicet,
948 1471 1325 1547 Rogatianum,
1376 1471 1686 1534 Donatum,
1720 1470 1955 1537 itemque

374 1564 698 1633 Salgamium
725 1607 738 1630 ,
786 1565 1190 1631 consentirent,
1244 1575 1300 1621 et
1331 1565 1700 1619 incunctanter
1743 1563 1791 1617 ei
1825 1577 1951 1633 pro-

374 1657 647 1711 mitterent
674 1656 1079 1711 accommodare
1103 1670 1448 1711 consensum.
1778 1649 1788 1653 ‘
1817 1654 1819 1657 ’

2060 470 2241 525 p03tea
2266 457 2335 512 ab
2364 458 2480 528 ejus
2503 461 2824 516 satellitibus
2859 461 3076 533 lapidati
3108 484 3129 540 ,ε
3158 466 3302 536 quod
3334 467 3385 521 in
3417 466 3657 523 basilica

2057 550 2182 605 caesi
2198 551 2555 609 sintseniores
2573 594 2588 617 ,
2615 553 2755 624 quod
2782 554 2993 625 indigne
3023 557 3227 613 ferrent
3245 556 3654 615 Claudianislas

2057 643 2125 698 ad
2151 647 2579 701 communionem
2606 646 2810 700 admitti
2849 664 2860 700 :
2899 648 3039 719 quod
3069 650 3386 707 innocentes
3413 650 3658 707 clericos

2057 737 2466 804 putareritesso
2486 737 2963 795 condemnandos:
2996 739 3138 812 quod
3176 758 3236 800 se
3280 737 3443 816 206
3482 743 3660 800 nobis

2057 828 2377 884 audiendum
2406 831 2630 885 noluerit
2651 830 2943 899 exhibere,
2967 847 3091 888 cum
3126 834 3468 890 basilicarum
3498 834 3660 891 fores

2059 935 2125 974 ne
2149 922 2572 992 ingrederentur,
2592 922 2933 979 multitudine
2948 933 3003 979 et
3022 923 3207 981 ofﬁcio
3232 926 3656 982 intercluserit:

2057 1014 2198 1084 quod
2229 1014 2431 1086 legatos
2458 1031 2487 1070 a
2520 1016 2673 1071 nobis
2697 1015 2765 1071 ad
2810 1031 2869 1073 se
2905 1016 3101 1072 missos
3140 1017 3402 1088 injuriose
3444 1018 3660 1089 rejeec-

2057 1106 2122 1161 rit
2158 1124 2171 1161 :
2224 1108 2365 1177 quod
2411 1110 2525 1163 loca
2576 1109 2738 1163 multa
2763 1109 2816 1164 vi
2844 1111 3057 1181 primo,
3099 1110 3296 1166 dehinc
3323 1113 3660 1168 auctoritate

2049 1197 2327 1267 judiciaria
2402 1198 2798 1269 usurpaverit:
2862 1210 3058 1271 preter
3121 1201 3227 1256 alia
3278 1200 3462 1266 illicita
3528 1202 3659 1272 ejus

2059 1290 2309 1357 admissa,
2341 1309 2456 1360 qua:
2488 1308 2585 1363 pro
2629 1292 2916 1349 honestate
2952 1294 3267 1365 styli'nostri
3291 1295 3548 1350 siluimus
3578 1337 3591 1359 ,
3620 1311 3653 1349 a

2052 1382 2373 1437 sacerdotali
2419 1383 2585 1439 choro
2614 1394 2874 1453 perpetuo
2918 1399 3039 1439 esse
3067 1383 3380 1439 damnatum
3417 1402 3430 1436 :
3464 1400 3537 1440 ne
3582 1399 3654 1439 eo

2056 1474 2265 1543 palpate
2291 1516 2305 1540 ,
2358 1477 2445 1529 ltei
2506 1476 2743 1531 Ecclesia
2792 1485 2883 1531 aut
2927 1478 3248 1548 contagione
3278 1518 3292 1541 ,
3324 1486 3418 1531 aut
3460 1477 3654 1548 aliquo

2053 1563 2278 1617 crimine
2315 1565 2631 1619 maculetur.
2665 1566 2819 1632 Quod
2845 1566 2897 1619 id
2928 1566 3101 1635 ipsum
3134 1567 3331 1621 Paulus
3359 1566 3651 1636 apostolus

2056 1653 2374 1709 exhortatur
2422 1638 2483 1710 et.
2524 1656 2814 1710 admouet:
2858 1654 3207 1725 Praecepimus
3245 1648 3414 1711 auiam
3460 1658 3647 1724 vobis,

446 1747 612 1816 Cujus
650 1748 725 1801 illi
751 1747 890 1800 mala
937 1748 1347 1816 prresumptione
1372 1744 1655 1815 stupefacti
1684 1759 1806 1799 cum
1838 1758 1951 1798 rem
1983 1751 2029 1811 Β
2058 1748 2274 1813 fratrea,
2331 1747 2385 1799 in
2426 1747 2629 1799 nomine
2681 1744 2885 1800 Domini
2937 1748 3099 1801 nostri
3142 1747 3269 1801 Iesu
3315 1745 3549 1815 Christi,
3594 1759 3653 1807 tu

379 1836 593 1891 silentio
645 1835 1007 1899 refellissem,
1039 1852 1135 1906 per
1179 1852 1237 1891 se
1279 1838 1567 1909 cogitatum
1620 1839 1797 1893 scelus
1846 1851 1952 1889 non

378 1929 639 1995 dubitavit
678 1928 943 2000 implere,
984 1945 1153 2001 uSque
1195 1931 1331 1987 adeo
1371 1941 1432 1986 ut
1468 1931 1523 1986 in
1569 1931 1952 1985 Maximiannm

378 2022 692 2089 diaconum,
723 2022 919 2091 virum,
951 2024 1090 2077 sicut
1132 2024 1385 2080 omnibus
1429 2032 1611 2079 notum
1654 2034 1753 2086 est.
1801 2024 1955 2077 inno-

379 2124 588 2167 centem
619 2154 634 2177 ,
681 2115 798 2169 sine
843 2128 1003 2168 causa
1029 2155 1045 2179 ,
1076 2114 1195 2170 sine
1250 2126 1565 2171 accusatore
1586 2155 1602 2181 ,
1632 2117 1749 2170 sine
1780 2124 1913 2171 teste
1932 2158 1948 2183 ,

380 2205 655 2259 absentem
702 2221 764 2260 ac
814 2205 952 2261 lecto
1000 2206 1323 2273 cubantem,
1378 2209 1698 2263 sententiam
1743 2218 1957 2278 putaret

384 2309 506 2348 esse
547 2297 895 2362 premendam
931 2312 945 2349 :
987 2297 1078 2367 qui
1102 2296 1423 2369 jampridem
1454 2298 1679 2353 clericos
1711 2313 1817 2354 non
1846 2299 1956 2353 dis-

382 2384 545 2439 simili
565 2384 741 2441 furore
765 2385 1065 2442 damnarat.

452 2476 582 2531 Nam
614 2492 735 2534 cum
766 2481 1028 2546 incestos,
1060 2464 1457 2551 contra'legem
1489 2481 1809 2553 decretaque
1834 2497 1954 2536 om-

307 2635 310 2638 ,
383 2571 526 2625 nium
570 2574 907 2628 sacerdotum
929 2615 945 2642 ,
973 2575 1336 2629 communioni
1361 2586 1562 2631 sancta}
1590 2576 1905 2647 adjungeret
1938 2593 1954 2629 :

283 2688 287 2692 ι
378 2681 606 2735 cumque
657 2667 950 2723 obsistente
998 2667 1223 2721 maxima
1269 2680 1415 2737 parte
1439 2668 1610 2738 plebis
1634 2710 1648 2734 ,
1674 2670 1836 2723 etiam
1866 2684 1954 2722 se-

381 2759 589 2811 nierum
620 2758 1073 2814 nobilissimorum
1107 2760 1299 2814 litteris
1327 2763 1727 2826 conveniretur,
1761 2772 1817 2814 ut
1862 2775 1959 2829 per

380 2863 439 2902 se
477 2848 777 2919 corrigeret
818 2852 959 2925 quod
1001 2850 1328 2918 admiserat;
1364 2866 1457 2905 sua
1488 2851 1788 2906 temeritate
1822 2853 1955 2921 pos-

378 2953 592 3003 sessus,
617 2928 904 2996 emendare
928 2942 1271 3011 contempsit.
1289 2943 1384 2997 llis
1414 2944 1591 3012 itaque
1617 2944 1844 3012 permoti
1872 2959 1957 2999 se-

380 3030 560 3085 niores
589 3028 842 3085 Ecclesiae
864 3033 1188 3101 supradicta:
1215 3073 1230 3095 ,
1280 3031 1347 3087 ad
1386 3033 1692 3087 universum
1733 3032 1955 3089 chorum

2058 1833 2328 1888 discedntis
2354 1835 2414 1888 ab
2442 1836 2579 1888 omni
2604 1839 2766 1905 fratre
2804 1837 3094 1891 inordinate
3118 1837 3412 1893 ambulante
3438 1848 3652 1911 satque

2057 1925 2194 1982 adeo
2223 1941 2328 1980 non
2364 1926 2710 1982 immemores
2751 1926 2997 1997 puritatis
3045 1914 3306 1985 Ecclesia:
3329 1972 3345 1996 ,
3388 1930 3652 1986 conduci-

2057 2017 2163 2074 bile
2192 2018 2616 2075 existimavimus
2637 2061 2652 2087 ,
2676 2034 2866 2076 omnes
2889 2031 3105 2076 sanctos
3146 2023 3569 2080 consacerdotes
3595 2033 3651 2080 et

2056 2124 2247 2165 omnes
2276 2111 2534 2179 clericos,
2564 2120 2619 2167 et
2647 2127 2836 2168 omnes
2862 2114 3092 2184 populos
3115 2115 3206 2184 qui
3232 2130 3290 2171 se
3309 2114 3650 2172 Christianos

2059 2202 2452 2268 meminerunt,
2508 2206 2608 2261 hac
2658 2215 2840 2262 nostra
2882 2209 3133 2263 tractoria
3171 2224 3552 2277 commonere,
3590 2223 3649 2268 ut

2057 2306 2247 2350 omnes
2296 2295 2412 2365 ejus
2456 2300 2888 2354 communiOnetn
2916 2342 2930 2363 ,
2967 2308 3155 2371 utpote
3213 2302 3483 2371 damnati,
3520 2304 3648 2361 dili-

2056 2385 2201 2451 genti
2251 2401 2374 2439 cura
2426 2388 2696 2443 horreant.
2740 2390 2852 2458 Ipse
2896 2389 3039 2446 enim
3080 2398 3150 2447 de
3186 2407 3286 2449 suo
3311 2394 3533 2450 interitu
3563 2412 3649 2451 ra-

2058 2476 2260 2531 tionem
2313 2478 2527 2544 reddet,
2568 2481 2657 2549 qui
2690 2478 2794 2537 hoc
2827 2491 3070 2537 nostrum
3105 2483 3383 2541 decretum
3413 2500 3521 2542 non
3550 2502 3648 2542 au-

2059 2566 2255 2623 diendo
2286 2570 2575 2625 tentaverit
2606 2571 2825 2627 violare.

2130 2660 2335 2715 Placuit
2363 2677 2493 2716 sane
2521 2663 2675 2717 nobis
2704 2671 2761 2717 et
2790 2662 3013 2734 Spiritui
3032 2675 3242 2732 sancto,
3266 2667 3407 2736 quod
3435 2676 3646 2737 tempus

2061 2751 2225 2805 tardis
2263 2751 2328 2805 ad
2367 2753 2787 2807 convertendum
2827 2765 3140 2829 reservetur
3169 2757 3269 2812 sub
3308 2769 3413 2825 eo,
3444 2767 3503 2813 ut
3527 2737 3642 2829 qui-

2060 2855 2288 2910 cumque
2340 2841 2784 2895 consaeerdotum
2830 2843 2916 2898 vel
2956 2828 3278 2901 clericorum
3309 2861 3421 2902 suae
3452 2828 3640 2905 salutis

2062 2933 2404 2989 immemores
2430 2975 2445 3001 ,
2473 2952 2501 2987 a
2531 2936 2621 2991 die
2648 2935 3009 2992 damnationis
3040 2938 3331 3008 supradicti
3362 2940 3632 3013 Primiani,

2060 3024 2113 3079 id
2161 3033 2243 3081 est
2295 3043 2324 3081 a
2367 3026 2454 3081 die
2500 3043 2590 3082 rm
2630 3026 2978 3085 kalendarum
3019 3029 3311 3099 .luliarum,
3363 3047 3535 3103 usque
3568 3032 3635 3088 ad

377 3116 580 3174 litteras
607 3121 916 3193 legatosque
946 3125 1206 3179 miserunt
1232 3164 1247 3191 ,
1277 3124 1469 3194 quibus
1501 3140 1605 3180 non
1636 3125 1753 3179 sine
1778 3124 1951 3197 lacry-
1984 3131 2029 3195 ρ
2059 3118 2201 3173 diem
2232 3135 2320 3174 vm
2344 3118 2691 3176 kalendarum
2714 3120 3305 3189 Januariarum,minns
3328 3139 3359 3177 a
3381 3123 3635 3178 Primiani

378 3213 480 3266 mis
502 3212 773 3283 deprecati
802 3226 927 3270 sont
950 3256 964 3281 ,
995 3226 1048 3270 ut
1088 3219 1152 3272 ad
1193 3232 1251 3271 se
1281 3216 1578 3272 ferventius
1607 3217 1953 3285 veniremus;

378 3321 486 3375 quo
523 3322 789 3383 perpenso
827 3308 1109 3364 libramine
1154 3310 1595 3367 intentationibus
1620 3312 1911 3382 exploratis
1938 3352 1954 3379 ,

376 3402 701 3456 existimatio
736 3400 991 3456 Ecclesia:
1021 3411 1358 3471 purgaretur.

399 3560 404 3565 μ
452 3494 532 3550 Ad
558 3494 696 3549 hanc
734 3493 979 3564 proinde,
1029 3509 1148 3548 cum
1194 3494 1489 3550 secundum
1533 3505 1955 3553 memoratorum

374 3589 583 3664 litteras
608 3589 939 3651 veniremus;
971 3596 1094 3642 nota
1125 3604 1220 3643 sua
1251 3588 1341 3643 ille
1371 3590 1580 3644 ratione
1610 3587 1915 3645 fervescens
1937 3630 1953 3658 ,

375 3682 661 3737 adventum
721 3689 957 3735 nostrum
1013 3679 1226 3751 penitus
1267 3680 1571 3736 declinavit.
1619 3682 1716 3747 Qui
1762 3698 1957 3752 usque-

374 3788 586 3843 quaque
610 3772 797 3827 rebelli
826 3773 1005 3827 animo
1027 3756 1373 3828 recalcitrans
1399 3774 1450 3828 in
1476 3774 1615 3829 malo
1638 3775 1951 3845 permansit,

376 3875 430 3919 ut
456 3850 767 3929 ,lcondncta
797 3864 1139 3919 multitudine
1177 3865 1500 3934 perditorum
1531 3907 1544 3931 ,
1590 3876 1748 3937 atque
1789 3868 1953 3937 impe-

375 3958 529 4011 tratis
578 3956 897 4011 oftieialibus
919 3997 932 4020 ,
980 3956 1320 4011 basilicarum
1348 3958 1539 4027 januas
1570 3960 1953 4026 obsedissent,

376 4048 465 4115 qui
491 4046 826 4116 ingrediendi
858 4046 1011 4101 nobis
1038 4059 1199 4117 atque
1240 4050 1427 4119 agendi
1474 4051 1731 4106 solemnia
1783 4054 1953 4107 inter-

376 4136 615 4188 dicerent
643 4134 969 4190 facultatem.
1003 4136 1130 4191 Hcce
1151 4140 1201 4201 si
1243 4140 1549 4211 episcopum
1594 4144 1848 4197 convenit
1878 4145 1954 4197 fa-

379 4240 504 4297 cere
528 4265 545 4291 ,
569 4226 614 4279 si
640 4223 958 4303 Cltrisuanis
990 4227 1120 4282 licet
1162 4230 1445 4286 admittere
1470 4274 1484 4294 ,
1537 4235 1580 4287 si
1633 4233 1734 4287 hoc
1784 4234 1957 4289 Evan-

378 4321 519 4392 gelia
590 4329 998 4390 protestantur;
1058 4324 1247 4391 probet
1312 4336 1402 4379 aut
1436 4326 1649 4397 'judicet
1712 4324 1954 4399 quisquis

379 4422 589 4467 amator
637 4420 730 4465 aut
776 4423 1011 4467 assertor
1052 4424 1133 4467 est
1181 4413 1593 4476 veritatis'lloc
1631 4422 1772 4476 enim
1802 4422 1954 4476 nobis

2061 3208 2293 3263 damnati
2352 3212 2731 3266 communione
2793 3200 3151 3279 recesserint,
3220 3213 3313 3268 tali
3371 3214 3635 3268 sententia

2056 3302 2513 3373 constringantur.
2561 3304 2708 3358 Laici
2743 3320 2955 3376 quoque
2983 3306 3083 3361 nisi
3111 3321 3172 3362 se
3226 3322 3255 3360 a
3304 3321 3465 3376 supra
3494 3305 3635 3361 dicto

2060 3392 2148 3446 die
2175 3393 2532 3449 damnationis
2564 3395 2708 3451 illius
2732 3439 2747 3463 ,
2778 3398 2913 3453 intra
2938 3399 3080 3454 diem
3109 3398 3331 3455 Pascha:
3357 3398 3546 3454 futurae
3570 3399 3637 3452 ab

2060 3484 2176 3551 ejus
2220 3489 2491 3541 consortio
2539 3490 2905 3557 separaverint
2930 3529 2945 3555 ,
2988 3505 3092 3545 non
3129 3506 3287 3561 posse
3315 3504 3633 3561 quemquam

2061 3576 2162 3630 nisi
2208 3592 2298 3645 per
2352 3578 2755 3647 pmuitemiam,
2803 3581 3065 3652 siquidem
3109 3583 3490 3646 meminerint,
3535 3582 3633 3636 Ec-

2060 3667 2241 3721 clesia:
2272 3668 2571 3740 reformari,

2140 3759 2440 3815 Victorinus
2505 3760 2930 3819 Munacianensis
2982 3765 3269 3834 episcopus
3321 3760 3629 3832 subscripsi.

2061 3849 2387 3903 Fortunatus
2460 3851 2897 3924 Dionysianensis
2968 3855 3254 3924 episcopus
3324 3852 3625 3923 subscripsi.

2064 3941 2399 3999 Victorianus
2471 3948 2912 4003 Carcabianensis
2980 3950 3295 4020 episcopus.
3326 3943 3627 4016 subscripsi.

2063 4031 2370 4088 Florentius
2398 4036 2464 4089 ab
2492 4036 2789 4092 Adrumeto
2820 4039 3104 4109 episcopus
3142 4040 3458 4109 subscripsi.
3502 4037 3629 4107 ilig-

2062 4125 2218 4193 ginus
2266 4129 2331 4179 ab
2362 4125 2743 4198 Elephantaria
2782 4131 3068 4208 episcopus
3110 4132 3430 4201 subscripsi.
3479 4129 3627 4185 inuo-

2059 4217 2267 4269 centius
2323 4216 2700 4289 Thebaltensis
2758 4223 3041 4292 episcopus
3076 4222 3394 4292 subscripsi.
3444 4221 3626 4291 hiiggin

2061 4319 2157 4372 pro
2180 4306 2383 4375 collega
2411 4323 2532 4362 meo
2559 4308 2738 4365 Salvio
2765 4311 3206 4370 Membressita'no
3231 4302 3483 4385 episcopo
3510 4314 3627 4369 sub.

2061 4395 2276 4471 scripsi.
2328 4397 2538 4453 Salvius
2589 4399 2896 4458 Ausafensis
2973 4406 3258 4476 episcopus
3323 4404 3620 4473 subscripsi.

380 4504 766 4559 intlixittrater
808 4503 1096 4573 aliquando
1150 4502 1435 4576 pr0prius,
1490 4510 1632 4579 quod
1679 4528 1950 4581 nunquam

2065 4487 2303 4542 Donatus
2374 4490 2711 4548 Sabratensis
2774 4497 3058 4567 cpisc0pus
3128 4497 3448 4567 subscripsi.
3527 4494 3623 4551 Ge-

378 4595 580 4653 faceret
610 4597 838 4651 alienus.

456 4687 797 4743 Decrerimus
824 4701 1010 4742 omnes
1035 4688 1341 4742 sacerdotes
1376 4688 1464 4743 Dei
1487 4730 1501 4752 ,
1538 4704 1799 4759 praesente
1828 4676 1939 4763 Spi-

379 4779 484 4834 ritu
514 4789 701 4851 sancto
724 4818 741 4845 ,
767 4777 908 4848 hunc
937 4777 1181 4831 eumdem
1222 4777 1546 4832 Primianum
1574 4821 1586 4840 .
1621 4783 1791 4849 primo
1812 4786 1953 4850 quod

379 4886 541 4941 super
568 4873 716 4927 vivos
760 4870 1041 4939 episcopos
1067 4909 1081 4935 ,
1134 4869 1268 4923 alios
1320 4869 1622 4939 subrogarit
1649 4891 1661 4926 :
1692 4876 1827 4943 quod
1879 4882 1957 4932 in-

378 4973 555 5018 cestos
580 4978 699 5017 cum
730 4971 1035 5033 sanctorum
1068 4960 1446 5039 communione
1476 4961 1744 5018 miscuerit
1777 4968 1955 5037 :quod

383 5056 724 5127 presbyteros
769 5051 835 5108 ad
882 5042 1303 5121 cenjurationem
1354 5053 1638 5109 ineundum
1688 5062 1958 5114 constrin-

377 5161 505 5216 gere
529 5145 848 5216 perlenta'rit
880 5162 893 5198 :
925 5143 1067 5214 quod
1112 5142 1458 5198 Fortunatum
1492 5147 1865 5219 presbyterum
1900 5151 1953 5204 in

379 5238 613 5291 cloacam
665 5236 847 5291 fecerit
892 5233 1065 5299 mitti,
1112 5248 1231 5287 cum
1281 5237 1661 5303 aegrotantibus
1691 5240 1955 5308 baptismo

380 5325 731 5384 succurrisset
783 5346 796 5381 :
848 5326 988 5403 quod
1022 5325 1448 5381 communionem
1490 5328 1758 5384 Demetrio
1799 5345 1950 5400 pres-

383 5420 573 5488 bytero
614 5418 891 5489 denegat-it
914 5458 930 5482 ,
962 5430 1017 5472 ut
1038 5426 1258 5486 cogeret
1287 5416 1451 5470 lilium
1481 5416 1728 5473 abdicare
1762 5436 1774 5472 :
1808 5419 1951 5489 quod

384 5510 519 5565 idem
548 5515 824 5583 presbyter
852 5511 1161 5581 objurgatus
1184 5510 1257 5565 sit
1285 5550 1300 5574 ,
1344 5509 1483 5577 quod
1514 5512 1791 5580 episcOpos
1821 5512 1948 5566 bos-

384 5601 512 5666 pitio
540 5605 863 5673 suscepisset
893 5622 903 5655 ς
934 5602 1075 5673 quod
1105 5603 1446 5671 supradictus
1474 5601 1774 5657 Primianus
1804 5604 1912 5657 mul
1931 5634 1945 5643 -

383 5692 655 5747 titudinem
684 5690 887 5751 miserit
914 5734 928 5762 ,
957 5711 1075 5764 quae
1102 5695 1526 5752 Christianorum
1561 5695 1748 5751 domos
1793 5712 1943 5753 ever-

2062 4582 2251 4635 melius
2304 4600 2330 4634 a
2377 4583 2623 4639 Tatnbeis
2676 4588 2959 4658 episcopus
3018 4590 3338 4659 subscripsi.
3402 4582 3623 4643 Prem-

2061 4684 2198 4728 tatus
2240 4675 2593 4732 Assuritanus
2622 4681 2904 4751 episc0pus
2939 4684 3253 4753 subscripsi.
3287 4681 3621 4737 Maximianus

2060 4766 2391 4840 Stabatensis
2438 4771 2720 4839 episcOpus
2784 4775 3094 4845 subscripsi.
3150 4775 3407 4830 Datianus
3453 4773 3618 4833 Camie

2060 4858 2295 4911 cetcnsis
2324 4860 2606 4927 cpiscopus
2635 4860 2946 4934 subscripsi.
2996 4865 3235 4921 Donatus
3271 4863 3618 4921 Fiscianensis

2064 4949 2345 5023 episcopus
2366 4950 2675 5020 subscripsi.
2709 4954 3024 5012 Theodorus
3046 4958 3327 5014 Usulensi's
3352 4959 3618 5028 episcopul

2059 5040 2370 5108 subscripsi.
2406 5040 2738 5098 Victorianus
2757 5045 2980 5115 jubente
3009 5051 3217 5121 collega
3246 5051 3483 5121 Agnosio
3512 5048 3616 5117 epi-

2058 5142 2222 5196 scopo
2259 5130 2571 5199 subscripsi.
2633 5135 2863 5192 Donatus
2912 5140 3295 5211 Cebrisetanus
3347 5143 3615 5210 episcopus

2061 5219 2375 5289 subscripsi.
2406 5220 2673 5279 Natalicus
2699 5226 2978 5287 Tb'eleusis
3004 5234 3288 5304 episcopus
3313 5230 3613 5302 subscripsi.

2060 5309 2385 5380 Pomponius
2425 5312 2800 5373 Macriauensis
2829 5321 3109 5392 episcopus
3138 5323 3455 5393 subscripsi.
3488 5321 3614 5377 Pan-

2057 5405 2257 5456 cratius
2313 5404 2639 5462 Balianensis
2674 5410 2955 5483 episcopus
2996 5416 3316 5485 subscripsi.
3344 5405 3612 5471 Ianuarius

2056 5498 2390 5565 Aquenensis
2428 5500 2710 5570 episcopus
2746 5504 3058 5576 subscripsi.
3106 5507 3389 5578 Secundus
3430 5506 3611 5563 locun-

2054 5586 2323 5643 diancnsis
2376 5590 2654 5662 episcopus
2724 5596 3037 5669 subscripsi.
3088 5600 3372 5656 Pascasius
3412 5616 3441 5655 a
3492 5598 3621 5653 Vica

2054 5681 2273 5749 Augusti
2296 5682 2574 5753 episcopus
2594 5687 2906 5761 subscripsi.
2932 5692 3257 5750 Cresconius
3279 5690 3605 5763 Tacianeusii
