3838 6222
184 275 334 334 1189

951 285 956 288 ’
1051 278 1145 337 AD
1186 274 1718 361 DONATiS'fARUM
1759 273 2133 359 ηιετοιιιω
2172 281 2654 362 PERTINENTIA.

3316 248 3455 343 {tuo

178 391 503 463 episcopus
551 391 896 482 subscripsi.
926 395 1250 481 Rogatianus
1302 398 1591 483 episcopus
1641 398 1770 453 suh-
1799 403 1845 480 ᾼ
1876 397 1985 474 bilo
2007 411 2107 460 nec
2133 406 2215 453 est
2236 398 2455 477 confusa
2481 378 2767 475 criminum
2798 399 2970 470 sylva,
2997 413 3118 456 cum
3147 398 3213 455 ad
3244 367 3478 470 ptenam‘

177 484 406 551 scripsi.
461 474 813 540 Maximianus
854 474 1282 563 Erummincnsis
1308 479 1611 559 episcopus
1648 490 1776 544 sub-

176 574 403 643 scripsi.
479 574 782 632 Benenatus
837 561 1255 649 Tugutianensis
1305 581 1592 652 episcopus
1645 581 1775 657 sub-

175 662 409 733 scripsi.
473 660 729 724 Ritauus‘
758 668 1061 741 episcopus
1150 671 1468 741 subscripsi;
1535 669 1773 731 Gaianas

175 747 528 825 Tiguaieasis
582 748 867 829 episcopus
911 750 1228 833 subscripsi.
1270 749 1581 840 Victorinus
1634 763 1775 833 Lep-

180 849 543 935 Iimagnensis
581 854 865 923 episcopus
902 854 1218 925 subscripsi.
1252 855 1547 913 Cuutasius
1594 857 1765 913 Bene-

177 943 360 1001 fensis
414 943 1075 1017 episcopus‘suhscripsi.
1126 947 1443 1016 Quiutasius
1480 945 1769 1017 Capsensis

175 1038 475 1110 episcopus
499 1039 809 1108 subscripsi.
828 1039 1129 1095 Felicianus
1152 1039 1470 1104 Mustitanus
1484 1039 1770 1109 episcopus

172 1131 495 1201 subcripsi-
530 1130 872 1199 Victorianus
908 1126 974 1187 ex
1015 1131 1349 1201 delegatione
1392 1130 1603 1201 Miggiui
1649 1131 1769 1200 epi-

108 1280 113 1285 ,
174 1222 342 1294 scopi
370 1212 683 1292 subscripsi.
727 1222 949 1278 Latinus
992 1222 1279 1293 Mugiensis
1327 1223 1768 1293 epi‘scopuspsub-

110 1352 118 1360 .
173 1315 405 1385 scripsi.
459 1314 716 1369 Proculus
764 1301 1073 1370 Girbitanus
1120 1304 1405 1384 episcopus
1448 1314 1764 1384 subscripsi.

151 1392 427 1464 ‘Donatus
453 1404 812 1481 Sabratensis
853 1408 1137 1477 episcopus
1168 1402 1264 1476 pro
1292 1406 1456 1463 fratre
1480 1398 1535 1463 et
1561 1408 1768 1478 collega

170 1516 308 1558 meo
360 1480 609 1573 biarratio
656 1488 969 1569 subscripsi.
1004 1501 1266 1556 Proculus
1311 1500 1625 1556 Girbitanus
1671 1514 1768 1569 pro

130 1594 391 1665 -.collega
443 1606 564 1648 meo
615 1591 862 1648 Galliono
887 1591 1605 1661 subscripsi.-‘Se¢undianus
1653 1592 1769 1647 Pri-

168 1684 450 1741 sianensis
493 1684 775 1755 episcOpus
821 1683 1138 1753 subscripsi.
1208 1683 1489 1754 Helpidius
1542 1683 1770 1740 Tusdri-

1874 489 2150 563 designata
2193 480 2312 545 sunt
2363 484 2600 546 nmuina.
2634 488 2986 560 lndulgcﬁtia)
3030 493 3173 548 enim
3205 504 3329 547 ante
3360 493 3458 549 hac

1828 612 1831 613 ν
1877 581 2049 639 fuerat
2079 601 2093 637 :
2118 582 2243 637 dum
2273 582 2573 638 clementia!
2617 583 2938 637 dimittimus
2969 583 3165 655 lineam
3193 624 3208 644 .
3252 572 3459 639 invenit

1873 688 2209 759 causaqvquos‘
2233 675 2417 753 puniat
2456 673 2605 746 (Lib.
2648 675 2709 745 dc
2741 672 2879 729 (ἔδει.
2922 690 3037 732 cum
3076 672 3249 727 Emer.
3291 675 3453 747 207

1872 775 1920 821 et
1946 760 2114 823 lib.tv
2136 776 2302 842 contr.
2331 768 2499 833 Cresc.
2531 784 2658 847 cap.
2678 766 2766 837 5f,
2800 767 2887 822 lib.
2912 783 2949 825 ιι
2994 760 3159 823 contr.
3206 767 3451 825 Parmea.

1872 875 1989 927 cap.
2018 860 2103 929 3).

1853 1018 1862 1026 ι
1940 950 2045 1007 Sed
2074 942 2309 1020 veridica
2332 952 2473 1021 unda
2497 952 2555 1029 in
2599 967 2821 1029 aSperos
2868 953 3119 1023 sc0pulos
3144 953 3455 1023 .nonnullov

1870 1060 1989 1101 rum
2045 1044 2298 1123 naufraga
2326 1046 2565 1120 projema
2594 1034 2727 1104 sunt,
2772 1034 3044 1121 membra,
3088 1054 3143 1101 et
3171 1043 3454 1118 Egyptia-

1872 1153 1990 1192 rum
2039 1122 2106 1192 ad
2177 1136 2391 1193 modum
2432 1122 2713 1209 exemplo,
2768 1138 3106 1210 pereuntium
3174 1136 3455 1195 funeribus

1873 1228 2029 1295 plena
2063 1235 2189 1304 sunt
2234 1216 2412 1283 littOra
2444 1247 2459 1282 :
2486 1230 2679 1302 quibus
2709 1229 2762 1284 in
2810 1231 2922 1299 ipsa
2951 1239 3124 1285 morte
3163 1228 3333 1307 major
3370 1239 3455 1287 est

1871 1336 2025 1389 poena
2043 1360 2067 1395 ρ,
2084 1321 2223 1395 quod
2254 1330 2373 1391 post
2411 1309 2676 1379 extortam
2698 1322 2857 1394 aquis
2884 1321 3162 1378 ultricibus
3186 1323 3416 1378 animam
3434 1363 3452 1393 ,

1870 1426 1972 1467 nec
2028 1413 2195 1481 ipsam
2246 1412 2519 1485 inveniant
2594 1404 2918 1483 sepulturam
2969 1411 3159 1485 (Lib.,
3201 1428 3257 1468 tv
3285 1422 3449 1469 contr.

1869 1500 2109 1571 Crescon.
2124 1519 2243 1573 cap.
2262 1502 2377 1574 iii).
2602 1564 2610 1570 _

1946 1592 2272 1673 Loquamur,
2297 1596 2597 1665 charissimi
2629 1596 2851 1665 fratres,
2882 1598 3187 1669 schismatis
3214 1588 3404 1663 causas
3437 1615 3451 1652 :

1870 1688 1993 1757 quia
2021 1674 2148 1756 jam.
2188 1674 2294 1743 no'n
2349 1703 2636 1759 possumus
2669 1697 2849 1763 tacere
2880 1705 3160 1760 personas.
3191 1690 3457 1760 num»
3508 1694 3511 1698 '

167 1789 341 1834 Ianus
379 1762 1016 1859 cpiscopushsubscripsi.
1060 1776 1301 1831 Donatus
1332 1774 1765 1833 Samurdatcnsis
1794 1791 1842 1859 Β
1871 1796 1978 1835 nunt
2030 1780 2149 1836 fidei
2190 1781 2483 1847 mmulum,
2526 1762 2768 1837 veritatis
2814 1781 3115 1846 adulterum
3141 1821 3158 1847 ,
3200 1780 3453 1836 Ecclesia:

163 1870 466 1939 episcopus
503 1856 815 1936 Subscripsi.
840 1856 1127 1924 ‘Getulicus
1172 1868 1613 1924 Victoriancnsis'
1642 1870 1761 1939 epi-

164 1970 377 2029 scopus
393 1959 703 2026 subscripsi.
733 1959 1066 2014 Annibonius
1087 1959 1449 2015 Rabautensis
1471 1962 1760 2030 episcopus

162 2048 494 2119 subscripsi.
547 2048 679 2103 Item
708 2047 1043 2104 Annibonius
1086 2051 1281 2119 petitus
1327 2065 1356 2123 a
1403 2052 1608 2122 collega
1642 2032 1764 2108 meo

166 2140 441 2212 Ange'ndo
482 2132 672 2195 A'rensl
703 2140 956 2210 episcopo
986 2140 1300 2209 subscripsi.
1331 2136 1606 2196 Tertullus
1637 2137 1764 2198 Abi-

163 2234 348 2289 teusls
384 2233 668 2303 episcopus
715 2231 1026 2301 subscripsi.
1079 2231 1435 2287 Prim‘ulianus
1476 2233 1763 2304 episcopus

164 2327 490 2397 subscripsi.
562 2324 932 2382 Secundianus
984 2324 1430 2381 Aurisilianen’sis
1476 2328 1762 2397 episcopus

161 2420 491 2490 Subscripsi.
523 2418 782 2473 Maximus
804 2419 1105 2473 Pitaneusis
1126 2419 1411 2489 episcopus
1440 2420 1759 2489 subscripsi.

160 2496 592 2566 Crescentianus
637 2509 932 2565 Murrensis
973 2510 1258 2581 episcopus
1299 2509 1610 2581 subscripsi.
1655 2510 1764 2571 Do-

165 2614 335 2660 natus
365 2603 685 2675 Bcliniensis
708 2602 992 2674 episcopus
1032 2603 1348 2673 subscripsi.
1401 2602 1762 2658 Perseveran-

164 2696 278 2761 tius
352 2696 672 2752 Tevestiuus
743 2696 1029 2766 episcopus
1092 2693 1412 2762 subscripsi.
1472 2693 1763 2747 Fausniuus

164 2791 426 2853 Binensis
458 2780 740 2860 cpiscopus
782 2787 1096 2857 subscripsi.
1143 2786 1328 2842 Victor
1369 2785 1765 2849 Altiburitanus

163 2883 810 2954 episcopus-subscripsi.
859 2880 1059 2959 Omnes
1114 2892 1342 2933 numero
1380 2876 1762 2948 quinquaginta

166 2986 307 3032 tres.
867 3010 872 3014 -
1297 2987 1302 2992 ’

705 3087 854 3142 ΔιηΝο
885 3086 1079 3141 Donum
1107 3083 1231 3141 594.

1870 1872 2057 1927 matris
2099 1873 2370 1928 inimicum
2396 1916 2410 1941 ,
2443 1872 2684 1939 Dalhan,
2712 1871 2889 1929 Chore
2934 1884 2989 1929 et
3046 1872 3249 1928 Abiron
3295 1872 3455 1927 mini-

1868 1976 2037 2021 strum
2065 2008 2078 2031 ,
2103 1967 2172 2023 de
2203 1956 2584 2043 pacis'gremio
2614 1969 2895 2023 sententia:
2936 1968 3139 2023 fulmen
3173 1966 3410 2022 excussit
3439 1981 3451 2017 :

1868 2058 2084 2127 etquod
2106 2058 2283 2113 adhuc
2312 2074 2435 2114 eum
2486 2058 2775 2114 dehiscens
2826 2068 2969 2112 terra
3002 2074 3111 2112 non
3137 2057 3413 2111 absorbuit
3438 2095 3453 2120 ,

1869 2148 1935 2202 ad
1961 2150 2131 2218 majus
2151 2151 2470 2219 supplicium
2493 2152 2703 2220 superis
2732 2150 3055 2213 reservavit.
3082 2141 3286 2216 Raptus
3309 2147 3452 2201 enim

1868 2255 2081 2325 poenam
2125 2257 2275 2297 suam
2302 2242 2625 2314 compendio
2653 2243 2955 2325 lucraverat
2984 2239 3230 2325 funeris;
3266 2254 3455 2325 usuras
3504 2266 3511 2272 '

1870 2350 2011 2389 nunc
2036 2318 2313 2404 graviores
2342 2328 2546 2406 colligit
2575 2318 2796 2394 fmnoris
2822 2374 2837 2399 ,
2868 2349 2987 2391 cum
3030 2318 3255 2395 mortuis
3290 2318 3457 2388 inter-

1866 2436 1944 2481 est
1970 2427 2121 2479 vivus
2148 2426 2209 2496 (Ι.
2238 2421 2301 2480 de
2330 2420 2471 2481 (ἔδει.
2503 2441 2620 2478 cum
2646 2417 2863 2494 Eruet).

1886 2508 1893 2513 ’
1938 2515 2047 2570 Nec
2098 2516 2272 2569 solum
2301 2515 2444 2568 hunc
2487 2506 2708 2569 sceleris
2732 2514 2812 2569 sui
2847 2520 2992 2568 mors
3016 2500 3171 2582 ‘justa
3198 2514 3454 2568 condem-
3492 2497 3500 2506 ’

1868 2617 1980 2662 nat.
2034 2608 2220 2662 Trahit
2262 2608 2425 2661 etiam
2455 2606 2520 2661 ad
2551 2607 2880 2662 consortium
2911 2606 3151 2661 criminis
3188 2606 3454 2676 plurimos

1867 2712 2056 2770 catena
2081 2700 2349 2769 sacrilegii
2368 2741 2382 2761 .
2406 2702 2475 2756 de
2518 2690 2715 2770 quibus
2742 2702 3001 2769 scriptum
3028 2708 3115 2755 est
3145 2706 3169 2752 :'
3191 2699 3454 2754 Venenum

1865 2772 2111 2863 aspiciam.
2144 2790 2236 2844 sub
2268 2791 2421 2845 labiis
2446 2807 2653 2858 eorum,
2692 2808 2909 2862 quorum
2941 2808 2995 2846 os
3026 2791 3381 2846 maledictionc
3407 2800 3455 2846 et

1865 2883 2210 2956 antarituding
2232 2883 2453 2954 plenum
2503 2894 2579 2941 est
2597 2926 2611 2951 ,
2640 2887 2833 2941 veloces
2882 2885 3037 2957 pedes
3078 2902 3255 2939 eorum
3283 2885 3353 2939 ad
3377 2890 3457 2955 ef-

1866 2976 2189 3045 fundendum
2212 2978 2553 3049 sanguincm;
2607 2979 2846 3033 contritio
2870 2988 2918 3034 et
2942 2978 3217 3051 infelicitas
3262 2979 3316 3034 in
3358 2978 3454 3032 uiis

1866 3085 2067 3141 eorum,
2096 3079 2141 3121 et
2171 3069 2302 3122 viam
2338 3071 2482 3153 pacis
2524 3088 2627 3125 non
2654 3081 3044 3144 cognoverunt;
3073 3089 3177 3138 non
3198 3086 3273 3128 est
3304 3075 3457 3129 timor

927 3199 1012 3253 VL
1136 3200 1142 3208 -
1739 3150 1745 3156 ’
1791 3159 1836 3233 C
1870 3158 1969 3216 Dei
1996 3168 2114 3215 ante
2151 3161 2327 3217 oculos
2352 3150 2549 3218 earum.
2583 3163 2857 3223 Nollcmus
2888 3150 3105 3235 quidem
3131 3180 3454 3236 quamquam

412 3314 790 3395 sauricum
819 3309 1106 3369 CONCILII
1145 3292 1552 3368 BAGAIENSIS

532 3444 565 3482 Λ
608 3440 915 3482 ῡοΝΛτιετιε
957 3438 1221 3481 EPISCOPIS
1250 3438 1381 3481 CCCX

277 3519 388 3575 Pro
415 3518 682 3575 Primiano
710 3516 898 3589 habiti,
928 3517 979 3570 in
1011 3502 1388 3572 Maximiauum
1416 3513 1639 3585 ejusque

448 3610 785 3666 ordinatores
814 3623 877 3662 ac
908 3609 1097 3669 socios
1116 3607 1479 3677 pronuntiata.

421 3720 424 3724 λ
450 3687 559 3773 (Ea:
599 3702 754 3755 variis
774 3699 1048 3771 Augustini
1076 3688 1491 3766 lociscollecta.)
1511 3692 1529 3741 Γ.

235 3816 377 3872 Cum
408 3816 791 3886 omnipotentis
818 3815 912 3868 Dei
956 3823 1011 3867 et
1056 3810 1265 3871 Christi
1303 3811 1420 3881 ejus
1461 3810 1764 3866 Salvatoris

167 3909 371 3963 nostri-
414 3907 717 3968 voluntate,
772 3920 838 3959 ex
893 3904 1159 3957 universis
1220 3902 1511 3971 provinciis
1565 3900 1765 3957 Africa:

167 3998 491 4069 venientes,
548 3996 599 4050 iu
643 3994 879 4050 Ecclesia
928 4002 1113 4049 sancta
1155 3992 1433 4063 Bagaiensi
1475 3993 1763 4048 concilium

157 4105 484 4161 gereremus
504 4131 517 4153 ,
556 4087 827 4161 Gamalius
848 4131 861 4153 ,
891 4087 1190 4142 Primianus
1214 4129 1230 4153 ,
1258 4087 1485 4148 Pontius
1504 4129 1519 4153 ,
1547 4085 1763 4149 Securis

165 4185 405 4247 dianus,
448 4180 777 4251 Januarius,
821 4180 1182 4242 Saturninus,
1231 4178 1413 4253 Felix,
1464 4176 1758 4245 Pegasius,

169 4274 432 4338 Ruﬁnus.
462 4275 775 4344 Fortuuius,
802 4274 1079 4345 Crispinus
1098 4316 1113 4343 ,
1140 4272 1445 4343 Florentius
1463 4314 1477 4339 ,
1510 4271 1758 4342 Optatus,

169 4367 441 4434 Donatus,
476 4366 824 4431 Donatianus,
869 4356 924 4422 et
946 4366 1149 4431 cmteri,
1193 4378 1421 4420 numero
1454 4364 1676 4418 trecenti
1704 4369 1762 4417 et

167 4462 363 4518 decem
411 4477 425 4515 :
475 4459 683 4514 Placuit
715 4458 933 4529 Spiritui
972 4468 1158 4513 sancto
1185 4500 1199 4523 ,
1246 4457 1333 4525 qui
1368 4457 1421 4509 in
1447 4454 1601 4509 nobis
1632 4460 1717 4508 est
1740 4491 1757 4519 ,

1868 3271 1900 3313 ε
1948 3256 2153 3324 proprii
2199 3258 2445 3326 corporis
2466 3257 2719 3327 junctura
2776 3259 2992 3328 prarcidi
3034 3257 3172 3325 ;sod
3202 3259 3453 3326 quoniam

1870 3345 2193 3418 tabescentis
2224 3347 2460 3402 vulneris
2512 3349 2740 3418 putredo
2771 3348 3026 3418 pcatifera
3062 3348 3369 3420 plus‘babet
3399 3350 3453 3404 in

1868 3437 2199 3503 abscissione
2250 3440 2529 3499 solaminis
2572 3455 2730 3511 quam
2764 3441 2817 3496 in
2846 3442 3165 3497 remissione
3190 3440 3455 3513 medica:-

1870 3531 2305 3595 minis;iuventa
2348 3542 2432 3587 est
2473 3548 2633 3593 causa
2678 3534 2973 3599 salubrior,
3000 3532 3071 3588 ne
3122 3549 3217 3603 per
3262 3542 3453 3589 cuncta

1869 3623 2105 3679 membra
2140 3623 2397 3693 pestilens
2428 3624 2625 3693 irrepat
2661 3625 2824 3689 virus,
2860 3632 2916 3675 ut
2943 3616 3329 3692 compendiosa
3354 3624 3455 3677 do-

1866 3714 1982 3771 lore
1999 3726 2182 3769 natum
2207 3716 2420 3796 decidat
2446 3715 2640 3768 vulnus
2662 3713 2801 3787 (eod.
2824 3715 2962 3782 lib):

1938 3807 2150 3862 Famosi
2179 3822 2304 3876 ergo
2325 3806 2567 3862 criminis
2593 3820 2714 3859 reos
2736 3847 2750 3870 ,
2776 3804 3138 3867 Victorianum
3165 3807 3452 3869 Carcabia-

1869 3891 2086 3955 neuseni
2105 3940 2119 3965 ,
2158 3900 2470 3953 Martialium
2494 3898 2840 3953 Sullectinum
2859 3940 2875 3964 ,
2901 3899 3155 3953 Beianum
3186 3900 3452 3957 Baianen-

1866 4009 2009 4058 sem,
2059 3990 2298 4051 Salvium
2350 3974 2794 4063 Ausap‘hensem,
2847 3990 3194 4065 Theodorum
3220 3994 3454 4052 Usulen—

1865 4098 1976 4138 sem
1997 4124 2013 4149 ,
2049 4083 2310 4149 Donatum
2331 4080 2705 4136 Sabratcnsem
2729 4124 2743 4149 ,
2781 4081 3078 4153 Miggenem
3126 4085 3450 4154 Elephanta-

1864 4178 2094 4235 riensem
2114 4214 2130 4240 ,
2159 4160 2538 4251 Praatextatum
2568 4174 2946 4231 Assuritanum
2970 4215 2995 4253 ,ἱ
3018 4177 3252 4231 Salvium
3285 4178 3450 4235 Mem-

1864 4267 2250 4331 bressitanum,
2328 4264 2601 4320 Valerium
2682 4265 3058 4333 Melzitanum,
3116 4269 3450 4328 Felicianum

1864 4358 2234 4421 Musnitanum,
2263 4364 2319 4411 et
2343 4356 2646 4413 Martialem
2671 4358 3053 4417 Pertusensem
3083 4401 3096 4425 ,
3124 4362 3210 4429 qui
3236 4361 3448 4417 funesto

1863 4450 2402 4521 opere,-perditionis
2434 4465 2527 4506 vas
2575 4450 2853 4508 sordidum
2893 4446 3116 4510 collecta
3147 4446 3479 4511 faeculentia‘

168 4536 363 4625 pacem
417 4554 629 4609 firmare
679 4525 986 4624 perpetuam
1014 4594 1029 4619 ,
1080 4561 1134 4607 et
1180 4551 1471 4605 schismata
1512 4561 1760 4603 resecare
1784 4525 1837 4584 D
1861 4544 2188 4615 glutinarunt
2210 4543 2282 4613 (l.
2316 4544 2375 4598 in
2402 4552 2569 4599 contr.
2593 4542 2769 4602 Cresc.
2800 4564 2917 4615 cap.
2960 4534 3057 4618 53)
3087 4549 3217 4603 :sed
3264 4558 3316 4603 et
3343 4549 3447 4604 cle-

122 4670 123 4673 η
170 4646 437 4715 sacrilega
473 4638 608 4715 (Lib.
640 4647 695 4699 iv
725 4658 888 4699 contr.
915 4644 1155 4699 Crescon.
1190 4658 1307 4709 cap.
1342 4638 1453 4711 10).

238 4736 436 4805 Optata
463 4735 677 4806 quidem
708 4736 852 4805 pacis
881 4743 935 4789 et
962 4726 1264 4790 concordiae
1300 4738 1383 4786 est
1416 4718 1598 4800 juncta
1634 4743 1759 4799 gor-

173 4827 442 4893 manitas,
470 4827 608 4881 sicut
626 4827 885 4897 scriptum
912 4834 1003 4880 est
1030 4844 1042 4879 :
1070 4824 1283 4880 Iustitia
1310 4832 1357 4876 et
1386 4836 1489 4892 pas:
1518 4818 1765 4874 osculata:

171 4928 295 4973 sunt
325 4918 540 4970 inuicem
569 4915 617 4985 (ιι
629 4917 731 4969 bid.
762 4933 878 4986 cap.
897 4918 932 4970 —i
944 4915 1025 4986 ϐ).

181 5057 185 5060 .
243 5009 405 5082 Licet
424 5007 571 5075 enim
596 5007 794 5075 viperei
818 5007 1037 5062 seminis
1065 5008 1253 5063 noxios
1287 5014 1473 5076 partus
1510 5003 1765 5081 venenati

176 5099 322 5157 uteri
354 5099 539 5164 alveus
582 5096 673 5151 diu
712 5099 907 5152 texerit
946 5115 960 5150 :
1009 5107 1064 5151 et
1102 5097 1349 5167 concepti
1386 5096 1620 5161 sceleris
1660 5092 1766 5150 uda

174 5192 405 5261 coagula
427 5232 442 5258 ,
468 5191 521 5244 iu
543 5188 787 5257 aSpidum
818 5189 1057 5242 membra
1094 5188 1248 5243 tardo
1278 5203 1342 5255 se
1377 5189 1558 5243 calore
1596 5196 1765 5256 vapo-

177 5285 457 5347 raveriut;
496 5290 679 5341 tamen
709 5286 1025 5348 conceptum
1041 5279 1197 5332 virus
1219 5318 1235 5342 ,
1251 5289 1623 5345 ,evanescenle
1644 5293 1770 5333 um-

181 5374 407 5443 braculo
429 5416 445 5440 ,
479 5371 738 5428 occultari
768 5384 872 5423 una
913 5370 1085 5439 potuit
1125 5385 1138 5420 :
1178 5383 1299 5429 nam
1335 5369 1435 5423 etsi
1467 5382 1623 5432 sero,
1660 5383 1765 5436 ,pu.

182 5470 381 5541 blicum
436 5474 612 5525 tamen
662 5460 875 5516 facinus
906 5467 975 5529 pet
1013 5458 1551 5535 parricidiumlsnum
1578 5497 1592 5521 ,
1640 5459 1765 5514 fteta

179 5560 453 5631 scelerum
478 5566 600 5622 vota
618 5559 952 5625 pepererunt.
968 5549 1119 5618 Quod
1146 5557 1270 5602 ante
1292 5547 1613 5619 rprmdietuui
1638 5558 1721 5604 est
1746 5566 1761 5603 :

184 5649 441 5704 Parturiit
488 5646 826 5718 iujnstitiam,
880 5642 1105 5713 concepit
1158 5640 1423 5705 dolorem,
1475 5648 1521 5692 et
1557 5640 1767 5707 peperit

184 5742 527 5811 iniquitatem.
567 5737 669 5793 Sed
716 5727 965 5806 quoniam
995 5749 1242 5791 serenum
1271 5735 1379 5803 jam
1404 5729 1571 5802 fulget
1604 5748 1637 5787 e
1664 5746 1765 5788 nu-

1864 4636 2004 4689 ricos
2027 4634 2313 4704 aliquando
2337 4635 2595 4693 EccleSizc
2635 4636 2977 4708 Carthaginis
3000 4680 3013 4702 ,
3041 4639 3129 4705 qui
3154 4638 3278 4693 dum
3311 4638 3445 4707 faci-

1866 4727 1983 4781 nori
2017 4727 2282 4793 intersunt
2307 4727 2526 4795 illicito,
2576 4728 2801 4787 incestui
2851 4729 3190 4799 pra-buerunt
3248 4728 3447 4785 lenoci-

1866 4819 2014 4895 nium
2038 4859 2053 4883 ,
2088 4819 2178 4874 Dei
2212 4820 2550 4889 prmsidentis
2580 4821 2803 4876 arbitrio
2830 4863 2844 4885 ,
2876 4820 3197 4882 universalis
3226 4807 3451 4876 concilii
3488 4834 3491 4835 '

1867 4925 1963 4966 ore
1991 4911 2228 4967 veridico
2254 4953 2268 4978 ,
2311 4912 2594 4969 damnatos
2618 4927 2739 4969 esse
2780 4912 3103 4981 cognoscite.
3132 4911 3237 4973 Eas
3266 4920 3447 4966 autem

1870 5018 2007 5072 quas
2049 5004 2319 5074 sacrilegii
2353 5006 2552 5081 surculi
2580 5020 2686 5059 non
2726 5004 2969 5077 polluere
3012 5002 3310 5072 plantaria,
3341 5002 3449 5059 hoc

1870 5102 1991 5161 est,
2020 5096 2107 5165 qui
2134 5111 2164 5149 a
2215 5096 2520 5150 Maximiani
2548 5097 2723 5165 capite
2748 5137 2763 5162 ,
2814 5095 3059 5172 proprias
3083 5108 3273 5149 manus
3296 5084 3459 5153 vere-5

1871 5184 2045 5247 eundo
2074 5185 2195 5244 fidei
2229 5186 2432 5254 pudore
2461 5195 2835 5249 retraxerunt,
2886 5186 2951 5240 ad
3002 5195 3226 5240 matrem
3257 5184 3448 5241 Eccle-

1870 5277 2002 5332 siam
2027 5276 2209 5351 redire
2235 5278 2666 5353 permisimus“.
2696 5278 2760 5333 de
2785 5276 2926 5334 ϐεδε.
2957 5294 3073 5332 cum
3102 5277 3317 5346 Emer.).
3385 5288 3390 5291 '

1943 5367 2149 5422 Placuit
2170 5374 2345 5423 tamen
2369 5369 2587 5424 decreto
2618 5370 2834 5425 concilii
2856 5410 2870 5435 ,
2896 5369 3206 5424 dilationem
3224 5377 3450 5435 tempo-

1871 5460 1947 5513 ris
1987 5456 2123 5522 dari,
2154 5458 2296 5512 intra
2320 5459 2464 5528 quod
2507 5461 2550 5516 si
2583 5460 2704 5529 quis
2745 5460 2941 5530 corrigi
2981 5458 3266 5522 voluisset,
3296 5460 3453 5514 iuno-

1870 5564 1997 5607 cens
2046 5548 2336 5605 haberetur
2377 5550 2440 5624 (l.
2476 5568 2530 5607 Iv
2570 5562 2734 5627 contr.
2766 5552 2938 5609 Cresc.
3135 5550 3245 5619 54).
3277 5551 3451 5623 Quan-

1871 5649 1980 5697 tum
2012 5639 2154 5694 enim
2183 5639 2251 5696 de
2302 5656 2517 5697 reorum
2567 5651 2737 5698 morte
2782 5637 3092 5714 purgamur,
3124 5652 3328 5698 tantum
3377 5642 3452 5699 de

1870 5731 2230 5791 innocentium
2266 5718 2439 5789 reditu
2467 5733 2795 5803 gratulamur
2840 5733 2860 5804 ζ
2877 5732 3067 5790 Eodem
3098 5735 3134 5789 ι.
3159 5750 3203 5788 c.
3233 5732 3347 5801 55).
3441 5764 3447 5802 _-
