  <div class='ocr_page' id='page_1' title='image "/cluster/home/n/w/nwhite01/storage/ocr_20150623/11/uva.x000826576/605.png"; bbox 0 0 3838 6222; ppageno 0'>
   <div class='ocr_carea' id='block_1_1' title="bbox 441 266 574 323">
    <p class='ocr_par' dir='ltr' id='par_1_1' title="bbox 441 266 574 323">
     <span class='ocr_line' id='line_1_1' title="bbox 441 266 574 323; baseline -0.008 0"><span class='ocrx_word' id='word_1_1' title='bbox 441 266 574 323; x_wconf 64' lang='lat' dir='ltr'><strong>Ili)!</strong></span> 
     </span>
    </p>
   </div>
   <div class='ocr_carea' id='block_1_2' title="bbox 436 474 2019 551">
    <p class='ocr_par' dir='ltr' id='par_1_2' title="bbox 436 474 2019 551">
     <span class='ocr_line' id='line_1_2' title="bbox 436 474 2019 551; baseline 0.006 -26"><span class='ocrx_word' id='word_1_2' title='bbox 436 481 653 527; x_wconf 73' lang='lat' dir='ltr'><strong>arctatte</strong></span> <span class='ocrx_word' id='word_1_3' title='bbox 694 474 797 529; x_wconf 87' lang='lat' dir='ltr'><strong>diei</strong></span> <span class='ocrx_word' id='word_1_4' title='bbox 840 491 1088 545; x_wconf 84' lang='lat' dir='ltr'><strong>pressura</strong></span> <span class='ocrx_word' id='word_1_5' title='bbox 1121 478 1418 546; x_wconf 88' lang='lat' dir='ltr'><strong>subducat;</strong></span> <span class='ocrx_word' id='word_1_6' title='bbox 1450 482 1868 551; x_wconf 73' lang='lat' dir='ltr'><strong>agnoscentibus</strong></span> <span class='ocrx_word' id='word_1_7' title='bbox 1898 482 2019 551; x_wconf 45' lang='lat' dir='ltr'><strong>qui;</strong></span> 
     </span>
    </p>
   </div>
   <div class='ocr_carea' id='block_1_3' title="bbox 434 563 2018 642">
    <p class='ocr_par' dir='ltr' id='par_1_3' title="bbox 434 563 2018 642">
     <span class='ocr_line' id='line_1_3' title="bbox 434 563 2018 642; baseline 0.005 -23"><span class='ocrx_word' id='word_1_8' title='bbox 434 563 668 620; x_wconf 88' lang='lat' dir='ltr'><strong>buslibct</strong></span> <span class='ocrx_word' id='word_1_9' title='bbox 704 566 859 637; x_wconf 85' lang='lat' dir='ltr'><strong>longe</strong></span> <span class='ocrx_word' id='word_1_10' title='bbox 893 571 1237 626; x_wconf 80' lang='lat' dir='ltr'><strong>manentibus</strong></span> <span class='ocrx_word' id='word_1_11' title='bbox 1275 572 1707 642; x_wconf 58' lang='lat' dir='ltr'><strong>praecedentibus</strong></span> <span class='ocrx_word' id='word_1_12' title='bbox 1763 575 1980 627; x_wconf 74' lang='lat' dir='ltr'><strong>statutis</strong></span> <span class='ocrx_word' id='word_1_13' title='bbox 2006 615 2018 636; x_wconf 89' lang='lat'><strong>,</strong></span> 
     </span>
    </p>
   </div>
   <div class='ocr_carea' id='block_1_4' title="bbox 392 659 2021 730">
    <p class='ocr_par' dir='ltr' id='par_1_4' title="bbox 392 659 2021 730">
     <span class='ocr_line' id='line_1_4' title="bbox 392 659 2021 730; baseline 0.004 -17"><span class='ocrx_word' id='word_1_14' title='bbox 392 709 397 713; x_wconf 82' lang='lat'><strong>.</strong></span> <span class='ocrx_word' id='word_1_15' title='bbox 434 659 701 715; x_wconf 82' lang='lat' dir='ltr'><strong>universis</strong></span> <span class='ocrx_word' id='word_1_16' title='bbox 728 676 896 730; x_wconf 92' lang='lat' dir='ltr'><strong>usque</strong></span> <span class='ocrx_word' id='word_1_17' title='bbox 922 662 989 717; x_wconf 89' lang='lat' dir='ltr'><strong>ad</strong></span> <span class='ocrx_word' id='word_1_18' title='bbox 1010 664 1152 719; x_wconf 90' lang='lat' dir='ltr'><strong>diem</strong></span> <span class='ocrx_word' id='word_1_19' title='bbox 1179 673 1427 720; x_wconf 88' lang='lat' dir='ltr'><strong>octavum</strong></span> <span class='ocrx_word' id='word_1_20' title='bbox 1457 665 1805 721; x_wconf 81' lang='lat' dir='ltr'><strong>kalendarum</strong></span> <span class='ocrx_word' id='word_1_21' title='bbox 1827 664 2021 730; x_wconf 85' lang='lat' dir='ltr'><strong>Janua-</strong></span> 
     </span>
    </p>
   </div>
   <div class='ocr_carea' id='block_1_5' title="bbox 431 748 2019 827">
    <p class='ocr_par' dir='ltr' id='par_1_5' title="bbox 431 748 2019 827">
     <span class='ocr_line' id='line_1_5' title="bbox 431 748 2019 827; baseline 0.003 -23"><span class='ocrx_word' id='word_1_22' title='bbox 431 748 498 805; x_wconf 85' lang='lat' dir='ltr'><strong>rii</strong></span> <span class='ocrx_word' id='word_1_23' title='bbox 530 753 769 820; x_wconf 79' lang='lat' dir='ltr'><strong>proxime</strong></span> <span class='ocrx_word' id='word_1_24' title='bbox 792 752 1087 809; x_wconf 81' lang='lat' dir='ltr'><strong>futurarum</strong></span> <span class='ocrx_word' id='word_1_25' title='bbox 1109 797 1124 820; x_wconf 91' lang='lat'><strong>,</strong></span> <span class='ocrx_word' id='word_1_26' title='bbox 1158 757 1445 826; x_wconf 80' lang='lat' dir='ltr'><strong>agnitionis</strong></span> <span class='ocrx_word' id='word_1_27' title='bbox 1474 757 1757 823; x_wconf 74' lang='lat' dir='ltr'><strong>pandimus</strong></span> <span class='ocrx_word' id='word_1_28' title='bbox 1779 758 2019 827; x_wconf 88' lang='lat' dir='ltr'><strong>januam,</strong></span> 
     </span>
    </p>
   </div>
   <div class='ocr_carea' id='block_1_6' title="bbox 436 841 2021 917">
    <p class='ocr_par' dir='ltr' id='par_1_6' title="bbox 436 841 2021 917">
     <span class='ocr_line' id='line_1_6' title="bbox 436 841 2021 917; baseline 0.004 -22"><span class='ocrx_word' id='word_1_29' title='bbox 436 850 494 896; x_wconf 91' lang='lat' dir='ltr'><strong>ut</strong></span> <span class='ocrx_word' id='word_1_30' title='bbox 517 841 710 912; x_wconf 88' lang='lat' dir='ltr'><strong>integri</strong></span> <span class='ocrx_word' id='word_1_31' title='bbox 764 843 982 899; x_wconf 88' lang='lat' dir='ltr'><strong>honoris</strong></span> <span class='ocrx_word' id='word_1_32' title='bbox 1025 860 1088 901; x_wconf 91' lang='lat' dir='ltr'><strong>ac</strong></span> <span class='ocrx_word' id='word_1_33' title='bbox 1128 847 1251 901; x_wconf 80' lang='lat' dir='ltr'><strong>iidei</strong></span> <span class='ocrx_word' id='word_1_34' title='bbox 1294 848 1526 917; x_wconf 81' lang='lat' dir='ltr'><strong>regressi</strong></span> <span class='ocrx_word' id='word_1_35' title='bbox 1568 848 1802 905; x_wconf 75' lang='lat' dir='ltr'><strong>habeant</strong></span> <span class='ocrx_word' id='word_1_36' title='bbox 1832 848 2021 903; x_wconf 82' lang='lat' dir='ltr'><strong>funda-</strong></span> 
     </span>
    </p>
   </div>
   <div class='ocr_carea' id='block_1_7' title="bbox 428 935 2017 1009">
    <p class='ocr_par' dir='ltr' id='par_1_7' title="bbox 428 935 2017 1009">
     <span class='ocr_line' id='line_1_7' title="bbox 428 935 2017 1009; baseline 0.005 -22"><span class='ocrx_word' id='word_1_37' title='bbox 428 942 605 987; x_wconf 88' lang='lat' dir='ltr'><strong>menta</strong></span> <span class='ocrx_word' id='word_1_38' title='bbox 642 948 840 1002; x_wconf 89' lang='lat' dir='ltr'><strong>:quam</strong></span> <span class='ocrx_word' id='word_1_39' title='bbox 870 935 913 988; x_wconf 94' lang='lat' dir='ltr'><strong>si</strong></span> <span class='ocrx_word' id='word_1_40' title='bbox 966 935 1246 1006; x_wconf 80' lang='lat' dir='ltr'><strong>quisquam</strong></span> <span class='ocrx_word' id='word_1_41' title='bbox 1278 936 1487 1008; x_wconf 81' lang='lat' dir='ltr'><strong>ingredi</strong></span> <span class='ocrx_word' id='word_1_42' title='bbox 1531 940 1830 1009; x_wconf 80' lang='lat' dir='ltr'><strong>nequiverit</strong></span> <span class='ocrx_word' id='word_1_43' title='bbox 1870 939 2017 1009; x_wconf 82' lang='lat' dir='ltr'><strong>pigra</strong></span> 
     </span>
    </p>
   </div>
   <div class='ocr_carea' id='block_1_8' title="bbox 436 1024 2018 1100">
    <p class='ocr_par' dir='ltr' id='par_1_8' title="bbox 436 1024 2018 1100">
     <span class='ocr_line' id='line_1_8' title="bbox 436 1024 2018 1100; baseline 0.006 -21"><span class='ocrx_word' id='word_1_44' title='bbox 436 1024 697 1095; x_wconf 75' lang='lat' dir='ltr'><strong>segnitie;</strong></span> <span class='ocrx_word' id='word_1_45' title='bbox 738 1025 875 1079; x_wconf 82' lang='lat' dir='ltr'><strong>sciat</strong></span> <span class='ocrx_word' id='word_1_46' title='bbox 903 1026 1006 1082; x_wconf 89' lang='lat' dir='ltr'><strong>sibi</strong></span> <span class='ocrx_word' id='word_1_47' title='bbox 1055 1028 1119 1083; x_wconf 88' lang='lat' dir='ltr'><strong>ad</strong></span> <span class='ocrx_word' id='word_1_48' title='bbox 1170 1045 1359 1085; x_wconf 86' lang='lat' dir='ltr'><strong>omnes</strong></span> <span class='ocrx_word' id='word_1_49' title='bbox 1403 1031 1644 1087; x_wconf 88' lang='lat' dir='ltr'><strong>veniales</strong></span> <span class='ocrx_word' id='word_1_50' title='bbox 1679 1034 1884 1100; x_wconf 85' lang='lat' dir='ltr'><strong>aditus,</strong></span> <span class='ocrx_word' id='word_1_51' title='bbox 1925 1048 2018 1089; x_wconf 89' lang='lat' dir='ltr'><strong>sua</strong></span> 
     </span>
    </p>
   </div>
   <div class='ocr_carea' id='block_1_9' title="bbox 430 1113 2017 1213">
    <p class='ocr_par' dir='ltr' id='par_1_9' title="bbox 430 1113 2017 1213">
     <span class='ocr_line' id='line_1_9' title="bbox 430 1113 2017 1213; baseline 0.008 -46"><span class='ocrx_word' id='word_1_52' title='bbox 430 1113 709 1170; x_wconf 79' lang='lat' dir='ltr'><strong>voluntate</strong></span> <span class='ocrx_word' id='word_1_53' title='bbox 752 1116 891 1170; x_wconf 88' lang='lat' dir='ltr'><strong>viam</strong></span> <span class='ocrx_word' id='word_1_54' title='bbox 927 1132 1048 1173; x_wconf 89' lang='lat' dir='ltr'><strong>esse</strong></span> <span class='ocrx_word' id='word_1_55' title='bbox 1074 1120 1413 1177; x_wconf 89' lang='lat' dir='ltr'><strong>subductam.</strong></span> <span class='ocrx_word' id='word_1_56' title='bbox 1445 1123 1674 1180; x_wconf 79' lang='lat' dir='ltr'><strong>Manebit</strong></span> <span class='ocrx_word' id='word_1_57' title='bbox 1709 1126 1850 1180; x_wconf 90' lang='lat' dir='ltr'><strong>enim</strong></span> <span class='ocrx_word' id='word_1_58' title='bbox 1876 1124 2017 1213; x_wconf 68' lang='lat' dir='ltr'><strong>circa</strong></span> 
     </span>
    </p>
   </div>
   <div class='ocr_carea' id='block_1_10' title="bbox 433 1206 2017 1283">
    <p class='ocr_par' dir='ltr' id='par_1_10' title="bbox 433 1206 2017 1283">
     <span class='ocr_line' id='line_1_10' title="bbox 433 1206 2017 1283; baseline 0.007 -23"><span class='ocrx_word' id='word_1_59' title='bbox 433 1219 527 1261; x_wconf 90' lang='lat' dir='ltr'><strong>eos</strong></span> <span class='ocrx_word' id='word_1_60' title='bbox 545 1206 687 1261; x_wconf 89' lang='lat' dir='ltr'><strong>dicta</strong></span> <span class='ocrx_word' id='word_1_61' title='bbox 710 1210 994 1275; x_wconf 86' lang='lat' dir='ltr'><strong>sententia,</strong></span> <span class='ocrx_word' id='word_1_62' title='bbox 1012 1220 1067 1265; x_wconf 89' lang='lat' dir='ltr'><strong>et</strong></span> <span class='ocrx_word' id='word_1_63' title='bbox 1089 1220 1210 1279; x_wconf 89' lang='lat' dir='ltr'><strong>post</strong></span> <span class='ocrx_word' id='word_1_64' title='bbox 1238 1214 1594 1283; x_wconf 76' lang='lat' dir='ltr'><strong>przcstitutum</strong></span> <span class='ocrx_word' id='word_1_65' title='bbox 1617 1216 1757 1271; x_wconf 91' lang='lat' dir='ltr'><strong>diem</strong></span> <span class='ocrx_word' id='word_1_66' title='bbox 1787 1206 2017 1271; x_wconf 83' lang='lat' dir='ltr'><strong>redeun-</strong></span> 
     </span>
    </p>
   </div>
   <div class='ocr_carea' id='block_1_11' title="bbox 432 1296 1907 1379">
    <p class='ocr_par' dir='ltr' id='par_1_11' title="bbox 432 1296 1907 1379">
     <span class='ocr_line' id='line_1_11' title="bbox 432 1296 1907 1379; baseline 0.009 -30"><span class='ocrx_word' id='word_1_67' title='bbox 432 1296 574 1351; x_wconf 88' lang='lat' dir='ltr'><strong>tibus</strong></span> <span class='ocrx_word' id='word_1_68' title='bbox 605 1296 706 1351; x_wconf 79' lang='lat' dir='ltr'><strong>lixa</strong></span> <span class='ocrx_word' id='word_1_69' title='bbox 743 1299 1055 1367; x_wconf 67' lang='lat' dir='ltr'><strong>poenitentia</strong></span> <span class='ocrx_word' id='word_1_70' title='bbox 1086 1303 1149 1375; x_wconf 84' lang='grc' dir='ltr'><strong>(ι.</strong></span> <span class='ocrx_word' id='word_1_71' title='bbox 1186 1319 1240 1358; x_wconf 88' lang='lat' dir='ltr'><strong>tv</strong></span> <span class='ocrx_word' id='word_1_72' title='bbox 1272 1316 1437 1360; x_wconf 81' lang='lat' dir='ltr'><strong>contr.</strong></span> <span class='ocrx_word' id='word_1_73' title='bbox 1490 1305 1660 1363; x_wconf 80' lang='lat' dir='ltr'><strong>Cresc.</strong></span> <span class='ocrx_word' id='word_1_74' title='bbox 1681 1325 1796 1375; x_wconf 87' lang='lat' dir='ltr'><strong>cup.</strong></span> <span class='ocrx_word' id='word_1_75' title='bbox 1827 1307 1907 1379; x_wconf 72' lang='grc' dir='ltr'><strong>ι).</strong></span> 
     </span>
    </p>
   </div>
   <div class='ocr_carea' id='block_1_12' title="bbox 504 1389 2020 1471">
    <p class='ocr_par' dir='ltr' id='par_1_12' title="bbox 504 1389 2020 1471">
     <span class='ocr_line' id='line_1_12' title="bbox 504 1389 2020 1471; baseline 0.01 -29"><span class='ocrx_word' id='word_1_76' title='bbox 504 1390 636 1443; x_wconf 90' lang='lat' dir='ltr'><strong>Data</strong></span> <span class='ocrx_word' id='word_1_77' title='bbox 666 1389 826 1462; x_wconf 85' lang='lat' dir='ltr'><strong>Bagai</strong></span> <span class='ocrx_word' id='word_1_78' title='bbox 882 1393 932 1447; x_wconf 92' lang='lat' dir='ltr'><strong>in</strong></span> <span class='ocrx_word' id='word_1_79' title='bbox 961 1393 1205 1449; x_wconf 85' lang='lat' dir='ltr'><strong>Numidia</strong></span> <span class='ocrx_word' id='word_1_80' title='bbox 1258 1413 1351 1452; x_wconf 85' lang='lat' dir='ltr'><strong>vnt</strong></span> <span class='ocrx_word' id='word_1_81' title='bbox 1382 1397 1642 1455; x_wconf 81' lang='lat' dir='ltr'><strong>kalendas</strong></span> <span class='ocrx_word' id='word_1_82' title='bbox 1687 1400 1851 1455; x_wconf 80' lang='lat' dir='ltr'><strong>Maias</strong></span> <span class='ocrx_word' id='word_1_83' title='bbox 1900 1410 2020 1471; x_wconf 90' lang='lat' dir='ltr'><strong>post</strong></span> 
     </span>
    </p>
   </div>
   <div class='ocr_carea' id='block_1_13' title="bbox 431 1483 2021 1563">
    <p class='ocr_par' dir='ltr' id='par_1_13' title="bbox 431 1483 2021 1563">
     <span class='ocr_line' id='line_1_13' title="bbox 431 1483 2021 1563; baseline 0.008 -29"><span class='ocrx_word' id='word_1_84' title='bbox 431 1483 764 1536; x_wconf 84' lang='lat' dir='ltr'><strong>consulatum</strong></span> <span class='ocrx_word' id='word_1_85' title='bbox 817 1483 1104 1541; x_wconf 90' lang='lat' dir='ltr'><strong>Theodosii</strong></span> <span class='ocrx_word' id='word_1_86' title='bbox 1158 1490 1381 1559; x_wconf 86' lang='lat' dir='ltr'><strong>Augusti</strong></span> <span class='ocrx_word' id='word_1_87' title='bbox 1406 1490 1509 1557; x_wconf 90' lang='lat' dir='ltr'><strong>Ill,</strong></span> <span class='ocrx_word' id='word_1_88' title='bbox 1534 1493 1814 1549; x_wconf 85' lang='lat' dir='ltr'><strong>consulatu</strong></span> <span class='ocrx_word' id='word_1_89' title='bbox 1841 1493 2021 1563; x_wconf 81' lang='lat' dir='ltr'><strong>Augu-</strong></span> 
     </span>
    </p>
   </div>
   <div class='ocr_carea' id='block_1_14' title="bbox 430 1575 2022 1655">
    <p class='ocr_par' dir='ltr' id='par_1_14' title="bbox 430 1575 2022 1655">
     <span class='ocr_line' id='line_1_14' title="bbox 430 1575 2022 1655; baseline 0.008 -27"><span class='ocrx_word' id='word_1_90' title='bbox 430 1582 634 1630; x_wconf 86' lang='lat' dir='ltr'><strong>storum</strong></span> <span class='ocrx_word' id='word_1_91' title='bbox 666 1578 880 1633; x_wconf 82' lang='lat' dir='ltr'><strong>Arcadii</strong></span> <span class='ocrx_word' id='word_1_92' title='bbox 910 1579 978 1633; x_wconf 91' lang='lat' dir='ltr'><strong>III</strong></span> <span class='ocrx_word' id='word_1_93' title='bbox 1008 1590 1063 1634; x_wconf 90' lang='lat' dir='ltr'><strong>et</strong></span> <span class='ocrx_word' id='word_1_94' title='bbox 1114 1580 1335 1636; x_wconf 87' lang='lat' dir='ltr'><strong>llonorii</strong></span> <span class='ocrx_word' id='word_1_95' title='bbox 1374 1584 1567 1638; x_wconf 88' lang='lat' dir='ltr'><strong>iterum</strong></span> <span class='ocrx_word' id='word_1_96' title='bbox 1627 1575 1686 1655; x_wconf 70' lang='grc' dir='ltr'><strong>(ι.</strong></span> <span class='ocrx_word' id='word_1_97' title='bbox 1744 1601 1798 1640; x_wconf 91' lang='lat' dir='ltr'><strong>nt</strong></span> <span class='ocrx_word' id='word_1_98' title='bbox 1842 1595 2022 1640; x_wconf 85' lang='lat' dir='ltr'><strong>contra</strong></span> 
     </span>
    </p>
   </div>
   <div class='ocr_carea' id='block_1_15' title="bbox 429 1664 1295 1742">
    <p class='ocr_par' dir='ltr' id='par_1_15' title="bbox 429 1664 1295 1742">
     <span class='ocr_line' id='line_1_15' title="bbox 429 1664 1295 1742; baseline 0.008 -22"><span class='ocrx_word' id='word_1_99' title='bbox 429 1664 599 1720; x_wconf 80' lang='lat' dir='ltr'><strong>Cresc.</strong></span> <span class='ocrx_word' id='word_1_100' title='bbox 628 1682 743 1738; x_wconf 85' lang='lat' dir='ltr'><strong>cap.</strong></span> <span class='ocrx_word' id='word_1_101' title='bbox 769 1669 858 1733; x_wconf 86' lang='lat'><strong>56,</strong></span> <span class='ocrx_word' id='word_1_102' title='bbox 885 1678 934 1723; x_wconf 82' lang='lat' dir='ltr'><strong>et</strong></span> <span class='ocrx_word' id='word_1_103' title='bbox 958 1670 999 1724; x_wconf 83' lang='grc' dir='ltr'><strong>ι.</strong></span> <span class='ocrx_word' id='word_1_104' title='bbox 1024 1686 1075 1725; x_wconf 88' lang='lat' dir='ltr'><strong>tv</strong></span> <span class='ocrx_word' id='word_1_105' title='bbox 1096 1688 1143 1725; x_wconf 72' lang='grc' dir='ltr'><strong>υ.</strong></span> <span class='ocrx_word' id='word_1_106' title='bbox 1176 1671 1295 1742; x_wconf 83' lang='grc'><strong>59).</strong></span> 
     </span>
    </p>
   </div>
   <div class='ocr_carea' id='block_1_16' title="bbox 444 1761 1640 1834">
    <p class='ocr_par' dir='ltr' id='par_1_16' title="bbox 444 1761 1640 1834">
     <span class='ocr_line' id='line_1_16' title="bbox 444 1761 1640 1834; baseline 0.009 -24"><span class='ocrx_word' id='word_1_107' title='bbox 444 1782 447 1785; x_wconf 95' lang='grc'><strong><em>-</em></strong></span> <span class='ocrx_word' id='word_1_108' title='bbox 837 1761 1201 1817; x_wconf 82' lang='lat' dir='ltr'><strong>lnteriuerunt</strong></span> <span class='ocrx_word' id='word_1_109' title='bbox 1227 1765 1480 1834; x_wconf 86' lang='lat' dir='ltr'><strong>Episcopi</strong></span> <span class='ocrx_word' id='word_1_110' title='bbox 1512 1767 1640 1821; x_wconf 82' lang='grc'><strong>510.</strong></span> 
     </span>
    </p>
   </div>
   <div class='ocr_carea' id='block_1_17' title="bbox 970 1898 1512 1957">
    <p class='ocr_par' dir='ltr' id='par_1_17' title="bbox 970 1898 1512 1957">
     <span class='ocr_line' id='line_1_17' title="bbox 970 1898 1512 1957; baseline 0.011 -6"><span class='ocrx_word' id='word_1_111' title='bbox 970 1898 1120 1953; x_wconf 67' lang='lat' dir='ltr'><strong>Anno</strong></span> <span class='ocrx_word' id='word_1_112' title='bbox 1151 1898 1345 1955; x_wconf 67' lang='lat' dir='ltr'><strong>Donum</strong></span> <span class='ocrx_word' id='word_1_113' title='bbox 1384 1900 1512 1957; x_wconf 85' lang='grc'><strong>595.</strong></span> 
     </span>
    </p>
   </div>
   <div class='ocr_carea' id='block_1_18' title="bbox 1172 2012 1283 2067">
    <p class='ocr_par' dir='ltr' id='par_1_18' title="bbox 1172 2012 1283 2067">
     <span class='ocr_line' id='line_1_18' title="bbox 1172 2012 1283 2067; baseline -0.009 0"><span class='ocrx_word' id='word_1_114' title='bbox 1172 2012 1283 2067; x_wconf 71' lang='grc' dir='ltr'><strong>νυ.</strong></span> 
     </span>
    </p>
   </div>
   <div class='ocr_carea' id='block_1_19' title="bbox 872 2122 1566 2185">
    <p class='ocr_par' dir='ltr' id='par_1_19' title="bbox 872 2122 1566 2185">
     <span class='ocr_line' id='line_1_19' title="bbox 872 2122 1566 2185; baseline 0.01 -7"><span class='ocrx_word' id='word_1_115' title='bbox 872 2122 1190 2179; x_wconf 78' lang='lat' dir='ltr'><strong>SUPPLEX</strong></span> <span class='ocrx_word' id='word_1_116' title='bbox 1228 2126 1566 2185; x_wconf 83' lang='lat' dir='ltr'><strong>LIBELLUS</strong></span> 
     </span>
    </p>
   </div>
   <div class='ocr_carea' id='block_1_20' title="bbox 429 2248 2009 2299">
    <p class='ocr_par' dir='ltr' id='par_1_20' title="bbox 429 2248 2009 2299">
     <span class='ocr_line' id='line_1_20' title="bbox 429 2248 2009 2299; baseline 0.008 -12"><span class='ocrx_word' id='word_1_117' title='bbox 429 2248 711 2288; x_wconf 73' lang='lat' dir='ltr'><strong>PEREGIIINI</strong></span> <span class='ocrx_word' id='word_1_118' title='bbox 750 2248 1064 2289; x_wconf 77' lang='lat' dir='ltr'><strong>PRESBYTERI</strong></span> <span class='ocrx_word' id='word_1_119' title='bbox 1104 2253 1169 2290; x_wconf 80' lang='lat' dir='ltr'><strong>ET</strong></span> <span class='ocrx_word' id='word_1_120' title='bbox 1207 2251 1471 2294; x_wconf 64' lang='lat' dir='ltr'><strong>SENIORUM</strong></span> <span class='ocrx_word' id='word_1_121' title='bbox 1512 2256 1782 2297; x_wconf 63' lang='lat' dir='ltr'><strong>ECCLBSIE</strong></span> <span class='ocrx_word' id='word_1_122' title='bbox 1821 2258 2009 2299; x_wconf 70' lang='grc' dir='ltr'><strong>κυεη-</strong></span> 
     </span>
    </p>
   </div>
   <div class='ocr_carea' id='block_1_21' title="bbox 753 2341 1691 2388">
    <p class='ocr_par' dir='ltr' id='par_1_21' title="bbox 753 2341 1691 2388">
     <span class='ocr_line' id='line_1_21' title="bbox 753 2341 1691 2388; baseline 0.012 -10"><span class='ocrx_word' id='word_1_123' title='bbox 753 2341 905 2380; x_wconf 76' lang='grc' dir='ltr'><strong>τΑΝᾹΞ</strong></span> <span class='ocrx_word' id='word_1_124' title='bbox 944 2341 1183 2383; x_wconf 69' lang='lat' dir='ltr'><strong>REGIONIS</strong></span> <span class='ocrx_word' id='word_1_125' title='bbox 1236 2344 1691 2388; x_wconf 69' lang='lat' dir='ltr'><strong>PRIIIANISTARUI</strong></span> 
     </span>
    </p>
   </div>
   <div class='ocr_carea' id='block_1_22' title="bbox 854 2448 1596 2511">
    <p class='ocr_par' dir='ltr' id='par_1_22' title="bbox 854 2448 1596 2511">
     <span class='ocr_line' id='line_1_22' title="bbox 854 2448 1596 2511; baseline 0.011 -8"><span class='ocrx_word' id='word_1_126' title='bbox 854 2448 1128 2506; x_wconf 84' lang='lat' dir='ltr'><strong>Adversus</strong></span> <span class='ocrx_word' id='word_1_127' title='bbox 1156 2450 1596 2511; x_wconf 81' lang='lat' dir='ltr'><strong>Maximianistas.</strong></span> 
     </span>
    </p>
   </div>
   <div class='ocr_carea' id='block_1_23' title="bbox 504 2561 1935 2643">
    <p class='ocr_par' dir='ltr' id='par_1_23' title="bbox 504 2561 1935 2643">
     <span class='ocr_line' id='line_1_23' title="bbox 504 2561 1935 2643; baseline 0.007 -28"><span class='ocrx_word' id='word_1_128' title='bbox 504 2561 611 2635; x_wconf 77' lang='lat' dir='ltr'><strong>(Ea:</strong></span> <span class='ocrx_word' id='word_1_129' title='bbox 631 2562 937 2635; x_wconf 79' lang='lat' dir='ltr'><strong>Augustino,</strong></span> <span class='ocrx_word' id='word_1_130' title='bbox 961 2564 1049 2617; x_wconf 80' lang='lat' dir='ltr'><strong>lib.</strong></span> <span class='ocrx_word' id='word_1_131' title='bbox 1074 2580 1129 2619; x_wconf 88' lang='lat' dir='ltr'><strong>tv</strong></span> <span class='ocrx_word' id='word_1_132' title='bbox 1163 2574 1341 2620; x_wconf 85' lang='lat' dir='ltr'><strong>contra</strong></span> <span class='ocrx_word' id='word_1_133' title='bbox 1370 2566 1694 2623; x_wconf 76' lang='lat' dir='ltr'><strong>Cresconiunt</strong></span> <span class='ocrx_word' id='word_1_134' title='bbox 1716 2588 1832 2643; x_wconf 82' lang='lat' dir='ltr'><strong>cap.</strong></span> <span class='ocrx_word' id='word_1_135' title='bbox 1854 2572 1935 2643; x_wconf 72' lang='grc' dir='ltr'><strong>ι.)</strong></span> 
     </span>
    </p>
   </div>
   <div class='ocr_carea' id='block_1_24' title="bbox 498 2672 2007 2739">
    <p class='ocr_par' dir='ltr' id='par_1_24' title="bbox 498 2672 2007 2739">
     <span class='ocr_line' id='line_1_24' title="bbox 498 2672 2007 2739; baseline 0.009 -13"><span class='ocrx_word' id='word_1_136' title='bbox 498 2672 627 2728; x_wconf 85' lang='lat' dir='ltr'><strong>Post</strong></span> <span class='ocrx_word' id='word_1_137' title='bbox 656 2675 988 2730; x_wconf 90' lang='lat' dir='ltr'><strong>consulatum</strong></span> <span class='ocrx_word' id='word_1_138' title='bbox 1016 2675 1354 2731; x_wconf 86' lang='lat' dir='ltr'><strong>dominorum</strong></span> <span class='ocrx_word' id='word_1_139' title='bbox 1379 2680 1592 2734; x_wconf 82' lang='lat' dir='ltr'><strong>Arcadii</strong></span> <span class='ocrx_word' id='word_1_140' title='bbox 1621 2682 1684 2735; x_wconf 92' lang='lat' dir='ltr'><strong>IlI</strong></span> <span class='ocrx_word' id='word_1_141' title='bbox 1710 2692 1763 2737; x_wconf 89' lang='lat' dir='ltr'><strong>et</strong></span> <span class='ocrx_word' id='word_1_142' title='bbox 1791 2683 2007 2739; x_wconf 87' lang='lat' dir='ltr'><strong>Honorii</strong></span> 
     </span>
    </p>
   </div>
   <div class='ocr_carea' id='block_1_25' title="bbox 428 2766 2010 2843">
    <p class='ocr_par' dir='ltr' id='par_1_25' title="bbox 428 2766 2010 2843">
     <span class='ocr_line' id='line_1_25' title="bbox 428 2766 2010 2843; baseline 0.006 -23"><span class='ocrx_word' id='word_1_143' title='bbox 428 2766 620 2820; x_wconf 81' lang='lat' dir='ltr'><strong>iterum</strong></span> <span class='ocrx_word' id='word_1_144' title='bbox 651 2771 1028 2835; x_wconf 84' lang='lat' dir='ltr'><strong>Augustorum,</strong></span> <span class='ocrx_word' id='word_1_145' title='bbox 1048 2778 1200 2822; x_wconf 81' lang='lat' dir='ltr'><strong>sexto</strong></span> <span class='ocrx_word' id='word_1_146' title='bbox 1228 2784 1399 2825; x_wconf 86' lang='lat' dir='ltr'><strong>nonas</strong></span> <span class='ocrx_word' id='word_1_147' title='bbox 1426 2771 1663 2837; x_wconf 77' lang='lat' dir='ltr'><strong>Martias,</strong></span> <span class='ocrx_word' id='word_1_148' title='bbox 1684 2774 2010 2843; x_wconf 83' lang='lat' dir='ltr'><strong>Carthagine</strong></span> 
     </span>
    </p>
   </div>
   <div class='ocr_carea' id='block_1_26' title="bbox 426 2858 2011 2933">
    <p class='ocr_par' dir='ltr' id='par_1_26' title="bbox 426 2858 2011 2933">
     <span class='ocr_line' id='line_1_26' title="bbox 426 2858 2011 2933; baseline 0.004 -20"><span class='ocrx_word' id='word_1_149' title='bbox 426 2858 479 2913; x_wconf 91' lang='lat' dir='ltr'><strong>in</strong></span> <span class='ocrx_word' id='word_1_150' title='bbox 506 2859 799 2913; x_wconf 89' lang='lat' dir='ltr'><strong>secretario</strong></span> <span class='ocrx_word' id='word_1_151' title='bbox 832 2860 1065 2928; x_wconf 89' lang='lat' dir='ltr'><strong>praetorii</strong></span> <span class='ocrx_word' id='word_1_152' title='bbox 1120 2859 1359 2915; x_wconf 87' lang='lat' dir='ltr'><strong>Titianus</strong></span> <span class='ocrx_word' id='word_1_153' title='bbox 1403 2862 1537 2915; x_wconf 85' lang='lat' dir='ltr'><strong>dixit</strong></span> <span class='ocrx_word' id='word_1_154' title='bbox 1590 2881 1605 2916; x_wconf 88' lang='lat'><strong>:</strong></span> <span class='ocrx_word' id='word_1_155' title='bbox 1641 2880 1661 2914; x_wconf 70' lang='grc' dir='ltr'><strong><em>ι</em></strong></span> <span class='ocrx_word' id='word_1_156' title='bbox 1692 2862 2011 2933; x_wconf 82' lang='lat' dir='ltr'><strong>Peregrinus</strong></span> 
     </span>
    </p>
   </div>
   <div class='ocr_carea' id='block_1_27' title="bbox 428 2952 2011 3027">
    <p class='ocr_par' dir='ltr' id='par_1_27' title="bbox 428 2952 2011 3027">
     <span class='ocr_line' id='line_1_27' title="bbox 428 2952 2011 3027; baseline 0.004 -21"><span class='ocrx_word' id='word_1_157' title='bbox 428 2952 711 3023; x_wconf 81' lang='lat' dir='ltr'><strong>presbyter</strong></span> <span class='ocrx_word' id='word_1_158' title='bbox 738 2963 790 3006; x_wconf 91' lang='lat' dir='ltr'><strong>et</strong></span> <span class='ocrx_word' id='word_1_159' title='bbox 840 2954 1082 3007; x_wconf 88' lang='lat' dir='ltr'><strong>seniores</strong></span> <span class='ocrx_word' id='word_1_160' title='bbox 1113 2953 1370 3009; x_wconf 49' lang='lat' dir='ltr'><strong>Ecclesia).</strong></span> <span class='ocrx_word' id='word_1_161' title='bbox 1420 2955 1720 3010; x_wconf 77' lang='lat' dir='ltr'><strong>Mustitante</strong></span> <span class='ocrx_word' id='word_1_162' title='bbox 1777 2959 2011 3027; x_wconf 84' lang='lat' dir='ltr'><strong>regionis</strong></span> 
     </span>
    </p>
   </div>
   <div class='ocr_carea' id='block_1_28' title="bbox 432 3042 2010 3114">
    <p class='ocr_par' dir='ltr' id='par_1_28' title="bbox 432 3042 2010 3114">
     <span class='ocr_line' id='line_1_28' title="bbox 432 3042 2010 3114; baseline 0.004 -18"><span class='ocrx_word' id='word_1_163' title='bbox 432 3043 539 3097; x_wconf 88' lang='lat' dir='ltr'><strong>tale</strong></span> <span class='ocrx_word' id='word_1_164' title='bbox 567 3042 896 3097; x_wconf 84' lang='lat' dir='ltr'><strong>desiderium</strong></span> <span class='ocrx_word' id='word_1_165' title='bbox 930 3054 1343 3114; x_wconf 88' lang='lat' dir='ltr'><strong>prosequuntur.</strong></span> <span class='ocrx_word' id='word_1_166' title='bbox 1375 3043 1508 3100; x_wconf 86' lang='lat' dir='ltr'><strong>Cum</strong></span> <span class='ocrx_word' id='word_1_167' title='bbox 1543 3046 1799 3102; x_wconf 66' lang='lat' dir='ltr'><strong>Ecclesia:</strong></span> <span class='ocrx_word' id='word_1_168' title='bbox 1820 3048 2010 3105; x_wconf 87' lang='lat' dir='ltr'><strong>catho-</strong></span> 
     </span>
    </p>
   </div>
   <div class='ocr_carea' id='block_1_29' title="bbox 1652 268 2495 355">
    <p class='ocr_par' dir='ltr' id='par_1_29' title="bbox 1652 268 2495 355">
     <span class='ocr_line' id='line_1_29' title="bbox 1652 268 2495 355; baseline 0.004 -28"><span class='ocrx_word' id='word_1_169' title='bbox 1652 268 2099 328; x_wconf 78' lang='lat' dir='ltr'><strong>.MONUMENTA</strong></span> <span class='ocrx_word' id='word_1_170' title='bbox 2146 270 2419 329; x_wconf 56' lang='lat' dir='ltr'><strong>verens</strong></span> <span class='ocrx_word' id='word_1_171' title='bbox 2492 350 2495 355; x_wconf 14' lang='grc' dir='ltr'>ί</span> 
     </span>
    </p>
   </div>
   <div class='ocr_carea' id='block_1_30' title="bbox 508 382 2100 459">
    <p class='ocr_par' dir='ltr' id='par_1_30' title="bbox 508 382 2100 459">
     <span class='ocr_line' id='line_1_30' title="bbox 508 382 2100 459; baseline 0.004 -23"><span class='ocrx_word' id='word_1_172' title='bbox 508 382 586 436; x_wconf 82' lang='lat' dir='ltr'><strong>Ac</strong></span> <span class='ocrx_word' id='word_1_173' title='bbox 616 395 681 436; x_wconf 88' lang='lat' dir='ltr'><strong>ne</strong></span> <span class='ocrx_word' id='word_1_174' title='bbox 709 389 990 453; x_wconf 84' lang='lat' dir='ltr'><strong>angustum</strong></span> <span class='ocrx_word' id='word_1_175' title='bbox 1014 382 1363 441; x_wconf 88' lang='lat' dir='ltr'><strong>redeuntibus</strong></span> <span class='ocrx_word' id='word_1_176' title='bbox 1395 394 1627 459; x_wconf 71' lang='lat' dir='ltr'><strong>tempus,</strong></span> <span class='ocrx_word' id='word_1_177' title='bbox 1655 404 1802 458; x_wconf 88' lang='lat' dir='ltr'><strong>spem</strong></span> <span class='ocrx_word' id='word_1_178' title='bbox 1838 388 2022 442; x_wconf 89' lang='lat' dir='ltr'><strong>salutis</strong></span> <span class='ocrx_word' id='word_1_179' title='bbox 2051 391 2100 447; x_wconf 78' lang='grc' dir='ltr'><strong>Α</strong></span> 
     </span>
    </p>
   </div>
   <div class='ocr_carea' id='block_1_31' title="bbox 2049 1763 2174 1822">
    <p class='ocr_par' dir='ltr' id='par_1_31' title="bbox 2049 1763 2174 1822">
     <span class='ocr_line' id='line_1_31' title="bbox 2049 1763 2174 1822; baseline 0.008 -32"><span class='ocrx_word' id='word_1_180' title='bbox 2049 1763 2096 1822; x_wconf 74' lang='grc' dir='ltr'><strong>Β</strong></span> <span class='ocrx_word' id='word_1_181' title='bbox 2159 1774 2174 1791; x_wconf 87' lang='lat'><strong>.</strong></span> 
     </span>
    </p>
   </div>
   <div class='ocr_carea' id='block_1_32' title="bbox 3579 285 3708 344">
    <p class='ocr_par' dir='ltr' id='par_1_32' title="bbox 3579 285 3708 344">
     <span class='ocr_line' id='line_1_32' title="bbox 3579 285 3708 344; baseline 0.008 -1"><span class='ocrx_word' id='word_1_182' title='bbox 3579 285 3708 344; x_wconf 67' lang='lat'><strong>“9‘2</strong></span> 
     </span>
    </p>
   </div>
   <div class='ocr_carea' id='block_1_33' title="bbox 2522 393 3263 466">
    <p class='ocr_par' dir='ltr' id='par_1_33' title="bbox 2522 393 3263 466">
     <span class='ocr_line' id='line_1_33' title="bbox 2522 393 3263 466; baseline 0.008 -19"><span class='ocrx_word' id='word_1_183' title='bbox 2522 393 2681 466; x_wconf 74' lang='lat'><strong>208</strong></span> <span class='ocrx_word' id='word_1_184' title='bbox 2721 394 2865 452; x_wconf 71' lang='lat' dir='ltr'><strong>Anno</strong></span> <span class='ocrx_word' id='word_1_185' title='bbox 2904 395 3097 453; x_wconf 68' lang='lat' dir='ltr'><strong>Donum</strong></span> <span class='ocrx_word' id='word_1_186' title='bbox 3135 397 3263 456; x_wconf 86' lang='grc'><strong>597.</strong></span> 
     </span>
    </p>
   </div>
   <div class='ocr_carea' id='block_1_34' title="bbox 2851 487 2979 544">
    <p class='ocr_par' dir='ltr' id='par_1_34' title="bbox 2851 487 2979 544">
     <span class='ocr_line' id='line_1_34' title="bbox 2851 487 2979 544; baseline -0.008 -1"><span class='ocrx_word' id='word_1_187' title='bbox 2851 487 2979 544; x_wconf 80' lang='lat' dir='ltr'><strong>VIII.</strong></span> 
     </span>
    </p>
   </div>
   <div class='ocr_carea' id='block_1_35' title="bbox 2257 597 3584 666">
    <p class='ocr_par' dir='ltr' id='par_1_35' title="bbox 2257 597 3584 666">
     <span class='ocr_line' id='line_1_35' title="bbox 2257 597 3584 666; baseline 0.011 -14"><span class='ocrx_word' id='word_1_188' title='bbox 2257 597 2632 656; x_wconf 81' lang='lat' dir='ltr'><strong>DECRETUM</strong></span> <span class='ocrx_word' id='word_1_189' title='bbox 2661 600 3255 663; x_wconf 78' lang='lat' dir='ltr'><strong>CARTHAGINENSIS</strong></span> <span class='ocrx_word' id='word_1_190' title='bbox 3279 607 3584 666; x_wconf 81' lang='lat' dir='ltr'><strong>CONCILII</strong></span> 
     </span>
    </p>
   </div>
   <div class='ocr_carea' id='block_1_36' title="bbox 2338 708 3495 758">
    <p class='ocr_par' dir='ltr' id='par_1_36' title="bbox 2338 708 3495 758">
     <span class='ocr_line' id='line_1_36' title="bbox 2338 708 3495 758; baseline 0.008 -13"><span class='ocrx_word' id='word_1_191' title='bbox 2338 708 2404 746; x_wconf 82' lang='lat' dir='ltr'><strong>DE</strong></span> <span class='ocrx_word' id='word_1_192' title='bbox 2447 708 2703 749; x_wconf 72' lang='lat' dir='ltr'><strong>PARVULIS</strong></span> <span class='ocrx_word' id='word_1_193' title='bbox 2742 714 2773 750; x_wconf 75' lang='grc' dir='ltr'><strong>Α</strong></span> <span class='ocrx_word' id='word_1_194' title='bbox 2812 711 3120 752; x_wconf 63' lang='grc' dir='ltr'><strong>ιιοπΑτιετιδ</strong></span> <span class='ocrx_word' id='word_1_195' title='bbox 3159 715 3495 758; x_wconf 73' lang='grc' dir='ltr'><strong>ΒΔΡῙΊΖΔΤῙΞ.</strong></span> 
     </span>
    </p>
   </div>
   <div class='ocr_carea' id='block_1_37' title="bbox 2711 788 3116 847">
    <p class='ocr_par' dir='ltr' id='par_1_37' title="bbox 2711 788 3116 847">
     <span class='ocr_line' id='line_1_37' title="bbox 2711 788 3116 847; baseline 0.005 -4"><span class='ocrx_word' id='word_1_196' title='bbox 2711 788 2844 845; x_wconf 69' lang='grc' dir='ltr'><strong>ΒΑΝ.</strong></span> <span class='ocrx_word' id='word_1_197' title='bbox 2891 791 3116 847; x_wconf 74' lang='lat' dir='ltr'><strong>XLVIII.</strong></span> 
     </span>
    </p>
   </div>
   <div class='ocr_carea' id='block_1_38' title="bbox 2197 895 3710 977">
    <p class='ocr_par' dir='ltr' id='par_1_38' title="bbox 2197 895 3710 977">
     <span class='ocr_line' id='line_1_38' title="bbox 2197 895 3710 977; baseline 0.013 -29"><span class='ocrx_word' id='word_1_198' title='bbox 2197 895 2269 950; x_wconf 93' lang='lat' dir='ltr'><strong>De</strong></span> <span class='ocrx_word' id='word_1_199' title='bbox 2298 896 2588 955; x_wconf 85' lang='lat' dir='ltr'><strong>Donatistis</strong></span> <span class='ocrx_word' id='word_1_200' title='bbox 2644 901 2875 971; x_wconf 85' lang='lat' dir='ltr'><strong>placuit,</strong></span> <span class='ocrx_word' id='word_1_201' title='bbox 2919 917 2980 960; x_wconf 91' lang='lat' dir='ltr'><strong>ut</strong></span> <span class='ocrx_word' id='word_1_202' title='bbox 3017 908 3364 964; x_wconf 86' lang='lat' dir='ltr'><strong>consulamus</strong></span> <span class='ocrx_word' id='word_1_203' title='bbox 3410 910 3613 977; x_wconf 78' lang='lat' dir='ltr'><strong>fratres</strong></span> <span class='ocrx_word' id='word_1_204' title='bbox 3661 924 3710 968; x_wconf 89' lang='lat' dir='ltr'><strong>et</strong></span> 
     </span>
    </p>
   </div>
   <div class='ocr_carea' id='block_1_39' title="bbox 2121 990 3709 1075">
    <p class='ocr_par' dir='ltr' id='par_1_39' title="bbox 2121 990 3709 1075">
     <span class='ocr_line' id='line_1_39' title="bbox 2121 990 3709 1075; baseline 0.012 -33"><span class='ocrx_word' id='word_1_205' title='bbox 2121 990 2535 1046; x_wconf 80' lang='lat' dir='ltr'><strong>consacerdotes</strong></span> <span class='ocrx_word' id='word_1_206' title='bbox 2561 1006 2775 1048; x_wconf 79' lang='lat' dir='ltr'><strong>DOSll‘OS</strong></span> <span class='ocrx_word' id='word_1_207' title='bbox 2826 997 3075 1054; x_wconf 89' lang='lat' dir='ltr'><strong>Siricium</strong></span> <span class='ocrx_word' id='word_1_208' title='bbox 3128 1002 3145 1069; x_wconf 90' lang='lat'>(</span> <span class='ocrx_word' id='word_1_209' title='bbox 3177 1016 3463 1057; x_wconf 89' lang='lat' dir='ltr'><strong>romanum</strong></span> <span class='ocrx_word' id='word_1_210' title='bbox 3488 1004 3709 1075; x_wconf 85' lang='lat' dir='ltr'><strong>Episco-</strong></span> 
     </span>
    </p>
   </div>
   <div class='ocr_carea' id='block_1_40' title="bbox 2123 1078 3709 1164">
    <p class='ocr_par' dir='ltr' id='par_1_40' title="bbox 2123 1078 3709 1164">
     <span class='ocr_line' id='line_1_40' title="bbox 2123 1078 3709 1164; baseline 0.014 -33"><span class='ocrx_word' id='word_1_211' title='bbox 2123 1092 2247 1147; x_wconf 91' lang='lat' dir='ltr'><strong>pum</strong></span> <span class='ocrx_word' id='word_1_212' title='bbox 2274 1078 2295 1150; x_wconf 93' lang='lat'>)</span> <span class='ocrx_word' id='word_1_213' title='bbox 2337 1091 2389 1136; x_wconf 91' lang='lat' dir='ltr'><strong>et</strong></span> <span class='ocrx_word' id='word_1_214' title='bbox 2419 1083 2821 1153; x_wconf 86' lang='lat' dir='ltr'><strong>Simpliciannm</strong></span> <span class='ocrx_word' id='word_1_215' title='bbox 2853 1088 2873 1159; x_wconf 94' lang='lat'>(</span> <span class='ocrx_word' id='word_1_216' title='bbox 2906 1090 3363 1150; x_wconf 81' lang='lat' dir='ltr'><strong>Mediolanensem</strong></span> <span class='ocrx_word' id='word_1_217' title='bbox 3394 1093 3439 1164; x_wconf 91' lang='lat'><strong>),</strong></span> <span class='ocrx_word' id='word_1_218' title='bbox 3468 1096 3539 1152; x_wconf 90' lang='lat' dir='ltr'><strong>de</strong></span> <span class='ocrx_word' id='word_1_219' title='bbox 3584 1099 3709 1154; x_wconf 86' lang='lat' dir='ltr'><strong>solis</strong></span> 
     </span>
    </p>
   </div>
   <div class='ocr_carea' id='block_1_41' title="bbox 2121 1168 3805 1257">
    <p class='ocr_par' dir='ltr' id='par_1_41' title="bbox 2121 1168 3805 1257">
     <span class='ocr_line' id='line_1_41' title="bbox 2121 1168 3805 1257; baseline 0.014 -36"><span class='ocrx_word' id='word_1_220' title='bbox 2121 1168 2410 1225; x_wconf 81' lang='lat' dir='ltr'><strong>infantibus</strong></span> <span class='ocrx_word' id='word_1_221' title='bbox 2437 1174 2525 1243; x_wconf 91' lang='lat' dir='ltr'><strong>qui</strong></span> <span class='ocrx_word' id='word_1_222' title='bbox 2567 1175 2906 1245; x_wconf 86' lang='lat' dir='ltr'><strong>baptizantnr</strong></span> <span class='ocrx_word' id='word_1_223' title='bbox 2952 1195 3119 1250; x_wconf 87' lang='lat' dir='ltr'><strong>penes</strong></span> <span class='ocrx_word' id='word_1_224' title='bbox 3159 1183 3415 1250; x_wconf 90' lang='lat' dir='ltr'><strong>eosdem,</strong></span> <span class='ocrx_word' id='word_1_225' title='bbox 3459 1201 3529 1242; x_wconf 90' lang='lat' dir='ltr'><strong>ne</strong></span> <span class='ocrx_word' id='word_1_226' title='bbox 3572 1188 3706 1257; x_wconf 89' lang='lat' dir='ltr'><strong>quod</strong></span> <span class='ocrx_word' id='word_1_227' title='bbox 3804 1190 3805 1193; x_wconf 57' lang='grc'><em>“</em></span> 
     </span>
    </p>
   </div>
   <div class='ocr_carea' id='block_1_42' title="bbox 2119 1262 3704 1346">
    <p class='ocr_par' dir='ltr' id='par_1_42' title="bbox 2119 1262 3704 1346">
     <span class='ocr_line' id='line_1_42' title="bbox 2119 1262 3704 1346; baseline 0.015 -33"><span class='ocrx_word' id='word_1_228' title='bbox 2119 1273 2217 1314; x_wconf 90' lang='lat' dir='ltr'><strong>suo</strong></span> <span class='ocrx_word' id='word_1_229' title='bbox 2250 1276 2353 1316; x_wconf 91' lang='lat' dir='ltr'><strong>non</strong></span> <span class='ocrx_word' id='word_1_230' title='bbox 2383 1262 2627 1321; x_wconf 84' lang='lat' dir='ltr'><strong>fecerunt</strong></span> <span class='ocrx_word' id='word_1_231' title='bbox 2654 1267 2883 1337; x_wconf 86' lang='lat' dir='ltr'><strong>judicio,</strong></span> <span class='ocrx_word' id='word_1_232' title='bbox 2916 1287 3036 1326; x_wconf 91' lang='lat' dir='ltr'><strong>cum</strong></span> <span class='ocrx_word' id='word_1_233' title='bbox 3067 1274 3134 1327; x_wconf 89' lang='lat' dir='ltr'><strong>ad</strong></span> <span class='ocrx_word' id='word_1_234' title='bbox 3164 1274 3469 1346; x_wconf 84' lang='lat' dir='ltr'><strong>Ecclesiam</strong></span> <span class='ocrx_word' id='word_1_235' title='bbox 3500 1278 3598 1334; x_wconf 85' lang='lat' dir='ltr'><strong>Dei</strong></span> <span class='ocrx_word' id='word_1_236' title='bbox 3624 1296 3704 1335; x_wconf 82' lang='lat' dir='ltr'><strong>sa-</strong></span> 
     </span>
    </p>
   </div>
   <div class='ocr_carea' id='block_1_43' title="bbox 2120 1349 3707 1435">
    <p class='ocr_par' dir='ltr' id='par_1_43' title="bbox 2120 1349 3707 1435">
     <span class='ocr_line' id='line_1_43' title="bbox 2120 1349 3707 1435; baseline 0.014 -31"><span class='ocrx_word' id='word_1_237' title='bbox 2120 1349 2259 1406; x_wconf 91' lang='lat' dir='ltr'><strong>lubri</strong></span> <span class='ocrx_word' id='word_1_238' title='bbox 2293 1350 2570 1425; x_wconf 77' lang='lat' dir='ltr'><strong>proposito</strong></span> <span class='ocrx_word' id='word_1_239' title='bbox 2596 1359 2794 1414; x_wconf 78' lang='lat' dir='ltr'><strong>fuerint</strong></span> <span class='ocrx_word' id='word_1_240' title='bbox 2820 1363 3099 1428; x_wconf 85' lang='lat' dir='ltr'><strong>conversi,</strong></span> <span class='ocrx_word' id='word_1_241' title='bbox 3135 1374 3419 1435; x_wconf 89' lang='lat' dir='ltr'><strong>parentum</strong></span> <span class='ocrx_word' id='word_1_242' title='bbox 3476 1369 3602 1425; x_wconf 86' lang='lat' dir='ltr'><strong>illos</strong></span> <span class='ocrx_word' id='word_1_243' title='bbox 3630 1386 3707 1425; x_wconf 86' lang='lat' dir='ltr'><strong>er-</strong></span> 
     </span>
    </p>
   </div>
   <div class='ocr_carea' id='block_1_44' title="bbox 2120 1445 3705 1521">
    <p class='ocr_par' dir='ltr' id='par_1_44' title="bbox 2120 1445 3705 1521">
     <span class='ocr_line' id='line_1_44' title="bbox 2120 1445 3705 1521; baseline 0.014 -26"><span class='ocrx_word' id='word_1_244' title='bbox 2120 1457 2211 1499; x_wconf 90' lang='lat' dir='ltr'><strong>ror</strong></span> <span class='ocrx_word' id='word_1_245' title='bbox 2268 1445 2551 1517; x_wconf 87' lang='lat' dir='ltr'><strong>impediat,</strong></span> <span class='ocrx_word' id='word_1_246' title='bbox 2596 1465 2663 1507; x_wconf 87' lang='lat' dir='ltr'><strong>ne</strong></span> <span class='ocrx_word' id='word_1_247' title='bbox 2704 1466 3123 1521; x_wconf 86' lang='lat' dir='ltr'><strong>promoveantur</strong></span> <span class='ocrx_word' id='word_1_248' title='bbox 3164 1459 3306 1515; x_wconf 86' lang='lat' dir='ltr'><strong>sacri</strong></span> <span class='ocrx_word' id='word_1_249' title='bbox 3334 1460 3525 1516; x_wconf 87' lang='lat' dir='ltr'><strong>altaris</strong></span> <span class='ocrx_word' id='word_1_250' title='bbox 3555 1464 3705 1517; x_wconf 86' lang='lat' dir='ltr'><strong>mini-</strong></span> 
     </span>
    </p>
   </div>
   <div class='ocr_carea' id='block_1_45' title="bbox 2119 1537 2237 1590">
    <p class='ocr_par' dir='ltr' id='par_1_45' title="bbox 2119 1537 2237 1590">
     <span class='ocr_line' id='line_1_45' title="bbox 2119 1537 2237 1590; baseline 0 -1"><span class='ocrx_word' id='word_1_251' title='bbox 2119 1537 2237 1590; x_wconf 84' lang='lat' dir='ltr'><strong>stri.</strong></span> 
     </span>
    </p>
   </div>
   <div class='ocr_carea' id='block_1_46' title="bbox 2614 1633 3136 1693">
    <p class='ocr_par' dir='ltr' id='par_1_46' title="bbox 2614 1633 3136 1693">
     <span class='ocr_line' id='line_1_46' title="bbox 2614 1633 3136 1693; baseline 0.002 -1"><span class='ocrx_word' id='word_1_252' title='bbox 2614 1634 2765 1692; x_wconf 70' lang='lat' dir='ltr'><strong>Anno</strong></span> <span class='ocrx_word' id='word_1_253' title='bbox 2795 1633 2989 1693; x_wconf 69' lang='lat' dir='ltr'><strong>Donum</strong></span> <span class='ocrx_word' id='word_1_254' title='bbox 3008 1638 3136 1693; x_wconf 86' lang='grc'><strong>598.</strong></span> 
     </span>
    </p>
   </div>
   <div class='ocr_carea' id='block_1_47' title="bbox 2872 1727 2959 1781">
    <p class='ocr_par' dir='ltr' id='par_1_47' title="bbox 2872 1727 2959 1781">
     <span class='ocr_line' id='line_1_47' title="bbox 2872 1727 2959 1781; baseline 0.023 -2"><span class='ocrx_word' id='word_1_255' title='bbox 2872 1727 2959 1781; x_wconf 81' lang='lat' dir='ltr'><strong>IX.</strong></span> 
     </span>
    </p>
   </div>
   <div class='ocr_carea' id='block_1_48' title="bbox 2278 1809 3544 1882">
    <p class='ocr_par' dir='ltr' id='par_1_48' title="bbox 2278 1809 3544 1882">
     <span class='ocr_line' id='line_1_48' title="bbox 2278 1809 3544 1882; baseline 0.015 -19"><span class='ocrx_word' id='word_1_256' title='bbox 2278 1809 2344 1863; x_wconf 80' lang='lat' dir='ltr'><strong>IN</strong></span> <span class='ocrx_word' id='word_1_257' title='bbox 2386 1810 2798 1872; x_wconf 66' lang='grc' dir='ltr'><strong>ΗίΕΒΕΤΙΕΟδ</strong></span> <span class='ocrx_word' id='word_1_258' title='bbox 2852 1816 3544 1882; x_wconf 73' lang='lat' dir='ltr'><strong>THEODOSII&#39;MAJORIS</strong></span> 
     </span>
    </p>
   </div>
   <div class='ocr_carea' id='block_1_49' title="bbox 2715 1902 3083 1979">
    <p class='ocr_par' dir='ltr' id='par_1_49' title="bbox 2715 1902 3083 1979">
     <span class='ocr_line' id='line_1_49' title="bbox 2715 1902 3083 1979; baseline 0.016 -17"><span class='ocrx_word' id='word_1_259' title='bbox 2715 1902 3083 1979; x_wconf 70' lang='lat' dir='ltr'><strong>consrtttirto,</strong></span> 
     </span>
    </p>
   </div>
   <div class='ocr_carea' id='block_1_50' title="bbox 2117 1989 3696 2080">
    <p class='ocr_par' dir='ltr' id='par_1_50' title="bbox 2117 1989 3696 2080">
     <span class='ocr_line' id='line_1_50' title="bbox 2117 1989 3696 2080; baseline 0.011 -35"><span class='ocrx_word' id='word_1_260' title='bbox 2117 1989 2405 2049; x_wconf 80' lang='lat' dir='ltr'><strong>Deccrnens</strong></span> <span class='ocrx_word' id='word_1_261' title='bbox 2448 2000 2689 2054; x_wconf 84' lang='lat' dir='ltr'><strong>ntulclam</strong></span> <span class='ocrx_word' id='word_1_262' title='bbox 2732 2004 2991 2057; x_wconf 79' lang='lat' dir='ltr'><strong>aurarium</strong></span> <span class='ocrx_word' id='word_1_263' title='bbox 3017 2045 3033 2072; x_wconf 90' lang='lat'><strong>,</strong></span> <span class='ocrx_word' id='word_1_264' title='bbox 3070 2008 3141 2059; x_wconf 84' lang='lat' dir='ltr'><strong>ad</strong></span> <span class='ocrx_word' id='word_1_265' title='bbox 3173 2025 3330 2078; x_wconf 81' lang='lat' dir='ltr'><strong>quam</strong></span> <span class='ocrx_word' id='word_1_266' title='bbox 3377 2011 3516 2080; x_wconf 75' lang='lat' dir='ltr'><strong>ipsos</strong></span> <span class='ocrx_word' id='word_1_267' title='bbox 3557 2015 3696 2067; x_wconf 76' lang='lat' dir='ltr'><strong>etiam</strong></span> 
     </span>
    </p>
   </div>
   <div class='ocr_carea' id='block_1_51' title="bbox 2187 2084 3697 2168">
    <p class='ocr_par' dir='ltr' id='par_1_51' title="bbox 2187 2084 3697 2168">
     <span class='ocr_line' id='line_1_51' title="bbox 2187 2084 3697 2168; baseline 0.012 -31"><span class='ocrx_word' id='word_1_268' title='bbox 2187 2084 2487 2142; x_wconf 78' lang='lat' dir='ltr'><strong>Donatistas</strong></span> <span class='ocrx_word' id='word_1_269' title='bbox 2511 2107 2624 2143; x_wconf 83' lang='lat' dir='ltr'><strong>cum</strong></span> <span class='ocrx_word' id='word_1_270' title='bbox 2653 2095 2849 2148; x_wconf 73' lang='lat' dir='ltr'><strong>cwtcris</strong></span> <span class='ocrx_word' id='word_1_271' title='bbox 2876 2095 3125 2151; x_wconf 69' lang='lat' dir='ltr'><strong>Itazrcticis</strong></span> <span class='ocrx_word' id='word_1_272' title='bbox 3149 2101 3405 2168; x_wconf 74' lang='lat' dir='ltr'><strong>pertinere</strong></span> <span class='ocrx_word' id='word_1_273' title='bbox 3423 2142 3440 2165; x_wconf 88' lang='lat'><strong><em>.</em></strong></span> <span class='ocrx_word' id='word_1_274' title='bbox 3495 2104 3697 2157; x_wconf 78' lang='lat' dir='ltr'><strong>Arcadii</strong></span> 
     </span>
    </p>
   </div>
   <div class='ocr_carea' id='block_1_52' title="bbox 2188 2178 3693 2267">
    <p class='ocr_par' dir='ltr' id='par_1_52' title="bbox 2188 2178 3693 2267">
     <span class='ocr_line' id='line_1_52' title="bbox 2188 2178 3693 2267; baseline 0.01 -36"><span class='ocrx_word' id='word_1_275' title='bbox 2188 2189 2235 2232; x_wconf 86' lang='lat' dir='ltr'><strong>et</strong></span> <span class='ocrx_word' id='word_1_276' title='bbox 2268 2178 2492 2235; x_wconf 80' lang='lat' dir='ltr'><strong>Honorii</strong></span> <span class='ocrx_word' id='word_1_277' title='bbox 2521 2186 2767 2253; x_wconf 79' lang='lat' dir='ltr'><strong>rescripto</strong></span> <span class='ocrx_word' id='word_1_278' title='bbox 2797 2200 2973 2257; x_wconf 76' lang='lat' dir='ltr'><strong>postea</strong></span> <span class='ocrx_word' id='word_1_279' title='bbox 3008 2189 3328 2245; x_wconf 79' lang='lat' dir='ltr'><strong>declaratum</strong></span> <span class='ocrx_word' id='word_1_280' title='bbox 3350 2195 3449 2264; x_wconf 75' lang='lat' dir='ltr'><strong>fuit</strong></span> <span class='ocrx_word' id='word_1_281' title='bbox 3498 2194 3595 2267; x_wconf 79' lang='lat' dir='ltr'><strong>(ea:</strong></span> <span class='ocrx_word' id='word_1_282' title='bbox 3613 2195 3693 2247; x_wconf 74' lang='lat' dir='ltr'><strong>lib.</strong></span> 
     </span>
    </p>
   </div>
   <div class='ocr_carea' id='block_1_53' title="bbox 2082 2272 3693 2359">
    <p class='ocr_par' dir='ltr' id='par_1_53' title="bbox 2082 2272 3693 2359">
     <span class='ocr_line' id='line_1_53' title="bbox 2082 2272 3693 2359; baseline 0.011 -38"><span class='ocrx_word' id='word_1_283' title='bbox 2082 2290 2091 2300; x_wconf 64' lang='grc' dir='ltr'>ι</span> <span class='ocrx_word' id='word_1_284' title='bbox 2186 2285 2241 2323; x_wconf 80' lang='grc' dir='ltr'><strong>ιιι</strong></span> <span class='ocrx_word' id='word_1_285' title='bbox 2265 2282 2439 2325; x_wconf 87' lang='lat' dir='ltr'><strong>contra</strong></span> <span class='ocrx_word' id='word_1_286' title='bbox 2458 2272 2783 2351; x_wconf 77' lang='lat' dir='ltr'><strong>Cresconium</strong></span> <span class='ocrx_word' id='word_1_287' title='bbox 2810 2318 2824 2342; x_wconf 92' lang='lat'><strong>,</strong></span> <span class='ocrx_word' id='word_1_288' title='bbox 2850 2295 2910 2339; x_wconf 21' lang='lat' dir='ltr'><strong>Vn.</strong></span> <span class='ocrx_word' id='word_1_289' title='bbox 2944 2280 3008 2334; x_wconf 72' lang='grc'><strong>51</strong></span> <span class='ocrx_word' id='word_1_290' title='bbox 3035 2297 3049 2345; x_wconf 85' lang='lat'><strong>;</strong></span> <span class='ocrx_word' id='word_1_291' title='bbox 3081 2291 3131 2335; x_wconf 82' lang='lat' dir='ltr'><strong>et</strong></span> <span class='ocrx_word' id='word_1_292' title='bbox 3159 2284 3307 2352; x_wconf 73' lang='lat' dir='ltr'><strong>epist.</strong></span> <span class='ocrx_word' id='word_1_293' title='bbox 3336 2285 3442 2340; x_wconf 74' lang='grc'><strong>185</strong></span> <span class='ocrx_word' id='word_1_294' title='bbox 3461 2327 3477 2355; x_wconf 84' lang='grc'>,</span> <span class='ocrx_word' id='word_1_295' title='bbox 3508 2304 3559 2340; x_wconf 78' lang='grc' dir='ltr'><strong>ιι.</strong></span> <span class='ocrx_word' id='word_1_296' title='bbox 3589 2288 3693 2359; x_wconf 73' lang='lat'><strong>25).</strong></span> 
     </span>
    </p>
   </div>
   <div class='ocr_carea' id='block_1_54' title="bbox 2192 2375 3691 2453">
    <p class='ocr_par' dir='ltr' id='par_1_54' title="bbox 2192 2375 3691 2453">
     <span class='ocr_line' id='line_1_54' title="bbox 2192 2375 3691 2453; baseline 0.016 -24"><span class='ocrx_word' id='word_1_297' title='bbox 2192 2375 2362 2448; x_wconf 88' lang='lat' dir='ltr'><strong>Impp.</strong></span> <span class='ocrx_word' id='word_1_298' title='bbox 2393 2379 2726 2438; x_wconf 78' lang='lat' dir='ltr'><strong>Tusonosws</strong></span> <span class='ocrx_word' id='word_1_299' title='bbox 2753 2397 2805 2441; x_wconf 89' lang='lat' dir='ltr'><strong>et</strong></span> <span class='ocrx_word' id='word_1_300' title='bbox 2826 2388 3097 2445; x_wconf 64' lang='lat' dir='ltr'><strong>Attonitus</strong></span> <span class='ocrx_word' id='word_1_301' title='bbox 3126 2394 3239 2447; x_wconf 79' lang='lat' dir='ltr'><strong>AA.</strong></span> <span class='ocrx_word' id='word_1_302' title='bbox 3271 2394 3500 2452; x_wconf 87' lang='lat' dir='ltr'><strong>Tatiano</strong></span> <span class='ocrx_word' id='word_1_303' title='bbox 3521 2397 3691 2453; x_wconf 68' lang='lat' dir='ltr'><strong>I’FJ’.</strong></span> 
     </span>
    </p>
   </div>
   <div class='ocr_carea' id='block_1_55' title="bbox 2183 2486 3689 2575">
    <p class='ocr_par' dir='ltr' id='par_1_55' title="bbox 2183 2486 3689 2575">
     <span class='ocr_line' id='line_1_55' title="bbox 2183 2486 3689 2575; baseline 0.013 -34"><span class='ocrx_word' id='word_1_304' title='bbox 2183 2486 2238 2541; x_wconf 91' lang='lat' dir='ltr'><strong>In</strong></span> <span class='ocrx_word' id='word_1_305' title='bbox 2306 2488 2573 2545; x_wconf 71' lang='lat' dir='ltr'><strong>bmreticis</strong></span> <span class='ocrx_word' id='word_1_306' title='bbox 2624 2496 2896 2551; x_wconf 91' lang='lat' dir='ltr'><strong>erroribus</strong></span> <span class='ocrx_word' id='word_1_307' title='bbox 2938 2515 3307 2573; x_wconf 87' lang='lat' dir='ltr'><strong>quoscumque</strong></span> <span class='ocrx_word' id='word_1_308' title='bbox 3355 2510 3689 2575; x_wconf 75' lang='lat' dir='ltr'><strong>coitstiterit,</strong></span> 
     </span>
    </p>
   </div>
   <div class='ocr_carea' id='block_1_56' title="bbox 2115 2580 3693 2662">
    <p class='ocr_par' dir='ltr' id='par_1_56' title="bbox 2115 2580 3693 2662">
     <span class='ocr_line' id='line_1_56' title="bbox 2115 2580 3693 2662; baseline 0.013 -31"><span class='ocrx_word' id='word_1_309' title='bbox 2115 2580 2199 2634; x_wconf 90' lang='lat' dir='ltr'><strong>vel</strong></span> <span class='ocrx_word' id='word_1_310' title='bbox 2231 2581 2506 2637; x_wconf 87' lang='lat' dir='ltr'><strong>ordinasse</strong></span> <span class='ocrx_word' id='word_1_311' title='bbox 2528 2585 2787 2652; x_wconf 85' lang='lat' dir='ltr'><strong>clericos,</strong></span> <span class='ocrx_word' id='word_1_312' title='bbox 2821 2591 2908 2644; x_wconf 90' lang='lat' dir='ltr'><strong>vel</strong></span> <span class='ocrx_word' id='word_1_313' title='bbox 2937 2594 3243 2662; x_wconf 68' lang='lat' dir='ltr'><strong>suscepisse</strong></span> <span class='ocrx_word' id='word_1_314' title='bbox 3278 2596 3515 2651; x_wconf 80' lang='lat' dir='ltr'><strong>oiticium</strong></span> <span class='ocrx_word' id='word_1_315' title='bbox 3548 2599 3693 2653; x_wconf 88' lang='lat' dir='ltr'><strong>cleri-</strong></span> 
     </span>
    </p>
   </div>
   <div class='ocr_carea' id='block_1_57' title="bbox 2112 2670 3687 2745">
    <p class='ocr_par' dir='ltr' id='par_1_57' title="bbox 2112 2670 3687 2745">
     <span class='ocr_line' id='line_1_57' title="bbox 2112 2670 3687 2745; baseline 0.013 -22"><span class='ocrx_word' id='word_1_316' title='bbox 2112 2670 2341 2725; x_wconf 86' lang='lat' dir='ltr'><strong>ricorutn</strong></span> <span class='ocrx_word' id='word_1_317' title='bbox 2369 2713 2383 2737; x_wconf 88' lang='lat'><strong>,</strong></span> <span class='ocrx_word' id='word_1_318' title='bbox 2423 2674 2578 2733; x_wconf 82' lang='lat' dir='ltr'><strong>denis</strong></span> <span class='ocrx_word' id='word_1_319' title='bbox 2606 2677 2756 2732; x_wconf 89' lang='lat' dir='ltr'><strong>libris</strong></span> <span class='ocrx_word' id='word_1_320' title='bbox 2784 2683 2900 2735; x_wconf 89' lang='lat' dir='ltr'><strong>auri</strong></span> <span class='ocrx_word' id='word_1_321' title='bbox 2937 2684 3136 2736; x_wconf 88' lang='lat' dir='ltr'><strong>viritim</strong></span> <span class='ocrx_word' id='word_1_322' title='bbox 3179 2686 3520 2741; x_wconf 87' lang='lat' dir='ltr'><strong>muletandus</strong></span> <span class='ocrx_word' id='word_1_323' title='bbox 3574 2703 3687 2745; x_wconf 80' lang='lat' dir='ltr'><strong>esse</strong></span> 
     </span>
    </p>
   </div>
   <div class='ocr_carea' id='block_1_58' title="bbox 2112 2766 3694 2845">
    <p class='ocr_par' dir='ltr' id='par_1_58' title="bbox 2112 2766 3694 2845">
     <span class='ocr_line' id='line_1_58' title="bbox 2112 2766 3694 2845; baseline 0.014 -30"><span class='ocrx_word' id='word_1_324' title='bbox 2112 2775 2415 2818; x_wconf 84' lang='lat' dir='ltr'><strong>censemus.</strong></span> <span class='ocrx_word' id='word_1_325' title='bbox 2437 2766 2637 2821; x_wconf 84' lang='lat' dir='ltr'><strong>Locum</strong></span> <span class='ocrx_word' id='word_1_326' title='bbox 2664 2784 2794 2825; x_wconf 88' lang='lat' dir='ltr'><strong>sane</strong></span> <span class='ocrx_word' id='word_1_327' title='bbox 2816 2773 2868 2825; x_wconf 92' lang='lat' dir='ltr'><strong>in</strong></span> <span class='ocrx_word' id='word_1_328' title='bbox 2890 2788 2996 2841; x_wconf 92' lang='lat' dir='ltr'><strong>quo</strong></span> <span class='ocrx_word' id='word_1_329' title='bbox 3018 2775 3181 2845; x_wconf 85' lang='lat' dir='ltr'><strong>vetita</strong></span> <span class='ocrx_word' id='word_1_330' title='bbox 3201 2786 3491 2844; x_wconf 87' lang='lat' dir='ltr'><strong>tentantur,</strong></span> <span class='ocrx_word' id='word_1_331' title='bbox 3510 2781 3552 2833; x_wconf 89' lang='lat' dir='ltr'><strong>si</strong></span> <span class='ocrx_word' id='word_1_332' title='bbox 3572 2796 3694 2836; x_wconf 84' lang='lat' dir='ltr'><strong>con-</strong></span> 
     </span>
    </p>
   </div>
   <div class='ocr_carea' id='block_1_59' title="bbox 2117 2856 3686 2943">
    <p class='ocr_par' dir='ltr' id='par_1_59' title="bbox 2117 2856 3686 2943">
     <span class='ocr_line' id='line_1_59' title="bbox 2117 2856 3686 2943; baseline 0.011 -35"><span class='ocrx_word' id='word_1_333' title='bbox 2117 2856 2346 2911; x_wconf 88' lang='lat' dir='ltr'><strong>niventia</strong></span> <span class='ocrx_word' id='word_1_334' title='bbox 2365 2858 2569 2913; x_wconf 90' lang='lat' dir='ltr'><strong>domini</strong></span> <span class='ocrx_word' id='word_1_335' title='bbox 2592 2864 2844 2927; x_wconf 88' lang='lat' dir='ltr'><strong>patuerit,</strong></span> <span class='ocrx_word' id='word_1_336' title='bbox 2862 2866 2974 2919; x_wconf 87' lang='lat' dir='ltr'><strong>lisci</strong></span> <span class='ocrx_word' id='word_1_337' title='bbox 2997 2869 3166 2921; x_wconf 89' lang='lat' dir='ltr'><strong>nostri</strong></span> <span class='ocrx_word' id='word_1_338' title='bbox 3184 2868 3389 2924; x_wconf 88' lang='lat' dir='ltr'><strong>viribus</strong></span> <span class='ocrx_word' id='word_1_339' title='bbox 3400 2875 3686 2943; x_wconf 81' lang='lat' dir='ltr'><strong>aggregari.</strong></span> 
     </span>
    </p>
   </div>
   <div class='ocr_carea' id='block_1_60' title="bbox 2115 2947 3686 3034">
    <p class='ocr_par' dir='ltr' id='par_1_60' title="bbox 2115 2947 3686 3034">
     <span class='ocr_line' id='line_1_60' title="bbox 2115 2947 3686 3034; baseline 0.013 -34"><span class='ocrx_word' id='word_1_340' title='bbox 2115 2947 2265 3012; x_wconf 81' lang='lat' dir='ltr'><strong>Quod</strong></span> <span class='ocrx_word' id='word_1_341' title='bbox 2293 2949 2341 3003; x_wconf 84' lang='lat' dir='ltr'><strong>si</strong></span> <span class='ocrx_word' id='word_1_342' title='bbox 2387 2950 2437 3004; x_wconf 92' lang='lat' dir='ltr'><strong>id</strong></span> <span class='ocrx_word' id='word_1_343' title='bbox 2478 2966 2840 3019; x_wconf 78' lang='lat' dir='ltr'><strong>possessorem</strong></span> <span class='ocrx_word' id='word_1_344' title='bbox 2866 2955 3100 3027; x_wconf 89' lang='lat' dir='ltr'><strong>(quippe</strong></span> <span class='ocrx_word' id='word_1_345' title='bbox 3134 2959 3439 3016; x_wconf 87' lang='lat' dir='ltr'><strong>clanculum</strong></span> <span class='ocrx_word' id='word_1_346' title='bbox 3465 2967 3686 3034; x_wconf 81' lang='lat' dir='ltr'><strong>gestum)</strong></span> 
     </span>
    </p>
   </div>
   <div class='ocr_carea' id='block_1_61' title="bbox 2116 3041 3692 3124">
    <p class='ocr_par' dir='ltr' id='par_1_61' title="bbox 2116 3041 3692 3124">
     <span class='ocr_line' id='line_1_61' title="bbox 2116 3041 3692 3124; baseline 0.012 -32"><span class='ocrx_word' id='word_1_347' title='bbox 2116 3041 2390 3112; x_wconf 82' lang='lat' dir='ltr'><strong>ignorasse</strong></span> <span class='ocrx_word' id='word_1_348' title='bbox 2438 3045 2772 3113; x_wconf 78' lang='lat' dir='ltr'><strong>constiterit,</strong></span> <span class='ocrx_word' id='word_1_349' title='bbox 2829 3050 3211 3108; x_wconf 88' lang='lat' dir='ltr'><strong>conductorem</strong></span> <span class='ocrx_word' id='word_1_350' title='bbox 3256 3056 3376 3124; x_wconf 87' lang='lat' dir='ltr'><strong>ejus</strong></span> <span class='ocrx_word' id='word_1_351' title='bbox 3431 3056 3607 3123; x_wconf 78' lang='lat' dir='ltr'><strong>fundi,</strong></span> <span class='ocrx_word' id='word_1_352' title='bbox 3650 3057 3692 3111; x_wconf 65' lang='lat' dir='ltr'><strong>si</strong></span> 
     </span>
    </p>
   </div>
   <div class='ocr_carea' id='block_1_62' title="bbox 426 3133 3689 3218">
    <p class='ocr_par' dir='ltr' id='par_1_62' title="bbox 426 3133 3689 3218">
     <span class='ocr_line' id='line_1_62' title="bbox 426 3133 3689 3218; baseline 0.007 -29"><span class='ocrx_word' id='word_1_353' title='bbox 426 3133 546 3189; x_wconf 77' lang='lat' dir='ltr'><strong>lica:</strong></span> <span class='ocrx_word' id='word_1_354' title='bbox 577 3136 914 3189; x_wconf 87' lang='lat' dir='ltr'><strong>sanctitatem</strong></span> <span class='ocrx_word' id='word_1_355' title='bbox 950 3137 1032 3189; x_wconf 90' lang='lat' dir='ltr'><strong>vir</strong></span> <span class='ocrx_word' id='word_1_356' title='bbox 1069 3136 1341 3191; x_wconf 71' lang='lat' dir='ltr'><strong>memerita</strong></span> <span class='ocrx_word' id='word_1_357' title='bbox 1374 3139 1691 3194; x_wconf 66' lang='lat' dir='ltr'><strong>venerabilis</strong></span> <span class='ocrx_word' id='word_1_358' title='bbox 1732 3140 1800 3194; x_wconf 89' lang='lat' dir='ltr'><strong>ab</strong></span> <span class='ocrx_word' id='word_1_359' title='bbox 1828 3157 2013 3218; x_wconf 80' lang='lat' dir='ltr'><strong>errore</strong></span> <span class='ocrx_word' id='word_1_360' title='bbox 2040 3134 2083 3196; x_wconf 86' lang='lat' dir='ltr'><strong>C</strong></span> <span class='ocrx_word' id='word_1_361' title='bbox 2116 3135 2374 3206; x_wconf 73' lang='lat' dir='ltr'><strong>ingenuus</strong></span> <span class='ocrx_word' id='word_1_362' title='bbox 2395 3146 2504 3202; x_wconf 62' lang='lat' dir='ltr'><strong>cal.</strong></span> <span class='ocrx_word' id='word_1_363' title='bbox 2537 3137 2720 3194; x_wconf 77' lang='lat' dir='ltr'><strong>decem</strong></span> <span class='ocrx_word' id='word_1_364' title='bbox 2766 3145 2881 3196; x_wconf 69' lang='lat' dir='ltr'><strong>auri</strong></span> <span class='ocrx_word' id='word_1_365' title='bbox 2904 3142 3070 3200; x_wconf 69' lang='lat' dir='ltr'><strong>libras</strong></span> <span class='ocrx_word' id='word_1_366' title='bbox 3114 3146 3247 3202; x_wconf 76' lang='lat' dir='ltr'><strong>ﬁsco</strong></span> <span class='ocrx_word' id='word_1_367' title='bbox 3276 3157 3459 3204; x_wconf 71' lang='lat' dir='ltr'><strong>nostro</strong></span> <span class='ocrx_word' id='word_1_368' title='bbox 3503 3150 3689 3206; x_wconf 71' lang='lat' dir='ltr'><strong>inferre</strong></span> 
     </span>
    </p>
   </div>
   <div class='ocr_carea' id='block_1_63' title="bbox 426 3226 2013 3299">
    <p class='ocr_par' dir='ltr' id='par_1_63' title="bbox 426 3226 2013 3299">
     <span class='ocr_line' id='line_1_63' title="bbox 426 3226 2013 3299; baseline 0.004 -20"><span class='ocrx_word' id='word_1_369' title='bbox 426 3226 666 3295; x_wconf 72' lang='lat' dir='ltr'><strong>perfidi-12</strong></span> <span class='ocrx_word' id='word_1_370' title='bbox 714 3227 954 3281; x_wconf 87' lang='lat' dir='ltr'><strong>Donatus</strong></span> <span class='ocrx_word' id='word_1_371' title='bbox 1001 3238 1303 3293; x_wconf 85' lang='lat' dir='ltr'><strong>assereret;</strong></span> <span class='ocrx_word' id='word_1_372' title='bbox 1335 3229 1388 3283; x_wconf 93' lang='lat' dir='ltr'><strong>in</strong></span> <span class='ocrx_word' id='word_1_373' title='bbox 1420 3230 1534 3299; x_wconf 84' lang='lat' dir='ltr'><strong>ejus</strong></span> <span class='ocrx_word' id='word_1_374' title='bbox 1575 3246 1768 3286; x_wconf 87' lang='lat' dir='ltr'><strong>nomen</strong></span> <span class='ocrx_word' id='word_1_375' title='bbox 1801 3241 1855 3287; x_wconf 89' lang='lat' dir='ltr'><strong>et</strong></span> <span class='ocrx_word' id='word_1_376' title='bbox 1898 3234 2013 3288; x_wconf 91' lang='lat' dir='ltr'><strong>cul-</strong></span> 
     </span>
    </p>
   </div>
   <div class='ocr_carea' id='block_1_64' title="bbox 426 3318 2007 3387">
    <p class='ocr_par' dir='ltr' id='par_1_64' title="bbox 426 3318 2007 3387">
     <span class='ocr_line' id='line_1_64' title="bbox 426 3318 2007 3387; baseline 0.006 -18"><span class='ocrx_word' id='word_1_377' title='bbox 426 3324 572 3381; x_wconf 90' lang='lat' dir='ltr'><strong>tum,</strong></span> <span class='ocrx_word' id='word_1_378' title='bbox 611 3318 790 3371; x_wconf 91' lang='lat' dir='ltr'><strong>mundi</strong></span> <span class='ocrx_word' id='word_1_379' title='bbox 837 3334 969 3387; x_wconf 88' lang='lat' dir='ltr'><strong>pene</strong></span> <span class='ocrx_word' id='word_1_380' title='bbox 1011 3322 1175 3373; x_wconf 86' lang='lat' dir='ltr'><strong>totius</strong></span> <span class='ocrx_word' id='word_1_381' title='bbox 1206 3320 1543 3375; x_wconf 87' lang='lat' dir='ltr'><strong>observantia</strong></span> <span class='ocrx_word' id='word_1_382' title='bbox 1570 3324 1769 3379; x_wconf 88' lang='lat' dir='ltr'><strong>nutrita</strong></span> <span class='ocrx_word' id='word_1_383' title='bbox 1791 3327 2007 3381; x_wconf 87' lang='lat' dir='ltr'><strong>coaluit.</strong></span> 
     </span>
    </p>
   </div>
   <div class='ocr_carea' id='block_1_65' title="bbox 428 3404 2009 3488">
    <p class='ocr_par' dir='ltr' id='par_1_65' title="bbox 428 3404 2009 3488">
     <span class='ocr_line' id='line_1_65' title="bbox 428 3404 2009 3488; baseline 0.007 -27"><span class='ocrx_word' id='word_1_384' title='bbox 428 3404 538 3461; x_wconf 86' lang='lat' dir='ltr'><strong>Sed</strong></span> <span class='ocrx_word' id='word_1_385' title='bbox 588 3420 706 3460; x_wconf 90' lang='lat' dir='ltr'><strong>cum</strong></span> <span class='ocrx_word' id='word_1_386' title='bbox 767 3408 883 3475; x_wconf 87' lang='lat' dir='ltr'><strong>ejus</strong></span> <span class='ocrx_word' id='word_1_387' title='bbox 934 3409 1206 3477; x_wconf 77' lang='lat' dir='ltr'><strong>religionis</strong></span> <span class='ocrx_word' id='word_1_388' title='bbox 1256 3410 1574 3465; x_wconf 85' lang='lat' dir='ltr'><strong>laudandum</strong></span> <span class='ocrx_word' id='word_1_389' title='bbox 1604 3416 2009 3488; x_wconf 87' lang='lat' dir='ltr'><strong>mirandumque</strong></span> 
     </span>
    </p>
   </div>
   <div class='ocr_carea' id='block_1_66' title="bbox 427 3497 2005 3574">
    <p class='ocr_par' dir='ltr' id='par_1_66' title="bbox 427 3497 2005 3574">
     <span class='ocr_line' id='line_1_66' title="bbox 427 3497 2005 3574; baseline 0.008 -24"><span class='ocrx_word' id='word_1_390' title='bbox 427 3497 788 3567; x_wconf 81' lang='lat' dir='ltr'><strong>propositum,</strong></span> <span class='ocrx_word' id='word_1_391' title='bbox 817 3498 1118 3553; x_wconf 82' lang='lat' dir='ltr'><strong>Maximiani</strong></span> <span class='ocrx_word' id='word_1_392' title='bbox 1147 3500 1421 3570; x_wconf 90' lang='lat' dir='ltr'><strong>cujusdam</strong></span> <span class='ocrx_word' id='word_1_393' title='bbox 1451 3518 1654 3557; x_wconf 88' lang='lat' dir='ltr'><strong>venena</strong></span> <span class='ocrx_word' id='word_1_394' title='bbox 1684 3506 2005 3574; x_wconf 84' lang='lat' dir='ltr'><strong>polluerent;</strong></span> 
     </span>
    </p>
   </div>
   <div class='ocr_carea' id='block_1_67' title="bbox 424 3587 2010 3666">
    <p class='ocr_par' dir='ltr' id='par_1_67' title="bbox 424 3587 2010 3666">
     <span class='ocr_line' id='line_1_67' title="bbox 424 3587 2010 3666; baseline 0.008 -25"><span class='ocrx_word' id='word_1_395' title='bbox 424 3587 721 3641; x_wconf 88' lang='lat' dir='ltr'><strong>multorum</strong></span> <span class='ocrx_word' id='word_1_396' title='bbox 748 3598 920 3643; x_wconf 72' lang='lat' dir='ltr'><strong>cmtns</strong></span> <span class='ocrx_word' id='word_1_397' title='bbox 940 3590 1232 3644; x_wconf 90' lang='lat' dir='ltr'><strong>antistitum</strong></span> <span class='ocrx_word' id='word_1_398' title='bbox 1260 3591 1312 3645; x_wconf 90' lang='lat' dir='ltr'><strong>in</strong></span> <span class='ocrx_word' id='word_1_399' title='bbox 1338 3608 1499 3647; x_wconf 88' lang='lat' dir='ltr'><strong>unttm</strong></span> <span class='ocrx_word' id='word_1_400' title='bbox 1530 3594 1639 3649; x_wconf 89' lang='lat' dir='ltr'><strong>Deo</strong></span> <span class='ocrx_word' id='word_1_401' title='bbox 1670 3597 2010 3666; x_wconf 88' lang='lat' dir='ltr'><strong>conspirante</strong></span> 
     </span>
    </p>
   </div>
   <div class='ocr_carea' id='block_1_68' title="bbox 422 3679 2009 3759">
    <p class='ocr_par' dir='ltr' id='par_1_68' title="bbox 422 3679 2009 3759">
     <span class='ocr_line' id='line_1_68' title="bbox 422 3679 2009 3759; baseline 0.007 -25"><span class='ocrx_word' id='word_1_402' title='bbox 422 3679 698 3747; x_wconf 87' lang='lat' dir='ltr'><strong>collectus,</strong></span> <span class='ocrx_word' id='word_1_403' title='bbox 735 3681 1004 3736; x_wconf 90' lang='lat' dir='ltr'><strong>hominem</strong></span> <span class='ocrx_word' id='word_1_404' title='bbox 1031 3682 1116 3736; x_wconf 90' lang='lat' dir='ltr'><strong>vel</strong></span> <span class='ocrx_word' id='word_1_405' title='bbox 1158 3685 1336 3754; x_wconf 89' lang='lat' dir='ltr'><strong>potius</strong></span> <span class='ocrx_word' id='word_1_406' title='bbox 1378 3694 1612 3755; x_wconf 89' lang='lat' dir='ltr'><strong>pestem,</strong></span> <span class='ocrx_word' id='word_1_407' title='bbox 1649 3703 1769 3758; x_wconf 77' lang='lat' dir='ltr'><strong>qua:</strong></span> <span class='ocrx_word' id='word_1_408' title='bbox 1819 3705 2009 3759; x_wconf 85' lang='lat' dir='ltr'><strong>super-</strong></span> 
     </span>
    </p>
   </div>
   <div class='ocr_carea' id='block_1_69' title="bbox 423 3774 2005 3853">
    <p class='ocr_par' dir='ltr' id='par_1_69' title="bbox 423 3774 2005 3853">
     <span class='ocr_line' id='line_1_69' title="bbox 423 3774 2005 3853; baseline 0.006 -24"><span class='ocrx_word' id='word_1_409' title='bbox 423 3789 505 3829; x_wconf 64' lang='lat' dir='ltr'><strong>na:</strong></span> <span class='ocrx_word' id='word_1_410' title='bbox 532 3774 803 3844; x_wconf 81' lang='lat' dir='ltr'><strong>displicuit</strong></span> <span class='ocrx_word' id='word_1_411' title='bbox 843 3776 1142 3845; x_wconf 88' lang='lat' dir='ltr'><strong>majestati,</strong></span> <span class='ocrx_word' id='word_1_412' title='bbox 1168 3779 1330 3833; x_wconf 88' lang='lat' dir='ltr'><strong>etiam</strong></span> <span class='ocrx_word' id='word_1_413' title='bbox 1375 3795 1521 3849; x_wconf 71' lang='lat' dir='ltr'><strong>parte</strong></span> <span class='ocrx_word' id='word_1_414' title='bbox 1550 3783 1747 3837; x_wconf 86' lang='lat' dir='ltr'><strong>mentis</strong></span> <span class='ocrx_word' id='word_1_415' title='bbox 1794 3784 2005 3853; x_wconf 74' lang='lat' dir='ltr'><strong>prppria</strong></span> 
     </span>
    </p>
   </div>
   <div class='ocr_carea' id='block_1_70' title="bbox 420 3867 1067 3922">
    <p class='ocr_par' dir='ltr' id='par_1_70' title="bbox 420 3867 1067 3922">
     <span class='ocr_line' id='line_1_70' title="bbox 420 3867 1067 3922; baseline -0.003 -1"><span class='ocrx_word' id='word_1_416' title='bbox 420 3868 745 3922; x_wconf 84' lang='lat' dir='ltr'><strong>coercitione</strong></span> <span class='ocrx_word' id='word_1_417' title='bbox 775 3867 1067 3922; x_wconf 79' lang='lat' dir='ltr'><strong>damnavit.</strong></span> 
     </span>
    </p>
   </div>
   <div class='ocr_carea' id='block_1_71' title="bbox 498 3957 2005 4032">
    <p class='ocr_par' dir='ltr' id='par_1_71' title="bbox 498 3957 2005 4032">
     <span class='ocr_line' id='line_1_71' title="bbox 498 3957 2005 4032; baseline 0.007 -24"><span class='ocrx_word' id='word_1_418' title='bbox 498 3975 517 4008; x_wconf 86' lang='grc'><strong><em>‹</em></strong></span> <span class='ocrx_word' id='word_1_419' title='bbox 551 3957 657 4010; x_wconf 81' lang='lat' dir='ltr'><strong>Eos</strong></span> <span class='ocrx_word' id='word_1_420' title='bbox 682 3971 893 4026; x_wconf 87' lang='lat' dir='ltr'><strong>quoque</strong></span> <span class='ocrx_word' id='word_1_421' title='bbox 914 3999 930 4023; x_wconf 96' lang='lat'><strong>,</strong></span> <span class='ocrx_word' id='word_1_422' title='bbox 962 3972 1098 4025; x_wconf 84' lang='lat' dir='ltr'><strong>quos</strong></span> <span class='ocrx_word' id='word_1_423' title='bbox 1128 3958 1315 4013; x_wconf 69' lang='lat' dir='ltr'><strong>aliena:</strong></span> <span class='ocrx_word' id='word_1_424' title='bbox 1370 3963 1806 4032; x_wconf 69' lang='lat' dir='ltr'><strong>praesumptionis</strong></span> <span class='ocrx_word' id='word_1_425' title='bbox 1855 3979 2005 4019; x_wconf 90' lang='lat' dir='ltr'><strong>error</strong></span> 
     </span>
    </p>
   </div>
   <div class='ocr_carea' id='block_1_72' title="bbox 416 4048 2004 4122">
    <p class='ocr_par' dir='ltr' id='par_1_72' title="bbox 416 4048 2004 4122">
     <span class='ocr_line' id='line_1_72' title="bbox 416 4048 2004 4122; baseline 0.006 -22"><span class='ocrx_word' id='word_1_426' title='bbox 416 4054 746 4111; x_wconf 88' lang='lat' dir='ltr'><strong>attraxerat,</strong></span> <span class='ocrx_word' id='word_1_427' title='bbox 775 4055 929 4116; x_wconf 84' lang='lat' dir='ltr'><strong>portu</strong></span> <span class='ocrx_word' id='word_1_428' title='bbox 979 4048 1160 4116; x_wconf 91' lang='lat' dir='ltr'><strong>primo</strong></span> <span class='ocrx_word' id='word_1_429' title='bbox 1193 4053 1467 4120; x_wconf 90' lang='lat' dir='ltr'><strong>proposito</strong></span> <span class='ocrx_word' id='word_1_430' title='bbox 1496 4054 1791 4122; x_wconf 62' lang='lat' dir='ltr'><strong>paenitendi</strong></span> <span class='ocrx_word' id='word_1_431' title='bbox 1809 4096 1822 4119; x_wconf 91' lang='lat'><strong>,</strong></span> <span class='ocrx_word' id='word_1_432' title='bbox 1846 4055 1891 4109; x_wconf 89' lang='lat' dir='ltr'><strong>si</strong></span> <span class='ocrx_word' id='word_1_433' title='bbox 1919 4070 2004 4110; x_wconf 91' lang='lat' dir='ltr'><strong>re-</strong></span> 
     </span>
    </p>
   </div>
   <div class='ocr_carea' id='block_1_73' title="bbox 417 4131 2003 4216">
    <p class='ocr_par' dir='ltr' id='par_1_73' title="bbox 417 4131 2003 4216">
     <span class='ocr_line' id='line_1_73' title="bbox 417 4131 2003 4216; baseline 0.005 -22"><span class='ocrx_word' id='word_1_434' title='bbox 417 4141 553 4194; x_wconf 86' lang='lat' dir='ltr'><strong>verti</strong></span> <span class='ocrx_word' id='word_1_435' title='bbox 587 4151 850 4208; x_wconf 89' lang='lat' dir='ltr'><strong>cuperent</strong></span> <span class='ocrx_word' id='word_1_436' title='bbox 898 4141 1036 4195; x_wconf 89' lang='lat' dir='ltr'><strong>intra</strong></span> <span class='ocrx_word' id='word_1_437' title='bbox 1080 4147 1291 4212; x_wconf 84' lang='lat' dir='ltr'><strong>tempus</strong></span> <span class='ocrx_word' id='word_1_438' title='bbox 1320 4145 1385 4199; x_wconf 90' lang='lat' dir='ltr'><strong>ad</strong></span> <span class='ocrx_word' id='word_1_439' title='bbox 1416 4131 1706 4216; x_wconf 60' lang='lat' dir='ltr'><strong>&#39;religionis</strong></span> <span class='ocrx_word' id='word_1_440' title='bbox 1738 4148 2003 4203; x_wconf 87' lang='lat' dir='ltr'><strong>tramitem</strong></span> 
     </span>
    </p>
   </div>
   <div class='ocr_carea' id='block_1_74' title="bbox 416 4230 2000 4309">
    <p class='ocr_par' dir='ltr' id='par_1_74' title="bbox 416 4230 2000 4309">
     <span class='ocr_line' id='line_1_74' title="bbox 416 4230 2000 4309; baseline 0.005 -25"><span class='ocrx_word' id='word_1_441' title='bbox 416 4230 804 4300; x_wconf 68' lang='lat' dir='ltr'><strong>pratstitutum,</strong></span> <span class='ocrx_word' id='word_1_442' title='bbox 847 4233 957 4299; x_wconf 89' lang='lat' dir='ltr'><strong>pari</strong></span> <span class='ocrx_word' id='word_1_443' title='bbox 1000 4233 1197 4301; x_wconf 84' lang='lat' dir='ltr'><strong>vigoris</strong></span> <span class='ocrx_word' id='word_1_444' title='bbox 1237 4234 1606 4292; x_wconf 89' lang='lat' dir='ltr'><strong>admonitione</strong></span> <span class='ocrx_word' id='word_1_445' title='bbox 1648 4241 2000 4309; x_wconf 87' lang='lat' dir='ltr'><strong>compescuit.</strong></span> 
     </span>
    </p>
   </div>
   <div class='ocr_carea' id='block_1_75' title="bbox 418 4321 2001 4400">
    <p class='ocr_par' dir='ltr' id='par_1_75' title="bbox 418 4321 2001 4400">
     <span class='ocr_line' id='line_1_75' title="bbox 418 4321 2001 4400; baseline 0.003 -22"><span class='ocrx_word' id='word_1_446' title='bbox 418 4321 524 4379; x_wconf 88' lang='lat' dir='ltr'><strong>Sed</strong></span> <span class='ocrx_word' id='word_1_447' title='bbox 557 4322 665 4376; x_wconf 87' lang='lat' dir='ltr'><strong>suis</strong></span> <span class='ocrx_word' id='word_1_448' title='bbox 697 4323 949 4375; x_wconf 90' lang='lat' dir='ltr'><strong>institutis</strong></span> <span class='ocrx_word' id='word_1_449' title='bbox 993 4323 1246 4392; x_wconf 87' lang='lat' dir='ltr'><strong>iniquitas</strong></span> <span class='ocrx_word' id='word_1_450' title='bbox 1290 4325 1612 4393; x_wconf 88' lang='lat' dir='ltr'><strong>delectatur,</strong></span> <span class='ocrx_word' id='word_1_451' title='bbox 1642 4338 1695 4383; x_wconf 90' lang='lat' dir='ltr'><strong>et</strong></span> <span class='ocrx_word' id='word_1_452' title='bbox 1744 4332 2001 4400; x_wconf 80' lang='lat' dir='ltr'><strong>semetip-</strong></span> 
     </span>
    </p>
   </div>
   <div class='ocr_carea' id='block_1_76' title="bbox 414 4411 2000 4483">
    <p class='ocr_par' dir='ltr' id='par_1_76' title="bbox 414 4411 2000 4483">
     <span class='ocr_line' id='line_1_76' title="bbox 414 4411 2000 4483; baseline 0.004 -17"><span class='ocrx_word' id='word_1_453' title='bbox 414 4426 530 4466; x_wconf 84' lang='lat' dir='ltr'><strong>sam</strong></span> <span class='ocrx_word' id='word_1_454' title='bbox 584 4427 688 4464; x_wconf 90' lang='lat' dir='ltr'><strong>non</strong></span> <span class='ocrx_word' id='word_1_455' title='bbox 720 4411 956 4475; x_wconf 89' lang='lat' dir='ltr'><strong>deserit,</strong></span> <span class='ocrx_word' id='word_1_456' title='bbox 984 4426 1103 4464; x_wconf 87' lang='lat' dir='ltr'><strong>cum</strong></span> <span class='ocrx_word' id='word_1_457' title='bbox 1144 4414 1309 4466; x_wconf 91' lang='lat' dir='ltr'><strong>semel</strong></span> <span class='ocrx_word' id='word_1_458' title='bbox 1354 4415 1683 4483; x_wconf 63' lang='lat' dir='ltr'><strong>prmcipitata</strong></span> <span class='ocrx_word' id='word_1_459' title='bbox 1717 4420 2000 4473; x_wconf 89' lang='lat' dir='ltr'><strong>corruerit.</strong></span> 
     </span>
    </p>
   </div>
   <div class='ocr_carea' id='block_1_77' title="bbox 411 4495 2079 4575">
    <p class='ocr_par' dir='ltr' id='par_1_77' title="bbox 411 4495 2079 4575">
     <span class='ocr_line' id='line_1_77' title="bbox 411 4495 2079 4575; baseline 0.005 -19"><span class='ocrx_word' id='word_1_460' title='bbox 411 4500 559 4556; x_wconf 91' lang='lat' dir='ltr'><strong>Idem</strong></span> <span class='ocrx_word' id='word_1_461' title='bbox 587 4517 817 4572; x_wconf 86' lang='lat' dir='ltr'><strong>namque</strong></span> <span class='ocrx_word' id='word_1_462' title='bbox 842 4502 1195 4557; x_wconf 82' lang='lat' dir='ltr'><strong>Maximianus</strong></span> <span class='ocrx_word' id='word_1_463' title='bbox 1233 4515 1463 4572; x_wconf 82' lang='lat' dir='ltr'><strong>coeptam</strong></span> <span class='ocrx_word' id='word_1_464' title='bbox 1497 4508 1662 4561; x_wconf 91' lang='lat' dir='ltr'><strong>nutrit</strong></span> <span class='ocrx_word' id='word_1_465' title='bbox 1688 4509 1994 4575; x_wconf 88' lang='lat' dir='ltr'><strong>audaciam,</strong></span> <span class='ocrx_word' id='word_1_466' title='bbox 2026 4495 2079 4557; x_wconf 87' lang='grc' dir='ltr'><strong>Ῑ)</strong></span> 
     </span>
    </p>
   </div>
   <div class='ocr_carea' id='block_1_78' title="bbox 412 4594 1544 4665">
    <p class='ocr_par' dir='ltr' id='par_1_78' title="bbox 412 4594 1544 4665">
     <span class='ocr_line' id='line_1_78' title="bbox 412 4594 1544 4665; baseline 0 -15"><span class='ocrx_word' id='word_1_467' title='bbox 412 4604 469 4650; x_wconf 85' lang='lat' dir='ltr'><strong>et</strong></span> <span class='ocrx_word' id='word_1_468' title='bbox 492 4594 627 4649; x_wconf 87' lang='lat' dir='ltr'><strong>alios</strong></span> <span class='ocrx_word' id='word_1_469' title='bbox 653 4595 870 4649; x_wconf 87' lang='lat' dir='ltr'><strong>sibimet</strong></span> <span class='ocrx_word' id='word_1_470' title='bbox 898 4594 1175 4663; x_wconf 83' lang='lat' dir='ltr'><strong>consociat</strong></span> <span class='ocrx_word' id='word_1_471' title='bbox 1194 4595 1258 4649; x_wconf 89' lang='lat' dir='ltr'><strong>ad</strong></span> <span class='ocrx_word' id='word_1_472' title='bbox 1282 4594 1544 4665; x_wconf 80' lang='lat' dir='ltr'><strong>furorem.</strong></span> 
     </span>
    </p>
   </div>
   <div class='ocr_carea' id='block_1_79' title="bbox 490 4684 1995 4762">
    <p class='ocr_par' dir='ltr' id='par_1_79' title="bbox 490 4684 1995 4762">
     <span class='ocr_line' id='line_1_79' title="bbox 490 4684 1995 4762; baseline 0.008 -27"><span class='ocrx_word' id='word_1_473' title='bbox 490 4702 509 4735; x_wconf 75' lang='grc' dir='ltr'>ι</span> <span class='ocrx_word' id='word_1_474' title='bbox 549 4684 692 4739; x_wconf 85' lang='lat' dir='ltr'><strong>Inter</strong></span> <span class='ocrx_word' id='word_1_475' title='bbox 724 4696 858 4755; x_wconf 80' lang='lat' dir='ltr'><strong>quOs</strong></span> <span class='ocrx_word' id='word_1_476' title='bbox 887 4686 1046 4740; x_wconf 84' lang='lat' dir='ltr'><strong>etiam</strong></span> <span class='ocrx_word' id='word_1_477' title='bbox 1078 4684 1377 4745; x_wconf 83' lang='lat' dir='ltr'><strong>Felicianus</strong></span> <span class='ocrx_word' id='word_1_478' title='bbox 1421 4688 1670 4757; x_wconf 86' lang='lat' dir='ltr'><strong>quidam,</strong></span> <span class='ocrx_word' id='word_1_479' title='bbox 1705 4692 1797 4761; x_wconf 92' lang='lat' dir='ltr'><strong>qui</strong></span> <span class='ocrx_word' id='word_1_480' title='bbox 1824 4693 1995 4762; x_wconf 91' lang='lat' dir='ltr'><strong>primo</strong></span> 
     </span>
    </p>
   </div>
   <div class='ocr_carea' id='block_1_80' title="bbox 409 4774 1995 4847">
    <p class='ocr_par' dir='ltr' id='par_1_80' title="bbox 409 4774 1995 4847">
     <span class='ocr_line' id='line_1_80' title="bbox 409 4774 1995 4847; baseline 0.004 -16"><span class='ocrx_word' id='word_1_481' title='bbox 409 4785 558 4831; x_wconf 83' lang='lat' dir='ltr'><strong>recta</strong></span> <span class='ocrx_word' id='word_1_482' title='bbox 601 4785 871 4841; x_wconf 88' lang='lat' dir='ltr'><strong>sectatus,</strong></span> <span class='ocrx_word' id='word_1_483' title='bbox 920 4774 1326 4845; x_wconf 88' lang='lat' dir='ltr'><strong>depravationis</strong></span> <span class='ocrx_word' id='word_1_484' title='bbox 1383 4777 1539 4847; x_wconf 91' lang='lat' dir='ltr'><strong>hujus</strong></span> <span class='ocrx_word' id='word_1_485' title='bbox 1588 4782 1995 4839; x_wconf 88' lang='lat' dir='ltr'><strong>attaminatione</strong></span> 
     </span>
    </p>
   </div>
   <div class='ocr_carea' id='block_1_81' title="bbox 409 4865 1996 4942">
    <p class='ocr_par' dir='ltr' id='par_1_81' title="bbox 409 4865 1996 4942">
     <span class='ocr_line' id='line_1_81' title="bbox 409 4865 1996 4942; baseline 0.005 -24"><span class='ocrx_word' id='word_1_486' title='bbox 409 4865 644 4921; x_wconf 78' lang='lat' dir='ltr'><strong>Iuscatns</strong></span> <span class='ocrx_word' id='word_1_487' title='bbox 666 4909 680 4933; x_wconf 94' lang='lat'><strong>,</strong></span> <span class='ocrx_word' id='word_1_488' title='bbox 710 4867 764 4921; x_wconf 92' lang='lat' dir='ltr'><strong>in</strong></span> <span class='ocrx_word' id='word_1_489' title='bbox 796 4868 1081 4922; x_wconf 86' lang='lat' dir='ltr'><strong>Mustitana</strong></span> <span class='ocrx_word' id='word_1_490' title='bbox 1115 4869 1319 4935; x_wconf 87' lang='lat' dir='ltr'><strong>positus</strong></span> <span class='ocrx_word' id='word_1_491' title='bbox 1340 4869 1584 4933; x_wconf 86' lang='lat' dir='ltr'><strong>civitate,</strong></span> <span class='ocrx_word' id='word_1_492' title='bbox 1619 4871 1729 4926; x_wconf 93' lang='lat' dir='ltr'><strong>Deo</strong></span> <span class='ocrx_word' id='word_1_493' title='bbox 1754 4874 1996 4942; x_wconf 85' lang='lat' dir='ltr'><strong>omnipo-</strong></span> 
     </span>
    </p>
   </div>
   <div class='ocr_carea' id='block_1_82' title="bbox 413 4958 1992 5027">
    <p class='ocr_par' dir='ltr' id='par_1_82' title="bbox 413 4958 1992 5027">
     <span class='ocr_line' id='line_1_82' title="bbox 413 4958 1992 5027; baseline 0.008 -17"><span class='ocrx_word' id='word_1_494' title='bbox 413 4958 543 5012; x_wconf 87' lang='lat' dir='ltr'><strong>tenti</strong></span> <span class='ocrx_word' id='word_1_495' title='bbox 577 4960 808 5027; x_wconf 86' lang='lat' dir='ltr'><strong>parietes</strong></span> <span class='ocrx_word' id='word_1_496' title='bbox 829 4970 1196 5022; x_wconf 81' lang='lat' dir='ltr'><strong>coasecratos,</strong></span> <span class='ocrx_word' id='word_1_497' title='bbox 1228 4971 1281 5014; x_wconf 92' lang='lat' dir='ltr'><strong>et</strong></span> <span class='ocrx_word' id='word_1_498' title='bbox 1315 4962 1604 5017; x_wconf 76' lang='lat' dir='ltr'><strong>Ecclesiam</strong></span> <span class='ocrx_word' id='word_1_499' title='bbox 1637 4966 1992 5022; x_wconf 89' lang='lat' dir='ltr'><strong>venerandam</strong></span> 
     </span>
    </p>
   </div>
   <div class='ocr_carea' id='block_1_83' title="bbox 410 5052 1777 5121">
    <p class='ocr_par' dir='ltr' id='par_1_83' title="bbox 410 5052 1777 5121">
     <span class='ocr_line' id='line_1_83' title="bbox 410 5052 1777 5121; baseline 0.004 -18"><span class='ocrx_word' id='word_1_500' title='bbox 410 5052 561 5118; x_wconf 87' lang='lat' dir='ltr'><strong>quasi</strong></span> <span class='ocrx_word' id='word_1_501' title='bbox 588 5052 817 5121; x_wconf 86' lang='lat' dir='ltr'><strong>quadam</strong></span> <span class='ocrx_word' id='word_1_502' title='bbox 848 5052 1129 5107; x_wconf 89' lang='lat' dir='ltr'><strong>obsidione</strong></span> <span class='ocrx_word' id='word_1_503' title='bbox 1158 5052 1385 5107; x_wconf 90' lang='lat' dir='ltr'><strong>credidit</strong></span> <span class='ocrx_word' id='word_1_504' title='bbox 1424 5055 1777 5112; x_wconf 89' lang='lat' dir='ltr'><strong>retinendam.</strong></span> 
     </span>
    </p>
   </div>
   <div class='ocr_carea' id='block_1_84' title="bbox 487 5141 1996 5220">
    <p class='ocr_par' dir='ltr' id='par_1_84' title="bbox 487 5141 1996 5220">
     <span class='ocr_line' id='line_1_84' title="bbox 487 5141 1996 5220; baseline 0.011 -29"><span class='ocrx_word' id='word_1_505' title='bbox 487 5158 507 5191; x_wconf 82' lang='grc'><strong>‹</strong></span> <span class='ocrx_word' id='word_1_506' title='bbox 537 5141 687 5196; x_wconf 87' lang='lat' dir='ltr'><strong>Ilunc</strong></span> <span class='ocrx_word' id='word_1_507' title='bbox 717 5143 879 5197; x_wconf 91' lang='lat' dir='ltr'><strong>etiam</strong></span> <span class='ocrx_word' id='word_1_508' title='bbox 910 5142 1268 5198; x_wconf 74' lang='lat' dir='ltr'><strong>Prmtextatus</strong></span> <span class='ocrx_word' id='word_1_509' title='bbox 1300 5144 1351 5197; x_wconf 92' lang='lat' dir='ltr'><strong>in</strong></span> <span class='ocrx_word' id='word_1_510' title='bbox 1382 5144 1711 5203; x_wconf 80' lang='lat' dir='ltr'><strong>Assuritanis</strong></span> <span class='ocrx_word' id='word_1_511' title='bbox 1758 5152 1996 5220; x_wconf 86' lang='lat' dir='ltr'><strong>partibus</strong></span> 
     </span>
    </p>
   </div>
   <div class='ocr_carea' id='block_1_85' title="bbox 409 5230 1993 5313">
    <p class='ocr_par' dir='ltr' id='par_1_85' title="bbox 409 5230 1993 5313">
     <span class='ocr_line' id='line_1_85' title="bbox 409 5230 1993 5313; baseline 0.009 -28"><span class='ocrx_word' id='word_1_512' title='bbox 409 5230 670 5286; x_wconf 88' lang='lat' dir='ltr'><strong>imitatur.</strong></span> <span class='ocrx_word' id='word_1_513' title='bbox 704 5232 811 5288; x_wconf 89' lang='lat' dir='ltr'><strong>Sed</strong></span> <span class='ocrx_word' id='word_1_514' title='bbox 842 5242 963 5288; x_wconf 77' lang='lat' dir='ltr'><strong>eam</strong></span> <span class='ocrx_word' id='word_1_515' title='bbox 1000 5234 1266 5305; x_wconf 58' lang='lat' dir='ltr'><strong>aequitatis</strong></span> <span class='ocrx_word' id='word_1_516' title='bbox 1290 5245 1393 5289; x_wconf 70' lang='lat' dir='ltr'><strong>tua:</strong></span> <span class='ocrx_word' id='word_1_517' title='bbox 1438 5238 1802 5297; x_wconf 87' lang='lat' dir='ltr'><strong>innotesceret</strong></span> <span class='ocrx_word' id='word_1_518' title='bbox 1839 5253 1993 5313; x_wconf 90' lang='lat' dir='ltr'><strong>pote-</strong></span> 
     </span>
    </p>
   </div>
   <div class='ocr_carea' id='block_1_86' title="bbox 406 5322 1988 5404">
    <p class='ocr_par' dir='ltr' id='par_1_86' title="bbox 406 5322 1988 5404">
     <span class='ocr_line' id='line_1_86' title="bbox 406 5322 1988 5404; baseline 0.008 -25"><span class='ocrx_word' id='word_1_519' title='bbox 406 5322 532 5379; x_wconf 84' lang='lat' dir='ltr'><strong>stati</strong></span> <span class='ocrx_word' id='word_1_520' title='bbox 561 5326 891 5380; x_wconf 90' lang='lat' dir='ltr'><strong>consortium</strong></span> <span class='ocrx_word' id='word_1_521' title='bbox 946 5328 1317 5395; x_wconf 88' lang='lat' dir='ltr'><strong>sacerdotutn,</strong></span> <span class='ocrx_word' id='word_1_522' title='bbox 1369 5330 1573 5397; x_wconf 86' lang='lat' dir='ltr'><strong>jussisti</strong></span> <span class='ocrx_word' id='word_1_523' title='bbox 1596 5374 1609 5398; x_wconf 94' lang='lat'><strong>,</strong></span> <span class='ocrx_word' id='word_1_524' title='bbox 1639 5343 1693 5386; x_wconf 88' lang='lat' dir='ltr'><strong>ut</strong></span> <span class='ocrx_word' id='word_1_525' title='bbox 1734 5345 1883 5404; x_wconf 86' lang='lat' dir='ltr'><strong>gesta</strong></span> <span class='ocrx_word' id='word_1_526' title='bbox 1912 5344 1988 5391; x_wconf 91' lang='lat' dir='ltr'><strong>te-</strong></span> 
     </span>
    </p>
   </div>
   <div class='ocr_carea' id='block_1_87' title="bbox 404 5418 1992 5493">
    <p class='ocr_par' dir='ltr' id='par_1_87' title="bbox 404 5418 1992 5493">
     <span class='ocr_line' id='line_1_87' title="bbox 404 5418 1992 5493; baseline 0.008 -23"><span class='ocrx_word' id='word_1_527' title='bbox 404 5426 637 5482; x_wconf 85' lang='lat' dir='ltr'><strong>stantur,</strong></span> <span class='ocrx_word' id='word_1_528' title='bbox 661 5418 885 5487; x_wconf 80' lang='lat' dir='ltr'><strong>exploso</strong></span> <span class='ocrx_word' id='word_1_529' title='bbox 908 5420 1055 5474; x_wconf 89' lang='lat' dir='ltr'><strong>omni</strong></span> <span class='ocrx_word' id='word_1_530' title='bbox 1081 5421 1527 5476; x_wconf 89' lang='lat' dir='ltr'><strong>contradictionis</strong></span> <span class='ocrx_word' id='word_1_531' title='bbox 1573 5424 1786 5493; x_wconf 80' lang='lat' dir='ltr'><strong>effectu,</strong></span> <span class='ocrx_word' id='word_1_532' title='bbox 1813 5443 1992 5484; x_wconf 84' lang='lat' dir='ltr'><strong>sacra-</strong></span> 
     </span>
    </p>
   </div>
   <div class='ocr_carea' id='block_1_88' title="bbox 403 5506 1989 5582">
    <p class='ocr_par' dir='ltr' id='par_1_88' title="bbox 403 5506 1989 5582">
     <span class='ocr_line' id='line_1_88' title="bbox 403 5506 1989 5582; baseline 0.009 -22"><span class='ocrx_word' id='word_1_533' title='bbox 403 5506 623 5561; x_wconf 90' lang='lat' dir='ltr'><strong>tissimis</strong></span> <span class='ocrx_word' id='word_1_534' title='bbox 669 5510 1041 5566; x_wconf 82' lang='lat' dir='ltr'><strong>sacerdOtibus</strong></span> <span class='ocrx_word' id='word_1_535' title='bbox 1086 5528 1115 5566; x_wconf 92' lang='lat' dir='ltr'><strong>a</strong></span> <span class='ocrx_word' id='word_1_536' title='bbox 1160 5512 1398 5582; x_wconf 79' lang='lat' dir='ltr'><strong>profanis</strong></span> <span class='ocrx_word' id='word_1_537' title='bbox 1423 5518 1688 5573; x_wconf 90' lang='lat' dir='ltr'><strong>mentibus</strong></span> <span class='ocrx_word' id='word_1_538' title='bbox 1721 5520 1989 5576; x_wconf 85' lang='lat' dir='ltr'><strong>Ecclesias</strong></span> 
     </span>
    </p>
   </div>
   <div class='ocr_carea' id='block_1_89' title="bbox 402 5597 1982 5675">
    <p class='ocr_par' dir='ltr' id='par_1_89' title="bbox 402 5597 1982 5675">
     <span class='ocr_line' id='line_1_89' title="bbox 402 5597 1982 5675; baseline 0.011 -27"><span class='ocrx_word' id='word_1_539' title='bbox 402 5597 695 5655; x_wconf 84' lang='lat' dir='ltr'><strong>vindicatas</strong></span> <span class='ocrx_word' id='word_1_540' title='bbox 728 5610 978 5668; x_wconf 88' lang='lat' dir='ltr'><strong>oportere</strong></span> <span class='ocrx_word' id='word_1_541' title='bbox 1015 5605 1221 5658; x_wconf 88' lang='lat' dir='ltr'><strong>restitui</strong></span> <span class='ocrx_word' id='word_1_542' title='bbox 1256 5626 1272 5657; x_wconf 77' lang='grc' dir='ltr'><strong><em>ι</em></strong></span> <span class='ocrx_word' id='word_1_543' title='bbox 1329 5605 1406 5675; x_wconf 83' lang='grc' dir='ltr'><strong>(ι.</strong></span> <span class='ocrx_word' id='word_1_544' title='bbox 1460 5623 1517 5661; x_wconf 86' lang='grc' dir='ltr'><strong>ιιι</strong></span> <span class='ocrx_word' id='word_1_545' title='bbox 1546 5618 1710 5663; x_wconf 83' lang='lat' dir='ltr'><strong>contr.</strong></span> <span class='ocrx_word' id='word_1_546' title='bbox 1743 5608 1982 5666; x_wconf 75' lang='lat' dir='ltr'><strong>Crescon.</strong></span> 
     </span>
    </p>
   </div>
   <div class='ocr_carea' id='block_1_90' title="bbox 404 5682 523 5740">
    <p class='ocr_par' dir='ltr' id='par_1_90' title="bbox 404 5682 523 5740">
     <span class='ocr_line' id='line_1_90' title="bbox 404 5682 523 5740; baseline -0.025 0"><span class='ocrx_word' id='word_1_547' title='bbox 404 5682 523 5740; x_wconf 78' lang='lat'><strong>56).</strong></span> 
     </span>
    </p>
   </div>
   <div class='ocr_carea' id='block_1_91' title="bbox 2112 3230 3689 3312">
    <p class='ocr_par' dir='ltr' id='par_1_91' title="bbox 2112 3230 3689 3312">
     <span class='ocr_line' id='line_1_91' title="bbox 2112 3230 3689 3312; baseline 0.011 -31"><span class='ocrx_word' id='word_1_548' title='bbox 2112 3230 2482 3299; x_wconf 74' lang='lat' dir='ltr'><strong>praecipimus;</strong></span> <span class='ocrx_word' id='word_1_549' title='bbox 2512 3232 2556 3285; x_wconf 86' lang='lat' dir='ltr'><strong>si</strong></span> <span class='ocrx_word' id='word_1_550' title='bbox 2603 3233 2783 3287; x_wconf 90' lang='lat' dir='ltr'><strong>servili</strong></span> <span class='ocrx_word' id='word_1_551' title='bbox 2817 3234 2944 3290; x_wconf 71' lang='lat' dir='ltr'><strong>faece</strong></span> <span class='ocrx_word' id='word_1_552' title='bbox 2971 3236 3337 3308; x_wconf 89' lang='lat' dir='ltr'><strong>descendens,</strong></span> <span class='ocrx_word' id='word_1_553' title='bbox 3391 3254 3689 3312; x_wconf 75' lang='lat' dir='ltr'><strong>paupertate</strong></span> 
     </span>
    </p>
   </div>
   <div class='ocr_carea' id='block_1_92' title="bbox 2110 3321 3685 3402">
    <p class='ocr_par' dir='ltr' id='par_1_92' title="bbox 2110 3321 3685 3402">
     <span class='ocr_line' id='line_1_92' title="bbox 2110 3321 3685 3402; baseline 0.009 -27"><span class='ocrx_word' id='word_1_554' title='bbox 2110 3321 2193 3375; x_wconf 89' lang='lat' dir='ltr'><strong>sui</strong></span> <span class='ocrx_word' id='word_1_555' title='bbox 2222 3336 2432 3390; x_wconf 70' lang='lat' dir='ltr'><strong>pinnam</strong></span> <span class='ocrx_word' id='word_1_556' title='bbox 2461 3323 2639 3379; x_wconf 88' lang='lat' dir='ltr'><strong>damni</strong></span> <span class='ocrx_word' id='word_1_557' title='bbox 2687 3341 2750 3381; x_wconf 88' lang='lat' dir='ltr'><strong>ac</strong></span> <span class='ocrx_word' id='word_1_558' title='bbox 2779 3329 2986 3385; x_wconf 89' lang='lat' dir='ltr'><strong>vilitate</strong></span> <span class='ocrx_word' id='word_1_559' title='bbox 3022 3337 3361 3402; x_wconf 89' lang='lat' dir='ltr'><strong>contemnit,</strong></span> <span class='ocrx_word' id='word_1_560' title='bbox 3393 3350 3562 3392; x_wconf 63' lang='lat' dir='ltr'><strong>emus</strong></span> <span class='ocrx_word' id='word_1_561' title='bbox 3610 3322 3685 3390; x_wconf 73' lang='lat' dir='ltr'><strong>Iu-</strong></span> 
     </span>
    </p>
   </div>
   <div class='ocr_carea' id='block_1_93' title="bbox 2110 3412 3685 3498">
    <p class='ocr_par' dir='ltr' id='par_1_93' title="bbox 2110 3412 3685 3498">
     <span class='ocr_line' id='line_1_93' title="bbox 2110 3412 3685 3498; baseline 0.011 -33"><span class='ocrx_word' id='word_1_562' title='bbox 2110 3412 2282 3466; x_wconf 89' lang='lat' dir='ltr'><strong>stibus</strong></span> <span class='ocrx_word' id='word_1_563' title='bbox 2304 3413 2675 3482; x_wconf 85' lang='lat' dir='ltr'><strong>deportatione</strong></span> <span class='ocrx_word' id='word_1_564' title='bbox 2703 3418 3062 3477; x_wconf 87' lang='lat' dir='ltr'><strong>damnabitur.</strong></span> <span class='ocrx_word' id='word_1_565' title='bbox 3082 3424 3216 3480; x_wconf 89' lang='lat' dir='ltr'><strong>&#39;I‘urn</strong></span> <span class='ocrx_word' id='word_1_566' title='bbox 3242 3427 3373 3483; x_wconf 92' lang='lat' dir='ltr'><strong>illud</strong></span> <span class='ocrx_word' id='word_1_567' title='bbox 3392 3429 3685 3498; x_wconf 85' lang='lat' dir='ltr'><strong>specialiter</strong></span> 
     </span>
    </p>
   </div>
   <div class='ocr_carea' id='block_1_94' title="bbox 2109 3509 3685 3592">
    <p class='ocr_par' dir='ltr' id='par_1_94' title="bbox 2109 3509 3685 3592">
     <span class='ocr_line' id='line_1_94' title="bbox 2109 3509 3685 3592; baseline 0.013 -35"><span class='ocrx_word' id='word_1_568' title='bbox 2109 3518 2512 3572; x_wconf 70' lang='lat' dir='ltr'><strong>prmcavetnus,</strong></span> <span class='ocrx_word' id='word_1_569' title='bbox 2546 3518 2603 3562; x_wconf 92' lang='lat' dir='ltr'><strong>ut</strong></span> <span class='ocrx_word' id='word_1_570' title='bbox 2650 3509 2695 3563; x_wconf 90' lang='lat' dir='ltr'><strong>si</strong></span> <span class='ocrx_word' id='word_1_571' title='bbox 2721 3510 2845 3564; x_wconf 87' lang='lat' dir='ltr'><strong>villa</strong></span> <span class='ocrx_word' id='word_1_572' title='bbox 2876 3512 3143 3569; x_wconf 87' lang='lat' dir='ltr'><strong>dominica</strong></span> <span class='ocrx_word' id='word_1_573' title='bbox 3169 3516 3365 3586; x_wconf 77' lang='lat' dir='ltr'><strong>fuerit,</strong></span> <span class='ocrx_word' id='word_1_574' title='bbox 3408 3537 3499 3576; x_wconf 83' lang='lat' dir='ltr'><strong>seu</strong></span> <span class='ocrx_word' id='word_1_575' title='bbox 3519 3522 3685 3592; x_wconf 88' lang='lat' dir='ltr'><strong>cujus-</strong></span> 
     </span>
    </p>
   </div>
   <div class='ocr_carea' id='block_1_95' title="bbox 2109 3596 3678 3682">
    <p class='ocr_par' dir='ltr' id='par_1_95' title="bbox 2109 3596 3678 3682">
     <span class='ocr_line' id='line_1_95' title="bbox 2109 3596 3678 3682; baseline 0.014 -32"><span class='ocrx_word' id='word_1_576' title='bbox 2109 3596 2235 3652; x_wconf 88' lang='lat' dir='ltr'><strong>libet</strong></span> <span class='ocrx_word' id='word_1_577' title='bbox 2269 3599 2462 3668; x_wconf 86' lang='lat' dir='ltr'><strong>publici</strong></span> <span class='ocrx_word' id='word_1_578' title='bbox 2487 3602 2654 3670; x_wconf 89' lang='lat' dir='ltr'><strong>jnris,</strong></span> <span class='ocrx_word' id='word_1_579' title='bbox 2683 3612 2737 3659; x_wconf 90' lang='lat' dir='ltr'><strong>et</strong></span> <span class='ocrx_word' id='word_1_580' title='bbox 2756 3604 3050 3663; x_wconf 91' lang='lat' dir='ltr'><strong>conductor</strong></span> <span class='ocrx_word' id='word_1_581' title='bbox 3075 3618 3131 3664; x_wconf 85' lang='lat' dir='ltr'><strong>et</strong></span> <span class='ocrx_word' id='word_1_582' title='bbox 3151 3624 3468 3682; x_wconf 87' lang='lat' dir='ltr'><strong>procurator</strong></span> <span class='ocrx_word' id='word_1_583' title='bbox 3519 3618 3678 3673; x_wconf 84' lang='lat' dir='ltr'><strong>lieen-</strong></span> 
     </span>
    </p>
   </div>
   <div class='ocr_carea' id='block_1_96' title="bbox 2108 3688 3678 3778">
    <p class='ocr_par' dir='ltr' id='par_1_96' title="bbox 2108 3688 3678 3778">
     <span class='ocr_line' id='line_1_96' title="bbox 2108 3688 3678 3778; baseline 0.014 -35"><span class='ocrx_word' id='word_1_584' title='bbox 2108 3688 2236 3743; x_wconf 89' lang='lat' dir='ltr'><strong>tiam</strong></span> <span class='ocrx_word' id='word_1_585' title='bbox 2268 3690 2473 3747; x_wconf 86' lang='lat' dir='ltr'><strong>dederit</strong></span> <span class='ocrx_word' id='word_1_586' title='bbox 2518 3696 2838 3766; x_wconf 88' lang='lat' dir='ltr'><strong>colligendi,</strong></span> <span class='ocrx_word' id='word_1_587' title='bbox 2889 3700 3042 3756; x_wconf 89' lang='lat' dir='ltr'><strong>denis</strong></span> <span class='ocrx_word' id='word_1_588' title='bbox 3075 3703 3225 3759; x_wconf 88' lang='lat' dir='ltr'><strong>libris</strong></span> <span class='ocrx_word' id='word_1_589' title='bbox 3270 3708 3386 3762; x_wconf 89' lang='lat' dir='ltr'><strong>auri</strong></span> <span class='ocrx_word' id='word_1_590' title='bbox 3421 3712 3678 3778; x_wconf 82' lang='lat' dir='ltr'><strong>preposita</strong></span> 
     </span>
    </p>
   </div>
   <div class='ocr_carea' id='block_1_97' title="bbox 2106 3784 3678 3871">
    <p class='ocr_par' dir='ltr' id='par_1_97' title="bbox 2106 3784 3678 3871">
     <span class='ocr_line' id='line_1_97' title="bbox 2106 3784 3678 3871; baseline 0.011 -31"><span class='ocrx_word' id='word_1_591' title='bbox 2106 3784 2552 3843; x_wconf 89' lang='lat' dir='ltr'><strong>condemnatione</strong></span> <span class='ocrx_word' id='word_1_592' title='bbox 2605 3791 2948 3848; x_wconf 85' lang='lat' dir='ltr'><strong>tnulctentnr.</strong></span> <span class='ocrx_word' id='word_1_593' title='bbox 2999 3795 3193 3853; x_wconf 81' lang='lat' dir='ltr'><strong>Verum</strong></span> <span class='ocrx_word' id='word_1_594' title='bbox 3234 3800 3279 3854; x_wconf 86' lang='lat' dir='ltr'><strong>si</strong></span> <span class='ocrx_word' id='word_1_595' title='bbox 3330 3817 3463 3871; x_wconf 87' lang='lat' dir='ltr'><strong>quos</strong></span> <span class='ocrx_word' id='word_1_596' title='bbox 3494 3803 3678 3858; x_wconf 84' lang='lat' dir='ltr'><strong>talibus</strong></span> 
     </span>
    </p>
   </div>
   <div class='ocr_carea' id='block_1_98' title="bbox 2108 3881 3681 3967">
    <p class='ocr_par' dir='ltr' id='par_1_98' title="bbox 2108 3881 3681 3967">
     <span class='ocr_line' id='line_1_98' title="bbox 2108 3881 3681 3967; baseline 0.014 -36"><span class='ocrx_word' id='word_1_597' title='bbox 2108 3889 2352 3947; x_wconf 88' lang='lat' dir='ltr'><strong>repertos</strong></span> <span class='ocrx_word' id='word_1_598' title='bbox 2373 3881 2739 3941; x_wconf 87' lang='lat' dir='ltr'><strong>obsecundare</strong></span> <span class='ocrx_word' id='word_1_599' title='bbox 2760 3889 3061 3958; x_wconf 86' lang='lat' dir='ltr'><strong>mysteriis,</strong></span> <span class='ocrx_word' id='word_1_600' title='bbox 3093 3906 3158 3946; x_wconf 92' lang='lat' dir='ltr'><strong>ac</strong></span> <span class='ocrx_word' id='word_1_601' title='bbox 3185 3894 3284 3947; x_wconf 90' lang='lat' dir='ltr'><strong>sibi</strong></span> <span class='ocrx_word' id='word_1_602' title='bbox 3314 3911 3567 3967; x_wconf 87' lang='lat' dir='ltr'><strong>usurpare</strong></span> <span class='ocrx_word' id='word_1_603' title='bbox 3593 3913 3681 3952; x_wconf 86' lang='lat' dir='ltr'><strong>no-</strong></span> 
     </span>
    </p>
   </div>
   <div class='ocr_carea' id='block_1_99' title="bbox 2105 3970 3677 4053">
    <p class='ocr_par' dir='ltr' id='par_1_99' title="bbox 2105 3970 3677 4053">
     <span class='ocr_line' id='line_1_99' title="bbox 2105 3970 3677 4053; baseline 0.016 -33"><span class='ocrx_word' id='word_1_604' title='bbox 2105 3970 2251 4022; x_wconf 90' lang='lat' dir='ltr'><strong>mina</strong></span> <span class='ocrx_word' id='word_1_605' title='bbox 2286 3970 2604 4027; x_wconf 89' lang='lat' dir='ltr'><strong>clericorum</strong></span> <span class='ocrx_word' id='word_1_606' title='bbox 2648 3975 2758 4045; x_wconf 90' lang='lat' dir='ltr'><strong>jam</strong></span> <span class='ocrx_word' id='word_1_607' title='bbox 2794 3995 2933 4035; x_wconf 88' lang='lat' dir='ltr'><strong>nunc</strong></span> <span class='ocrx_word' id='word_1_608' title='bbox 2986 3982 3251 4050; x_wconf 91' lang='lat' dir='ltr'><strong>proditum</strong></span> <span class='ocrx_word' id='word_1_609' title='bbox 3294 3985 3481 4053; x_wconf 77' lang='lat' dir='ltr'><strong>fuerit,</strong></span> <span class='ocrx_word' id='word_1_610' title='bbox 3524 3989 3677 4044; x_wconf 76' lang='lat' dir='ltr'><strong>denas</strong></span> 
     </span>
    </p>
   </div>
   <div class='ocr_carea' id='block_1_100' title="bbox 2106 4055 3676 4148">
    <p class='ocr_par' dir='ltr' id='par_1_100' title="bbox 2106 4055 3676 4148">
     <span class='ocr_line' id='line_1_100' title="bbox 2106 4055 3676 4148; baseline 0.017 -37"><span class='ocrx_word' id='word_1_611' title='bbox 2106 4055 2267 4113; x_wconf 89' lang='lat' dir='ltr'><strong>libras</strong></span> <span class='ocrx_word' id='word_1_612' title='bbox 2294 4063 2405 4116; x_wconf 87' lang='lat' dir='ltr'><strong>auri</strong></span> <span class='ocrx_word' id='word_1_613' title='bbox 2435 4063 2575 4134; x_wconf 79' lang='lat' dir='ltr'><strong>exigi</strong></span> <span class='ocrx_word' id='word_1_614' title='bbox 2613 4065 2851 4137; x_wconf 76' lang='lat' dir='ltr'><strong>singulos</strong></span> <span class='ocrx_word' id='word_1_615' title='bbox 2880 4082 2931 4127; x_wconf 90' lang='lat' dir='ltr'><strong>et</strong></span> <span class='ocrx_word' id='word_1_616' title='bbox 2952 4072 3152 4131; x_wconf 79' lang='lat' dir='ltr'><strong>inferre</strong></span> <span class='ocrx_word' id='word_1_617' title='bbox 3184 4080 3537 4148; x_wconf 69' lang='lat' dir='ltr'><strong>praecipimus.</strong></span> <span class='ocrx_word' id='word_1_618' title='bbox 3565 4082 3676 4137; x_wconf 84' lang='lat' dir='ltr'><strong>Dat.</strong></span> 
     </span>
    </p>
   </div>
   <div class='ocr_carea' id='block_1_101' title="bbox 2108 4148 3671 4231">
    <p class='ocr_par' dir='ltr' id='par_1_101' title="bbox 2108 4148 3671 4231">
     <span class='ocr_line' id='line_1_101' title="bbox 2108 4148 3671 4231; baseline 0.015 -29"><span class='ocrx_word' id='word_1_619' title='bbox 2108 4148 2351 4205; x_wconf 79' lang='lat' dir='ltr'><strong>xvnkal.</strong></span> <span class='ocrx_word' id='word_1_620' title='bbox 2375 4151 2899 4231; x_wconf 82' lang='lat' dir='ltr'><strong>Jul.Constantinop.</strong></span> <span class='ocrx_word' id='word_1_621' title='bbox 2931 4162 3129 4219; x_wconf 82' lang='lat' dir='ltr'><strong>Arcad.</strong></span> <span class='ocrx_word' id='word_1_622' title='bbox 3163 4183 3220 4222; x_wconf 86' lang='grc' dir='ltr'><strong>ιιι</strong></span> <span class='ocrx_word' id='word_1_623' title='bbox 3239 4178 3295 4225; x_wconf 89' lang='lat' dir='ltr'><strong>et</strong></span> <span class='ocrx_word' id='word_1_624' title='bbox 3318 4169 3507 4227; x_wconf 78' lang='lat' dir='ltr'><strong>Ruﬁno</strong></span> <span class='ocrx_word' id='word_1_625' title='bbox 3531 4173 3671 4228; x_wconf 87' lang='lat' dir='ltr'><strong>Coss.</strong></span> 
     </span>
    </p>
   </div>
   <div class='ocr_carea' id='block_1_102' title="bbox 2633 4270 3181 4335">
    <p class='ocr_par' dir='ltr' id='par_1_102' title="bbox 2633 4270 3181 4335">
     <span class='ocr_line' id='line_1_102' title="bbox 2633 4270 3181 4335; baseline 0.018 -12"><span class='ocrx_word' id='word_1_626' title='bbox 2633 4270 2785 4326; x_wconf 74' lang='lat' dir='ltr'><strong>Anno</strong></span> <span class='ocrx_word' id='word_1_627' title='bbox 2825 4274 3018 4335; x_wconf 75' lang='lat' dir='ltr'><strong>Dorum</strong></span> <span class='ocrx_word' id='word_1_628' title='bbox 3056 4279 3181 4335; x_wconf 75' lang='lat'><strong>598.</strong></span> 
     </span>
    </p>
   </div>
   <div class='ocr_carea' id='block_1_103' title="bbox 2677 4375 3129 4522">
    <p class='ocr_par' dir='ltr' id='par_1_103' title="bbox 2677 4375 3129 4522">
     <span class='ocr_line' id='line_1_103' title="bbox 2677 4375 3129 4522; baseline 0.015 -7"><span class='ocrx_word' id='word_1_629' title='bbox 2677 4461 2817 4517; x_wconf 80' lang='lat' dir='ltr'><strong>LEX</strong></span> <span class='ocrx_word' id='word_1_630' title='bbox 2854 4375 3129 4522; x_wconf 48' lang='grc' dir='ltr'><strong>ΗἚΝΟΒΙΙ</strong></span> 
     </span>
    </p>
   </div>
   <div class='ocr_carea' id='block_1_104' title="bbox 2387 4564 3406 4620">
    <p class='ocr_par' dir='ltr' id='par_1_104' title="bbox 2387 4564 3406 4620">
     <span class='ocr_line' id='line_1_104' title="bbox 2387 4564 3406 4620; baseline 0.016 -19"><span class='ocrx_word' id='word_1_631' title='bbox 2387 4564 2653 4606; x_wconf 70' lang='grc' dir='ltr'><strong>Αυνεκευδ</strong></span> <span class='ocrx_word' id='word_1_632' title='bbox 2683 4568 2981 4611; x_wconf 68' lang='grc' dir='ltr'><strong>ιιυιυεατεε</strong></span> <span class='ocrx_word' id='word_1_633' title='bbox 3014 4573 3065 4612; x_wconf 78' lang='lat' dir='ltr'><strong>IN</strong></span> <span class='ocrx_word' id='word_1_634' title='bbox 3104 4575 3406 4620; x_wconf 71' lang='lat' dir='ltr'><strong>ECCLESIAS.</strong></span> 
     </span>
    </p>
   </div>
   <div class='ocr_carea' id='block_1_105' title="bbox 2175 4655 3605 4749">
    <p class='ocr_par' dir='ltr' id='par_1_105' title="bbox 2175 4655 3605 4749">
     <span class='ocr_line' id='line_1_105' title="bbox 2175 4655 3605 4749; baseline 0.016 -38"><span class='ocrx_word' id='word_1_635' title='bbox 2175 4656 2283 4730; x_wconf 75' lang='lat' dir='ltr'><strong>(Ea;</strong></span> <span class='ocrx_word' id='word_1_636' title='bbox 2321 4655 2448 4715; x_wconf 83' lang='lat' dir='ltr'><strong>Cod.</strong></span> <span class='ocrx_word' id='word_1_637' title='bbox 2486 4661 2678 4717; x_wconf 80' lang='lat' dir='ltr'><strong>Tlteod.</strong></span> <span class='ocrx_word' id='word_1_638' title='bbox 2712 4664 2822 4718; x_wconf 86' lang='lat' dir='ltr'><strong>Lib.</strong></span> <span class='ocrx_word' id='word_1_639' title='bbox 2850 4684 2955 4734; x_wconf 80' lang='lat' dir='ltr'><strong>xvt,</strong></span> <span class='ocrx_word' id='word_1_640' title='bbox 2992 4666 3094 4724; x_wconf 84' lang='lat' dir='ltr'><strong>Tit.</strong></span> <span class='ocrx_word' id='word_1_641' title='bbox 3130 4689 3190 4739; x_wconf 85' lang='lat' dir='ltr'><strong>tt,</strong></span> <span class='ocrx_word' id='word_1_642' title='bbox 3217 4675 3287 4729; x_wconf 87' lang='lat' dir='ltr'><strong>de</strong></span> <span class='ocrx_word' id='word_1_643' title='bbox 3306 4677 3605 4749; x_wconf 84' lang='lat' dir='ltr'><strong>Episcopis,</strong></span> 
     </span>
    </p>
   </div>
   <div class='ocr_carea' id='block_1_106' title="bbox 2511 4753 3290 4834">
    <p class='ocr_par' dir='ltr' id='par_1_106' title="bbox 2511 4753 3290 4834">
     <span class='ocr_line' id='line_1_106' title="bbox 2511 4753 3290 4834; baseline 0.013 -28"><span class='ocrx_word' id='word_1_644' title='bbox 2511 4753 2752 4807; x_wconf 86' lang='lat' dir='ltr'><strong>ecclesiis</strong></span> <span class='ocrx_word' id='word_1_645' title='bbox 2781 4764 2835 4808; x_wconf 90' lang='lat' dir='ltr'><strong>et</strong></span> <span class='ocrx_word' id='word_1_646' title='bbox 2854 4756 3087 4825; x_wconf 89' lang='lat' dir='ltr'><strong>clericis,</strong></span> <span class='ocrx_word' id='word_1_647' title='bbox 3113 4760 3149 4813; x_wconf 87' lang='grc' dir='ltr'><strong>ι.</strong></span> <span class='ocrx_word' id='word_1_648' title='bbox 3174 4762 3290 4834; x_wconf 73' lang='grc'><strong>51.)</strong></span> 
     </span>
    </p>
   </div>
   <div class='ocr_carea' id='block_1_107' title="bbox 2099 4857 3661 4931">
    <p class='ocr_par' dir='ltr' id='par_1_107' title="bbox 2099 4857 3661 4931">
     <span class='ocr_line' id='line_1_107' title="bbox 2099 4857 3661 4931; baseline 0.011 -20"><span class='ocrx_word' id='word_1_649' title='bbox 2099 4857 2270 4928; x_wconf 84' lang='lat' dir='ltr'><strong>Itnpp.</strong></span> <span class='ocrx_word' id='word_1_650' title='bbox 2320 4859 2524 4914; x_wconf 60' lang='lat' dir='ltr'><strong>Ancan.</strong></span> <span class='ocrx_word' id='word_1_651' title='bbox 2565 4871 2620 4916; x_wconf 92' lang='lat' dir='ltr'><strong>et</strong></span> <span class='ocrx_word' id='word_1_652' title='bbox 2679 4862 2948 4920; x_wconf 68' lang='lat' dir='ltr'><strong>Iioaomus</strong></span> <span class='ocrx_word' id='word_1_653' title='bbox 2985 4865 3101 4922; x_wconf 81' lang='lat' dir='ltr'><strong>AA.</strong></span> <span class='ocrx_word' id='word_1_654' title='bbox 3144 4870 3429 4929; x_wconf 82' lang='lat' dir='ltr'><strong>Theodoro</strong></span> <span class='ocrx_word' id='word_1_655' title='bbox 3468 4876 3563 4931; x_wconf 78' lang='lat' dir='ltr'><strong>PF.</strong></span> <span class='ocrx_word' id='word_1_656' title='bbox 3606 4877 3661 4930; x_wconf 89' lang='lat' dir='ltr'><strong>P.</strong></span> 
     </span>
    </p>
   </div>
   <div class='ocr_carea' id='block_1_108' title="bbox 2168 4971 3657 5056">
    <p class='ocr_par' dir='ltr' id='par_1_108' title="bbox 2168 4971 3657 5056">
     <span class='ocr_line' id='line_1_108' title="bbox 2168 4971 3657 5056; baseline 0.012 -31"><span class='ocrx_word' id='word_1_657' title='bbox 2168 4971 2221 5025; x_wconf 91' lang='lat' dir='ltr'><strong>Si</strong></span> <span class='ocrx_word' id='word_1_658' title='bbox 2254 4971 2375 5041; x_wconf 86' lang='lat' dir='ltr'><strong>quis</strong></span> <span class='ocrx_word' id='word_1_659' title='bbox 2418 4972 2472 5027; x_wconf 93' lang='lat' dir='ltr'><strong>in</strong></span> <span class='ocrx_word' id='word_1_660' title='bbox 2522 4973 2624 5028; x_wconf 92' lang='lat' dir='ltr'><strong>hoc</strong></span> <span class='ocrx_word' id='word_1_661' title='bbox 2670 4989 2839 5045; x_wconf 86' lang='lat' dir='ltr'><strong>genus</strong></span> <span class='ocrx_word' id='word_1_662' title='bbox 2876 4980 3145 5050; x_wconf 88' lang='lat' dir='ltr'><strong>sacrilegii</strong></span> <span class='ocrx_word' id='word_1_663' title='bbox 3170 4992 3505 5056; x_wconf 85' lang='lat' dir='ltr'><strong>proruperit,</strong></span> <span class='ocrx_word' id='word_1_664' title='bbox 3531 4999 3586 5043; x_wconf 86' lang='lat' dir='ltr'><strong>ut</strong></span> <span class='ocrx_word' id='word_1_665' title='bbox 3610 4990 3657 5043; x_wconf 85' lang='lat' dir='ltr'><strong>in</strong></span> 
     </span>
    </p>
   </div>
   <div class='ocr_carea' id='block_1_109' title="bbox 2094 5062 3661 5134">
    <p class='ocr_par' dir='ltr' id='par_1_109' title="bbox 2094 5062 3661 5134">
     <span class='ocr_line' id='line_1_109' title="bbox 2094 5062 3661 5134; baseline 0.011 -18"><span class='ocrx_word' id='word_1_666' title='bbox 2094 5062 2355 5117; x_wconf 87' lang='lat' dir='ltr'><strong>ecclesias</strong></span> <span class='ocrx_word' id='word_1_667' title='bbox 2394 5063 2685 5119; x_wconf 86' lang='lat' dir='ltr'><strong>catholicas</strong></span> <span class='ocrx_word' id='word_1_668' title='bbox 2738 5067 2983 5134; x_wconf 91' lang='lat' dir='ltr'><strong>irruens,</strong></span> <span class='ocrx_word' id='word_1_669' title='bbox 3014 5073 3393 5132; x_wconf 84' lang='lat' dir='ltr'><strong>sacerdotibus</strong></span> <span class='ocrx_word' id='word_1_670' title='bbox 3443 5089 3497 5132; x_wconf 92' lang='lat' dir='ltr'><strong>ct</strong></span> <span class='ocrx_word' id='word_1_671' title='bbox 3520 5079 3661 5133; x_wconf 82' lang='lat' dir='ltr'><strong>mini-</strong></span> 
     </span>
    </p>
   </div>
   <div class='ocr_carea' id='block_1_110' title="bbox 2093 5154 3658 5238">
    <p class='ocr_par' dir='ltr' id='par_1_110' title="bbox 2093 5154 3658 5238">
     <span class='ocr_line' id='line_1_110' title="bbox 2093 5154 3658 5238; baseline 0.012 -29"><span class='ocrx_word' id='word_1_672' title='bbox 2093 5154 2253 5220; x_wconf 92' lang='lat' dir='ltr'><strong>stris,</strong></span> <span class='ocrx_word' id='word_1_673' title='bbox 2290 5156 2375 5211; x_wconf 93' lang='lat' dir='ltr'><strong>vel</strong></span> <span class='ocrx_word' id='word_1_674' title='bbox 2424 5156 2521 5226; x_wconf 90' lang='lat' dir='ltr'><strong>ipsi</strong></span> <span class='ocrx_word' id='word_1_675' title='bbox 2575 5159 2739 5212; x_wconf 91' lang='lat' dir='ltr'><strong>cultui</strong></span> <span class='ocrx_word' id='word_1_676' title='bbox 2788 5159 3012 5230; x_wconf 89' lang='lat' dir='ltr'><strong>locoque</strong></span> <span class='ocrx_word' id='word_1_677' title='bbox 3060 5164 3259 5235; x_wconf 85' lang='lat' dir='ltr'><strong>aliquid</strong></span> <span class='ocrx_word' id='word_1_678' title='bbox 3320 5169 3561 5238; x_wconf 74' lang='lat' dir='ltr'><strong>imponet</strong></span> <span class='ocrx_word' id='word_1_679' title='bbox 3590 5170 3658 5225; x_wconf 83' lang='lat' dir='ltr'><strong>itt-</strong></span> 
     </span>
    </p>
   </div>
   <div class='ocr_carea' id='block_1_111' title="bbox 2091 5246 3655 5331">
    <p class='ocr_par' dir='ltr' id='par_1_111' title="bbox 2091 5246 3655 5331">
     <span class='ocr_line' id='line_1_111' title="bbox 2091 5246 3655 5331; baseline 0.01 -32"><span class='ocrx_word' id='word_1_680' title='bbox 2091 5246 2249 5317; x_wconf 64' lang='lat' dir='ltr'><strong>juria&#39;.</strong></span> <span class='ocrx_word' id='word_1_681' title='bbox 2270 5288 2284 5312; x_wconf 99' lang='lat'><strong>,</strong></span> <span class='ocrx_word' id='word_1_682' title='bbox 2316 5248 2457 5318; x_wconf 90' lang='lat' dir='ltr'><strong>quod</strong></span> <span class='ocrx_word' id='word_1_683' title='bbox 2489 5250 2713 5319; x_wconf 84' lang='lat' dir='ltr'><strong>geritur,</strong></span> <span class='ocrx_word' id='word_1_684' title='bbox 2746 5250 2936 5319; x_wconf 85' lang='lat' dir='ltr'><strong>litteris</strong></span> <span class='ocrx_word' id='word_1_685' title='bbox 2958 5254 3206 5311; x_wconf 89' lang='lat' dir='ltr'><strong>ordinum</strong></span> <span class='ocrx_word' id='word_1_686' title='bbox 3225 5300 3241 5325; x_wconf 93' lang='lat'><strong>,</strong></span> <span class='ocrx_word' id='word_1_687' title='bbox 3271 5261 3655 5331; x_wconf 80' lang='lat' dir='ltr'><strong>magistratuum</strong></span> 
     </span>
    </p>
   </div>
   <div class='ocr_carea' id='block_1_112' title="bbox 2098 5343 3655 5424">
    <p class='ocr_par' dir='ltr' id='par_1_112' title="bbox 2098 5343 3655 5424">
     <span class='ocr_line' id='line_1_112' title="bbox 2098 5343 3655 5424; baseline 0.011 -32"><span class='ocrx_word' id='word_1_688' title='bbox 2098 5348 2151 5393; x_wconf 88' lang='lat' dir='ltr'><strong>et</strong></span> <span class='ocrx_word' id='word_1_689' title='bbox 2172 5352 2481 5395; x_wconf 89' lang='lat' dir='ltr'><strong>curatorum</strong></span> <span class='ocrx_word' id='word_1_690' title='bbox 2505 5382 2520 5407; x_wconf 93' lang='lat'><strong>,</strong></span> <span class='ocrx_word' id='word_1_691' title='bbox 2558 5351 2613 5396; x_wconf 91' lang='lat' dir='ltr'><strong>et</strong></span> <span class='ocrx_word' id='word_1_692' title='bbox 2641 5343 2865 5398; x_wconf 90' lang='lat' dir='ltr'><strong>notoriis</strong></span> <span class='ocrx_word' id='word_1_693' title='bbox 2889 5348 3256 5415; x_wconf 86' lang='lat' dir='ltr'><strong>apparitorum</strong></span> <span class='ocrx_word' id='word_1_694' title='bbox 3282 5394 3297 5419; x_wconf 89' lang='lat'><strong>,</strong></span> <span class='ocrx_word' id='word_1_695' title='bbox 3323 5370 3457 5424; x_wconf 88' lang='lat' dir='ltr'><strong>quos</strong></span> <span class='ocrx_word' id='word_1_696' title='bbox 3481 5352 3655 5411; x_wconf 77' lang='lat' dir='ltr'><strong>Statio-</strong></span> 
     </span>
    </p>
   </div>
   <div class='ocr_carea' id='block_1_113' title="bbox 2094 5434 3648 5519">
    <p class='ocr_par' dir='ltr' id='par_1_113' title="bbox 2094 5434 3648 5519">
     <span class='ocr_line' id='line_1_113' title="bbox 2094 5434 3648 5519; baseline 0.013 -34"><span class='ocrx_word' id='word_1_697' title='bbox 2094 5434 2278 5487; x_wconf 88' lang='lat' dir='ltr'><strong>narios</strong></span> <span class='ocrx_word' id='word_1_698' title='bbox 2298 5434 2611 5504; x_wconf 84' lang='lat' dir='ltr'><strong>appellant,</strong></span> <span class='ocrx_word' id='word_1_699' title='bbox 2643 5435 2916 5494; x_wconf 82' lang='lat' dir='ltr'><strong>deferatur</strong></span> <span class='ocrx_word' id='word_1_700' title='bbox 2955 5442 3005 5496; x_wconf 93' lang='lat' dir='ltr'><strong>in</strong></span> <span class='ocrx_word' id='word_1_701' title='bbox 3034 5446 3282 5502; x_wconf 86' lang='lat' dir='ltr'><strong>notitiam</strong></span> <span class='ocrx_word' id='word_1_702' title='bbox 3310 5458 3613 5519; x_wconf 78' lang='lat' dir='ltr'><strong>potestatum</strong></span> <span class='ocrx_word' id='word_1_703' title='bbox 3634 5491 3648 5513; x_wconf 88' lang='lat'><strong>.</strong></span> 
     </span>
    </p>
   </div>
   <div class='ocr_carea' id='block_1_114' title="bbox 2095 5523 3649 5610">
    <p class='ocr_par' dir='ltr' id='par_1_114' title="bbox 2095 5523 3649 5610">
     <span class='ocr_line' id='line_1_114' title="bbox 2095 5523 3649 5610; baseline 0.012 -33"><span class='ocrx_word' id='word_1_704' title='bbox 2095 5523 2167 5578; x_wconf 91' lang='lat' dir='ltr'><strong>ita</strong></span> <span class='ocrx_word' id='word_1_705' title='bbox 2197 5535 2255 5579; x_wconf 89' lang='lat' dir='ltr'><strong>ut</strong></span> <span class='ocrx_word' id='word_1_706' title='bbox 2284 5529 2541 5584; x_wconf 84' lang='lat' dir='ltr'><strong>vocabula</strong></span> <span class='ocrx_word' id='word_1_707' title='bbox 2563 5544 2749 5585; x_wconf 89' lang='lat' dir='ltr'><strong>eorum</strong></span> <span class='ocrx_word' id='word_1_708' title='bbox 2777 5533 2868 5603; x_wconf 91' lang='lat' dir='ltr'><strong>qui</strong></span> <span class='ocrx_word' id='word_1_709' title='bbox 2917 5539 3135 5605; x_wconf 88' lang='lat' dir='ltr'><strong>agnosci</strong></span> <span class='ocrx_word' id='word_1_710' title='bbox 3164 5544 3460 5610; x_wconf 88' lang='lat' dir='ltr'><strong>potuerint,</strong></span> <span class='ocrx_word' id='word_1_711' title='bbox 3490 5541 3649 5599; x_wconf 79' lang='lat' dir='ltr'><strong>decla-</strong></span> 
     </span>
    </p>
   </div>
   <div class='ocr_carea' id='block_1_115' title="bbox 2092 5620 3644 5697">
    <p class='ocr_par' dir='ltr' id='par_1_115' title="bbox 2092 5620 3644 5697">
     <span class='ocr_line' id='line_1_115' title="bbox 2092 5620 3644 5697; baseline 0.016 -28"><span class='ocrx_word' id='word_1_712' title='bbox 2092 5625 2281 5670; x_wconf 89' lang='lat' dir='ltr'><strong>rentur</strong></span> <span class='ocrx_word' id='word_1_713' title='bbox 2309 5634 2321 5670; x_wconf 90' lang='lat'><strong>:</strong></span> <span class='ocrx_word' id='word_1_714' title='bbox 2345 5628 2401 5672; x_wconf 82' lang='lat' dir='ltr'><strong>et</strong></span> <span class='ocrx_word' id='word_1_715' title='bbox 2424 5661 2437 5681; x_wconf 89' lang='lat'><strong>,</strong></span> <span class='ocrx_word' id='word_1_716' title='bbox 2462 5621 2505 5673; x_wconf 88' lang='lat' dir='ltr'><strong>si</strong></span> <span class='ocrx_word' id='word_1_717' title='bbox 2535 5636 2629 5687; x_wconf 89' lang='lat' dir='ltr'><strong>per</strong></span> <span class='ocrx_word' id='word_1_718' title='bbox 2649 5620 3042 5683; x_wconf 87' lang='lat' dir='ltr'><strong>multitudinem</strong></span> <span class='ocrx_word' id='word_1_719' title='bbox 3069 5633 3418 5690; x_wconf 88' lang='lat' dir='ltr'><strong>commissum</strong></span> <span class='ocrx_word' id='word_1_720' title='bbox 3442 5636 3644 5697; x_wconf 70' lang='lat' dir='ltr'><strong>dicetur.</strong></span> 
     </span>
    </p>
   </div>
   <div class='ocr_carea' id='block_1_116' title="bbox 2091 5704 3642 5799">
    <p class='ocr_par' dir='ltr' id='par_1_116' title="bbox 2091 5704 3642 5799">
     <span class='ocr_line' id='line_1_116' title="bbox 2091 5704 3642 5799; baseline 0.021 -42"><span class='ocrx_word' id='word_1_721' title='bbox 2091 5704 2139 5758; x_wconf 90' lang='lat' dir='ltr'><strong>si</strong></span> <span class='ocrx_word' id='word_1_722' title='bbox 2177 5721 2282 5760; x_wconf 90' lang='lat' dir='ltr'><strong>non</strong></span> <span class='ocrx_word' id='word_1_723' title='bbox 2323 5723 2545 5775; x_wconf 87' lang='lat' dir='ltr'><strong>omnes,</strong></span> <span class='ocrx_word' id='word_1_724' title='bbox 2580 5723 2804 5780; x_wconf 86' lang='lat' dir='ltr'><strong>possunt</strong></span> <span class='ocrx_word' id='word_1_725' title='bbox 2847 5724 3024 5773; x_wconf 87' lang='lat' dir='ltr'><strong>tamen</strong></span> <span class='ocrx_word' id='word_1_726' title='bbox 3081 5721 3342 5793; x_wconf 85' lang='lat' dir='ltr'><strong>aliquanti</strong></span> <span class='ocrx_word' id='word_1_727' title='bbox 3379 5725 3642 5799; x_wconf 68' lang='lat' dir='ltr'><strong>cognosci.</strong></span> 
     </span>
    </p>
   </div>
  </div>
