3838 6222
209 271 340 327 1107

1014 275 1104 329 AD
1146 271 1674 330 DONATISTARUM
1718 272 2091 332 HISTORIAM
2132 273 2608 331 PERTINENTIA.

3316 280 3453 335 1198

201 383 393 438 ordine
413 386 630 454 antiquo
650 401 742 453 per
773 399 960 438 manus
989 384 1378 453 impositionem
1403 385 1601 453 recepti
1628 393 1767 448 sunt,
1798 387 1853 444 A
1874 399 2132 456 compage
2163 387 2404 455 corporis
2443 387 2747 441 constitutis
2777 387 3040 458 inspirare
3070 388 3315 457 dignatus
3346 403 3448 445 est.

204 473 402 529 debere
431 476 622 530 talibus
660 475 1054 542 suscipiendum
1104 491 1295 528 munus
1344 476 1624 538 clericatus
1675 492 1777 530 non

207 567 468 635 impedire
501 583 689 620 nomen
711 568 906 620 erroris
932 609 946 631 ,
978 581 1100 620 cum
1129 582 1306 621 veram
1341 566 1629 622 Ecclesiam
1655 566 1778 620 illo-

206 674 323 710 rum
355 660 656 726 putaverint
684 659 748 712 ad
804 657 960 713 tidem
983 659 1320 722 aceedendo.
1377 669 1431 715 et
1474 661 1544 714 ibi
1567 659 1782 715 Christo

205 749 564 813 crediderint,
621 760 674 802 et
702 749 978 813 Trinitatis
1026 762 1359 807 sacramenta
1403 750 1778 821 perceperint;

207 855 326 909 qua:
356 842 532 893 omnia
561 854 686 893 vera
710 880 725 904 ,
752 848 806 892 et
841 851 1052 907 sancta,
1081 850 1243 909 atque
1273 843 1448 896 divina
1504 857 1624 897 esse
1668 857 1785 909 cer—

207 933 472 985 tissimqu
502 939 618 994 est,
653 940 706 985 et
731 932 780 986 in
819 933 900 986 his
925 947 1139 989 onmem
1175 937 1367 990 animae
1408 951 1555 1005 spem
1585 932 1785 990 consti-

207 1029 397 1074 tutam.
415 1024 742 1099 Quamquam
765 1034 817 1078 et
836 1024 1204 1081 Itmreticorum
1226 1039 1548 1097 praisumpta
1563 1026 1782 1081 audacia

206 1111 449 1164 veritatis
479 1112 691 1166 nomine
715 1106 939 1182 palliata
967 1157 981 1181 ,
1011 1115 1125 1171 bzec
1152 1118 1362 1175 tradere
1385 1117 1580 1172 audeat
1605 1157 1619 1182 ,
1669 1133 1786 1187 quas

206 1202 462 1270 quoniam
495 1202 755 1272 simplicia
776 1211 928 1268 sunt,
960 1216 1018 1261 ut
1047 1217 1338 1276 praemonet
1364 1209 1552 1264 beatus
1570 1218 1784 1278 aposto-

208 1293 293 1345 lus
316 1292 572 1360 dicendo,
599 1311 735 1350 unus
765 1297 902 1352 Deus
928 1339 941 1364 ,
979 1314 1084 1353 una
1117 1299 1442 1365 fides,uuum
1482 1300 1742 1370 baptisma
1769 1343 1784 1368 ,

208 1393 265 1440 et
288 1387 473 1443 iterari
502 1405 606 1442 non
639 1389 825 1456 liceat,
852 1391 995 1460 quod
1025 1393 1191 1447 semel
1231 1393 1344 1446 dari
1373 1402 1614 1462 Oportet,
1645 1409 1789 1448 ana-

208 1479 556 1536 thematizato
583 1484 798 1537 nomine
838 1485 1042 1538 erroris
1097 1486 1425 1554 recipiantur
1477 1503 1570 1555 per
1599 1501 1790 1541 manus

203 1571 608 1642 impositionem
657 1575 707 1628 in
759 1569 916 1628 unam
968 1576 1293 1644 Ecclesiam,
1347 1578 1680 1638 columbam.
1732 1585 1792 1630 ut

205 1662 409 1717 dictum
433 1674 533 1732 est,
558 1675 611 1720 et
636 1681 799 1720 uuam
818 1674 1044 1720 matrem
1069 1669 1308 1722 omnium
1333 1667 1786 1732 Christianorum,

203 1755 299 1810 ubi
325 1758 503 1810 omnia
547 1757 633 1812 illa
662 1769 996 1813 sacramenta
1021 1759 1342 1824 salubriter,
1375 1772 1426 1813 et
1454 1772 1654 1814 aeterna
1685 1803 1698 1827 ,
1734 1768 1790 1815 et
1816 1753 1864 1812 B

202 1848 441 1904 vitaliter
469 1849 800 1920 accipiuntur
833 1869 846 1905 :
879 1867 998 1921 quae
1021 1853 1485 1919 perseverantibus
1509 1855 1562 1906 in
1594 1852 1790 1908 haeresi

199 1936 454 2012 magnam
477 1943 839 1998 damnationis
883 1960 1095 2015 poenam
1126 1947 1492 2016 conquirunt,
1530 1956 1586 2000 ut
1641 1945 1789 2016 quod

199 2035 283 2089 eis
311 2035 366 2088 in
393 2036 616 2091 veritate
638 2036 712 2091 ad-
727 2046 979 2091 aeternam
1013 2039 1174 2094 vitam
1196 2039 1626 2108 consequendam
1646 2051 1791 2094 esset

201 2128 567 2193 lnminosius,
621 2128 724 2182 hoc
757 2131 827 2182 'in
884 2144 1069 2184 errore
1121 2130 1192 2183 sit
1243 2131 1576 2186 tenebrosius
1629 2141 1790 2200 atque

197 2222 535 2276 daumosius.
566 2223 717 2290 Quod
765 2223 1028 2291 fugientes
1072 2223 1352 2289 nonnulli,
1382 2233 1436 2278 et
1464 2225 1651 2278 matris
1681 2222 1786 2278 Ee-

195 2314 383 2368 clesia:
414 2314 576 2368 ubera
626 2323 1011 2384 Cognoscentcs
1041 2354 1054 2376 ,
1110 2315 1197 2381 qui
1246 2314 1332 2367 illa
1382 2315 1561 2368 omnia
1607 2325 1790 2368 sancta

195 2405 463 2475 mysteria
502 2419 684 2459 amore
735 2405 975 2459 veritatis
1005 2405 1378 2471 crediderunt,
1405 2415 1565 2475 atque
1601 2421 1789 2475 perce-

195 2496 640 2567 perunt,quibus
670 2497 1137 2551 Sacramentorum
1157 2498 1317 2552 rebus
1342 2499 1461 2552 cum
1493 2499 1618 2552 vita:
1638 2488 1790 2552 bona:

195 2586 443 2656 probitas
489 2586 808 2657 accesserit,
846 2587 962 2641 sine
990 2588 1148 2641 dubio
1169 2588 1234 2640 ad
1259 2587 1492 2642 officium
1509 2589 1792 2643 clericatus

193 2683 341 2736 tales
364 2696 485 2736 esse
541 2680 922 2750 applicandos,
953 2690 1006 2734 et
1034 2683 1266 2734 maxime
1295 2683 1342 2734 in
1392 2690 1536 2734 tanta
1611 2697 1791 2735 rerum

193 2772 526 2828 neces.~itate
543 2813 557 2837 ,
585 2773 762 2826 nullus
804 2781 886 2827 est
906 2755 1005 2841 'qui
1031 2787 1134 2825 non
1158 2772 1434 2827 concedat.
1458 2772 1790 2843 Quamquam

193 2863 448 2918 nonnulli
495 2863 735 2933 ejusdem
785 2874 946 2918 secue
974 2864 1156 2918 clerici
1188 2877 1307 2918 cum
1353 2863 1596 2933 plebibus
1627 2873 1787 2934 atque

193 2955 500 3009 honoribus
528 2955 638 3008 suis
660 2954 724 3007 ad
750 2970 846 3008 nos
875 2957 1104 3010 transire
1125 2955 1466 3021 desiderent,
1493 2957 1579 3025 qtti
1610 2972 1794 3011 amore

195 3047 431 3101 honoris
461 3057 552 3101 aut
601 3046 925 3116 persuadent
952 3047 1017 3100 ad
1048 3047 1249 3112 vitam,
1306 3055 1396 3101 aut
1443 3046 1676 3123 retinent
1726 3048 1792 3100 ad

1955 478 2156 533 Deinde
2185 479 2521 547 pertractatis
2559 488 2611 532 et
2640 479 2992 536 consideratis
3034 481 3302 546 omnibus,
3336 497 3453 552 qua:

1885 569 2094 623 utilitati
2145 569 2398 624 Ecclesiae
2443 570 2733 624 convenire
2783 570 3118 637 videbantur,
3179 581 3454 629 annuente

1885 671 2044 728 atque
2069 660 2392 715 admonente
2421 659 2621 730 Spiritu
2654 661 2770 722 Dei,
2812 661 3056 731 eligimus
3085 678 3204 719 cum
3246 679 3452 721 memo-

1885 752 2017 804 ratis
2048 751 2374 817 hominibus,
2409 752 2648 820 quamvis
2675 751 2741 805 de
2769 751 3031 808 Dominici
3070 756 3310 824 corporis
3337 756 3458 810 uni-

1888 851 1994 896 tate
2018 835 2250 910 inquieta
2282 842 2616 897 dissensione
2651 842 2906 910 praecisis,
2941 843 3130 898 leniter
3155 855 3208 900 et
3235 846 3457 914 paciﬁce

1888 948 2047 1002 agere
2074 933 2250 1001 (Cone.
2303 935 2465 1000 Arria.
2516 952 2629 987 can.
2683 933 2948 1004 33;;Cod.
2981 933 3108 989 Can.
3153 937 3295 991 Eccl.
3338 939 3453 1009 Afr.

1888 1042 2002 1078 can.
2038 1025 2129 1096 66)
2164 1044 2176 1078 :
2208 1036 2260 1078 ut
2289 1035 2543 1094 quantum
2577 1029 2628 1080 in
2663 1028 2946 1088 nobisest,
2979 1029 3222 1083 onmibus
3251 1030 3343 1100 qui
3363 1046 3459 1086 eo-

1889 1134 2004 1172 rum
2032 1119 2407 1174 communione
2437 1128 2491 1174 et
2520 1120 2777 1173 societate
2813 1119 3004 1173 irretiti
3048 1129 3191 1185 sunt,
3222 1136 3311 1189 per
3338 1123 3460 1176 uni-

1889 1225 2071 1264 versas
2137 1212 2440 1281 provincias
2501 1212 2778 1266 Africanas
2840 1212 3050 1281 penitus
3124 1212 3461 1278 innotescat,

1890 1316 2049 1370 quam
2077 1301 2367 1357 miserabili
2395 1317 2579 1358 errore
2595 1302 2827 1358 devincti
2853 1313 2976 1358 sunt
3009 1321 3020 1356 :
3053 1320 3114 1358 ne
3142 1304 3296 1374 forte,
3329 1305 3466 1361 sicut

1890 1394 2018 1449 dicit
2065 1394 2360 1475 Apostolus
2387 1397 2449 1464 (ll
2485 1394 2616 1450 Tim.
2663 1398 2746 1467 ιι),
2795 1396 2937 1450 nobis
2979 1398 3033 1450 in
3075 1385 3481 1462 mansuetudine

1890 1481 2274 1556 corripientibus
2299 1487 2496 1540 diversa
2535 1488 2822 1552 sentientes,
2856 1489 2938 1542 det
2981 1488 3086 1542 illis
3126 1488 3266 1543 Deus
3292 1490 3460 1559 pani-

1892 1577 2100 1628 tentiam
2126 1577 2191 1628 ad
2225 1571 2624 1646 cognoscendam
2654 1578 2932 1642 veritatem,
2982 1589 3028 1631 et
3076 1577 3372 1648 resipiscam
3402 1581 3465 1634 de

1893 1665 2082 1720 diaboli
2103 1668 2315 1736 laqueis,
2334 1668 2570 1737 captiuati
2591 1669 2650 1726 ab
2672 1669 2782 1739 ipso
2806 1670 2872 1722 ad
2891 1670 3054 1739 ipsius
3069 1672 3391 1728 voluntatem.

1964 1757 2146 1827 Itaque
2179 1759 2394 1827 placuit,
2441 1767 2498 1814 ut
2544 1775 2609 1814 ex
2658 1761 2887 1821 concilio
2925 1768 3109 1814 nostro
3139 1760 3326 1817 litterae
3367 1763 3464 1819 das

1890 1860 2076 1926 rentur
2123 1848 2188 1904 ad
2251 1849 2462 1918 judices
2502 1849 2821 1916 Africanos,
2896 1865 2927 1904 a
2973 1851 3164 1922 quibus
3211 1853 3313 1908 hoc
3359 1857 3466 1924 peti

1892 1941 2190 2009 congruum
2220 1939 2515 2006 videretur,
2559 1951 2615 1995 ut
2638 1942 2688 1995 in
2722 1941 2823 1996 hoe
2850 1940 3100 2012 adjuvent
3126 1958 3464 2001 communem

1893 2043 2120 2088 matrem
2170 2033 2465 2088 Ecclesiam
2514 2034 2855 2097 catholicam,
2898 2036 2951 2090 in
2987 2052 3092 2105 quo
3134 2035 3468 2107 Episcopalis

1893 2124 2182 2178 auctoritas
2223 2124 2544 2197 communiri
2592 2124 2689 2192 (αι.
2735 2124 3050 2195 contemni)’
3079 2127 3130 2180 in
3167 2117 3491 2198 civitatibus:

1894 2226 2107 2286 potest;
2138 2216 2188 2272 id
2210 2226 2314 2283 est,
2347 2227 2403 2272 ut
2441 2217 2719 2287 judiciaria
2754 2227 3017 2288 potestate
3054 2229 3214 2289 atque
3253 2220 3472 2292 diligen-

1893 2310 1966 2363 tia
1994 2323 2060 2363 ex
2093 2307 2199 2363 fide
2239 2310 2563 2378 Christiana,
2606 2310 2730 2379 quid
2775 2299 2984 2382 gestum
3025 2312 3095 2366 sit
3125 2316 3175 2366 iu
3227 2314 3474 2368 omnibus

1893 2399 2047 2465 locis,
2083 2401 2134 2454 in
2163 2399 2355 2470 quibus
2384 2401 2791 2456 Maximianista:
2819 2402 3064 2457 basilicas
3104 2403 3473 2472 obtinuerunt,

1893 2494 1984 2562 qui
2014 2493 2081 2547 ab
2109 2494 2186 2548 eis
2210 2486 2442 2547 schisma
2470 2493 2730 2560 fecerunt,
2775 2494 3043 2563 inquirant
3071 2512 3083 2545 :
3107 2503 3163 2548 et
3190 2495 3352 2565 gestis
3383 2511 3476 2564 pn-

1887 2583 2049 2638 hlicis
2076 2565 2518 2653 prepterfirmam
2544 2584 2788 2639 notitiam
2814 2585 3063 2640 omnibus
3096 2586 3474 2652 necessariam,

1894 2665 2092 2729 faciant
2116 2676 2378 2731 inhaerere
2403 2674 2582 2745 (Conc.
2610 2677 2725 2746 Afr.
2747 2693 2863 2731 can.
2892 2677 2980 2742 55;
3006 2676 3134 2733 Cod.
3165 2676 3293 2732 Con.
3327 2677 3471 2733 Eccl.

1897 2767 2012 2837 Afr.
2045 2778 2159 2820 can.
2205 2767 2318 2838 67).

1967 2858 2170 2914 Deinde
2198 2859 2394 2928 placuit
2437 2867 2494 2912 ut
2525 2860 3044 2914 litterremittantur
3087 2860 3154 2915 ad
3198 2860 3389 2934 fratres
3425 2872 3480 2917 et

1898 2950 2246 3020 coepiscopos
2274 2962 2508 3016 nostros,
2554 2961 2608 3006 et
2652 2953 2883 3007 maxime
2911 2953 2975 3007 ad
3003 2952 3186 3008 sedem
3226 2954 3499 3025 apostoli-_

1899 3057 2016 3098 cam
2065 3042 2255 3112 (Cone.
2313 3045 2427 3114 Afr.
2478 3061 2592 3098 cmi.
2645 3046 2736 3100 35.
2793 3044 2921 3100 Cod.
2971 3044 3098 3100 Can.
3161 3045 3304 3101 Eccl.
3362 3049 3476 3117 Afr.

194 3139 455 3194 salutem.
491 3137 596 3194 Sed
629 3138 730 3197 hoc
749 3137 940 3207 majori
968 3140 1186 3191 fratrum
1207 3122 1634 3206 supradictorum
1669 3153 1797 3193 con-
1825 3122 1868 3184 C
1900 3151 2014 3189 can.
2045 3135 2167 3205 68),
2188 3136 2241 3190 in
2269 3152 2372 3205 qua
2400 3136 2646 3206 praesidet
2675 3147 3004 3192 memoratus
3026 3138 3351 3194 venerabilis
3373 3138 3478 3192 fra-

197 3231 522 3284 sideratioui
551 3230 928 3284 dimitteudmu
959 3244 1186 3294 censeo,
1218 3240 1276 3282 ut
1316 3228 1646 3299 prudentiori
1698 3246 1795 3285 suo

197 3321 430 3376 consilio
455 3330 649 3375 nostrae
677 3319 1035 3390 suggestionis
1056 3335 1360 3375 sermonem
1404 3337 1523 3374 cum
1569 3336 1796 3391 perpen-

197 3415 414 3477 dcrint,
460 3415 583 3485 quid
612 3415 681 3469 de
710 3415 807 3470 hac
852 3431 910 3470 re
949 3415 1027 3470 eis
1077 3416 1313 3484 placeat,
1349 3429 1446 3469 nos
1504 3415 1796 3471 informare

197 3508 513 3577 dignentur.
529 3507 758 3562 Tantum
780 3507 845 3561 de
872 3509 956 3563 bis
980 3508 1069 3577 qui
1102 3507 1329 3562 infantes
1353 3508 1605 3579 baptizati
1625 3520 1752 3563 sunt
1776 3551 1791 3574 ,

198 3600 521 3669 satagimus,
550 3607 608 3654 ut
635 3607 854 3667 nostras,
890 3600 935 3653 si
961 3599 1152 3668 placet,
1181 3600 1232 3653 in
1267 3600 1456 3653 iisdem
1481 3600 1794 3654 ordinandis

197 3693 547 3749 consentiant
600 3693 877 3748 voluntati.
927 3691 1116 3746 Omnia
1166 3709 1328 3762 ergo,
1373 3709 1493 3762 quae
1548 3696 1795 3763 superius

196 3787 744 3857 comprehendimus,
769 3787 907 3855 apud
926 3798 1143 3859 sanctos
1157 3788 1434 3856 episcopos
1456 3787 1659 3856 agenda
1675 3802 1795 3843 esse

199 3896 419 3952 mecum
454 3881 780 3936 honorabilis
813 3880 1116 3935 fraternitas
1143 3888 1318 3934 vestra
1345 3881 1657 3951 perpendat.
1701 3901 1717 3934 ι

894 4017 992 4085 ιι
1026 4012 1164 4067 xm.

894 4017 992 4085 ιι
1026 4016 1164 4067 xm.

502 4016 1075 4183 ΟΑιιΤΗΑιιξιιῑΝΞΕ
1116 4123 1486 4182 conatuum

236 4241 453 4285 ΑΡΒΙΟΔΕ
483 4242 837 4294 UNIVERSALE,
865 4243 932 4282 DE
961 4240 1394 4282 BECONCILIANDIS
1433 4240 1755 4281 DONATISTIS.

277 4344 566 4399 Vincentio
595 4352 649 4398 et
688 4341 903 4397 Flavito
931 4342 1061 4396 viris
1101 4341 1414 4396 clarissimis
1453 4340 1788 4406 consulibus,

200 4437 387 4518 idibus
426 4435 757 4506 Septembris
781 4432 1114 4503 Carthagine
1139 4433 1189 4486 in
1232 4419 1522 4488 secretario
1549 4416 1794 4486 Basilicas

1901 3237 1983 3282 ter
2008 3239 2061 3284 et
2087 3229 2290 3298 collega
2323 3239 2503 3284 noster
2537 3229 2876 3298 Anastasius,
2916 3246 3022 3300 quo
3041 3231 3255 3287 noverit
3283 3231 3482 3287 habere

1900 3321 2138 3378 Africam
2162 3337 2407 3393 magnam
2438 3324 2830 3389 necessitatem,
2863 3330 3081 3393 prepter
3102 3321 3358 3379 Ecclesia:
3390 3340 3483 3394 pa-

1900 3429 2017 3470 cem
2043 3423 2098 3470 et
2123 3415 2431 3481 utilitatem,
2471 3425 2533 3469 ut
2569 3406 2634 3471 ex
2680 3417 2808 3484 ipsis
2842 3417 3129 3472 Donatistis
3159 3418 3480 3487 quicumque

1900 3509 2083 3564 clerici
2139 3519 2386 3588 correclo
2442 3509 2670 3563 consilio
2722 3510 2788 3562 ad
2849 3509 3167 3577 catholicam
3227 3507 3482 3564 unitatem

1903 3601 2132 3656 transire
2148 3600 2433 3668 voluerint,
2467 3599 2758 3655 secundum
2789 3599 3209 3670 uniuscujusque
3240 3599 3482 3672 episcopi

1899 3692 2149 3746 catholici
2181 3693 2506 3745 voluntatem
2536 3700 2696 3760 atque
2740 3691 3047 3756 consilium,
3080 3694 3166 3762 qui
3201 3693 3252 3746 in
3292 3693 3481 3747 eodem

1900 3783 2020 3837 loco
2067 3783 2331 3852 gubernat
2373 3783 2693 3850 Ecclesiam,
2752 3784 2795 3837 si
2851 3783 2956 3839 hoc
3004 3786 3117 3854 paci
3163 3783 3485 3840 Christiana:

1903 3875 2160 3945 prodesse
2186 3876 2357 3932 visum
2398 3875 2577 3941 fuerit,
2620 3876 2673 3930 in
2717 3859 2826 3930 suis
2854 3876 3149 3931 honoribus
3179 3877 3476 3947 suscipian-

1898 3979 2018 4037 tur;
2048 3969 2185 4023 sicut
2213 3969 2311 4039 (V.
2339 3968 2558 4036 August.
2583 3966 2750 4039 Epist.
2777 3967 2869 4035 45,
2899 3967 3069 4034 n.16,
3096 3978 3143 4023 et
3165 3968 3335 4040 Epist.
3358 3971 3482 4039 185,

1877 4076 1961 4130 ,η.·
1982 4061 2053 4115 44
2083 4070 2129 4114 et
2157 4058 2250 4131 Π)
2283 4061 2548 4128 prioribus
2577 4059 2817 4128 ejusdem
2843 4059 3124 4115 divisionis
3150 4062 3477 4132 temporibus

1899 4143 2115 4208 facttim
2145 4165 2265 4205 esse
2315 4136 2663 4230 manifestum
2722 4158 2805 4204 est
2840 4139 2857 4204 ηε
2897 4150 3040 4230 quod
3088 4153 3380 4208 multarum
3429 4162 3484 4208 et

1901 4255 2040 4309 pene
2075 4240 2314 4294 omnium
2347 4239 2723 4317 Africanarum
2754 4228 3141 4306 Ecclesiarum,
3192 4244 3242 4296 in
3289 4244 3481 4312 quibus

1899 4327 2030 4384 talis
2051 4346 2204 4385 error
2244 4338 2466 4388 exortus
2504 4341 2610 4399 est,
2660 4333 2910 4402 exempla
2943 4342 3219 4390 testantur.
3269 4335 3385 4391 Non
3416 4341 3486 4392 ἰιι

1898 4425 2187 4479 concilium
2233 4425 2328 4496 (V.
2378 4425 2608 4480 eamdem
2651 4425 2820 4496 Epist.
2866 4425 3011 4499 185,:
3039 4443 3092 4482 η.
3127 4415 3217 4498 45)
3252 4429 3392 4496 quod
3432 4433 3485 4485 in

198 4504 515 4593 Restitutm,
549 4543 669 4582 cum
717 4529 768 4581 in
818 4527 1046 4582 concilio
1091 4528 1394 4597 congregati
1449 4527 1498 4579 in
1550 4525 1792 4580 Ecclesia
1820 4504 1870 4562 D
1900 4518 2272 4571 transmarinis
2307 4518 2545 4588 partibus
2576 4518 2641 4573 de
2697 4519 2796 4572 hac
2840 4534 2896 4572 re
2939 4517 3134 4572 factum
3172 4528 3253 4573 est
3285 4519 3484 4576 dissol-

199 4621 616 4691 Cartha‘ginensi
661 4620 1098 4675 consedissemus
1143 4635 1209 4674 ex
1241 4618 1507 4673 Africanis
1546 4619 1794 4674 omnibus

193 4712 504 4784 provinciis
542 4713 810 4782 episc0pi;
843 4712 894 4766 id
944 4710 1316 4778 est,Aurelius
1363 4703 1604 4780 ejusdem
1648 4710 1794 4764 sedis

201 4808 499 4878 episcopus
526 4820 644 4859 cum
678 4805 897 4875 collegis
924 4804 1056 4870 suis,
1091 4818 1226 4874 quos
1255 4818 1439 4858 eorum
1472 4803 1797 4874 subscriptio

200 4895 523 4952 manifestat
561 4915 574 4952 :
614 4896 850 4952 recitatis
897 4896 1137 4967 epistolis
1178 4895 1477 4951 beatissimi
1526 4895 1707 4950 fratris
1746 4906 1799 4949 et

199 4979 616 5044 consacerdotis
675 4989 843 5042 nostri
894 4986 1166 5042 Anastasii
1221 4987 1477 5041 Ecclesia;
1539 4987 1797 5042 Romanae

201 5065 477 5154 episc0pi,
506 5084 699 5153 quibus
731 5097 829 5136 nos
858 5092 1094 5151 paternae
1139 5090 1193 5136 et
1223 5080 1472 5137 fraternae
1521 5081 1799 5136 charitatis

201 5175 573 5234 sollicitudine
600 5191 663 5232 ac
692 5176 1004 5230 sinceritate
1024 5175 1343 5229 adhortatus
1372 5185 1473 5241 est,
1509 5183 1567 5227 ut
1594 5173 1662 5228 de
1688 5173 1801 5227 lue-

198 5273 502 5328 reticorum
547 5279 600 5324 et
635 5271 1094 5324 schismatlcorum
1129 5268 1528 5322 Donatistarum
1585 5267 1798 5322 insidiis

199 5373 258 5420 et
295 5363 759 5431 improbitatibos,
788 5362 983 5431 quibus
1006 5359 1315 5414 Africanam
1353 5359 1646 5414 Ecclesiam
1708 5374 1802 5412 ca-

202 5457 466 5512 tholicam
490 5457 719 5525 gravi;er
746 5462 961 5518 vexant,
995 5453 1140 5507 nullo
1167 5453 1327 5507 modo
1353 5452 1754 5507 dissimulemus
1787 5471 1799 5504 :

202 5547 413 5619 gratias
460 5545 662 5613 agimus
695 5544 918 5596 Domino
951 5554 1156 5612 nostro,
1210 5543 1351 5612 quod
1382 5544 1458 5597 illi
1485 5543 1700 5612 Optimo
1741 5558 1804 5598 ac

203 5645 400 5692 sancto
443 5635 667 5688 antistiti
707 5649 823 5699 suo,
876 5645 979 5688 tant
1008 5635 1145 5702 piam
1194 5649 1377 5688 curam
1411 5651 1506 5707 pro
1541 5636 1804 5690 membris

205 5729 443 5796 Christi,
471 5729 713 5798 quamvis
740 5729 791 5782 in
823 5727 1131 5804 diversitate
1169 5735 1450 5796 terrarum,
1499 5727 1596 5785 scd
1619 5727 1673 5783 in
1706 5743 1809 5784 una

1899 4617 2058 4663 vatur
2089 4628 2101 4663 :
2129 4611 2223 4665 sed
2251 4619 2305 4663 ut
2338 4610 2468 4665 illttd
2499 4620 2716 4678 maneat
2745 4611 2881 4665 circa
2912 4625 3004 4665 eos
3031 4613 3117 4680 qui
3149 4611 3226 4666 sic
3253 4614 3485 4670 transire

1901 4700 1966 4755 ad
1991 4701 2307 4756 catholicam
2338 4704 2544 4765 volunt,
2582 4712 2636 4755 ut
2663 4701 2810 4756 nulla
2838 4717 2932 4770 per
2958 4715 3052 4756 eos
3081 4703 3302 4760 unitatis
3333 4720 3485 4761 com-
3563 4723 3566 4726 ί
3647 4688 3649 4690 ’

1902 4795 2147 4862 pensatio
2179 4795 2270 4864 (al.
2317 4795 2580 4862 concisio)
2622 4803 2959 4863 procuretur.
2982 4793 3094 4849 Per
3120 4799 3278 4866 quos;
3302 4807 3483 4855 autem

1901 4887 1986 4942 vel
2026 4887 2342 4942 omnimodo
2392 4887 2594 4956 perlici,
2631 4886 2715 4938 vel
2757 4885 2998 4954 adjuvari
3026 4889 3344 4946 ’manifestis
3374 4891 3487 4948 fra-

1907 4991 2177 5036 ternarum
2227 4980 2522 5034 animarum
2554 4979 2715 5042 lucris
2754 4980 3020 5035 catholica
3050 4980 3225 5038 unitas
3273 4985 3326 5039 in
3359 4986 3492 5043 locis

1908 5072 1959 5125 in
1988 5071 2177 5140 quibus
2202 5070 2422 5140 degunt,
2449 5071 2562 5124 visa
2586 5069 2776 5136 fuerit;
2803 5086 2906 5124 non
2933 5071 3012 5127 eis
3038 5075 3180 5131 obsit
3202 5079 3340 5147 quod
3361 5094 3493 5134 eon-

1907 5174 1990 5220 tra
2023 5164 2254 5220 honores
2285 5179 2470 5220 eorum
2521 5163 2790 5236 (quamvis
2832 5166 2976 5221 salus
3024 5168 3156 5230 nulli
3199 5169 3494 5230 interclusa

1908 5259 1999 5330 sit)
2029 5238 2081 5312 in
2123 5260 2482 5312 transmarino
2507 5258 2736 5313 concilio
2761 5267 3025 5320 statutum
3068 5272 3171 5328 est,
3215 5266 3264 5318 id
3296 5278 3396 5330 est,
3433 5279 3489 5323 ut

1910 5352 2138 5407 ordinati
2186 5352 2238 5405 in
2270 5359 2419 5420 parte
2456 5350 2666 5414 Donati,
2711 5351 2756 5405 si
2799 5347 2866 5405 ad
2911 5352 3228 5407 catholicam
3267 5346 3493 5416 correcti

1910 5445 2142 5500 transire
2183 5444 2468 5509 voluerint,
2530 5459 2634 5498 non
2684 5445 3148 5512 suscipianturdn
3198 5431 3498 5509 honoribus

1911 5539 2024 5595 suis
2039 5538 2333 5600 secundum
2363 5538 2772 5592 transmarinum
2796 5535 3107 5604 co’ncilium,
3137 5541 3231 5596 sed
3261 5549 3501 5616 exceptis
3560 5567 3564 5570 λ

1914 5631 2000 5687 his
2035 5647 2126 5701 per
2150 5647 2283 5701 quos
2308 5629 2586 5698 catholica:
2611 5627 2798 5681 unitati
2827 5629 3153 5693 consulitur.

1997 5723 2197 5780 Deinde
2226 5722 2440 5793 placuit,
2471 5731 2528 5777 ut
2548 5719 2628 5775 his
2659 5718 3095 5792 peractistConc.
3124 5723 3241 5794 Afr.
3265 5744 3380 5783 can.
3411 5731 3499 5798 56;
