3838 6222
144 237 298 294 1201
1025 249 1115 304 AD
1154 249 1680 312 DONATISTARUM
1717 210 2088 318 HISTORIAM
2124 262 2605 323 PERTINENTIA.
3280 271 3423 332 1202

140 357 347 427 sione,
392 374 552 435 alque
581 370 712 422 actis
740 370 952 437 innexa,
986 372 1238 429 dicatille
1255 377 1539 448 episc0pus
1569 381 1752 440 Eccle-
1777 387 2108 457 Aquietem,
2155 393 2250 446 sed
2298 395 2582 465 tranquilla
2625 395 2849 451 rationis
2896 394 3194 452 redditione
3239 400 3424 459 defen-

132 451 245 507 sia:
277 453 591 514 Catholicae
613 479 625 514 :
644 462 944 516 Mandatum
975 464 1040 517 ad
1067 465 1374 524 Donatistas
1401 486 1494 538 per
1511 485 1743 530 vestram

133 549 489 614 gravitatem
536 552 909 621 perferendum
952 557 1167 624 audire,
1218 569 1272 614 et
1313 563 1445 617 actis
1486 564 1747 633 inserere,

131 646 193 693 et
223 639 304 696 ad
340 657 446 696 eos
475 643 713 710 perferre
758 645 1073 715 dignemini,
1106 650 1404 721 eorumque
1444 659 1748 726 responsio-

131 747 272 788 nem
317 751 516 791 rursus
556 738 694 808 apud
736 748 850 792 acta
878 750 1057 796 vestra
1088 744 1241 800 nobis
1274 747 1561 804 insinuare.
1610 750 1748 806 Cou-

130 830 421 884 venirnus
442 845 538 885 vos
565 845 632 885 ex
669 833 884 887 concilii
933 837 1102 890 nostri
1142 838 1393 894 catholici
1432 842 1745 898 auctoritate

129 919 344 986 missi,
405 921 472 976 de
523 931 704 978 vestra
755 928 1375 999 correctione'gaudcre
1421 934 1698 1002 cupientes
1727 977 1740 1000 ,

125 1013 568 1092 considerantes
587 1015 795 1071 Domini
822 1019 1158 1088 charitatem,
1182 1026 1269 1094 qui
1288 1025 1455 1078 dixit:
1482 1024 1626 1078 Beati
1654 1044 1745 1096 pa-

127 1089 302 1171 cifici.
339 1106 471 1170 quia
502 1107 601 1175 ipsi
623 1107 720 1174 ﬁlii
745 1108 841 1164 Dei
870 1112 1181 1167 vocabuntur
1198 1089 1423 1186 ’(Μηιιιι.
1452 1115 1536 1185 v):
1567 1127 1622 1170 et
1648 1089 1742 1170 iid-

127 1195 364 1249 monuit
383 1211 482 1265 per
498 1197 834 1267 prophetam,
861 1203 1018 1258 etiam
1049 1205 1129 1260 his
1151 1206 1241 1276 qui
1261 1206 1521 1262 dicuntse
1550 1207 1740 1264 fratres

123 1296 372 1341 nostros
399 1303 505 1344 non
530 1305 671 1357 esse,
702 1292 885 1348 dicere
911 1311 1010 1351 nos
1034 1290 1232 1354 debere
1264 1319 1275 1351 :
1310 1298 1522 1375 Fratres
1575 1302 1739 1354 nostri

122 1379 256 1432 estis
284 1379 458 1450 (Isai.
489 1398 641 1451 uvr,
665 1401 766 1439 sec.
795 1385 983 1459 LXX).
1013 1388 1160 1444 Hanc
1191 1406 1319 1461 ergo
1357 1391 1634 1461 paciﬁcam
1670 1407 1735 1447 ex

121 1469 284 1525 chari
295 1479 418 1528 tate
440 1474 741 1530 venientem
755 1480 1229 1536 commonitionem
1246 1493 1481 1537 nostram
1496 1491 1736 1538 contem-

123 1574 264 1615 nere
295 1579 417 1618 non
431 1564 658 1632 debetis,
684 1576 741 1620 ut
766 1567 811 1644 si
833 1570 956 1638 quid
973 1572 1219 1626 veritatis
1250 1573 1449 1628 habere
1473 1590 1566 1629 vos
1591 1575 1733 1630 arbi-

121 1655 385 1722 tramini,
416 1671 522 1711 non
549 1657 802 1714 dubitetis
827 1663 1177 1730 assereretid
1192 1676 1295 1731 est,
1328 1674 1385 1719 ut
1411 1675 1734 1736 congregato
1783 1718 1787 1720 .

1847 479 1996 534 dant.
2020 480 2172 535 Unde
2201 484 2432 550 petimus
2467 486 2842 543 sublimitatem
2877 496 3044 553 tuam,
3094 485 3152 541 ut
3179 503 3300 546 cum
3325 509 3420 550 eos

1848 569 1915 624 de
1935 569 2035 640 hac
2056 585 2115 624 re
2146 586 2242 640 per
2271 575 2613 645 magistratus
2639 579 2751 632 sive
2780 580 2832 633 in
2864 578 3190 646 civitatibus,
3225 582 3337 638 sive
3363 586 3418 640 in

1848 663 2235 731 pertinentibus
2279 669 2564 723 territoriis
2606 671 2896 728 admonere
2938 673 3295 742 voluerimus,
3326 691 3418 732 co-

1846 753 1985 821 piam
2015 753 2169 807 nobis
2197 758 2420 824 praeberi
2448 768 2718 829 gestorum
2757 770 2810 816 et
2850 777 2944 817 eos
2987 779 3052 818 ex
3096 765 3417 836 allegatione

1846 854 2026 898 nostra
2058 845 2277 901 honeste
2305 851 2575 905 conveniri
2606 852 2883 922 praecipias
2913 870 2926 906 :
2967 853 3106 923 quod
3136 858 3416 912 consecuti

1845 949 2064 1003 agamus
2098 937 2423 994 excellentia:
2456 951 2559 996 tua:
2603 942 2743 1012 apud
2769 944 2932 997 Deum
2974 944 3164 1001 uberes
3189 951 3410 1018 gratias.

1845 1025 1963 1078 Dat.
2011 1026 2079 1080 ab
2121 1030 2381 1085 universis
2429 1034 2694 1102 episcopis
2745 1035 3031 1091 Catholicis
3077 1053 3144 1093 ex
3183 1040 3412 1096 concilio

1843 1115 2247 1194 Carthaginensi
2300 1121 2360 1174 D.
2417 1121 2479 1175 N.
2527 1117 2828 1179 Theodosio
2881 1125 2984 1180 PP.
3049 1127 3287 1196 Augusto
3356 1139 3414 1187 et

1843 1206 2136 1263 Rumon-ida
2165 1210 2230 1267 V.
2273 1211 2334 1266 C.
2367 1225 2509 1269 coss.
2553 1213 2727 1271 idibus
2775 1213 3140 1288 Septembris,
3187 1221 3411 1278 Cartha-

1811 1323 1816 1328 ο
1838 1296 1980 1366 giae.
2647 1295 2650 1298 ’

1910 1387 2236 1458 Septiminus
2292 1393 2371 1448 vir
2421 1395 2749 1452 clarissimus
2774 1401 3062 1470 proconsul
3091 1401 3256 1462 dixit:
3294 1423 3314 1456 ι
3348 1405 3408 1462 1η

1837 1478 2076 1546 quolibet
2107 1479 2226 1536 loco
2255 1485 2589 1540 antistitibus
2618 1487 3094 1561 legisvcnerabilis
3115 1493 3183 1548 ob
3211 1494 3408 1564 quietis

1837 1567 2119 1636 imperium
2142 1582 2411 1640 gestorum
2454 1567 2905 1632 conﬁciendorum
2950 1581 3202 1636 tribuitur
3240 1583 3408 1639 facul-

1837 1667 1918 1712 tas
1948 1676 1960 1711 :
1990 1658 2094 1714 hoc
2123 1662 2284 1715 etiam
2316 1672 2500 1718 tenore
2528 1666 2683 1735 hujus
2733 1657 3100 1738 princeptionis
3133 1663 3358 1750 limitato
3385 1716 3402 1742 ,

123 1757 324 1804 vestro
370 1751 604 1806 concilio
635 1752 880 1823 deligatis
923 1770 989 1809 ex
1034 1757 1223 1824 vobis,
1292 1759 1484 1829 quibus
1514 1774 1685 1814 causa:

1836 1756 1893 1802 ut
1922 1749 2218 1819 intelligant
2246 1763 2304 1807 se
2334 1753 2502 1809 deviae
2529 1757 2698 1824 plebis
2724 1758 2990 1828 magistris
3021 1763 3102 1832 (f.
3132 1753 3402 1835 magistri,

117 1844 464 1898 assertionis
489 1855 680 1901 vestra:
709 1849 1088 1916 committatis;
1121 1859 1179 1906 ut
1204 1867 1300 1907 nos
1327 1854 1597 1923 possimus
1628 1855 1727 1910 hoc

121 1932 333 1998 facere,
387 1945 447 1990 ut
473 1936 634 1991 etiam
676 1937 742 1993 de
787 1929 972 1995 nostro
1029 1943 1260 1998 concilio
1289 1944 1591 2014 deligantur
1633 1948 1725 2015 qui

115 2038 244 2078 cum
279 2027 372 2081 eis
406 2042 539 2096 quos
570 2021 1202 2100 d‘élcgeritis,constituto
1230 2034 1349 2090 loco
1372 2046 1426 2090 et
1456 2045 1718 2107 tempore,

116 2118 392 2189 quidquid
435 2124 748 2191 questionis
773 2133 877 2189 est,
906 2127 1062 2206 quod
1091 2138 1322 2184 vestram
1368 2147 1397 2185 a
1426 2131 1584 2186 nobis
1633 2147 1720 2188 se-
1754 2181 1767 2193 .

114 2220 277 2279 parat
305 2214 770 2280 communionem,
801 2231 921 2273 cum
964 2234 1096 2288 pace
1137 2220 1457 2288 discutiant:
1499 2233 1553 2279 et
1596 2233 1718 2280 tan-
1746 2267 1758 2281 .

114 2300 241 2356 dem
271 2303 574 2374 aliquando
604 2307 890 2377 adjuvante
931 2311 1156 2367 Domino
1188 2314 1294 2368 Deo
1328 2322 1512 2369 nostro
1555 2315 1713 2372 ﬁnem

113 2404 449 2452 veternosus
489 2413 640 2454 error
669 2402 916 2471 accipiat,
969 2419 1036 2458 ne
1077 2415 1294 2473 prapter
1320 2407 1713 2464 animositatem

112 2484 404 2542 hominum
436 2489 659 2545 inﬁrmae
697 2493 891 2548 animae
934 2503 988 2548 et
1028 2497 1195 2565 ignari
1243 2497 1426 2567 populi
1457 2500 1713 2572 sacrilega

112 2577 468 2637 dissensione
523 2583 849 2653 dispereant.
903 2586 956 2643 Si
1011 2589 1153 2643 enim
1207 2590 1310 2645 hoc
1337 2592 1570 2649 fraterne
1622 2610 1712 2650 ac-

115 2672 407 2740 ceperitis,
441 2675 641 2729 veritas
671 2675 828 2732 facile
858 2677 1151 2735 dilucescet
1177 2699 1190 2735 :
1220 2683 1264 2736 si
1295 2693 1474 2739 autem
1503 2683 1710 2763 hocin-

113 2776 238 2818 cere
285 2765 598 2833 nolueritis,
626 2766 923 2824 difﬁdentia
946 2779 1125 2826 vestra
1156 2775 1313 2829 facile
1340 2777 1657 2833 innotescet.
1683 2799 1702 2831 ›

111 2853 361 2926 Cumque
414 2859 639 2914 recitata
682 2872 862 2928 esset,
896 2865 962 2918 ab
1009 2867 1275 2921 universis
1322 2873 1591 2940 episcopis
1620 2873 1706 2928 di-

111 2957 254 3000 ctum
284 2957 374 3004 est
399 2967 412 3002 :
447 2950 621 3007 «Satis
642 2952 957 3023 placct,ltoc
987 2956 1132 3024 ﬁat,i
1159 2959 1702 3032 etsubscripserunt:

1838 1839 1893 1893 id
1921 1850 1995 1894 est
2013 1881 2031 1907 ,
2059 1842 2455 1899 Donatistarum
2489 1848 2725 1918 episcopi
2748 1851 3045 1918 petentibus
3072 1852 3362 1910 Cathblicis
3385 1897 3402 1924 ,

1826 1924 1976 2002 etc.)
2023 1935 2318 1991 salubriter
2375 1940 2675 2016 petentibus
2745 1943 2975 2012 propria:
3040 1947 3403 2016 persuasionis

1825 2024 2102 2079 ratiocinia
2140 2014 2510 2097 persolvere;
2540 2041 2598 2084 ut
2643 2032 2801 2088 rebus
2850 2035 2902 2090 in
2948 2036 3127 2107 medio
3180 2040 3400 2109 prolatis

1821 2117 1990 2171 amica
2038 2119 2167 2191 legis
2216 2122 2522 2178 moderatio
2548 2136 2810 2194 servetur,
2851 2131 3226 2200 superstitione
3272 2148 3400 2206 sup-

1821 2206 1993 2276 plosa.
2034 2227 2053 2260 ι
2773 2227 2786 2234 '

2234 2305 2395 2378 214
2432 2309 2580 2365 Arcto
2614 2311 2806 2368 Donum
2833 2313 2955 2370 404.

2527 2426 2689 2483 XVII.

2138 2535 2426 2596 CONCILll
2455 2517 3041 2605 CARTHAGINENSIS
3067 2571 3090 2619 ,η

1817 2661 2082 2704 ADVERSUS
2103 2665 2423 2707 DONA'I‘ISTAS
2448 2670 2514 2708 AD
2540 2669 2807 2712 HONOBIUM
2834 2674 3206 2719 IIIPERATOREI
3232 2679 3396 2722 LEGA-

2027 2758 2122 2798 τιο
2151 2761 2220 2800 ετ
2249 2761 2685 2804 connoatromuu
2725 2768 2943 2808 LEGATIS
2985 2771 3181 2810 unum.
3227 2754 3235 2755 7

1811 2852 2217 2913 Gloriosissimo
2244 2861 2566 2930 imperatore
2620 2864 2858 2921 Honorio
2886 2867 3125 2938 Angusto
3148 2869 3217 2925 Vl
3256 2886 3387 2928 con-

1809 2947 1952 3014 sule,
1982 2963 2068 3003 XVI
2095 2949 2202 3002 kal.
2235 2950 2426 3020 Julias,
2456 2954 2778 3040 Carthagine
2809 2959 2861 3012 in
2899 2960 3118 3016 basilica
3152 2966 3386 3040 regionis

85 3040 369 3106 ‘Aurelius
397 3042 682 3113 episcopus
712 3044 971 3102 Ecclesia:
996 3048 1436 3120 Carthaginiensis
1464 3053 1588 3110 huic
1609 3056 1685 3112 de

1812 3041 2075 3098 secundm.
2132 3043 2188 3097 In
2245 3042 2346 3099 hoc
2389 3040 2994 3120 coucilioﬁlegatiunem
3034 3068 3391 3138 susceperunt

113 3140 260 3184 creto
307 3135 585 3201 consensi,
621 3145 676 3191 et
705 3139 958 3207 prazlecto
989 3141 1284 3213 subscripsi
1316 3161 1327 3196 :
1366 3145 1613 3204 similiter
1648 3165 1678 3204 e

1812 3129 2069 3187 Theasius
2097 3144 2151 3188 et
2180 3135 2413 3191 Evodius
2436 3148 2624 3194 contra
2654 3140 2958 3200 Donatistas
2984 3162 2996 3198 :
3032 3147 3085 3200 in
3121 3129 3227 3217 quo
3253 3164 3390 3205 con-

110 3223 288 3278 cacteri
319 3226 564 3298 episcopi
585 3229 1041 3301 subscripserunt.

644 3342 792 3398 ANNO
822 3325 1013 3401 Donnu
1037 3344 1162 3401 405.

826 3436 964 3493 XVI.

717 3527 1049 3610 LIBELLUS
1068 3514 1085 3620 ζ

115 3672 174 3710 ΑΒ
238 3673 420 3715 ΕΟΒΕΙ
495 3659 910 3720 (ΞΑΒΊἩΔΟΙΝΕΝΒΙ
964 3683 1154 3724 TOTIUS
1204 3686 1407 3726 AFRICE
1457 3689 1697 3732 CONCILIO

466 3773 634 3813 DATUS
682 3774 962 3815 SEPTIMINO
1000 3777 1338 3820 PROCONSULI.

181 3869 511 3939 JEquitatem
546 3881 688 3927 tuam
731 3876 994 3944 petimus,
1036 3875 1330 3946 Septimine
1376 3882 1457 3935 vir
1503 3881 1691 3937 claris-

114 3961 260 4029 sime,
311 3967 691 4032 proconsulum
738 3954 947 4023 summe
991 3968 1272 4026 sublimis.‘
1312 3973 1474 4028 Multa
1505 3985 1691 4031 contra

114 4051 313 4109 divinas
328 4056 694 4129 humanasque
713 4060 857 4130 leges
881 4061 946 4114 ab
967 4062 1307 4118 hacreticisde
1328 4076 1476 4134 parte
1497 4068 1686 4123 Donati

114 4143 345 4202 Ecclesia
399 4150 676 4205 Catholica
707 4147 955 4217 sustine't,
991 4169 1109 4223 qua:
1137 4157 1182 4210 si
1209 4156 1290 4210 vel
1322 4159 1687 4216 anterioribus

114 4236 189 4288 vel
217 4241 607 4296 recentioribus
646 4243 1010 4312 imperialibus
1049 4246 1214 4314 jussis
1259 4247 1590 4316 prohibenda
1617 4248 1691 4305 ’et

115 4331 336 4388 tollenda
389 4335 708 4404 postulanda
759 4337 1043 4404 vellemus,
1103 4355 1437 4411 nequaquam
1488 4342 1688 4400 audere

113 4420 356 4480 deberent
379 4427 448 4481 de
478 4430 674 4482 nostris
695 4426 1310 4500 actionibus’conqueri,
1337 4434 1569 4492 scientes
1601 4451 1681 4503 se,

1807 3225 1934 3280 cilio
1965 3226 2227 3284 insertum
2258 3239 2339 3286 est
2362 3234 2854 3302 commonitorium,
2889 3240 3028 3309 quod
3060 3240 3134 3296 ita
3161 3257 3222 3298 se
3260 3258 3390 3300 con-

1807 3318 1970 3373 tinet:
2857 3398 2863 3405 ι
2900 3345 2902 3353 '
2951 3381 2953 3384 .

1878 3412 2367 3472 Commonitorium
2415 3419 2668 3476 fratribus
2702 3421 2933 3478 Theasio
2963 3434 3018 3480 et
3045 3425 3270 3493 Evodio,
3313 3428 3390 3486 le-

1803 3503 1940 3576 gatis
1987 3521 2054 3560 ex
2098 3507 2503 3579 Carthaginensi
2536 3511 2790 3579 concilio,
2836 3514 2900 3568 ad
2944 3515 3384 3587 gloriosissimos,

1802 3595 2340 3669 religiosissimosque
2355 3601 2618 3669 principes
2641 3603 2838 3657 missis.
2855 3602 2986 3658 Cum
3001 3605 3211 3661 Domini
3223 3611 3381 3665 auxi-

1801 3687 1874 3742 lio
1907 3689 2172 3770 piissimos
2197 3692 2546 3761 imperatores
2572 3694 2835 3763 adierint,
2866 3704 2925 3750 ut
2950 3698 3028 3752 eis
3061 3698 3335 3756 insinuent
3362 3744 3378 3770 ,

1797 3763 2248 3851 quemadmodum
2289 3785 2444 3854 plena
2493 3786 2683 3842 ﬁducia
2736 3789 3033 3845 secundum
3084 3793 3382 3862 superioris

1797 3875 1922 3928 anni
1953 3877 2275 3945 concilium,
2325 3879 2722 3962 Donatistarum
2764 3885 3036 3952 praepositi
3087 3887 3379 3942 actis'mu-

1797 3967 2116 4038 nicipalibus
2170 3982 2295 4025 sunt
2337 3974 2624 4040 conventi,
2673 3984 2729 4028 ut
2769 3975 2815 4030 si
2855 3977 3176 4033 confiderint
3204 3979 3272 4034 de
3293 3995 3381 4036 as-

1795 4061 2122 4116 sertionibus
2168 4065 2309 4130 suis,
2371 4065 2559 4121 electis
2595 4050 2658 4121 ex
2698 4083 2796 4122 suo
2847 4085 3073 4125 numero
3111 4072 3380 4142 aliquibus

1795 4153 2004 4208 idoneis
2024 4195 2039 4220 ,
2083 4156 2361 4212 nobiscum
2392 4160 2610 4228 paciﬁce
2632 4162 2961 4229 conferrent,
2990 4173 3045 4219 et
3068 4175 3400 4222 mansuem--

1792 4244 1918 4301 diue
1940 4245 2248 4316 christiana,
2273 4250 2318 4303 si
2336 4251 2458 4320 quid
2472 4251 2713 4306 veritatis
2732 4263 2995 4321 tenerent,
3021 4272 3124 4311 non
3143 4258 3378 4329 ambige-

1787 4348 1911 4394 rcnt
1932 4339 2339 4397 demonstrare:
2381 4358 2488 4413 quo
2517 4345 2588 4398 ita
2612 4345 2891 4402 sinceritas
2921 4348 3221 4417 Catholica,
3257 4367 3375 4422 qua:

1783 4431 1894 4501 jam
1925 4432 2133 4502 pridem
2178 4435 2545 4505 superioribus
2602 4439 2930 4508 temporibus
2959 4441 3180 4510 claruit,
3231 4460 3374 4499 nunc

112 4525 218 4566 cum
244 4519 383 4571 nulla
420 4519 506 4571 tali
537 4519 650 4589 lege
675 4520 1078 4589 adjuvarentur,
1108 4521 1482 4579 schismaticos
1505 4536 1683 4582 tamen
1712 4517 1766 4576 D
1790 4541 2002 4596 quoque
2047 4543 2141 4596 per
2170 4528 2515 4598 imperitiam,
2549 4530 2634 4585 vel
2685 4533 3031 4601 pertinaciam
3075 4536 3371 4591 resistenti-

113 4616 227 4659 suos
275 4608 688 4666 Maximianistas
745 4628 838 4680 per
863 4613 1102 4681 judicum
1146 4615 1295 4685 jussa
1337 4617 1470 4673 locis
1507 4634 1570 4674 ac
1599 4635 1683 4677 se-

112 4695 253 4754 dibus
307 4717 492 4757 eorum
539 4704 820 4773 pellendos
876 4708 1363 4778 exturbandosque
1438 4725 1676 4766 curasse.

112 4785 474 4850 Verumtamen
493 4811 591 4851 nos
619 4797 778 4852 saluti
795 4813 980 4852 eorum
998 4808 1049 4854 et
1072 4807 1271 4855 nostra:
1290 4801 1678 4858 existimationi

113 4883 313 4948 paciﬁce
359 4890 726 4956 consulentes,
781 4903 1000 4962 propter
1038 4893 1362 4951 charitatem
1392 4913 1494 4968 qua
1525 4897 1678 4955 Chri—

112 4975 251 5032 stiani
278 4998 482 5049 sumus,
517 4985 710 5040 leniter
737 4999 831 5040 eos
862 4986 1111 5042 volumus
1150 4987 1465 5056 admonere,
1510 4999 1567 5046 ut
1595 5007 1679 5048 er-

113 5080 271 5125 rorem
310 5089 463 5130 suum
486 5077 770 5147 cogitando
790 5086 845 5134 et
871 5082 1213 5150 agnoscendo
1236 5099 1342 5138 non
1368 5085 1673 5156 negligant:

113 5170 192 5214 aut
219 5165 258 5218 si
287 5175 471 5236 putant
523 5187 582 5226 se
632 5173 829 5228 habere
879 5174 1079 5244 aliquid
1109 5177 1368 5240 veritatis,
1418 5194 1525 5233 non
1554 5194 1670 5235 eam

1787 4619 1888 4672 bus
1916 4619 2314 4686 innotesceret;
2343 4623 2435 4677 sed
2474 4623 2596 4692 quia
2629 4623 2922 4677 difﬁdentia
2966 4618 3367 4695 premebantur,

1787 4715 1919 4768 nihil
1942 4729 2078 4785 pene
2101 4716 2215 4772 ausi
2247 4725 2372 4770 sunt
2398 4717 2740 4784 reSpondere.
2771 4717 2920 4772 Unde
2941 4721 3063 4786 quia
3086 4719 3367 4788 impletum

1783 4817 2001 4879 esterga
2025 4824 2118 4864 eos
2135 4809 2438 4880 episcopale
2459 4824 2518 4863 ac
2543 4810 2818 4878 paciﬁcum
2841 4809 3094 4876 ofﬁcium,
3115 4812 3258 4866 etilli
3277 4816 3371 4883 qui

1782 4896 1994 4957 veritati
2023 4903 2351 4972 respondere
2382 4903 2750 4972 nequiverunt,
2779 4901 2844 4955 ad
2874 4903 3135 4958 immanes
3159 4905 3367 4961 violen-

1782 4999 1882 5050 tias
1906 5005 2028 5049 sunt
2053 4997 2297 5050 conversi
2325 5013 2336 5046 :
2368 4994 2434 5048 ita
2468 5003 2522 5048 ut
2549 4994 2744 5047 multos
2768 4996 3048 5066 episcopos
3063 4999 3367 5071 multosque

1778 5088 2003 5142 clericos
2033 5089 2112 5158 (ut
2131 5086 2198 5140 de
2230 5087 2374 5139 laicis
2403 5084 2694 5156 taceamus)
2736 5086 2946 5142 insidiis
2967 5093 3364 5159 oppresserint,

1776 5177 2046 5232 Ecclesias
2075 5178 2238 5230 etiam
2267 5176 2474 5246 aliquas
2505 5177 2825 5242 invaserint,
2863 5180 3070 5250 aliquas
3113 5182 3365 5239 invadere

115 5247 308 5315 furiosis
334 5260 838 5320 Circumcellionum
870 5268 1142 5324 violentiis
1172 5281 1355 5325 contra
1401 5273 1668 5341 publicam
1771 5271 2216 5343 pertentaverint,
2238 5269 2475 5338 ipsorum
2493 5271 2602 5340 jam
2629 5271 2930 5328 clementiae
2958 5274 3361 5342 estconsulere,

117 5437 745 5518 ﬁant.__l§gitur_profecto
791 5446 972 5518 isthic
998 5449 1063 5501 de
1108 5448 1218 5516 ipsa
1245 5490 1258 5514 ,
1291 5464 1409 5518 qua:
1436 5449 1678 5518 ejusdem

120 5511 308 5584 concilii
337 5511 778 5588 Cartliagiuensis
814 5517 1062 5585 precibus
1092 5511 1252 5585 petita
1298 5511 1420 5575 mox
1449 5511 1580 5588 fuit,
1631 5532 1686 5577 ct

132 5575 385 5654 impetrata
437 5600 465 5636 a
516 5575 829 5653 Séptimino'
868 5575 1220 5654 proconsule,
1269 5591 1382 5643 sive
1413 5606 1439 5642 a
1469 5575 1686 5651 vicariae

128 5649 448 5728 praefectum
478 5649 626 5728 sede,
657 5649 1110 5728 conﬁciendorum
1139 5649 1410 5728 geStorum
1440 5649 1686 5720 facultas.

127 5711 163 5768 U
181 5719 271 5777 nde
294 5721 505 5795 dicitur,
543 5711 771 5781 Recitata
793 5711 1225 5800 autemjussione,
1241 5711 1409 5789 illius
1425 5711 1690 5802 videlicet,

1790 5451 2117 5522 amplissimi:
2155 5451 2312 5525 sedis;
2339 5467 2440 5525 qua
2474 5453 2716 5525 jussione
2745 5454 3140 5521 magistratibus
3172 5456 3365 5524 praeci-

1786 5520 2053 5593 piebatur,
2090 5530 2146 5576 ut
2170 5520 2459 5578 Catholicis
2477 5520 2752 5593 episcopis
2777 5520 2930 5579 ﬁeret
2972 5520 3208 5592 potestas
3233 5541 3364 5581 con-

1786 5592 2036 5647 veniendi
2094 5593 2396 5648 Doitatistas
2444 5592 2538 5662 per
2585 5595 2793 5648 codices
2833 5595 3092 5663 publicos.
3140 5595 3265 5652 “me
3308 5607 3366 5652 et

1789 5663 2138 5717 illustrissima
2173 5665 2313 5738 sedes
2360 5675 2412 5738 et
2442 5664 2896 5738 sedcsillustrium
2941 5676 3242 5738 potestatum
3268 5682 3365 5721 vo-

1791 5734 2025 5790 caturin
2054 5735 2336 5793 collatione
2362 5735 2765 5805 Carthaginensi
2798 5751 2851 5790 ill
2878 5778 2891 5802 ,
2927 5734 2977 5793 ὁ.
3007 5738 3107 5793 167
3133 5747 3187 5794 et
3232 5738 3337 5793 170
