3838 6222
372 246 513 301 1907

1629 239 2061 323 MONUMENTA
2100 240 2380 298 VETERA

3524 246 3670 305 1208

364 367 576 422 suitnus
599 408 616 434 ,
664 381 784 436 qua:
813 380 882 420 ne
923 363 1148 418 hmresis
1183 368 1496 428 vocaretur,
1541 360 1960 431 appellationem
1992 370 2037 429 Α
2068 361 2241 416 cultas
2264 403 2281 428 ,
2311 370 2370 417 ut
2405 362 2522 431 ejus
2547 363 2801 433 praesidio
2824 364 3090 421 adversus
3114 364 3277 433 hujus
3318 364 3573 433 criminis
3610 374 3672 423 et

364 459 678 515 scliismatis
706 456 1043 528 praeferebat.
1073 455 1131 509 lu
1164 463 1374 509 tantum
1403 454 1550 509 enim
1581 454 1809 510 sceleris
1834 470 1960 526 pro-

366 554 541 627 gressi
576 553 825 607 dicuntur
868 551 938 615 ii,
975 564 1113 620 quos
1144 549 1458 604 Donatistas
1484 557 1714 615 vocant,
1743 556 1802 603 ut
1830 548 1962 619 bap—

363 646 524 700 tisma
552 652 977 709 sacrosanctum,
1012 642 1287 713 mysteriis
1317 641 1624 707 recalcatis,
1654 642 1961 698 temeritate

365 738 528 792 noxia
560 737 783 801 iterent,
828 744 883 791 et
920 735 1171 808 homines
1200 735 1407 802 semel,
1453 742 1512 791 ut
1546 733 1805 790 traditum
1836 744 1958 803 est,

366 843 589 899 munere
614 827 912 883 divinitatis
934 828 1168 895 ablutos,
1194 826 1523 899 contagione
1550 825 1791 899 profana:
1814 842 1965 897 repe-

340 923 567 978 titionis
597 919 904 976 infecerint.
950 920 1027 975 lta
1065 920 1319 992 contigit,
1352 929 1410 975 ut
1437 904 1751 976 hmresiscx
1782 921 1959 977 schis-

362 1022 503 1068 mate
525 1022 860 1067 nasceretur.
883 1010 1013 1067 Inde
1036 1012 1178 1066 male
1205 1011 1455 1067 credulas
1481 1021 1692 1067 mentes
1718 1012 1783 1067 ad
1809 1027 1961 1083 spem

359 1105 610 1161 secunda:
642 1103 994 1175 intlulgentim
1037 1104 1276 1161 blandus
1313 1120 1471 1160 error
1520 1106 1732 1163 invitat.
1779 1106 1960 1162 Facile

356 1206 441 1253 est
467 1198 609 1252 enim
641 1195 969 1267 persuadere
996 1196 1371 1267 peccantibus,
1396 1197 1612 1253 veniam
1644 1198 1794 1267 prius
1822 1213 1960 1269 pra:-

353 1292 536 1346 stitam
568 1291 749 1346 denuo
781 1306 939 1361 posse
973 1278 1257 1360 praestari;
1291 1306 1410 1361 qua:
1436 1291 1481 1346 si
1508 1292 1736 1348 concedi
1761 1292 1958 1347 iterum

357 1384 548 1442 eodem
581 1385 745 1440 modo
772 1394 993 1456 potest,
1023 1400 1128 1439 non
1161 1384 1514 1455 intelligimus
1543 1400 1639 1441 cur
1672 1386 1833 1441 tertio
1859 1385 1957 1441 deo

357 1486 606 1545 negetur.
632 1477 697 1531 Hi
735 1492 865 1532 vero
894 1485 949 1533 et
971 1491 1164 1532 servos
1195 1480 1284 1533 vel
1310 1477 1559 1535 homines
1591 1478 1701 1550 juri
1739 1478 1961 1550 proprio

360 1567 650 1633 subditos,
709 1567 891 1624 iterati
946 1567 1288 1640 baptismatis
1345 1570 1594 1641 polluunt
1651 1570 1959 1641 sacrilegio.

357 1662 539 1729 Quare
566 1661 670 1718 hac
698 1662 819 1733 lege
847 1664 1124 1720 sancimus
1149 1706 1164 1731 ,
1193 1672 1252 1719 ut
1273 1666 1514 1735 quisquis
1540 1665 1767 1735 posthac
1789 1665 1963 1720 fuerit

2066 452 2343 508 societatis
2369 463 2642 519 auctores,
2669 454 2955 511 adtributa;
2982 455 3251 512 libertatis
3281 456 3544 525 prmsidio
3565 458 3671 513 de-

2066 543 2377 611 fenduntur,
2418 546 2687 616 liceatque
2731 548 2813 603 his
2855 549 2959 605 sub
3008 548 3110 605 hac
3145 546 3457 605 conditione
3498 549 3672 605 ﬁdem

2067 637 2226 702 tueri,
2254 652 2414 706 quam
2458 646 2777 709 extorquere
2815 640 2885 694 ab
2930 639 3111 696 invitis
3155 640 3370 695 Domiul
3411 649 3667 697 tentave-

2064 729 2194 785 rint.
2223 729 2333 785 Nec
2357 740 2662 788 assertores
2689 732 2956 803 dogmatis
2982 733 3283 801 Catholici,
3318 750 3381 790 ea
3421 751 3531 806 qua
3564 751 3673 792 ca:-

2067 834 2213 878 teros
2243 823 2335 893 qui
2362 824 2413 878 in
2444 833 2711 895 potestate
2736 838 2859 882 sunt
2892 827 3076 898 positi,
3110 838 3327 899 oportet
3355 829 3423 884 ad
3450 830 3672 887 facinus

2063 914 2181 984 lege
2204 916 2497 987 constringi
2524 934 2538 982 ;
2570 927 2622 971 et
2654 919 2889 975 maxime
2913 922 3168 976 convenit
3197 936 3389 977 omnes
3412 921 3671 980 homines

2063 1007 2181 1062 sine
2230 1008 2339 1063 ullo
2385 1009 2701 1067 discrimine
2730 1013 3058 1091 conditionis
3105 1025 3198 1069 aut
3240 1024 3417 1071 status
3466 1016 3671 1074 infusa:

2063 1100 2272 1155 C(Blilus
2298 1102 2597 1158 sanctitatis
2623 1118 2746 1161 esse
2771 1107 3042 1163 custodes.
3075 1106 3260 1165 Sciant
3288 1110 3327 1165 ii
3354 1124 3487 1166 vero
3515 1114 3667 1182 quia

2062 1190 2386 1260 supradictis
2422 1193 2623 1251 iterare
2652 1196 2915 1267 baptisma
2956 1213 3063 1255 non
3096 1202 3395 1270 timuerint,
3442 1212 3540 1258 aut
3571 1204 3665 1272 qui

2061 1285 2451 1341 consentiendo
2502 1286 2605 1344 hoc
2651 1287 2861 1347 facinus
2907 1293 3123 1364 propria
3175 1294 3334 1366 hujus
3375 1297 3666 1352 societatis

2062 1378 2425 1449 permixtione
2449 1379 2827 1439 damnaverint
2853 1426 2869 1450 ,
2908 1401 3014 1440 non
3043 1386 3221 1441 solum
3256 1388 3492 1444 testandi
3520 1390 3665 1454 sibi,

2062 1486 2248 1526 verum
2277 1471 2611 1543 adipiscendi
2640 1474 2845 1546 aliquid
2873 1476 2975 1533 sub
3000 1478 3182 1548 Specie
3207 1478 3540 1548 donationis,
3574 1482 3662 1538 vel

2061 1562 2439 1631 agitandorum
2478 1574 2852 1623 contractuum
2893 1569 2943 1624 in
2976 1580 3295 1641 perpetuum
3325 1573 3539 1643 copiam
3569 1573 3665 1630 de—

2063 1662 2308 1727 negatam
2336 1696 2350 1722 ,
2381 1657 2484 1713 nisi
2525 1672 2706 1728 pravae
2732 1659 2930 1716 mentis
2957 1676 3203 1718 errorem
3235 1664 3570 1720 revertendo
3597 1664 3663 1720 ad

358 1754 731 1824 rebaptizasse
761 1755 1028 1824 detectus,
1057 1758 1251 1827 judici,
1295 1758 1389 1829 qui
1431 1758 1732 1815 Provincia:
1763 1758 1955 1829 prtnsi-
1990 1767 2032 1827 Β
2061 1763 2244 1804 veram
2274 1748 2433 1806 fidem
2470 1752 2683 1807 consilii
2710 1752 3091 1809 emendatione
3132 1758 3503 1814 correxerint.
3536 1757 3665 1813 Illos

359 1847 453 1902 det
481 1889 495 1913 ,
533 1847 813 1915 offeratur,
856 1860 912 1905 ut
955 1850 1271 1907 facultatum
1302 1854 1547 1907 omnium
1593 1852 1962 1923 publicatione

357 1939 643 2007 multatus,
674 1941 875 2011 inopiae
903 1957 1139 2012 poenam,
1182 1958 1284 2011 qua
1326 1945 1380 1998 in
1408 1953 1729 2015 perpetuum
1759 1945 1963 2001 afficia-

358 2040 465 2098 tur,
497 2030 786 2100 expendat.
818 2032 896 2086 lta
924 2041 982 2086 ut
1010 2032 1135 2087 ﬁliis
1155 2048 1369 2102 eorum,
1396 2036 1441 2090 si
1465 2050 1496 2090 a
1519 2045 1759 2107 paterna.-
1786 2040 1960 2094 socie-

252 2202 261 2207 η
355 2125 480 2180 tatis
520 2126 787 2196 pravitate
823 2126 1152 2183 dissentiunt
1176 2170 1192 2197 ,
1237 2143 1302 2184 ea
1341 2145 1463 2201 quae
1509 2129 1708 2187 fuerint
1736 2115 1958 2203 paterna

359 2234 467 2274 non
504 2230 750 2289 pereant;
777 2231 835 2276 ut
857 2222 901 2277 si
928 2222 1078 2292 ipsos
1107 2221 1331 2278 forsitan
1360 2224 1578 2281 szevitas
1601 2233 1839 2296 paterna:
1861 2227 1962 2282 de-

357 2312 643 2382 pravitatis
682 2315 1016 2385 implicavit,
1046 2330 1111 2372 ac
1149 2318 1353 2372 reverti
1391 2316 1514 2388 jam‘
1534 2318 1602 2373 ad
1624 2317 1961 2376 Catholicam

358 2406 679 2476 religionem
728 2407 975 2475 malunt,
1026 2408 1507 2479 adipiscendorum
1562 2410 1647 2467 his
1692 2412 1961 2467 bonorum

356 2501 510 2569 copia
556 2515 662 2555 non
694 2508 941 2571 negetur.
978 2501 1053 2557 Ea
1101 2508 1365 2571 przeterea
1414 2502 1530 2559 loca
1574 2517 1670 2558 seu
1718 2502 1918 2573 praedia
1946 2544 1961 2570 ,

360 2607 482 2663 quae
531 2594 790 2650 feralibus
826 2593 1136 2665 sacrilegiis
1176 2594 1436 2667 deinceps
1476 2597 1787 2652 constiterit
1826 2613 1965 2666 prte-

354 2686 540 2741 buisse
570 2697 865 2756 secretum,
901 2686 1033 2743 [isci‘
1052 2688 1260 2743 viribus
1289 2690 1631 2759 applicentur
1664 2707 1677 2742 :
1707 2690 1751 2745 si
1783 2699 1961 2745 tamen

358 2780 613 2835 dominus
642 2790 734 2835 aut
772 2780 1020 2847 domina,
1058 2788 1154 2836 aut
1182 2796 1423 2851 praesens
1460 2780 1601 2836 forte
1640 2782 1837 2847 fuisse,
1871 2789 1965 2836 aut

357 2888 686 2929 consensum
715 2873 1032 2944 prtestitisse
1055 2874 1317 2945 probetur
1344 2892 1357 2929 :
1382 2889 1519 2945 quos
1543 2873 1760 2945 quidem
1785 2873 1962 2929 inusta

359 2968 522 3022 etiam
556 2982 651 3037 per
690 2967 1015 3022 sententiam
1059 2966 1274 3028 notabit
1318 2967 1559 3022 infamia.
1606 2966 1662 3023 Si
1703 2981 1837 3023 vero
1875 2966 1963 3023 his

360 3061 561 3119 nesciis
591 3077 687 3131 per
727 3061 1114 3117 conductorem
1163 3070 1639 3131 procuratoremve
1677 3075 1866 3116 eorum
1907 3061 1961 3117 in

358 3158 521 3213 domo
573 3159 831 3228 agitatum
888 3155 1203 3236 hujusmodi
1263 3157 1470 3212 facinus
1522 3156 1911 3226 comprobatur
1942 3160 2034 3225 ,ρ

360 3249 681 3322 prccjudicio
712 3265 739 3302 a
776 3248 1103 3319 prtedioruin
1134 3247 1497 3317 publicatione
1531 3261 1829 3319 suspenso,
1864 3247 1965 3301 im-

358 3341 545 3412 pliciti;
573 3342 793 3396 sceleris
842 3350 1095 3396 auctores
1125 3342 1349 3395 coerciti
1394 3340 1638 3410 plumbo,
1669 3340 1964 3406 exsilium,

359 3436 413 3490 in
446 3451 552 3505 quo
581 3436 729 3490 omni
760 3436 883 3490 vitae
915 3436 1075 3508 217
1110 3450 1224 3490 sine
1248 3445 1489 3504 tempore
1518 3434 1846 3500 afficiantur,
1873 3447 1964 3488 ac-

360 3529 585 3599 cipient.
614 3527 693 3583 Ac
720 3544 788 3583 ne
819 3529 1047 3583 forsitan
1077 3529 1147 3582 sit
1174 3528 1403 3583 liberum
1431 3528 1818 3583 conscientiam
1844 3527 1960 3596 pia-

363 3622 560 3677 cularis
599 3622 892 3693 perpetrati
937 3620 1078 3675 intra
1110 3620 1441 3675 domesticos
1474 3620 1710 3689 parietes
1743 3619 1962 3675 silentio

363 3714 545 3770 celare
586 3723 798 3769 secreto
825 3756 838 3779 ,
880 3712 962 3767 his
1008 3711 1368 3783 qui'forsitan
1411 3711 1478 3766 ad
1512 3712 1959 3782 rebaptizandum

363 3815 643 3878 cogentur,
676 3804 973 3877 refugiendi
1004 3804 1071 3859 ad
1098 3803 1399 3860 Ecclesium
1421 3802 1758 3860 Catholicam
1782 3807 1853 3859 sit
1884 3804 1961 3858 fa-

2065 1856 2282 1911 quoque
2317 1857 2412 1913 par
2441 1842 2791 1900 nihilominus
2833 1859 2989 1915 poena
3019 1847 3402 1917 constringat,
3432 1848 3521 1918 qui
3552 1864 3666 1905 rne-

2068 1944 2401 1989 moratorum
2439 1935 2742 1993 interdictis
2767 1940 2998 1995 costihus
3035 1953 3132 1994 seu
3163 1941 3482 1997 ministeriis
3521 1958 3663 2013 pra:-

2066 2027 2281 2083 buerint
2310 2031 2711 2087 conniventiam
2757 2049 2771 2085 :
2821 2034 2893 2087 ita
2925 2041 2983 2087 ut
3023 2030 3405 2089 moderatores
3449 2035 3665 2104 provin-

2066 2120 2316 2190 ciarum,
2379 2122 2433 2177 si”
2483 2124 2537 2179 in
2582 2132 2951 2197 contemptum
2998 2126 3301 2181 sanctionis
3354 2110 3662 2197 hujusmodi

2065 2232 2393 2275 consensum
2424 2210 2727 2290 putaverint
2757 2219 3237 2288 commodandum,
3275 2220 3452 2277 sciant
3486 2238 3547 2278 se
3584 2225 3662 2278 vi-

2066 2310 2201 2383 ginti
2248 2312 2502 2368 librarum
2549 2314 2668 2369 auri
2715 2327 2872 2384 poena
2922 2327 3043 2369 esse
3085 2314 3415 2372 multandos.
3472 2315 3661 2373 Ofﬁcia

2067 2404 2229 2459 etiam
2254 2420 2351 2459 sua
2377 2404 2539 2460 simili
2580 2404 3037 2463 condemnatione
3066 2406 3424 2478 subjuganda.
3456 2409 3661 2465 Princi—

2067 2498 2216 2569 pales
2247 2499 2332 2555 vel
2362 2499 2679 2555 defensores
2716 2499 2993 2575 civitatum
3013 2542 3027 2567 ,
3062 2501 3166 2557 nisi
3209 2502 3263 2557 id
3292 2502 3438 2573 quod
3468 2504 3659 2573 praxi-

2067 2592 2244 2661 pimus
2272 2589 2471 2646 fuerint
2498 2592 2764 2659 exsecuti,
2792 2593 2875 2647 vel
2906 2592 2991 2648 his
3016 2594 3380 2663 praesentibus
3408 2594 3661 2651 Ecclesia

2066 2680 2347 2737 catholicae
2390 2682 2470 2738 vis
2510 2680 2673 2739 fuerit
2703 2683 2872 2751 illata,
2901 2682 3089 2739 eadem
3112 2685 3297 2739 multa
3328 2700 3389 2742 se
3417 2686 3662 2765 noverint

2064 2774 2409 2831 adtinendos.
2441 2765 2557 2831 Dat.
2598 2775 2735 2846 prid.
2780 2777 2900 2833 idus
2928 2774 3092 2834 Febr.
3124 2776 3333 2833 Raven.
3366 2776 3660 2835 StilichOue

2067 2868 2133 2938 ll,
2164 2876 2218 2925 et
2246 2868 2539 2926 Anthemio
2565 2870 2722 2927 Coss.

2799 2964 2942 3020 XXI.

2424 3055 2709 3125 omnm
2745 3057 2885 3125 LEX
2916 3055 3297 3131 nouorum)

2460 3162 2463 3169 ”
2569 3166 2621 3205 IN
2654 3166 3105 3207 ΒΕΒΛΡΊΊΖΔΝΤΕΒ.

2178 3239 2263 3297 Ea:
2288 3240 2416 3298 Cod.
2447 3241 2645 3298 Tlieod.
2680 3242 2794 3299 Lib.
2828 3260 2935 3311 xvi,
2964 3244 3069 3299 Tit.
3102 3244 3288 3311 vi,-Ne
3308 3255 3544 3304 sanetum

2502 3336 2765 3408 baptisma
2795 3339 3039 3395 iteretur.
3067 3338 3129 3393 L.
3159 3338 3213 3394 5.

2284 3430 2455 3502 lmpp.
2482 3432 2683 3488 Aacao.
2717 3431 2920 3488 llosoa.
2951 3448 3018 3487 ar
3040 3431 3248 3489 Tusco.
3275 3433 3438 3489 AAA.

2616 3524 2886 3580 Hadriano
2911 3524 3015 3580 PF.
3046 3524 3103 3581 P.

2141 3617 2219 3673 Ne
2271 3618 2506 3673 divinam
2562 3619 2830 3690 gratiam,
2886 3619 2989 3674 sub
3059 3618 3290 3690 repetito
3338 3619 3657 3689 baptismate

2069 3710 2350 3781 pollutam,
2379 3710 2774 3783 Donatistarum
2797 3723 3005 3766 secreta
3033 3710 3321 3779 violarent,
3362 3722 3417 3766 et
3440 3711 3655 3767 fallendi

2070 3805 2432 3872 occasionem,
2463 3804 2748 3861 severitate
2773 3802 2931 3875 hujus
2953 3803 3332 3875 praeceptionis
3354 3803 3651 3871 abolemus,

1740 3898 2178 3956 ANNOTATION
2188 3898 2292 3959 ES.

361 4003 626 4057 sententia
664 3998 1069 4055 constitutionis
1113 3997 1255 4052 illius
1280 4038 1294 4059 ,
1342 4012 1503 4064 quam
1536 4007 1801 4053 memorat
1848 4000 1959 4052 Au-

362 4074 608 4145 gustinus
655 4074 805 4142 epist.
845 4070 992 4145 7166A
1041 4067 1551 4145 quamnBalduinus
1600 4069 1960 4145 constantino

360 4138 645 4214 perperam
687 4138 905 4205 tribuit,
941 4140 1065 4193 Not.
1118 4141 1186 4214 in,
1217 4138 1503 4214 Optatum,
1551 4157 1607 4214 pq.
1653 4139 1757 4214 8?,
1802 4141 1958 4214 cujus

361 4210 523 4271 etiam
558 4214 720 4268 verba
752 4213 1008 4267 nonnulla
1040 4211 1352 4274 consignat:
1388 4210 1644 4263 Attendite
1665 4211 1956 4281 (Donatis-

363 4300 443 4341 tas
485 4285 806 4354 compellat)
850 4281 1460 4354 quantimanifestissima
1500 4282 1726 4354 veritate
1752 4293 1841 4354 per
1865 4298 1958 4354 eor

360 4361 494 4428 regis
522 4348 658 4426 quod
686 4358 737 4408 in
779 4348 961 4408 manus
1000 4353 1094 4405 Dei
1126 4348 1219 4414 est,
1252 4353 1358 4428 ipse
1387 4348 1542 4428 Deus
1566 4348 1760 4428 {fixerit
1776 4353 1831 4405 in
1856 4353 1956 4405 ista

358 4419 471 4499 ipsa
500 4419 627 4498 lege,
652 4444 805 4494 quam
834 4435 1012 4479 contra
1046 4441 1129 4476 vos
1157 4426 1411 4499 prolatam
1441 4424 1610 4499 dicitis
1637 4432 1759 4499 {est
1785 4434 1953 4499 autem

361 4494 405 4553 si
431 4494 729 4570 inici-ligatis
766 4500 969 4570 prolata
998 4496 1271 4570 provobis.
1301 4494 1558 4570 A_t!en_dite
1577 4494 1705 4570 quid
1734 4494 1952 4570 habeant

360 4572 507 4624 verba
534 4565 821 4640 principis,
844 4566 980 4621 Nam
1013 4566 1056 4618 si
1088 4566 1140 4640 in
1168 4565 1352 4640 eisqui
1382 4565 1759 4640 primojnitiati
1803 4574 1951 4640 sunt,

361 4635 554 4694 idcirco
584 4635 767 4709 religio
799 4638 1133 4707 Baptismulis
1152 4636 1426 4707 judicatur
1462 4636 1672 4709 inﬁrma
1697 4678 1710 4699 ,
1741 4635 1879 4705 quod

363 4730 395 4765 a
424 4714 602 4781 quibus
633 4706 904 4779 accipitur.
935 4706 1225 4777 peccatores
1252 4714 1521 4774 putantur,
1551 4706 1695 4781 toties
1718 4706 1955 4781 renovari

362 4775 561 4836 necesse
598 4784 689 4836 erit
731 4775 977 4835 traditum
1026 4786 1438 4836 sacramentum,
1480 4776 1675 4841 quoties
1713 4775 1956 4845 indignus

362 4856 517 4924 fuerit
556 4855 787 4906 inventus
828 4850 1003 4904 collati
1043 4846 1283 4924 baptismi
1325 4845 1715 4924 administrator
1751 4856 1795 4897 et
1828 4845 1955 4924 [idea

365 4914 539 4978 nostra
566 4941 669 4977 non
697 4940 761 4977 ea:
795 4931 985 4975 nostra:
1014 4914 1289 4971 voluntatis
1320 4914 1532 4966 arbitrio
1552 4954 1566 4976 ,
1598 4932 1757 4982 neque
1782 4931 1844 4967 ex
1873 4916 1955 4967 tli-

362 4998 464 5050 vini
493 4997 713 5048 muneris
742 4993 909 5059 gratia
932 5032 943 5053 ,
980 4989 1068 5042 sed
1104 5002 1166 5059 ea:
1197 4986 1405 5059 meritis
1428 4985 1750 5059 sacerdotum
1777 4997 1823 5059 et
1855 4987 1955 5059 cle-

360 5069 583 5120 ricorum
618 5052 865 5133 qualitate
894 5052 1149 5130 pendebit.
1188 5055 1414 5133 aciunt
1440 5055 1579 5133 mille
1604 5056 1957 5133 conciliafp‘i-

360 5139 502 5208 διὀρὶ
531 5125 681 5190 vestri
706 5136 859 5189 :Ituic
880 5125 968 5185 tuti
996 5128 1259 5183 sententia:
1286 5125 1648 5195 respondeant,
1681 5137 1785 5180 etc.
1816 5126 1867 5199 1,.
1888 5126 1954 5182 G.

434 5230 510 5300 (I)
534 5229 817 5281 llonorina‘.
842 5220 1265 5300 constitutionis,
1284 5217 1663 5300 iulAdrianum
1679 5217 1961 5272 Pl’.'cniis-

362 5288 453 5364 sua,
492 5288 763 5352 [adversus
796 5294 1261 5364 anabaptismum_
1284 5288 1954 5364 DpnaliSlﬂl'Ullltwljljm'

362 5358 592 5439 denique
624 5369 722 5422 hac
754 5376 903 5437 parte
936 5358 1041 5416 vim
1092 5370 1145 5415 et
1171 5358 1438 5439 fallaciam
1462 5398 1477 5423 ,
1520 5373 1661 5439 anno
1802 5359 1908 5439 495
1935 5401 1950 5424 ,

358 5428 611 5505 lat:c,lha:
635 5428 769 5493 dum.
786 5446 964 5506 partes
994 5441 1119 5506 sunt
1148 5448 1159 5484 :
1186 5440 1241 5484 et
1267 5428 1484 5506 quidem
1508 5428 1695 5506 eodcin
1718 5429 1803 5484 die
1830 5430 1953 5485 ﬁne-

365 5530 469 5580 que
493 5499 741 5571 emiss-.12,
774 5499 882 5580 quo
909 5504 1235 5580 llenoticum
1257 5499 1513 5579 edictum,
1546 5500 1699 5580 cujus
1726 5515 1845 5580 pars
1867 5510 1953 5580 est

366 5568 446 5635 hex
473 5584 505 5633 '5
527 5598 696 5647 snpr.,
720 5568 773 5633 ct
793 5568 833 5632 ἶ.
858 5578 926 5631 58
965 5590 1109 5647 supr.
1134 5573 1195 5625 de
1217 5568 1707 5647 Itwi'eticis_,_quihus
1726 5570 1950 5647 proinde

364 5655 446 5701 tu:
471 5639 827 5717 duuquoque
848 5639 1160 5717 conssanda:
1191 5641 1436 5717 veniunt.
1466 5639 1687 5706 Nempe,
1712 5641 1850 5717 quod
1882 5641 1950 5694 ad

370 5723 497 5791 ti._l.
530 5722 562 5773 5
600 5709 807 5788 quoque
835 5720 942 5789 jam
975 5713 1225 5779 iudicavi,
1256 5709 1448 5768 eodem
1489 5720 1701 5777 semper
1753 5709 1854 5767 fine
1897 5720 1953 5767 ct

2066 3998 2382 4054 llenoticum
2409 3998 2643 4055 edictum
2699 3996 2764 4051 ad
2806 3997 3060 4067 populum
3090 4011 3186 4067 per
3217 3995 3502 4052 Africanas
3529 4012 3648 4065 pro-

2062 4070 2268 4124 vincias
2303 4070 2655 4140 propositum.
2691 4068 2979 4123 Donatistis
3005 4068 3070 4121 ad
3099 4068 3360 4123 unitatem
3388 4068 3655 4140 adducen-

2062 4141 2169 4206 dis,
2210 4137 2501 4196 invitan'dis
2529 4158 2541 4193 :
2569 4149 2624 4193 et
2651 4139 2766 4193 haec
2812 4140 3123 4193 constitutio
3156 4149 3368 4198 nostra.
3402 4140 3467 4192 ad
3516 4137 3655 4194 fran-

2060 4212 2289 4282 gemlam
2318 4227 2508 4267 eorum
2541 4211 2952 4282 contumaciam,
3008 4208 3317 4282 audaciam,
3344 4209 3654 4282 fallendique

2063 4280 2379 4337 occasionem
2412 4283 2493 4352 (nt
2524 4283 2560 4335 Ι.
2610 4283 2642 4335 5
2698 4280 2916 4344 dicitur)
2954 4280 3372 4349 praecidendum.
3422 4280 3529 4335 llac
3551 4284 3651 4352 sci-

2063 4354 2185 4408 licet
2209 4354 2405 4422 dnplici
2422 4351 2513 4407 via
2540 4351 2807 4405 Honorius
2834 4352 3137 4422 Dunatistas
3167 4352 3269 4403 hoc
3294 4359 3538 4418 tempore
3559 4351 3649 4406 ad-

2060 4425 2208 4494 g'redi
2235 4420 2483 4485 instituit.
2508 4430 2564 4477 et
2585 4423 2742 4476 edicti
2777 4420 3085 4494 monitorio,
3114 4431 3169 4494 et
3196 4434 3481 4494 ptenarttm
3504 4436 3650 4477 seve-

2060 4491 2242 4557 ritate.
2272 4505 2328 4548 ut
2358 4509 2614 4561 expresse
2636 4494 2847 4563 {dicitur
2894 4492 2931 4544 ι.
2956 4491 3014 4563 5,
3042 4492 3239 4563 emissa
3267 4492 3649 4548 constitutione

2058 4566 2125 4619 ad
2158 4560 2453 4619 Adrianum
2508 4564 2613 4617 PP.
2639 4560 2754 4634 'qni
2805 4561 3149 4634 severitatem
3176 4560 3337 4634 hujus
3371 4563 3470 4633 leg.
3496 4578 3647 4634 exer—

2060 4579 2125 4619 au
2158 4579 2453 4619 nurtanum
2510 4579 2613 4617 γυ.
2705 4579 2754 4616 ιιι
2805 4579 3149 4616 severitatem
3176 4579 3337 4634 ouus
3371 4579 3470 4633 leg.
3499 4579 3645 4618 exer-

2060 4638 2169 4690 ceri
2198 4647 2433 4699 euraret,
2460 4650 2556 4704 per
2584 4579 2952 4689 moﬁcratores
3002 4632 3427 4704 provinciarum.
3453 4632 3645 4689 officia~

2062 4708 2159 4768 les.
2210 4702 2542 4766 defensores.
2593 4704 2792 4773 dequo
2819 4703 2921 4771 ﬁne
2948 4704 3047 4773 leg.
3095 4702 3288 4757 Mirum
3340 4712 3539 4758 tantum
3578 4705 3645 4759 ab

2063 4777 2221 4845 hujus
2251 4777 2454 4831 codicis
2492 4772 2861 4845 conditoribus
2888 4774 2941 4827 in
2968 4772 3105 4826 duas
3135 4773 3283 4845 leges
3306 4790 3428 4829 eam
3455 4776 3645 4830 consti-

2063 4843 2322 4901 tationem
2373 4846 2460 4900 hic
2509 4844 2834 4917 discerptum
2864 4862 2911 4917 Δι’
2952 4852 3007 4897 et
3056 4843 3364 4917 posteriore
3415 4846 3640 4917 quidem,

2061 4918 2303 4989 eamdem
2395 4916 2726 4989 sanctionem
2782 4913 3004 4969 totidem
3048 4913 3235 4971 Verbis
3283 4913 3477 4987 repeti,
3528 4931 3640 4989 qua:

2063 4988 2243 5057 priore
2264 4987 2376 5055 jam
2398 4985 2791 5041 continebatur.

2137 5076 2435 5149 Antequam
2479 5077 2544 5129 ad
2578 5077 2744 5149 ipsam
2794 5076 3197 5133 constitutionis
3240 5078 3638 5149 dispositionem

2066 5146 2287 5221 accedo,
2315 5146 2425 5221 duo
2448 5147 2768 5221 prmstanda,
2789 5149 3273 5219 praemittendaque
3304 5146 3638 5221 Stlnl._Pfill|0

2072 5216 2360 5273 tenendum
2413 5217 2549 5271 hanc
2581 5216 3131 5281 εοηειίιὶιιὶοηθιιικιιι
3161 5216 3211 5274 et
3243 5216 3555 5278 llenoticum
3580 5221 3642 5276 il-

2061 5289 2151 5343 lud
2196 5288 2703 5364 ‘edicttitnuentissa
2728 5291 2792 5342 ah
2823 5289 3075 5364 Honorio
3104 5291 3302 5364 lmpcr.
3336 5292 3401 5347 ad
3431 5292 3641 5364 legatio-

2061 5374 2181 5413 nem
2213 5358 2424 5412 concilii
2458 5357 2896 5430 Carthagincnsis
2935 5361 3078 5430 quod
3112 5357 3355 5418 habitum
3387 5357 3638 5418 fuit'anuo

2060 5431 2339 5501 superiore
2372 5428 2497 5494 404,
2528 5429 2765 5501 Honorio
2797 5433 2860 5484 A.
2890 5428 3020 5486 \t'et
3046 5434 3374 5489 Aristmneto
3403 5434 3575 5501 Coss.,
3604 5432 3637 5491 6

2060 5499 2167 5573 kal.
2196 5500 2382 5554 .Iulias.
2418 5500 2572 5573 Quod
2603 5510 2660 5553 ut
2688 5500 2802 5567 ipsa
2834 5512 3135 5573 temporum
3160 5505 3299 5559 ratio
3326 5505 3534 5571 suadet,
3563 5499 3633 5559 ita

2059 5571 2217 5646 fidem
2236 5573 2451 5646 omnino
2467 5572 2659 5646 faciunt
2672 5574 2842 5641 capita
2860 5571 3140 5646 legationis
3154 5575 3330 5641 istius,
3348 5590 3513 5646 eaque
3526 5589 3639 5646 qua

2057 5644 2125 5695 ab
2153 5642 2281 5711 imp.
2330 5644 2566 5697 Ilonorio
2608 5644 2795 5713 legatis
2841 5642 3075 5711 petendo
3100 5647 3391 5713 commissa
3429 5642 3636 5703 iuerint

2058 5714 2449 5783 comprehensa
2503 5729 2568 5771 eo
2596 5712 3021 5772 Comtttonitorio
3058 5712 3215 5787 quod
3246 5724 3425 5775 exstat
3468 5717 3522 5773 iu
3549 5729 3635 5773 σοι
