3838 6222
167 280 311 336 1209
1020 290 1111 343 AD
1153 290 1686 352 DONATISTARUM
1726 296 2096 355 HISTORIAM
2138 284 2618 351 DERTINENTIA.
3292 294 3431 353 1210

162 410 490 468 statuentes,
540 410 598 458 ut
624 411 817 459 caetera
870 404 1176 476 lmjusmodi
1207 408 1451 466 homines
1484 427 1641 482 poena
1670 429 1757 470 se-
1783 427 1839 489 Α
1862 416 1915 472 in
1947 414 2277 470 Catholicam
2300 412 2611 483 religionem
2637 426 2890 483 perverso
2933 412 3183 484 dogmate
3211 418 3433 475 commi-

162 507 385 570 quatur,
417 497 657 570 legisque
686 511 969 557 censuram
1001 499 1346 573 experiantur
1374 503 1621 561 ultricem
1662 508 1751 578 qui
1862 508 2082 564 sissent.
2124 506 2386 566 iubemus
2412 506 2591 578 igitur,
2640 503 2707 561 Ut
2732 507 2777 561 si
2816 506 2905 578 qui
2930 506 3141 578 posthac
3175 508 3331 578 fuerit
3351 524 3437 567 re-

1543 622 2088 683 ANNOTATIONES.

162 711 297 837 ῗίεῧ
314 711 591 769 Canonum
639 711 897 770 Ecclesia:
924 711 1193 771 Africana:
1232 730 1279 771 c.
1316 715 1405 784 65,
1450 724 1639 788 postea
1668 732 1758 775 os-

187 798 257 837 en
304 800 476 837 emus.

162 792 476 839 tenuemus.

240 854 495 932 Secundo
544 858 662 913 loco
692 856 982 932 spectanda
1014 858 1173 932 nobis
1204 873 1266 932 ea
1289 860 1531 926 veniunt,
1561 862 1754 932 quibus

161 925 461 1002 confodere
485 998 494 1002 Α
518 939 573 983 et
622 925 952 985 confundere
980 930 1171 1002 nititur
1211 930 1478 987 Honorius
1506 925 1591 987 his
1614 934 1751 1002 legi-

161 996 274 1072 bus
310 997 1389 1072 Donatistas;et‘eoruntanabaptismum;
1417 1013 1601 1058 contra
1633 996 1754 1072 qui-

161 1066 274 1143 bus
307 1066 480 1143 fidem
524 1069 841 1125 catholicam
863 1112 878 1136 ,
910 1066 1306 1143 legitimumque
1327 1066 1383 1127 et
1428 1066 1750 1143 singularem

166 1137 428 1214 baptismi
474 1154 628 1194 usum
656 1137 1089 1214 commendatum
1121 1144 1189 1210 it;
1221 1137 1397 1214 'atque
1421 1137 1556 1201 adeo
1583 1147 1749 1203 ratio-

163 1223 269 1265 nes
291 1209 488 1279 quibus
512 1225 635 1265 eum
664 1210 911 1266 adstruit.

241 1279 556 1358 §ingulares
584 1283 953 1358 ante_omnia,
984 1284 1264 1355 variasque
1292 1284 1608 1358 baptismatis
1656 1303 1750 1358 ap-

162 1350 683 1434 pellationemqua}.
724 1351 817 1434 hic
838 1350 1194 1434 osurpantur;
1224 1350 1474 1434 colligere
1504 1359 1555 1412 in
1583 1350 1747 1434 unum

156 1420 344 1495 juvat.
376 1420 548 1495 Vocat
569 1422 774 1477 scilicet
805 1422 856 1495 id
888 1425 947 1477 1ο
971 1420 1285 1495 mysterium,
1315 1420 1380 1479 Ξῖ)
1404 1444 1587 1484 munus
1614 1430 1750 1484 divi-

165 1492 385 1557 nitatis,
410 1494 479 1565 75°
527 1494 917 1565 indulgentiam,
971 1492 1290 1565 “infusam
1320 1497 1532 1553 caelitus
1560 1503 1749 1554 sancti-

162 1564 468 1640 tatem,__5tj
490 1564 732 1640 divinam
763 1564 1005 1640 gratiam"
1028 1564 1120 1636 (de
1173 1581 1277 1637 qua
1305 1569 1485 1637 gratia:
1513 1571 1751 1640 appella-

164 1634 324 1689 tione
350 1634 461 1689 dixi
482 1636 594 1701 jam
613 1636 678 1690 ad
700 1635 736 1689 Ι.
768 1636 819 1691 1.
844 1637 1041 1705 supr.).

161 1728 179 1755 ι
216 1705 613 1778 ΑΡτορθάςὺειηι
642 1706 764 1763 dein
791 1721 852 1761 ea
878 1707 1072 1778 quibus
1097 1706 1276 1762 odium
1302 1724 1456 1762 suum
1481 1708 1748 1766 llonorius

162 1775 435 1833 adversus
456 1777 851 1835 Donatistarum
878 1775 1079 1834 sectam
1103 1786 1157 1833 et
1175 1779 1602 1848 auabaptismum
1630 1796 1750 1848 pas.

1860 718 2036 789 scelus
2064 732 2157 773 seu
2191 718 2397 774 facinus
2425 718 2507 775 vel
2536 718 2737 774 fallacia
2770 719 2939 774 hacin
2964 734 3021 776 re
3043 720 3425 789 processerint.

1858 788 2064 862 Nempe
2084 791 2319 862 domos,
2350 791 2464 845 loca
2496 804 2591 845 seu
2624 790 2818 860 praedia
2848 788 3161 860 seligebant,
3196 808 3314 862 qua:
3342 792 3426 848 fe—

1858 860 2059 917 ralibus
2082 860 2319 930 ipsorum
2349 861 2640 931 sacrilegiis
2672 861 2969 930 przeberent
3010 860 3270 916 secretum
3303 880 3317 916 :
3346 862 3425 918 id-

1855 948 1960 1001 que
1979 934 2023 987 si
2056 948 2162 987 non
2187 932 2439 999 dominis,
2464 944 2518 987 at
2539 932 2971 995 conductoribus,
2999 934 3427 1000 procuratoribus

1856 1018 2040 1074 eorum
2072 1004 2554 1068 consentientibus,
2603 1018 2738 1074 quos
2769 1003 2823 1074 in
2875 1010 3051 1070 partes
3079 1017 3202 1056 suas
3251 1003 3427 1060 trahe-

1855 1073 1981 1128 bant
2012 1092 2025 1129 :
2054 1084 2108 1130 et
2132 1075 2209 1130 sic
2238 1073 2628 1131 conscientiam
2654 1073 2941 1143 piacularis
2970 1074 3255 1141 perpetrati
3288 1075 3423 1130 intra

1851 1144 2178 1201 domesticos
2219 1148 2451 1216 parietes
2484 1147 2700 1201 silentio
2745 1145 2992 1201 celabant
3035 1152 3283 1216 secreto:
3311 1160 3428 1200 ser-

1774 1256 1781 1261 .
1856 1231 1954 1271 vos
1981 1218 2109 1272 item
2162 1214 2291 1273 suos
2342 1217 2409 1273 ad
2460 1217 2515 1272 id
2548 1218 2744 1271 invitos
2782 1216 3081 1286 cogebant:
3114 1214 3327 1286 tandem
3372 1225 3429 1272 et

1851 1289 2198 1357 conniventes
2224 1288 2323 1344 sibi
2343 1304 2487 1357 saepe
2512 1289 2562 1342 in
2590 1286 2766 1342 officio
2790 1284 3109 1342 constitutos
3132 1284 3421 1343 habebant.

1828 1356 1946 1413 .Hte
1977 1369 2084 1413 tres
2108 1358 2328 1414 fallacia:
2359 1356 2817 1428 llebaptizantium
2846 1366 3018 1414 erant.

1922 1429 2015 1484 His
2041 1429 2223 1500 igitur,
2252 1429 2548 1554 horumque
2574 1429 2881 1494 temeritati,
2906 1428 3015 1483 imo
3040 1428 3183 1482 omni
3207 1428 3425 1499 fallendi

1922 1501 2122 1554 :asioni.
2163 1510 2222 1554 ut
2237 1500 2438 1554 “dicitur
2486 1540 2499 1554 .
2541 1502 2595 1554 5.
2627 1502 2721 1554 hoc
2750 1501 2829 1554 tit.
2857 1499 3049 1554 iustam
3076 1501 3421 1554 severitatem

1849 1499 2122 1565 occasioni,
2163 1510 2222 1555 ut
2237 1500 2438 1555 “dicitur
2462 1499 2499 1555 ι.
2541 1502 2595 1567 5,
2627 1502 2721 1555 hoc
2750 1501 2829 1554 tit.
2852 1499 3049 1569 justam
3076 1501 3421 1555 severitatem

1852 1578 1908 1624 et
1935 1571 2613 1641 propositionem“opponit
2640 1571 2731 1641 his,
2749 1570 2954 1641 legibus
2984 1570 3269 1641 Honorius,
3296 1585 3423 1641 sep-

1852 1649 2067 1709 temque
2092 1640 2227 1694 adeo
2256 1640 2427 1694 media
2456 1640 2511 1694 et
2556 1640 2789 1695 remedia
2819 1658 2834 1695 :
2862 1640 2949 1696 cui
2976 1640 3195 1695 omnino
3226 1640 3419 1695 similis

1849 1719 1932 1779 est
1958 1710 2193 1778 ejusdem
2228 1709 2445 1764 Honorii
2494 1710 2584 1765 lex
2618 1710 2830 1764 biennio
2881 1720 3001 1779 post
3043 1709 3136 1773 40,
3166 1716 3307 1778 supr.
3358 1712 3421 1764 de

1849 1778 2119 1834 haereticis.
2161 1782 2212 1835 in
2261 1780 2605 1845 Manichacus,
2660 1778 2923 1849 Phrygas,
2968 1779 3420 1849 Priscillianistas.

162 1849 277 1940 sint
312 1849 614 1918 profitetur,
646 1849 1037 1940 verborumque
1060 1849 1197 1906 adeo
1223 1845 1591 1940 atrocitatelea
1620 1845 1749 1905 con-
1852 1849 2053 1913 Primo,
2103 1852 2365 1940 publicam
2410 1845 2967 1934 haneaccusaiionem
2992 1848 3162 1940 Ifacit,
3192 1849 3316 1904 dum
3340 1852 3422 1940 lin

162 1918 335 1997 fidit_:
368 1931 523 1997 vocat
562 1936 724 1997 eos,_
758 1918 1422 1997 adversarioscatholicze
1452 1921 1573 1997 fidei
1608 1939 1622 1977 :
1653 1936 1749 1977 eos

164 1991 479 2062 exstirpare
507 1991 664 2062 hujus
684 1991 894 2047 decreti
928 1994 1245 2047 auctoritate
1271 1994 1611 2061 pmSpexisse
1636 2007 1697 2048 se
1731 2012 1744 2046 :

162 2061 599 2135 intercidendam
627 2066 760 2133 (non
804 2063 1224 2135 interdicendum,
1254 2072 1310 2117 ut
1336 2062 1552 2132 quidam
1585 2078 1746 2132 repo-

162 2132 328 2204 nunt)
359 2132 665 2203 specialiter
701 2150 820 2190 eam
845 2132 1045 2189 sectam
1078 2152 1089 2187 :
1118 2136 1294 2189 scelus
1315 2176 1329 2198 ,
1360 2137 1743 2200 temeritatem,

160 2204 385 2259 noxiam
418 2205 732 2274 pravitatem
783 2204 869 2260 eis
920 2206 1137 2271 tribuit;
1164 2206 1482 2274 contagione
1509 2205 1747 2275 profana:

163 2274 517 2344 repetitionis
542 2275 755 2332 ablutos
784 2276 999 2331 inlicere
1029 2278 1103 2331 ait
1134 2296 1147 2331 :
1184 2277 1358 2331 iterati
1408 2274 1741 2346 baptismatis

158 2346 452 2417 sacrilegio
476 2346 715 2416 polluere
744 2364 757 2399 :
782 2349 1076 2401 ssevitatem
1101 2348 1445 2417 depravitatis
1478 2354 1703 2417 imputat
1730 2365 1742 2401 :

159 2415 352 2471 feralia
375 2415 676 2487 sacrilegia,
707 2417 933 2485 facinus,
963 2415 1230 2488 piaculare
1254 2415 1619 2488 perpetratum
1644 2419 1749 2473 cri-
1783 2442 1795 2446 ·

158 2502 315 2560 tuen,
350 2504 526 2557 pravae
554 2490 748 2544 mentis
790 2505 1053 2553 errorem,
1098 2492 1321 2559 gratiam
1371 2490 1471 2545 sub
1519 2490 1747 2560 repetito

155 2558 487 2631 baptismate
511 2560 789 2630 pollutam,
818 2558 1128 2631 perversum
1158 2560 1370 2630 dogma.

268 2646 378 2703 am,
428 2646 772 2703 summopere
827 2632 1117 2687 notandum
1167 2632 1309 2701 quod
1366 2632 1431 2686 ad
1467 2632 1744 2688 historiam

157 2701 567 2764 Donatistarum
590 2701 840 2771 pertinet,
871 2704 1027 2758 simul
1043 2712 1097 2757 et
1123 2703 1189 2757 ad
1205 2706 1475 2759 haereseos
1502 2711 1556 2757 et
1571 2704 1747 2759 schis-

157 2774 328 2828 ntatis
347 2772 734 2846 differentiam.
792 2774 993 2846 Nempe
1036 2775 1111 2829 ait
1136 2774 1440 2829 Donatistas
1465 2788 1613 2830 secta:
1640 2791 1747 2829 sua;

156 2844 455 2921 prtetulisse
480 2845 876 2921 appellationem
917 2844 1225 2921 s'cltismatis,
1255 2856 1323 2921 et_
1347 2860 1535 2921 revera
1566 2857 1743 2921 tamen

158 2915 401 2968 lueresim
428 2930 492 2985 ea:
541 2915 813 2971 schismate
840 2927 1026 2979 ortam,
1053 2917 1178 2971 dum
1208 2917 1633 2985 anahaptismum
1666 2917 1747 2973 in-

158 2985 387 3039 vehunt.
410 2984 565 3053 Quod
596 2986 863 3041 haereseos
883 2996 939 3042 et
960 2986 1263 3042 schismatis
1284 2986 1637 3042 differentiam
1665 2998 1745 3043 at—

157 3056 324 3120 tinet.
355 3068 440 3111 est
468 3072 530 3112 ea
550 3057 659 3127 jam
691 3057 822 3111 satis
849 3066 996 3121 nota,
1024 3073 1089 3111 ex
1118 3057 1289 3113 obviis
1314 3069 1555 3113 vetermn
1590 3060 1743 3114 te5ti-

156 3127 383 3197 moniis,
433 3127 685 3197 Cypriani
733 3128 785 3182 in
840 3127 944 3188 his.
976 3128 1257 3197 Augustini
1286 3128 1738 3197 et.Balsamonis.

157 3196 336 3269 Verus
365 3196 553 3253 saltem
582 3209 769 3255 auctor
810 3198 1005 3269 dialogi
1053 3196 1147 3253 seu
1198 3200 1607 3254 consultationis
1649 3210 1740 3255 aut

155 3268 530 3325 altercationis
575 3279 762 3325 auctor
810 3261 1312 3338 inter'Apollonium
1364 3270 1741 3338 Philosoiihum
1769 3261 1813 3322 C

156 3348 214 3393 ct
235 3338 524 3394 Zachteum
548 3338 908 3395 Christianum
939 3340 1027 3393 lib.
1052 3340 1104 3405 2,
1127 3340 1193 3394 de
1215 3339 1520 3394 Novatianis
1543 3356 1733 3409 agens:

158 3409 401 3465 Fuerunt
439 3412 493 3465 hi
528 3412 804 3481 aliquando
832 3410 1112 3473 nobiscum,
1157 3411 1245 3464 sed
1279 3410 1480 3465 Novato
1519 3411 1743 3480 quodam

155 3492 373 3536 auctore
388 3482 611 3551 disrupti
624 3493 765 3536 sunt:
789 3498 886 3535 non
905 3491 1071 3546 tamen
1087 3481 1333 3536 haereticis
1352 3484 1610 3551 (aquandi,
1624 3485 1743 3549 quia

156 3568 263 3607 non
289 3569 322 3605 a
344 3552 665 3622 confessione
677 3552 947 3615 catholica,
971 3553 1059 3605 sed
1076 3570 1106 3605 a
1128 3553 1376 3605 charitate
1410 3552 1736 3617 dissentirent,

155 3634 312 3693 atque
342 3625 397 3678 in
424 3625 590 3678 solam
618 3624 850 3693 pietatem
872 3624 1078 3677 rebelles
1112 3623 1204 3677 Dei
1230 3624 1595 3678 misericordia:
1622 3624 1743 3678 sub-

157 3694 395 3759 trahunt,
425 3711 550 3758 quos
575 3695 730 3749 semel
752 3695 945 3747 inimici
967 3696 1157 3762 laqueis
1177 3695 1398 3748 irretitus
1418 3695 1616 3747 restitui
1640 3712 1741 3750 non

154 3765 460 3835 admittunt,
509 3767 727 3820 mundos
755 3781 828 3830 se,
874 3775 1046 3835 atque,
1094 3773 1148 3818 ut
1173 3767 1399 3835 ipgirum
1425 3766 1571 3818 uerbo
1602 3775 1737 3832 utar,

154 3834 415 3891 Catltaros
443 3846 644 3902 nocant,
677 3846 721 3889 et
757 3833 1029 3890 conventus
1058 3846 1201 3890 extra
1230 3833 1511 3889 Ecclesium
1540 3843 1741 3890 contra-

154 3905 309 3961 hunt.
348 3907 452 3962 Par
480 3909 615 3962 ratio
648 3907 1042 3962 Donatistarum
1075 3915 1129 3960 et
1176 3904 1478 3959 schismatis
1510 3920 1695 3961 eorum
1722 3925 1736 3961 :

154 3978 225 4032 de
255 3992 369 4045 quo
394 3978 655 4033 videndus
687 3977 767 4033 vel
799 3978 1023 4045 Optatos
1052 3977 1405 4031 Milevitanus.
1436 3977 1542 4033 Sed
1570 3980 1737 4045 enim,

154 4047 342 4119 uthac
373 4050 471 4119 leg.
512 4049 728 4112 dicitur,
770 4048 975 4102 haeresis
1022 4064 1083 4101 ea:
1105 4045 1372 4119 schismate
1414 4059 1532 4101 nata
1563 4058 1652 4115 est,
1684 4057 1741 4103 ut

156 4117 330 4173 ferme
357 4117 491 4175 ali—as
516 4120 743 4175 adsolet.
794 4119 994 4189 Nempe
1022 4128 1227 4189 notum,
1272 4118 1572 4173 Donatistas
1597 4120 1741 4173 nullo

155 4191 398 4259 primum
438 4191 505 4247 de
536 4190 794 4261 religione
841 4188 939 4245 seu
966 4191 1139 4259 capite
1165 4188 1409 4261 dissidio,
1441 4190 1508 4243 ab
1559 4190 1742 4245 Eccle—

154 4258 233 4316 sia
265 4270 476 4318 lantum
508 4258 769 4316 catholica
791 4304 806 4327 ,
861 4270 916 4317 et
965 4258 1045 4315 sic
1089 4276 1115 4311 a
1146 4258 1372 4327 corpore
1408 4263 1696 4332 recessisse
1725 4278 1738 4314 :

155 4346 349 4387 verum
396 4341 581 4403 postea
608 4332 883 4387 schismati
918 4332 1163 4403 haeresim
1206 4338 1257 4403 et
1298 4330 1737 4396 obstinationem,

155 4401 536 4473 anabaptismo
588 4405 815 4468 invecto,
882 4402 1006 4457 odio
1056 4401 1456 4457 catholicorum
1495 4404 1739 4471 superin-

156 4474 387 4537 duxere,
406 4485 459 4529 et
488 4476 539 4530 in
562 4486 757 4529 tantum
788 4474 1029 4528 scelerum
1055 4474 1307 4542 progressi
1336 4481 1473 4535 sunt,
1508 4473 1647 4542 quod
1690 4482 1743 4527 ct

156 4546 507 4615 Augustinus
544 4561 648 4601 non
700 4561 805 4601 uno
855 4544 1014 4600 etiam
1066 4543 1383 4615 ineotradit
1414 4562 1425 4596 :
1455 4544 1594 4598 inter
1637 4545 1740 4597 alia

156 4614 380 4681 epistola
414 4618 550 4683 164,
581 4618 668 4671 ιιὺί
721 4618 798 4671 ait
829 4636 841 4670 :
875 4632 958 4670 eos
1001 4614 1285 4670 schismatis
1316 4614 1541 4682 crimen,
1592 4617 1741 4669 etiam

156 4687 398 4742 heresim
425 4688 557 4743 male
577 4688 944 4760 perseverando
970 4687 1166 4758 fecisse.
1480 4710 1481 4715 η

229 4783 399 4864 218
412 4780 671 4864 Notandaa
691 4782 850 4836 etiam
878 4780 1095 4864 llonorii
1110 4781 1330 4862 rationes
1343 4794 1373 4835 e
1394 4778 1747 4864 media-Theo-

158 4848 824 4923 logTa'in'anabaptismum
843 4894 855 4913 .
872 4852 939 4904 ab
954 4850 1221 4921 episcopis
1234 4865 1367 4919 quos
1390 4848 1745 4923 proculdubio

160 4920 517 4978 iu'consilium
548 4920 793 4977 adhibuit
818 4920 1085 4993 suggeStm
1102 4940 1114 4976 :
1133 4920 1747 4993 praetergencralesqum

159 4995 325 5049 etiam
348 5011 353 5014 '
379 4993 498 5048 aliis
530 4994 733 5059 legibus
759 4991 1139 5057 continentur,
1174 4993 1271 5047 ism
1307 4995 1461 5060 plane
1510 4991 1742 5047 Theolo-

158 5066 277 5135 gica
314 5083 329 5119 :
364 5063 516 5127 Inde,
544 5066 735 5134 inquit,
764 5065 895 5118 male
924 5064 1161 5119 credulas
1186 5073 1371 5117 mentes
1401 5064 1468 5117 ad
1496 5080 1635 5131 spem
1662 5080 1743 5117 se-

160 5136 350 5189 cunda:
399 5135 733 5205 indulgentia:
778 5135 993 5189 blandus
1044 5150 1187 5188 error
1239 5135 1418 5188 invitat
1448 5150 1466 5187 :
1496 5137 1649 5205 facile
1676 5142 1749 5187 cst

160 5210 295 5260 enim
345 5209 651 5277 persuadere
699 5206 1042 5275 peccantibus,
1073 5205 1276 5277 veniant
1308 5206 1447 5275 prius
1471 5205 1748 5277 prteslitant

162 5279 336 5331 denuo
368 5275 516 5345 posse
540 5286 786 5345 prtcslare
812 5292 830 5327 :
856 5291 972 5344 qua:
997 5281 1041 5329 si
1069 5275 1278 5327 concedi
1308 5280 1571 5345 iterunteo
1599 5275 1749 5328 modo

160 5357 348 5417 potest,
369 5343 474 5417 non
498 5343 829 5417 iiuelligimus
858 5343 951 5417 cur
996 5346 1141 5417 tertio
1164 5345 1454 5417 denegetur:
1486 5343 1597 5417 Huc
1622 5360 1741 5417 per-

164 5412 302 5470 tinet
333 5415 468 5468 illud
496 5412 815 5484 Tertulliani
848 5414 935 5484 lib.
984 5415 1048 5465 de
1069 5412 1332 5484 Baptisnio
1362 5430 1379 5466 :
1412 5414 1582 5467 Semel
1618 5415 1748 5483 bap-

164 5488 369 5539 tismum
398 5485 606 5548 inimus,
636 5481 791 5537 semel
819 5483 1005 5536 delicta
1027 5481 1310 5549 diluuntur,
1338 5485 1456 5553 quia
1487 5485 1660 5537 iterari
1687 5481 1747 5538 ea

164 5572 263 5610 non
292 5563 512 5625 Oportet.

236 5622 541 5693 Antequam
571 5624 729 5677 etiam
759 5622 824 5677 de
851 5622 1040 5677 mediis
1064 5623 1301 5691 agimus,
1340 5631 1498 5692 atque
1530 5622 1649 5677 ideo
1680 5624 1747 5679 de

162 5697 301 5766 justa
334 5694 561 5750 llonorii
606 5693 688 5749 his
718 5693 921 5766 legibus
952 5695 1237 5748 severitate
1282 5693 1745 5766 ad_cohibendum

165 5764 632 5841 anabaptismum,
688 5764 976 5822 videndum
1030 5778 1307 5835 quousque
1353 5764 1744 5821 Donatismrum

1855 1933 2076 1992 utraque
2105 1919 2151 1976 'l.
2186 1924 2290 1977 bet
2317 1922 2351 1977 5
2400 1924 2617 1989 statuit,
2659 1935 2753 1976 eos
2797 1920 2886 1989 qui
2928 1919 3425 1992 rebaptiaassegde-

1852 1989 2226 2055 tecti'fncrint.
2254 1992 2417 2060 judiei
2442 1993 2532 2062 qui
2558 1993 2843 2063 provincias
2866 1989 3069 2060 praeest
3082 1989 3383 2063 offerendos
3408 2009 3423 2047 :

1848 2074 1902 2117 et
1947 2078 2069 2117 mox
2125 2064 2306 2126 addit,
2351 2060 2583 2119 maxime
2612 2063 2898 2119 convenire
2941 2076 3129 2115 omnes
3175 2060 3421 2118 homines

1848 2134 1967 2189 sine
2018 2136 2131 2189 ulla
2169 2136 2476 2190 discrimine
2523 2135 2846 2189 conditionis
2875 2142 2967 2187 aut
3008 2139 3201 2196 status,
3230 2130 3421 2188 infusa:

1849 2205 2059 2259 coalitus
2104 2207 2402 2261 sanctitatis
2452 2220 2572 2261 esse
2620 2202 2915 2260 custodes:
2955 2202 3023 2258 de
3074 2216 3176 2271 qua
3208 2202 3418 2269 publica

1852 2276 2120 2331 hzcrcseos
2140 2318 2155 2343 ,
2208 2286 2265 2330 ut
2292 2287 2343 2332 et
2382 2276 2669 2344 apostasia:
2698 2273 3064 2339 accusatione,
3098 2273 3205 2326 suis
3235 2274 3419 2328 titulis.

1842 2346 1915 2401 Et
1958 2348 2036 2402 sic
2085 2350 2371 2401 lmmannm
2416 2343 2807 2417 quodammodo
2836 2360 3005 2417 genus
3051 2358 3211 2417 omne
3242 2343 3422 2417 inhos

1847 2420 2069 2489 animat.
2117 2419 2367 2475 Secundo
2396 2413 2994 2489 Rebaptizantesibonis
3040 2415 3152 2489 suis
3201 2413 3416 2489 multari

1843 2488 2025 2559 jubet,
2055 2506 2175 2558 quae
2204 2489 2330 2545 fisco
2373 2484 2752 2560 adquirantur,
2785 2487 2885 2560 nisi
2919 2487 3056 2560 filios
3092 2485 3201 2556 jam
3233 2484 3419 2541 ortho-

1847 2560 2016 2615 doxos
2044 2560 2295 2627 habeant,
2328 2561 2410 2616 vel
2433 2558 2521 2627 qui
2548 2560 2660 2614 fieri
2693 2558 2833 2613 serio
2856 2558 3038 2613 velint.

1917 2654 2123 2720 Tertio,
2157 2656 2268 2709 loca
2316 2657 2367 2709 iu
2423 2654 2615 2725 quibus
2648 2652 3019 2725 rebaptigzatio»
3046 2649 3187 2725 facta
3234 2650 3415 2725 fuerit,

1848 2724 2063 2780 domino
2086 2726 2308 2792 sciente,
2336 2722 2723 2791 consentiente,
2746 2722 3022 2778 coittlscari
3045 2722 3418 2792 imperatzimo

1847 2808 1901 2852 et
1944 2797 2219 2851 dominum
2250 2791 2468 2850 infamia
2512 2797 2708 2850 notari.
2764 2794 2985 2860 Quarto,
3040 2791 3417 2854 conductores.

1847 2877 2223 2938 procuratores
2244 2868 2489 2922 conscios
2513 2866 2796 2938 plumbatis
2817 2878 3007 2938 caisos,
3030 2863 3415 2938 inperpetuum

1846 2931 2096 2995 exsilium
2123 2938 2347 2993 dandos.
2388 2931 2607 3004 Quinto,
2648 2935 2815 2990 servis
2840 2943 2891 2989 et
2918 2933 3141 2997 colonis,
3166 2946 3299 3004 quos
3327 2931 3423 2986 do-

1846 3010 1976 3064 mini
2015 3009 2081 3065 ad
2110 3001 2537 3079 anabaptismnm
2569 3021 2773 3079 cogere
2791 3003 2977 3067 velint,
3009 3001 3262 3079 Ecclesiae
3292 3017 3417 3072 per-

1845 3080 2044 3150 fugium
2089 3091 2273 3150 patere
2286 3074 2517 3144 'debere,
2547 3088 2600 3134 et
2630 3074 2695 3150 ad
2724 3077 3019 3150 libertatem
3066 3074 3421 3150 ideo_p_erv_e-

1845 3144 1981 3214 nire.
2005 3144 2119 3216 seu,
2146 3161 2202 3205 ut
2233 3151 2491 3221 loquitur,
2519 3148 2774 3202 attributa:
2800 3145 3041 3221 libertatis
3069 3144 3305 3221 prwsidio
3330 3144 3421 3198 de-

1846 3223 2007 3292 fendi.
2037 3221 2188 3289 Quod
2217 3216 2430 3291 quidem
2469 3222 2736 3292 adjectum
2767 3218 2934 3292 videri
2968 3216 3151 3292 pOSsit,
3206 3222 3420 3283 prepter

1848 3287 2147 3361 Crispinum
2200 3287 2573 3347 Calamensem
2628 3290 3016 3361 Donatistarum
3068 3287 3417 3361 episcopum,

1842 3364 1933 3431 qui
1963 3358 2187 3416 colonos
2208 3363 2468 3431 quosdam
2501 3359 2749 3415 mercede
2776 3368 3030 3431 attractos
3052 3358 3420 3431 rebaptizave-

1844 3426 1926 3486 rat
1957 3432 2070 3503 :rde
2095 3448 2201 3502 quo
2226 3426 2563 3503 'Augustinns
2589 3430 2807 3503 epistola
2841 3429 2961 3494 175,
2992 3437 3037 3481 et
3085 3436 3259 3503 contra
3288 3426 3422 3503 littea

1841 3519 1927 3557 ras
1950 3495 2195 3577 Petiliam
2218 3495 2343 3573 cap:
2365 3504 2455 3577 88;
2485 3514 2539 3557 et
2568 3495 2651 3577 hic
2680 3500 2896 3577 interim
2928 3511 3085 3577 casus
3112 3498 3229 3577 aliis
3256 3495 3421 3577 adda-

1843 3583 1950 3647 tur,
1974 3574 2183 3647 :quibus
2234 3566 2373 3647 servi
2416 3582 2470 3627 et
2517 3566 3417 3647 colooipronprtemionlilicrtaiem

1841 3635 2229 3714 adipiscuntur.
2256 3643 2444 3715 Sexto.
2481 3635 2736 3715 testandi,
2770 3635 3329 3715 adipiscendialiquid
3350 3650 3415 3715 e_x

1834 3706 2151 3780 ’dotiationc,
2183 3714 2269 3768 vel
2300 3710 2655 3788 contrahendi
2676 3713 2762 3788 jus
2793 3706 3269 3788 rebaptizantibus,
3299 3706 3419 3775 qui-

1841 3800 1943 3859 que
1972 3777 2157 3859 eorum
2188 3785 2413 3859 statibus
2446 3797 2537 3837 seu
2579 3777 2891 3859 ministeriis
2931 3777 3415 3859 prwbuerintncon:

1842 3845 2157 3912 tiiventiam.
2208 3856 2487 3927 inerrare
2531 3845 2966 3927 permanantibus
3014 3845 3412 3927 adi_tnit._Quod

1843 3928 1908 3981 ad
1939 3929 2153 3981 Patrum
2213 3918 2585 3979 Africanorum
2648 3922 2958 3991 petitionem
3012 3918 3416 3991 etlcgatiOuctn

1841 4001 2154 4061 sancitum;
2214 3996 2294 4050 sic
2345 3994 2485 4049 enim
2536 3994 2606 4048 illi
2650 3988 2714 4047 in
2767 3990 3177 4061 commonitorio
3230 3988 3418 4061 legatis

1842 4070 2006 4131 dato;
2042 4058 2326 4121 Petendum
2381 4068 2555 4130 etiam,
2589 4074 2641 4117 ut
2688 4065 2770 4119 lea:
2798 4078 2909 4133 qute
2953 4059 3225 4133 ha’reticis,
3257 4058 3333 4133 uel
3358 4072 3421 4133 ea;

1842 4128 2223 4203 donationibus,
2269 4138 2345 4191 vel
2372 4152 2434 4191 ea:
2479 4128 2784 4209 testamentis
2810 4128 3006 4209 aliquid
3060 4129 3295 4197 rapiendi
3340 4128 3421 4209 uel

1842 4211 2158 4279 relinquendi
2187 4209 2401 4280 denegat
2442 4208 2767 4281 facultatem,
2794 4208 2855 4281 ab
2887 4218 3061 4281 corunt
3087 4215 3287 4281 quoque
3315 4208 3423 4281 pte:

1844 4292 1945 4334 tate
1974 4270 2214 4333 hactenus
2234 4270 2510 4351 rcp'etatur,
2541 4288 2595 4351 ut
2636 4277 2707 4351 eis
2747 4272 3063 4351 relinquendi
3092 4272 3169 4351 uel
3190 4270 3420 4351 sumendi

1833 4354 1923 4423 jus
1947 4350 2158 4415 adimat,
2192 4339 2596 4421 qui'pertinacitc
2632 4348 2809 4423 furore
2846 4339 3017 4423 creanti
3042 4344 3095 4395 in
3119 4339 3422 4423 Donatista:

1844 4412 1957 4476 rum
1989 4412 2159 4475 errore
2202 4412 2516 4489 perseverare
2560 4412 2830 4492 voluerint.
2874 4414 3119 4492 therum
3161 4412 3292 4492 illis,
3329 4412 3421 4492 qui

1845 4482 2247 4547 consideratione
2283 4491 2490 4545 unitatis
2521 4500 2567 4543 et
2610 4488 2748 4557 pacis
2795 4503 2849 4541 se
2873 4486 3132 4557 corrigere
3150 4482 3419 4557 voluerint,

1844 4566 2029 4632 absque
2055 4562 2324 4633 interdicto
2346 4562 2502 4633 hujus
2533 4552 2943 4633 (egiscapieuda:
2982 4558 3075 4633 jus
3112 4552 3422 4633 [hereditatis

1769 4638 1821 4698 D
1850 4621 2038 4705 pateat,
2094 4635 2137 4687 si
2187 4632 2356 4685 adhuc
2382 4621 2435 4705 in
2460 4621 2884 4705 errorehte‘relica
2914 4621 3201 4705 constitutis
3218 4621 3422 4705 aliquid

1851 4693 1968 4760 ante
1997 4693 2287 4758 donationis
2332 4703 2407 4757 vel
2448 4700 2761 4756 hwreditalis
2792 4698 3042 4752 obvenerit
3084 4713 3102 4749 :
3144 4693 3424 4767 ubiuvides
3505 4764 3509 4767 _

1850 4777 2094 4832 eamdem
2150 4788 2365 4845 quoque
2402 4772 2774 4841 exceptionem
2805 4788 2817 4822 :
2851 4769 2950 4845 nisi
2978 4808 2994 4835 ,
3035 4768 3202 4835 inquit
3231 4764 3427 4845 ,11990-

1850 4850 1983 4909 rius.
2018 4834 2186 4919 prava?
2208 4834 2386 4919 mentis
2410 4834 2629 4899 errorem
2650 4840 2944 4919 revertendo
2973 4834 3150 4919 rursus
3177 4836 3243 4919 ad
3271 4834 3426 4919 fidem

1850 4906 2063 4988 consilii
2089 4916 2369 4971 emendatio
2409 4915 2703 4988 correaerit.
2756 4911 2895 4980 Ergo
2927 4906 3317 4988 revertentibus
3358 4906 3425 4988 ad

1852 4990 2009 5045 ﬁdem
2040 4987 2367 5043 Catholicam
2389 4995 2442 5040 et
2469 4986 2620 5060 ipsis.
2644 4979 2901 5037 eteorum
2934 4979 3057 5033 filiis
3083 4992 3243 5060 supra
3272 4979 3425 5049 venia

1848 5062 1973 5115 data
2003 5078 2015 5112 :
2049 5070 2103 5113 et
2129 5060 2206 5111 sic
2236 5066 2354 5125 post
2396 5056 2694 5125 propositas
2726 5066 2910 5125 ptenas
2936 5056 3308 5125 severissimas
3335 5062 3428 5102 ve-

1851 5134 1953 5184 nite
1978 5144 2093 5197 Spe,
2118 5122 2512 5181 Donatistarum
2547 5123 2895 5197 pervicaciam
2930 5122 3279 5197 l'rangi_posse
3300 5133 3426 5197 creo

1850 5202 1983 5257 didit
2011 5187 2298 5269 'llonorius
2329 5214 2342 5249 :
2376 5204 2431 5269 et
2480 5187 2724 5269 limitatio
2768 5200 2949 5269 tamen
2975 5187 3214 5269 qua-dam
3247 5187 3424 5269 addita

1851 5288 1877 5326 a
1902 5271 2147 5326 Putribus
2176 5267 2478 5338 Africanis;
2507 5265 2586 5318 Itis
2613 5280 2733 5317 sane
2756 5259 3005 5338 exceptis,
3029 5260 3114 5329 qui
3134 5259 3423 5338 lite-pulsati

1852 5341 2240 5412 putaverint__ad
2273 5335 2587 5389 Catholicam
2615 5329 2978 5412 transeundum
3010 5332 3175 5412 {quia
3204 5330 3266 5381 de
3300 5329 3419 5381 tali-

1852 5400 1944 5466 bus
1964 5408 2203 5462 credibile
2224 5418 2317 5481 est,
2345 5415 2600 5481 nonntetu
2623 5403 2837 5481 ctelestis
2854 5401 3056 5481 judicii
3067 5400 3233 5481 potius
3272 5415 3424 5467 quam

1854 5481 2039 5537 terreni
2064 5478 2313 5531 commodi
2340 5476 2579 5527 aviditate
2606 5471 2868 5527 unitatenr
2886 5471 3191 5523 catholicam
3222 5485 3425 5537 promp-

1856 5584 1879 5605 ρη
1926 5569 2003 5605 κέε.
2049 5548 2198 5615 Quod
2231 5558 2404 5600 tamen
2453 5545 2691 5615 Honorio
2736 5541 3005 5612 displicuit
3047 5555 3187 5592 anno
3214 5541 3337 5615 {07,
3391 5555 3425 5593 ιι

1855 5626 1893 5678 ι.
1926 5624 2014 5675 fit.
2041 5611 2183 5687 supr.
2212 5617 2274 5670 de
2303 5617 2477 5687 lueret,
2505 5631 2624 5683 qua-
2673 5614 2807 5668 hanc
2829 5611 2903 5666 'in
2937 5626 3047 5666 retu
3077 5620 3161 5665 est
3205 5611 3425 5679 elegan-

1854 5688 2061 5750 tissima
2088 5685 2142 5744 et
2176 5685 2581 5741 humanissima.

1925 5762 2205 5819 Postremo
2232 5755 2531 5815 rectoribus
2554 5754 2973 5829 provinciarum,
2994 5749 3316 5810 ofﬁcialibus
3336 5764 3428 5809 co-
