3838 6222
392 300 536 363 1215

1640 295 2069 354 MONUMENTA
2114 298 2388 357 VETERA

3514 297 3649 355 1216

392 413 630 488 episcopi
655 414 722 471 ad
739 385 1101 479 Catholicam,
1130 410 1232 482 ipsi
1259 424 1352 467 eas
1403 411 1650 468 obtinere
1705 410 1960 467 debeant:
1989 420 2043 481 Α
2071 412 2289 484 piissimi
2320 413 2653 469 constitutas:
2695 429 2794 483 quo
2832 412 3080 466 nesciente
3115 411 3196 463 uel
3225 409 3432 463 nolente
3464 411 3643 479 factas,

390 522 580 564 verum
607 521 636 560 a
659 506 777 575 lege
806 502 1129 569 unitatis,.et
1152 502 1406 573 deinceps
1453 512 1702 568 oporteat
1751 503 1965 558 univer-

389 614 476 655 sas
506 597 771 653 Ecclesias
796 595 1069 653 vindicare
1103 596 1205 652 sibi
1249 597 1531 668 episcopos
1556 597 1851 654 catholicos
1873 611 1966 653 eo-

386 703 502 744 rum
527 688 764 742 locorum
796 727 814 755 ,
861 688 928 743 ad
974 702 1110 759 quos
1137 687 1253 744 loca
1296 689 1396 744 sub
1426 690 1694 746 haereticis
1726 691 1963 761 pertine-

384 779 512 836 bant
539 778 623 833 vel
650 792 1035 851 conversorum
1064 779 1132 834 ad
1158 779 1491 836 Catholicam
1519 820 1537 847 ,
1568 781 1656 835 vel
1700 795 1808 835 non
1834 795 1964 835 con-

383 883 662 925 versorum
694 870 1073 926 hmreticorum
1104 892 1133 937 ,η
1182 881 1237 927 et
1287 870 1593 941 dioseeses,
1644 883 1698 927 et
1753 872 1802 927 si
1854 886 1962 941 qua

381 963 522 1031 forte
536 972 664 1021 sunt
687 965 1042 1022 inatrumenta
1064 967 1341 1033 Ecclesiae,
1371 948 1455 1022 vel
1472 967 1537 1021 ad
1564 968 1775 1037 ejusjus
1794 966 1960 1037 perti-

381 1058 584 1115 nentia.
615 1058 717 1127 Qui
745 1074 876 1115 vero
922 1059 1121 1131 aliqua'
1151 1053 1541 1131 usurpaverant
1576 1100 1592 1125 ,
1624 1068 1743 1129 post
1784 1060 1954 1127 legem

308 1157 312 1161 '
379 1160 637 1219 usurpata
668 1152 919 1207 convemi
968 1138 1268 1206 restituant.
1318 1150 1496 1222 (Cone.
1545 1150 1661 1221 Afr.
1709 1156 1825 1203 can.
1850 1146 1953 1213 66;

380 1239 510 1299 Cod.
540 1241 673 1318 Cari.
706 1243 850 1300 Eccl.
873 1245 991 1315 Afr.
1022 1261 1135 1298 cun.
1170 1242 1290 1315 99.)
1800 1250 1805 1253 ’

1070 1363 1259 1418 XXVI.

718 1489 936 1532 OCCASIO
965 1489 1139 1532 ιισυιι
1164 1490 1612 1539 δυθεερυεωτιυι.

447 1590 503 1647 ln
536 1588 766 1645 concilio
800 1588 1213 1659 Carthaginensi
1248 1588 1628 1661 subsequentis
1663 1588 1789 1645 anni
1823 1588 1951 1657 407,

375 1681 463 1738 die
495 1682 561 1737 16
588 1675 725 1752 junii
753 1681 1054 1753 legationem
1078 1682 1261 1737 iterum
1291 1683 1517 1751 suscepit
1548 1680 1955 1737 Fortunatianus

2067 500 2171 559 sive
2192 505 2367 560 dolose
2381 509 2605 579 jactant,
2627 507 2730 559 sive
2755 505 2965 557 libenter
2987 511 3203 571 putant;
3225 510 3381 569 atque
3402 503 3517 556 Irim:
3534 506 3645 559 ani-

2068 615 2178 654 mos
2198 599 2552 666 imperitorum
2572 595 3025 650 turbulentissimos
3046 593 3293 659 reddunt,
3318 603 3369 647 et
3392 591 3641 665 (Catholi-

2066 692 2160 761 cis)
2189 692 2472 763 periculose
2494 707 2555 742 ac
2583 690 2893 743 uehementer
2921 687 2971 740 in
2982 691 3155 747 festos.
3191 686 3333 743 llinc
3356 704 3488 745 vero
3513 691 3641 747 sub-

2063 783 2397 854 sequentium
2428 780 2639 837 occasio
2668 780 2867 849 legum.
2910 770 2911 773 “
3446 772 3451 775 ’

2482 893 2639 963 221
2681 905 2817 945 uno
2857 905 3039 948 bonum
3083 890 3208 948 408.

2736 1004 2951 1061 XXVII.
3004 1022 3010 1029 ‘

2532 1116 2693 1174 LEG
2715 1118 2807 1174 ES
2847 1118 3178 1175 HONORII

2004 1268 2010 1274 ,
2055 1223 2236 1273 aureas
2280 1210 2482 1281 ζνωιαιλε
2536 1226 2802 1266 Αυνειιευε
2849 1227 3169 1268 υοηλτιετλε
3220 1227 3481 1277 Αωοδρσε
3525 1229 3637 1272 u-

2464 1318 2689 1359 BETICOS
2738 1320 2906 1362 LATAS
2953 1320 3221 1362 RENOVA‘I'.

2093 1391 2175 1448 Ex
2204 1392 2333 1448 Cod.
2364 1392 2564 1450 Theod.
2596 1392 2633 1450 l.
2667 1412 2778 1465 xvi,
2808 1400 2889 1451 tit.
2916 1398 2971 1463 5,
2998 1397 3077 1451 De
3105 1397 3405 1464 Iltcreticis,
3435 1400 3471 1453 ι.
3495 1414 3599 1455 stt.

2054 1466 2469 1557 lmpplAscan.
2487 1487 2693 1546 Honos.
2718 1499 2771 1546 et
2792 1490 2998 1555 Tusco,
3022 1490 3186 1559 AAA.
3210 1490 3463 1563 Porfyrio
3483 1492 3631 1549 Prae.

2731 1582 2946 1639 Africae.
2998 1646 3002 1648 γ

2125 1682 2276 1739 Licet
2322 1683 2548 1738 crimina
2605 1684 2775 1741 soleat
2819 1702 2965 1757 paena
3012 1701 3263 1756 purgare,
3316 1700 3419 1741 nos
3462 1694 3631 1743 tamen

376 1775 643 1845 episcopus
675 1784 858 1829 contra
890 1772 1134 1844 Paganos
1154 1783 1199 1827 et
1220 1773 1505 1829 Itwreticos.
1541 1773 1597 1827 ln
1625 1773 1799 1829 altero
1827 1773 1955 1829 item
1989 1796 2035 1855 Β
2062 1791 2258 1847 pravas
2282 1776 2559 1832 hominum
2601 1776 2904 1833 voluntates
2934 1777 3305 1833 admonitione
3337 1780 3634 1848 pwnitentic

376 1866 606 1922 concilio
645 1866 887 1938 ejusdem
930 1866 1055 1920 anni
1102 1865 1225 1930 407,
1276 1865 1458 1921 habito
1502 1866 1825 1936 Carthagine
1867 1866 1959 1923 die

377 1957 445 2012 15
473 1957 650 2012 octob.
683 1956 983 2028 legationem
1004 1964 1181 2009 contra
1201 1954 1441 2025 Paganos
1471 1965 1519 2009 et
1547 1955 1816 2011 haereticos
1835 1972 1956 2010 sus-

373 2059 614 2121 ceperunt
646 2048 926 2103 Restitutus
960 2057 1005 2102 et
1032 2038 1332 2101 Florentius
1371 2048 1619 2118 episcopi,
1652 2064 1709 2102 eo
1735 2057 1959 2119 tempore

372 2157 472 2214 quo
503 2140 723 2207 Seuerus
749 2150 795 2195 et
822 2138 1087 2195 Macarius
1113 2139 1265 2194 occisi
1291 2148 1443 2194 sunt:
1474 2149 1519 2193 et
1551 2149 1757 2210 propter
1781 2156 1957 2194 eorum

375 2251 584 2290 causam
626 2232 856 2290 Euodius
894 2242 941 2289 et
980 2232 1231 2299 Iheasius
1279 2242 1324 2289 et
1374 2233 1545 2290 Victor
1580 2235 1807 2306 episcopi
1841 2234 1958 2291 εωδὶ

374 2339 513 2385 sunt.

443 2419 749 2490 Legationis
795 2434 1011 2474 causam
1046 2419 1258 2476 discere
1295 2419 1420 2476 licet
1456 2435 1525 2475 ex
1563 2420 1847 2491 Augustini
1886 2421 1953 2477 ad
1986 2500 1989 2501 ν

354 2510 676 2584 Olympium
705 2512 932 2583 epistola
961 2511 1050 2579 96,
1074 2528 1129 2567 n.
1155 2513 1212 2579 2,
1240 2530 1339 2584 quo
1365 2506 1617 2569 nimirum
1642 2530 1737 2585 per
1756 2530 1954 2570 novum

372 2603 712 2674 Imperatoris
747 2603 989 2659 edictum
1020 2604 1250 2659 nouerint
1277 2605 1469 2659 inimici
1500 2604 1776 2671 Ecclesiae.
1820 2607 1954 2679 leges

368 2682 489 2752 illas
503 2712 617 2768 qua:
636 2696 700 2750 de
718 2697 873 2752 idolis
894 2697 1280 2768 confringendis
1302 2706 1347 2751 et
1371 2696 1625 2753 Itwreticis
1647 2698 1961 2770 corrigendis

371 2790 481 2845 vivo
516 2782 805 2845 S'tilichone
836 2792 1007 2846 missa:
1040 2800 1198 2858 sunt,
1241 2807 1303 2845 ea:
1332 2792 1592 2872 uoluntate
1624 2789 1960 2862 Imperatoris

2061 1870 2320 1925 volumus
2344 1871 2651 1926 emendare.
2683 1871 3014 1940 Quicumque
3060 1871 3222 1940 igitur
3261 1871 3632 1926 lireretieorum

2062 1961 2198 2032 (sive
2221 1962 2514 2016 Donatista:
2535 1963 2664 2027 sint,
2695 1961 2811 2016 sive
2830 1960 3129 2026 Maniclizci,
3155 1960 3240 2015 vel
3263 1961 3638 2031 cujuscumque

2060 2053 2284 2107 alterius
2310 2067 2483 2122 prava:
2500 2051 2784 2121 .opinionis
2804 2092 2819 2116 ,
2852 2066 2915 2106 ac
2941 2052 3151 2122 sectab),
3184 2049 3428 2122 profanis
3455 2052 3639 2107 ritibus

2058 2143 2357 2215 adgregati,
2386 2140 2703 2198 catholicam
2728 2141 2887 2197 tidem
2910 2151 2965 2198 et
2990 2150 3244 2196 meritum
3288 2143 3434 2213 (qua:
3458 2157 3640 2199 omnes

2061 2236 2307 2292 homines
2356 2236 2601 2305 cupimus
2667 2228 2983 2306 observare)
3029 2232 3264 2304 simplici
3308 2233 3641 2289 confessione

2067 2328 2429 2399 susceperint,
2453 2326 2581 2382 licet
2602 2325 2738 2381 adeo
2764 2328 3118 2381 inveteratum
3147 2325 3355 2380 malum
3386 2324 3545 2395 longa
3583 2339 3642 2381 ac

2058 2420 2309 2476 diuturna
2355 2418 2701 2475 meditatione
2735 2416 3057 2472 nutriverint
3083 2457 3100 2483 ,
3143 2426 3200 2472 ut
3235 2417 3399 2473 etiam
3442 2414 3643 2487 legibus

2059 2524 2185 2569 ante
2221 2512 2346 2567 latis
2379 2510 2664 2567 videantur
2699 2508 2953 2576 obnoxii;
2987 2518 3170 2579 tamen
3206 2507 3344 2577 hos,
3380 2509 3563 2563 statim
3592 2515 3644 2565 ut

2060 2604 2267 2661 fuerint
2305 2606 2476 2659 Deum
2524 2590 2756 2673 simplici
2798 2601 3060 2671 religione
3103 2599 3360 2667 confessi,
3399 2600 3468 2671 ab
3506 2601 3643 2657 omni

2061 2714 2199 2754 noxa
2250 2696 2607 2755 absolvendos
2633 2710 2753 2751 esse
2794 2710 3079 2751 censemus
3107 2694 3188 2767 (l)
3215 2714 3230 2751 :
3254 2703 3312 2750 ut
3336 2694 3406 2750 ad
3436 2709 3642 2750 omnem

2062 2802 2294 2857 reatum,
2337 2805 2435 2847 seu
2456 2798 2599 2845 ‘ante
2633 2796 2946 2845 contractus
2977 2798 3083 2855 εει,
3126 2802 3223 2844 seu
3262 2796 3450 2859 postea
3486 2785 3641 2859 (quod

1740 2888 2313 2947 ANNOTATIONES..

368 2981 846 3055 violentisitantunt
879 2982 1162 3055 Donatistis
1187 2994 1233 3038 et
1263 2983 1770 3038 Circumcellionibus
1798 2984 1963 3055 impo-

369 3062 594 3108 neretur.
626 3053 827 3124 Yerum
880 3064 935 3110 et
959 3053 1192 3124 Crispini
1222 3056 1531 3123 provocatio
1579 3064 1634 3109 et
1684 3053 1961 3109 cicatrices

370 3126 611 3248 episcop;
638 3123 880 3193 Vagitani
915 3125 965 3178 id
996 3123 1135 3193 apud
1162 3125 1455 3180 Honorium
1487 3124 1741 3189 cllecere,
1764 3131 1958 3179 ut'om—

372 3197 529 3248 nibus
612 3198 963 3248 onatistarum
1012 3196 1222 3248 clericis
1253 3204 1310 3248 et
1359 3196 1619 3248 ministris
1668 3194 1957 3248 fatentibus

372 3197 529 3250 nibus
562 3194 963 3250 Donatistarum
1012 3196 1222 3261 clericis
1253 3204 1310 3250 et
1359 3196 1619 3252 ministris
1668 3194 1957 3251 fatentibus

371 3267 458 3322 vel
486 3265 751 3321 convictis
806 3280 1017 3336 poenam
1073 3268 1336 3320 aurariam
1389 3268 1704 3333 impdneret.
1758 3266 1959 3334 Quam-

372 3352 535 3405 quam
563 3336 665 3391 hoc
688 3338 804 3407 ipso
831 3352 972 3391 anno
1003 3347 1126 3391 ante
1154 3336 1291 3392 hanc
1326 3338 1499 3407 legem
1523 3379 1537 3401 ,
1562 3346 1765 3407 septem
1806 3351 1958 3391 men-

373 3407 526 3462 sibus
553 3417 673 3474 post
699 3408 1016 3478 legationem
1040 3408 1254 3463 Patrum
1283 3407 1675 3473 Africanorum,
1715 3409 1955 3463 severio-

376 3493 489 3534 rem
514 3478 671 3547 longe
702 3480 770 3534 ab
800 3478 1038 3533 Honorio
1069 3493 1280 3549 pmnam
1311 3479 1599 3534 Donatistis
1620 3479 1958 3547 rebaptizan-

376 3548 518 3631 tibus
550 3550 874 3631 impositam,
902 3556 1029 3631 puta
1057 3548 1321 3631 bonorum
1375 3549 1782 3631 proscriptioni-3
1810 3548 1955 3631 ,ﬂdo-

372 3628 462 3692 cet
554 3620 600 3692 ί.
624 3618 686 3683 4,
714 3622 766 3685 5,
799 3621 856 3692 in
889 3622 1010 3687 ﬁne.
1043 3618 1127 3674 Ne
1156 3620 1548 3692 sanctumbapt.
1575 3618 1692 3692 iter.
1735 3618 1783 3674 ι.
1817 3618 1883 3692 G.

444 3689 1061 3762 (l)iPtenitentibusseu
1096 3691 1371 3747 conversis
1400 3688 1671 3762 haereticis
1695 3705 1792 3762 per
1815 3688 1960 3762 Afri:

371 3760 513 3825 eam,
535 3761 824 3816 Donatistis
844 3770 901 3816 et
918 3761 1223 3817 Manichaeis
1245 3772 1300 3816 et
1320 3762 1605 3828 similibus,
1622 3760 1723 3817 hac
1736 3760 1958 3816 Honorii

370 3833 757 3887 constitutione
801 3836 1027 3887 humana
1061 3848 1283 3903 prorsus
1324 3843 1377 3887 et
1418 3832 1643 3901 benigna
1681 3832 1840 3887 venia
1870 3833 1959 3886 da-

372 3910 478 3967 tur,
520 3903 727 3975 pariter,
758 3914 815 3957 ut
845 3903 947 3957 hoc
980 3904 1098 3971 ipso
1128 3903 1239 3973 jam
1272 3918 1416 3975 anno
1445 3905 1480 3957 l.
1501 3918 1597 3975 κη.
1625 3919 1776 3975 prox.
1810 3919 1954 3975 supr.

370 3988 502 4028 vers.
534 3974 786 4041 alioquin,
818 3975 959 4028 circa
987 3975 1125 4027 filios
1143 3984 1348 4027 tantum
1373 3973 1789 4027 Manichmorum
1813 3990 1824 4024 :
1851 3973 1958 4027 non

371 4045 513 4098 circa
548 4046 693 4113 ipsos
716 4060 731 4098 :
764 4045 967 4112 pariter
989 4054 1046 4098 ut
1071 4044 1459 4112 ptenitentibns
1482 4052 1537 4098 et
1555 4044 1829 4098 conversis
1857 4044 1961 4097 Do-

374 4112 693 4186 natistarum
741 4114 867 4168 filiis
922 4115 958 4169 l.
990 4114 1022 4168 4
1054 4116 1180 4186 infr.
1213 4131 1277 4169 ne
1318 4123 1551 4167 sanctum
1578 4112 1863 4183 Baptisma.
1895 4114 1961 4168 Et

374 4185 493 4257 hac,
513 4185 729 4257 quidem
774 4186 882 4257 lege
926 4185 1491 4257 adcogpmnitentibus
1540 4199 1636 4240 seu
1684 4188 1961 4239 conversis

373 4254 545 4309 venia
574 4254 731 4310 datur
755 4296 770 4321 ,
822 4254 881 4309 ut
918 4256 1147 4325 simplici
1192 4254 1535 4323 confessione
1561 4298 1574 4318 ,
1621 4271 1959 4326 quocumque

377 4325 591 4381 tandem
631 4335 892 4392 tempore,
917 4324 1078 4381 etiam
1110 4326 1475 4382 exsecutioiiis
1508 4324 1955 4394 mox'faciendae,

375 4396 502 4457 licet
542 4397 623 4452 vel
660 4412 780 4452 sera
821 4396 1162 4453 confessione
1189 4399 1466 4452 conversis
1495 4396 1685 4462 detur,
1720 4398 1846 4452 licet
1874 4399 1956 4451 in-

2073 2983 2172 3038 His
2198 3000 2323 3039 sane
2354 2984 2576 3051 exceptis
2614 2985 2702 3055 qui
2730 2984 2818 3055 lite
2851 2982 3041 3055 pulsati
3066 2982 3455 3055 putaverintgad
3476 2982 3640 3038 catlto-

2067 3055 2221 3113 licam
2249 3051 2650 3118 transeundum,
2681 3054 2803 3124 quia
2831 3051 2907 3108 de
2928 3051 3116 3118 talibus
3152 3052 3398 3107 credibile
3424 3063 3518 3115 est,
3550 3070 3640 3107 non

2064 3136 2200 3198 metu
2222 3125 2433 3198 caelestis
2454 3125 2641 3198 judicii
2663 3124 2849 3198 potius,
2874 3140 3026 3195 quam
3046 3125 3233 3198 terren_i
3262 3124 3637 3198 commodisin.

2061 3195 2222 3249 ditate
2250 3194 2491 3249 unitatem
2511 3194 2814 3249 catholicam
2835 3194 3160 3264 preeoptasse.
3185 3194 3351 3249 Certe
3371 3195 3475 3248 etsi
3498 3195 3634 3264 Apo-

2058 3268 2216 3321 statis
2248 3267 2633 3334 paenitentibus
2652 3267 2807 3321 venia
2839 3264 3137 3335 proposita,
3159 3273 3402 3321 attamen
3433 3266 3636 3320 nonnisi

2059 3336 2477 3407 Catechumenis
2504 3337 2774 3407 Apostatis
2801 3334 2865 3394 ea
2892 3334 3038 3401 data,
3060 3344 3118 3407 at
3144 3351 3251 3392 non
3282 3335 3444 3390 etiam
3471 3337 3535 3390 iis
3554 3336 3640 3405 qui

2060 3423 2125 3463 ex
2158 3406 2408 3462 tidelibus
2446 3406 3037 3476 seucompetentibus,
3069 3406 3123 3461 id
3154 3414 3273 3470 est,
3312 3416 3435 3474 post
3464 3420 3639 3462 susce-

2058 3488 2207 3548 ptum
2229 3488 2472 3534 sanctum
2503 3478 2760 3546 baptisma
2790 3479 2842 3533 in
2864 3480 3187 3548 apostasiam
3218 3478 3478 3546 prolapsi,
3508 3492 3635 3547 quo—

2059 3547 2187 3621 runt
2207 3548 2462 3619 ﬂagitium
2494 3549 2809 3621 poenitentia
2839 3565 2944 3621 non
2974 3547 3342 3621 oblitteratur,
3370 3563 3496 3621 quae
3520 3562 3632 3621 sen-

2060 3619 2224 3691 tentia
2247 3617 2413 3691 est}.
2458 3617 2513 3686 ιζ
2562 3620 2710 3689 infr.,
2754 3620 2818 3674 de
2853 3620 3150 3691 Apostatis,
3196 3632 3360 3690 quam
3400 3617 3634 3687 Cujacius

2062 3689 2308 3744 Paratitl.
2330 3689 2459 3747 Cod.
2492 3706 2781 3756 numquam
2813 3689 3098 3745 intellexit.

2010 3784 2014 3791 ί
2059 3812 2072 3833 ._
2135 3761 2407 3833 Sulfragio
2450 3763 2611 3831 igitur
2632 3762 2792 3833 justas
2831 3761 3159 3833 ptenitentia:
3188 3760 3631 3833 quamlibetsera‘.

2059 3830 2347 3887 ltmreticos
2393 3830 2600 3887 abSolvi
2636 3830 3147 3889 't'oluitﬂttnorius.
3192 3832 3379 3902 Neque
3425 3832 3630 3886 dubium

2061 3902 2191 3971 mihi
2226 3904 2275 3956 id
2308 3903 2375 3957 ab
2403 3903 2641 3959 llonorio
2678 3905 3062 3971 constitutum,
3088 3904 3395 3959 occasione
3430 3902 3630 3957 concilii

2010 3982 2013 3985 ‘
2059 3970 2501 4044 Carthaginensis
2527 3975 2611 4037 10,
2637 3975 2781 4043 quod
2805 3974 2906 4028 hoc
2928 3974 3045 4044 ipso
3066 3991 3208 4029 anno
3242 3974 3304 4029 D.
3336 3973 3466 4037 407,
3491 3973 3633 4029 habia

2061 4052 2171 4097 tum
2201 4041 2298 4098 fuit
2324 4055 2449 4099 ante
2473 4059 2565 4099 sex
2601 4041 2771 4100 ferme
2812 4041 3023 4100 menses
3053 4048 3270 4113 pariter,
3304 4054 3361 4112 ut
3400 4044 3467 4098 ad
3498 4047 3630 4113 ejus.

2064 4114 2186 4186 dem
2219 4114 2640 4186 postulationem
2664 4116 2822 4186 legem
2844 4114 2936 4179 54,
2956 4132 3124 4186 supr.,
3153 4116 3215 4169 de
3246 4114 3520 4186 EpiscOpis
3542 4114 3627 4169 de-

2060 4184 2160 4248 dit,
2189 4199 2311 4255 qum
2335 4186 2417 4240 lex
2446 4184 2570 4240 huic
2590 4184 2862 4255 jungenda
2890 4195 2974 4241 est
2993 4184 3027 4238 :'
3053 4195 3110 4241 ut
3130 4186 3197 4240 ad
3220 4184 3338 4255 eam
3360 4184 3628 4255 probatum

2060 4264 2165 4310 est.
2196 4254 2349 4323 Quod
2381 4254 2608 4325 primum
2638 4254 2795 4325 hujus
2817 4257 2893 4311 rei
2926 4256 3295 4326 prtejudicinm
3322 4254 3516 4310 habeo.
3542 4254 3628 4310 Al-

2063 4335 2236 4397 terum
2264 4327 2470 4381 accedit
2495 4343 2559 4381 ex
2586 4342 2794 4382 canone
2820 4327 2937 4397 ejus
2963 4325 3242 4397 quoddixi
3271 4326 3521 4389 concilii,
3548 4325 3629 4397 ubi

2060 4396 2176 4452 haec.
2199 4398 2340 4452 inter
2359 4398 2459 4452 alia
2489 4395 3064 4454 lialtentttrﬂanone99
3090 4396 3215 4452 Cod.
3253 4396 3516 4466 Africani:
3541 4395 3630 4451 δας

374 4477 675 4539 veteratum
694 4468 902 4528 malum
930 4469 1084 4539 longa
1112 4478 1166 4524 et
1193 4468 1445 4523 diuturna
1475 4468 1820 4524 meditatione
1852 4485 1953 4523 nu-
1982 4465 2033 4524 D
2061 4485 2124 4522 ne
2144 4477 2199 4522 ut
2234 4469 2341 4527 illa:
2381 4468 2582 4538 plebes,
2611 4484 2724 4539 qua:
2759 4485 3012 4525 conversae
3040 4478 3155 4523 sunt
3179 4485 3211 4521 a
3242 4465 3561 4531 Donatistis,
3586 4476 3627 4521 et

375 4538 639 4611 triverint,
665 4539 808 4594 inter
829 4540 943 4609 ipsa
962 4538 1177 4611 quoque
1203 4539 1622 4611 periculaatque
1642 4539 1695 4594 in
1722 4540 1952 4595 miseriis

370 4609 504 4679 ipsis
547 4611 797 4665 invocato
833 4609 1107 4681 religionis
1144 4610 1404 4666 subsidio.
1443 4609 1948 4681 Nequeﬁquidquam

372 4681 635 4752 interesse
667 4682 779 4736 vult
806 4681 1077 4737 Honorius
1102 4722 1115 4746 ,
1152 4681 1220 4737 de
1260 4696 1366 4752 quo
1392 4689 1574 4737 tamen
1605 4682 1688 4736 vel
1720 4684 1951 4737 maxime

373 4751 681 4815 dubitatum
705 4752 938 4818 videtur,
970 4753 1087 4807 sive
1116 4764 1240 4807 ante
1268 4751 1413 4821 leges
1442 4768 1470 4807 a
1498 4767 1558 4808 se
1588 4754 1639 4806 in
1671 4753 1952 4808 haereticos

373 4822 540 4888 latas,
570 4820 838 4945 siverpOst
862 4837 955 4877 eas
983 4822 1117 4877 latas
1152 4824 1218 4877 ad
1246 4820 1494 4877 haeresim
1523 4824 1791 4893 prolapsi,
1825 4838 1954 4877 con-

375 4894 515 4945 versi
544 4892 667 4945 dein
721 4893 915 4945 nerint.
941 4893 1074 4945 Sera
1103 4909 1296 4945 nemne
1318 4908 1604 4945 numquam
1631 4902 1715 4945 est
1743 4893 1954 4945 lucreti-

375 4894 515 4946 versi
544 4892 667 4947 dein
698 4892 915 4948 fuerint.
941 4893 1074 4949 Sera
1103 4909 1296 4963 nempe
1318 4908 1604 4963 numquam
1631 4892 1715 4947 est
1743 4893 1954 4948 hat-reti-

372 4978 557 5018 eorum
581 4964 865 5020 conversio
891 4965 955 5019 ad
979 4965 1259 5021 evitandas
1280 4978 1463 5033 poenas
1482 4964 1742 5019 licerelicis
1760 4978 1953 5033 propn-

372 5035 521 5106 sitas.
556 5034 629 5089 lta
649 5077 665 5101 ,
695 5033 909 5106 inquam
931 5079 945 5103 ,
976 5035 1241 5091 Honorius
1259 5036 1578 5106 generaliter
1595 5044 1650 5090 et
1665 5034 1835 5104 quoad
1855 5036 1967 5089 evi-

372 5104 564 5160 tandas
601 5104 821 5175 pmnas',
862 5114 915 5161 et
938 5107 1003 5161 ad
1034 5104 1412 5171 abolitionem,
1436 5114 1495 5160 ut
1530 5108 1780 5176 loquitur.
1812 5106 1963 5173 Quod

370 5193 532 5232 omne
564 5179 711 5233 velut
739 5177 1011 5247 singulare
1046 5179 1346 5235 notandum
1377 5186 1479 5232 est.
1516 5178 1763 5245 Alioquin
1788 5178 1963 5247 quoad

372 5250 585 5306 lucrum
604 5264 890 5319 emergens
903 5250 1219 5319 captandum
1235 5249 1465 5305 concilio
1482 5248 1885 5318 Carthaginiensi
1906 5249 1962 5315 8,

412 5320 514 5374 uod
556 5322 795 5376 habitum
841 5335 985 5376 anno
1030 5320 1159 5388 404,
1204 5329 1329 5376 ante
1376 5321 1661 5376 triennium
1713 5321 1957 5375 Pati-ibus

412 5338 514 5374 uoa
556 5338 795 5376 nauttum
841 5338 985 5376 anno
1030 5338 1159 5388 sua,
1204 5338 1329 5376 ante
1376 5338 1661 5376 triennium
1713 5338 1957 5375 l’nU'lDus

370 5338 643 5448 gfricanis
662 5391 877 5461 aliquod
905 5393 1162 5462 temporis
1183 5392 1469 5462 discrimen
1494 5391 1757 5461 placuisse
1778 5391 1958 5455 video,

374 5477 429 5520 ut
455 5474 688 5534 patetex
708 5461 1374 5534 Canone_93;(}od.lAp-ic.:
1400 5461 1664 5527 Ceterum,
1691 5463 1960 5530 inquiunt,

374 5521 478 5592 ξιιξὶ
502 5537 589 5606 qui
603 5521 1030 5590 consideratione
1051 5521 1338 5603 υηὶιαιίδξει
1361 5535 1499 5603 pacis
1519 5550 1572 5588 se
1599 5521 1849 5606 corrigere
1876 5521 1956 5586 vo;

376 5607 564 5661 luerint
585 5650 599 5670 ,
632 5606 820 5674 absque
844 5606 1294 5678 interdicto‘ltujus
1324 5606 1447 5678 legis
1470 5646 1485 5670 ,
1515 5606 1773 5678 capiendtc
1799 5606 1963 5678 luere:

388 5678 563 5730 ditatis
583 5679 759 5731 aditus
780 5686 973 5747 pateat,
1006 5680 1047 5733 ei
1068 5676 1237 5731 adhuc
1257 5677 1309 5730 in
1339 5676 1507 5730 errore
1529 5676 1761 5747 haeretica
1783 5677 1969 5730 consti-

388 5747 506 5801 tutis
550 5747 742 5818 aliquid
782 5746 903 5805 ante
941 5748 1233 5807 donationis
1268 5747 1348 5804 vel
1383 5746 1693 5803 Ittereditatis
1729 5748 1923 5802 obvenit
1944 5763 1965 5814 ;

2060 4539 2345 4607 habuerunt
2364 4540 2647 4609 episcopos,
2668 4540 2776 4595 sine
2796 4539 2972 4605 dubio,
2992 4539 3281 4594 inconsulto
3306 4539 3519 4593 concilio
3542 4540 3627 4593 lia-

2060 4612 2176 4665 bere
2192 4610 2500 4683 mereantur:
2520 4627 2632 4682 qua:
2651 4621 2818 4666 autem
2836 4611 3005 4683 plebes
3024 4612 3311 4666 habuerunt
3328 4611 3625 4683 episcOpuru,

2059 4692 2106 4754 et
2137 4698 2192 4735 eo
2223 4682 2467 4754 defuncto
2499 4680 2747 4736 voluerint
2784 4680 2883 4736 non
2923 4684 3217 4754 episcOpum
3256 4682 3523 4751 praprium
3546 4680 3627 4733 Ita-

2058 4751 2203 4816 bere,
2232 4753 2320 4806 sed
2346 4753 2414 4806 ad
2442 4754 2662 4821 alicujus
2698 4753 2923 4823 episcOpi
2947 4751 3187 4808 ditecesin
3218 4754 3504 4822 pertinere,
3538 4767 3625 4805 non

2057 4826 2129 4877 eis
2159 4840 2265 4877 esse
2308 4824 2675 4894 denegandum.
2717 4822 2829 4878 Nec
2870 4822 2969 4878 non
2995 4834 3045 4880 et
3076 4825 3209 4878 illud
3235 4834 3524 4894 suggestum
3542 4832 3625 4886 est.

2058 4894 2196 4963 quod
2235 4894 2403 4964 plebes
2430 4893 2549 4962 ante
2580 4896 2735 4965 legem
2761 4896 3125 4967 imperatorum
3152 4895 3216 4967 d_e
3240 4893 3438 4967 unitate
3464 4893 3623 4967 latam,

2065 4967 2370 5033 quicumque
2410 4967 2758 5087 qpnverterunt
2797 4964 3021 5037 episcopi
3061 4966 3131 5019 ad
3166 4964 3506 5028 Catholicam,
3541 4964 3626 5035 ipsi

2066 5052 2151 5087 eas
2178 5035 2399 5087 obtinere
2458 5036 2629 5087 ebeant
2650 5052 2668 5087 :
2694 5051 2871 5087 verum
2894 5053 2924 5087 a
2951 5038 3058 5087 leae
3083 5036 3160 5087 lid
3185 5046 3271 5087 est
3300 5047 3421 5087 post
3447 5031 3621 5087 leuem]

2066 5031 2157 5117 eas.
2168 5035 2399 5119 obtinere
2422 5031 2629 5119 debeant
2650 5052 2668 5088 :
2694 5031 2924 5119 peritura
2951 5031 3058 5119 lege
3083 5036 3160 5107 [id
3185 5046 3271 5092 est
3300 5047 3421 5119 post
3447 5031 3621 5119 legent]

2066 5106 2299 5177 unitatis,
2337 5115 2380 5156 et
2405 5104 2642 5175 deinceps
2672 5116 2909 5177 oporteat
2924 5104 3183 5161 univefsas
3209 5107 3451 5159 ecclesias

2067 5192 2182 5228 care
2216 5176 2312 5229 sibi
2338 5176 2604 5247 episwpos
2643 5175 2916 5231 catholicos
2951 5194 3126 5232 eorum
3153 5177 3404 5241 locorum,
3432 5175 3499 5229 ad
3514 5188 3619 5247 quos

2065 5248 2177 5302 loca
2203 5247 2295 5300 sub
2326 5246 2573 5300 bwreticis
2602 5249 2949 5315 pertinebant,
2975 5249 3052 5301 vel
3072 5262 3431 5301 convenarum
3454 5246 3522 5301 ad
3542 5261 3618 5300 ca-

2066 5318 2307 5373 tholicam
2324 5318 2401 5371 uel
2421 5334 2522 5371 non
2544 5334 2896 5372 conversorum
2920 5320 3295 5382 ltwreticorum,
3320 5327 3370 5372 et
3388 5319 3615 5379 dicunt,

2064 5400 2112 5446 et
2140 5392 2185 5445 si
2220 5407 2321 5459 qua
2360 5390 2491 5454 forte
2520 5400 2636 5444 sunt
2669 5392 2999 5444 instrumenta
3034 5390 3293 5455 Ecclesia,
3325 5390 3406 5445 uel
3435 5388 3503 5461 ad
3522 5390 3618 5461 ejus

2062 5464 2154 5533 jus
2173 5458 2493 5533 pertinentia.
2528 5461 2628 5525 Qui
2649 5477 2762 5517 vero
2774 5462 2945 5533 aliqua
2964 5472 3340 5533 usurpaverant
3360 5458 3614 5533 postlegeyl

2067 5528 2315 5603 usurpata
2350 5534 2578 5587 conventi
2613 5528 2898 5589 restituant.
2931 5528 3099 5589 Vides
3122 5532 3189 5589 de
3216 5528 3469 5587 conuersis

2072 5615 2153 5660 tcr
2175 5600 2279 5677 agi;
2304 5603 2464 5677 vides
2481 5614 2745 5675 tempora,
2768 5620 2885 5677 qua:
2909 5603 2995 5659 hic
3016 5606 3337 5677 miscentur,
3363 5600 3610 5677 distingui,

2070 5684 2193 5747 puta
2212 5674 2628 5742 conversionem
2654 5674 2979 5748 ante’legem
3014 5676 3083 5733 de
3122 5676 3330 5748 unitate
3362 5675 3614 5748 ιριεωςδι

2070 5743 2191 5818 post
2213 5762 2331 5804 eam
2352 5748 2532 5807 latam.
2865 5743 2888 5748 ⁷
3146 5745 3333 5804 αωοβ.
3358 5743 3607 5804 Garum
