3838 6222
454 242 596 301 12ὶὸ

1402 235 1623 296 GESTA
1663 235 2114 297 COLLATIONIS
2148 234 2765 296 CAR'I‘IIAGINENSIS.

3602 234 3733 291 129A

1205 346 3723 373 W

1590 432 1753 510 225
1802 438 1952 493 Anno
1990 437 2185 495 Doutm
2220 438 2347 495 411.

1057 463 1753 718 GESTZ"
1801 463 3143 716 ἓὸἷίΑΤΙΟΝιδ

1643 752 2168 845 CARTHAGINI,
2216 774 2543 837 HABITjE

1136 1002 1141 1009 .
1374 898 1847 1013 stomun
1906 900 2039 1001 cn

2146 895 2404 969 ABIS
2480 893 2795 968 JUSSU
3034 1003 3039 1007 ι

692 1073 694 1075 ν
768 1020 1213 1109 INTER-
1285 1017 2170 1104 CATHOLICOS
2275 1016 2441 1099 ET
2542 1014 3423 1110 DONATISTAS

1098 1155 1317 1200 COBAM
1345 1129 1756 1199 usncnumo
1784 1153 1847 1198 ν.
1883 1153 1942 1197 c.
1971 1153 2039 1197 ἠ

2171 1142 2255 1195 ΕΤ
2282 1148 2433 1195 NCT.
2456 1148 2515 1193 Ρ.
2536 1148 2596 1193 C.
2629 1149 2898 1196 VABANIS
2925 1151 2987 1194 ν.
3026 1152 3085 1196 C.

820 1379 824 1382 ⁴
924 1372 1296 1435 PREFATIO
1316 1370 1562 1473 OPERIS

958 1532 1012 1573 Ρ.
1043 1526 1313 1571 μεδοηο
1346 1523 1614 1568 Αῠοτοιιε.

534 1660 667 1716 Acta
713 1655 1001 1714 collationis
1049 1646 1497 1721 Carthaginensis,
1542 1637 1843 1697 Innocentio
1884 1633 2048 1709 primo

463 1751 708 1827 pontiﬁce
779 1749 1045 1815 Romano,
1115 1741 1342 1799 Honorii
1394 1732 1773 1792 clementissimi
1831 1726 2050 1785 Casaris

452 1825 609 1919 jussu
636 1843 807 1898 habita
832 1849 980 1905 sunt,
1001 1853 1137 1893 anno
1153 1844 1267 1908 post
1294 1831 1614 1888 consulatum
1648 1825 1903 1919 Varanis,
1933 1838 2049 1919 cum

384 1974 390 1980 ς
453 1916 636 1991 nullus
657 1936 709 1988 in
730 1933 999 1987 Occidente
1014 1926 1193 1984 consul
1218 1926 1373 1991 esset,
1405 1930 1615 1995 propter
1637 1918 1848 1972 nimiam
1876 1916 2049 1968 rerum

461 2026 927 2100 perturbationem,
998 2020 1163 2077 Roma
1222 2017 1285 2071 ab
1337 2014 1545 2069 Alarico
1597 2009 1882 2100 Gothorum
1930 2019 2048 2100 rege

460 2094 635 2175 recens
660 2127 832 2189 capta.
871 2113 1115 2170 Mandata
1164 2110 1320 2183 igitur
1340 2123 1441 2178 quo
1478 2105 1585 2159 hth
1624 2098 1905 2179 disputatio
1934 2094 2047 2166 ﬁeri

454 2209 688 2284 jubslur,
720 2209 862 2263 locus
887 2204 1091 2277 quidem
1120 2210 1167 2258 et
1205 2202 1314 2255 dies
1336 2197 1604 2270 appositus
1634 2203 1746 2265 est;
1774 2200 1828 2246 at
1853 2190 2049 2284 Gonsu—

465 2282 597 2366 lem,
625 2300 713 2371 qui
736 2299 909 2354 nullus
928 2307 1039 2352 erat
1058 2336 1072 2359 ,
1114 2294 1303 2362 curiosi
1330 2294 1526 2365 frustra
1552 2286 1830 2359 requirent.
1856 2282 2048 2339 Catho-

464 2393 577 2448 lica:
634 2391 882 2447 Ecclesia!
942 2388 1165 2462 episcopi
1233 2384 1557 2441 collationem
1620 2380 1733 2449 fieri
1797 2378 2047 2448 petierant

460 2485 700 2539 adversus
720 2482 913 2539 Donati
940 2490 1136 2553 portent
1167 2496 1187 2547 ;
1216 2479 1272 2533 id
1314 2478 1452 2531 enim
1486 2484 1769 2547 agnoscunt
1790 2513 1804 2538 ,
1859 2479 2047 2543 septem

462 2592 527 2634 ex
554 2576 624 2632 eis
650 2574 869 2639 delecti,
901 2573 1140 2646 Aurelius
1165 2612 1181 2637 ,
1227 2569 1448 2641 Alypius
1472 2608 1489 2636 ,
1533 2566 1879 2637 Augustinus,
1924 2560 2049 2617 Vin-

464 2670 679 2734 centius,
726 2666 1063 2733 Fortunatus,
1120 2662 1547 2728 Fortunatianus,
1596 2668 1644 2714 et
1706 2656 1980 2713 Possidius
2026 2669 2047 2708 :

2062 1372 2117 1438 Α
2139 1377 2310 1418 causas
2329 1362 2627 1435 defensione
2652 1363 3279 1439 Donatiuni'delegerant,
3309 1377 3361 1424 et
3375 1368 3471 1438 qui
3494 1368 3551 1425 in
3569 1369 3738 1425 eadem

2152 1472 2312 1512 causa
2340 1459 2563 1513 maxime
2593 1458 2943 1527 laboraverat,
2976 1462 3109 1517 libro
3144 1462 3368 1518 secunda
3402 1462 3739 1526 Retractatio—

2150 1564 2274 1602 num
2310 1548 2628 1621 Augustinus
2677 1553 2874 1619 tradit;
2921 1568 3079 1623 eoque
3126 1565 3333 1609 mortuo
3384 1553 3654 1610 Possidius
3689 1556 3737 1610 in

2151 1645 2266 1714 ejus
2286 1642 2390 1697 vita
2431 1644 2587 1698 etiam
2631 1644 2805 1715 refert.
2849 1644 3084 1716 Denique
3105 1647 3351 1703 adversus
3394 1647 3735 1704 Gaudentium

2151 1729 2629 1807 Thamugadensem
2679 1737 3006 1818 episcopum,
3063 1754 3213 1809 quem
3278 1746 3346 1793 ea:
3388 1740 3485 1794 illa
3538 1757 3734 1795 nurnero

2150 1827 2314 1898 fuisse
2360 1828 2534 1884 eodem
2582 1845 2783 1901 quoque
2835 1830 2965 1884 libro
3020 1830 3366 1899 demonstrat,
3414 1834 3579 1888 libros
3620 1834 3732 1889 duos

2151 1904 2471 1989 conscripsit.
2523 1920 2589 1973 At
2636 1937 2836 1974 summa
2878 1921 3077 1976 utilitas
3104 1924 3218 1994 ejus
3237 1924 3428 1993 iudicii
3453 1924 3559 1996 fuit
3582 1942 3603 1979 :
3630 1941 3731 1980 nam

2147 2006 2264 2060 licet
2285 2006 2563 2063 Donatiani
2582 2007 2836 2085 Caesarem
2863 2012 3195 2082 appellarunt
3217 2055 3232 2081 ,
3262 2014 3327 2068 ab
3354 2013 3604 2069 Honorio
3624 2032 3731 2070 con-

2148 2101 2409 2171 ﬁrmatum
2436 2112 2555 2171 est;
2586 2119 2778 2175 nosque
2812 2105 3033 2159 edictum
3069 2113 3135 2161 ex
3158 2107 3335 2162 codice
3377 2105 3730 2163 Theodostano

2148 2192 2268 2247 huic
2310 2194 2645 2265 disputationi
2672 2197 3012 2252 annexuirnus
3039 2214 3058 2252 :
3089 2199 3173 2252 cui
3197 2198 3441 2255 obedienc
3468 2200 3614 2270 plebs
3641 2199 3730 2255 Do-

2148 2287 2457 2343 natistarum
2476 2330 2493 2355 ,
2526 2290 2738 2346 desertis
2762 2292 3019 2363 episcOpis
3037 2292 3146 2346 suis
3165 2293 3235 2347 ad
3253 2291 3548 2350 Ecclesium
3573 2294 3728 2349 catho-

2149 2378 2302 2433 licam
2327 2382 2499 2436 statim
2526 2382 2706 2447 rediit,
2737 2393 2784 2439 et
2828 2399 2890 2438 ex
2939 2382 3115 2458 Optati
3144 2385 3511 2457 antiquissimo
3569 2404 3726 2441 manu-

2148 2473 2339 2544 scripto
2410 2473 2585 2530 codice
2652 2474 3078 2547 interrogationes
3165 2478 3417 2547 quasdam
3484 2477 3727 2533 collationi

2147 2553 2493 2637 intelligenda:
2520 2567 2831 2623 necessarias
2874 2568 3033 2639 adjici
3075 2570 3386 2643 curavimus.
3419 2569 3726 2642 Cognitorent

2147 2655 2353 2726 quidem
2387 2656 2601 2713 Orosius
2631 2658 2761 2713 libro
2800 2661 3016 2730 septimo
3046 2664 3377 2735 prudentem,
3436 2660 3722 2718 industrium

388 2816 389 2821 η
463 2761 671 2817 totidem
701 2758 1003 2824 Danatistaz,
1036 2758 1356 2822 Primianus,
1406 2752 1732 2818 Petilianus,
1761 2748 2040 2813 Emeritus,
2077 2761 2121 2820 Β
2148 2759 2198 2805 et
2217 2751 2504 2805 studiorum
2530 2752 2776 2806 bonorum
2790 2753 3271 2825 appetentissimum
3296 2756 3463 2827 fuisse
3485 2765 3721 2811 testatur:

463 2851 780 2917 Hontanus,
837 2848 1185 2915 Gaudentius,
1234 2846 1567 2911 Adeodatus,
1627 2850 1674 2897 et
1719 2840 1991 2917 Pratasius
2029 2854 2049 2893 :

459 2954 609 3017 atque
635 2946 687 2998 hi
714 2945 845 2999 inter
869 2943 1097 2998 absentes
1126 2941 1391 3011 episcopos
1416 2938 1579 3010 partis
1603 2950 1740 3001 suae,
1793 2944 1846 2987 ut
1873 2934 2048 3005 fucum

457 3043 723 3109 facerent,
772 3034 1001 3090 Felicem
1045 3033 1192 3105 quasi
1234 3032 1373 3085 urbis
1423 3028 1604 3084 Romae
1630 3027 1923 3098 episcopum
1952 3039 2048 3077 no-

466 3130 694 3195 minant,
728 3127 844 3181 licet
871 3124 1120 3180 Catholici
1165 3122 1524 3176 Innocentium
1564 3129 1682 3173 tunc
1727 3117 1901 3172 sedere
1949 3123 2048 3168 tes-

458 3228 649 3286 tentur,
672 3227 728 3273 ut
754 3232 928 3272 verum
953 3224 1059 3270 erat
1074 3254 1090 3280 ,
1118 3222 1273 3283 utque
1292 3210 1664 3284 probatissima:
1692 3208 1815 3277 ﬁdei
1836 3206 2046 3261 annales

462 3312 714 3373 tradunt,
745 3307 813 3361 ad
838 3323 1030 3361 annum
1074 3323 1106 3358 a
1148 3314 1300 3377 partu
1346 3302 1573 3372 Virginis
1610 3298 2047 3371 quadringentesi—

460 3418 607 3458 mum
662 3398 1004 3454 undecimum.
1062 3394 1361 3466 Disputatio
1418 3392 1663 3446 dividitur
1723 3391 1775 3443 in
1826 3390 2046 3461 primam

456 3492 797 3566 cognitionem
818 3532 834 3557 ,
882 3487 1193 3554 secundam,
1225 3495 1273 3541 et
1301 3485 1521 3540 tertiam.
1545 3482 1719 3538 Tertia
1744 3491 1882 3537 sexto
1918 3479 2061 3546 ldus~

442 3584 627 3658 junias
650 3580 825 3636 habita
853 3590 928 3635 est
953 3595 974 3636 :
1020 3596 1119 3651 quo
1144 3577 1227 3632 die
1260 3576 1519 3648 profertur
1550 3573 1845 3629 Marcellini
1872 3570 2047 3643 cogni-

453 3675 579 3729 toris
606 3672 873 3738 sententia,
912 3669 1202 3740 confutatos
1228 3684 1260 3721 a
1287 3666 1565 3721 Catholicis
1591 3664 1893 3719 Donatistas
1930 3679 2041 3717 om-

456 3764 599 3819 nium
619 3765 1040 3829 documentorum
1072 3758 1481 3829 manifestatione
1500 3757 1767 3811 asserentis
1790 3796 1805 3822 ,
1845 3764 1899 3808 ut
1938 3753 2043 3807 divi

456 3854 728 3928 Augustini
748 3852 906 3907 verbis
935 3861 1072 3905 utar.
1100 3849 1251 3903 Hanc
1274 3848 1574 3903 sententiam
1593 3857 1645 3901 ut
1666 3855 1887 3916 emptam
1907 3863 1939 3899 a
1959 3860 2044 3899 co—

454 3950 656 4022 gnitore
685 3946 951 4001 Catholica
975 3954 1025 4000 et
1051 3951 1200 3998 noctu
1219 3942 1512 4015 prolatam,
1537 3940 1845 3994 calumniose
1868 3946 2042 4009 postea

456 4041 716 4103 Emeritns
744 4049 793 4096 et
814 4039 1025 4112 quidam
1080 4039 1364 4110 pertinaces
1402 4034 1689 4089 Donatista:
1722 4036 2042 4105 arguebant:

454 4150 580 4213 quos
604 4133 919 4208 Augustinus
946 4130 1237 4185 acutissime
1262 4127 1451 4197 refellit
1475 4143 1493 4189 ;
1515 4126 1596 4180 cui
1619 4142 1742 4180 sane
1764 4124 1905 4179 laudi
1926 4139 2038 4179 esse
2064 4138 2109 4201 ο

453 4223 627 4293 άεὺὲῑ,
655 4225 792 4297 quod
813 4224 1065 4296 epitomen
1112 4219 1399 4275 collationis
1430 4217 1772 4272 brevissimam
1792 4215 1998 4287 scripsit
2022 4256 2037 4280 ,

451 4323 566 4378 ideo
609 4319 863 4375 utiliorem
892 4319 1115 4389 futuram
1139 4314 1262 4384 quia
1305 4312 1465 4368 tertia:
1502 4310 1803 4384 cognitionis
1853 4324 2039 4379 magna

452 4431 607 4487 pars,
649 4429 761 4484 qua:
802 4413 885 4466 hic
940 4409 1147 4479 deﬁcit,
1196 4406 1483 4462 necessario
1528 4405 1648 4459 inde
1688 4402 1904 4476 petenda
1941 4411 2033 4458 est.

454 4506 554 4563 Ubi
580 4508 643 4560 'de
670 4502 947 4559 Caeciliano
977 4510 1024 4556 et
1049 4500 1100 4553 Μ
1110 4499 1314 4565 ensurio
1332 4539 1345 4563 ,
1387 4500 1547 4567 deque
1591 4496 1921 4569 traditoribus
1948 4512 2034 4550 sa-

448 4616 653 4658 crorum
680 4597 914 4653 codicum
969 4604 1017 4649 et
1056 4591 1389 4663 supellectilis
1409 4590 1797 4673 .Ecclesiasticte
1836 4589 2024 4660 agitur,

453 4692 774 4748 Diocletiano
818 4697 866 4743 et
908 4685 1227 4740 Maximiano
1256 4680 1547 4737 Ecclesium
1584 4682 1828 4735 acerrime
1863 4696 2028 4745 persta.-

445 4782 746 4855 quentibus:
774 4788 822 4834 et
851 4778 896 4834 si
924 4786 1040 4831 ante
1063 4774 1406 4845 Augustinum
1433 4773 1485 4825 in
1506 4771 1633 4825 libro
1657 4772 1719 4825 de
1738 4770 2030 4825 Hteresibus

444 4874 503 4928 id
530 4888 727 4944 quoque
753 4870 816 4925 ab
846 4868 1033 4940 Optato
1086 4864 1384 4920 Milevitana
1414 4863 1615 4933 capiose
1653 4870 1914 4915 narratum
1936 4871 2026 4916 est.

444 4968 519 5023 Ac
544 4965 821 5037 disputavit
848 4961 1055 5033 quidem
1098 4958 1417 5029 Augustinus
1461 4956 1703 5010 adversus
1733 4954 2043 5027 Donatistas

2152 2844 2224 2895 ad
2250 2857 2461 2913 eumque
2502 2860 2604 2897 non
2649 2844 2810 2898 multo
2848 2853 2963 2916 post
3005 2844 3221 2900 Romam
3281 2857 3519 2917 captam,
3564 2846 3722 2917 scripti

2149 2942 2267 2988 sunt
2286 2933 2350 2987 ab
2378 2934 2677 3006 Augustino.
2689 2936 2807 2993 libri
2826 2939 3007 3008 viginti
3032 2938 3095 2991 de
3122 2937 3337 2993 Civitate
3363 2939 3493 3007 Dei,
3529 2952 3580 2995 ut
3603 2958 3720 3011 pra:-

2149 3027 2274 3095 fatio
2294 3026 2364 3080 ad
2390 3028 2476 3081 eos
2496 3026 2709 3081 indicat.
2740 3024 2818 3082 De
2847 3038 3007 3083 morte
3026 3039 3196 3083 autem
3219 3029 3521 3087 Marcellini
3552 3033 3719 3089 Hiero-

2148 3132 2332 3187 nymus
2371 3118 2593 3189 loquitur
2645 3119 2732 3175 lib.
2760 3123 2800 3177 '5
2834 3133 3012 3176 contra
3057 3121 3243 3195 Pelag.
3290 3125 3574 3182 violentam
3620 3146 3717 3183 eam

2148 3208 2307 3278 fuisse
2326 3224 2526 3275 necesse
2549 3219 2646 3264 est.
2695 3210 3065 3268 Percussorem
3107 3214 3241 3267 enim
3273 3217 3389 3288 ejus
3418 3226 3468 3271 et
3496 3219 3715 3273 sicarium

2147 3299 2283 3353 idem
2314 3299 2523 3355 Orosius
2543 3302 2792 3367 nominat.
2810 3303 3127 3363 Laudandus
3145 3325 3347 3380 quoque
3362 3321 3440 3365 est
3462 3311 3717 3368 Marcellus

2147 3393 2235 3463 qui
2264 3395 2361 3447 hac
2386 3395 2618 3450 volumen
2644 3397 2886 3451 Actorum
2925 3400 3244 3471 collationis,
3272 3405 3415 3474 quod
3442 3407 3714 3476 copiosissi-

2148 3498 2289 3537 mum
2308 3494 2457 3553 atque
2481 3484 2875 3553 diﬂ'usissimum
2899 3500 3005 3544 erat
3022 3530 3037 3554 ,
3080 3492 3348 3547 modulata
3363 3535 3377 3559 ,
3400 3506 3458 3549 ut
3494 3497 3601 3567 ipse
3624 3498 3686 3550 ait
3696 3535 3711 3563 ,

2148 3576 2388 3651 brevitate
2414 3577 2647 3634 distinxit
2665 3588 2815 3651 atque
2836 3582 3076 3654 collegit,
3110 3595 3165 3638 ut
3200 3600 3265 3640 ea:
3291 3587 3507 3657 epistola
3527 3592 3633 3660 ejus
3654 3588 3713 3640 ad

2149 3668 2484 3725 Severianum
2518 3680 2565 3726 et
2602 3672 2869 3728 lulianum
2900 3676 3063 3731 videri
3100 3688 3287 3749 potest.
3317 3678 3432 3735 Nec
3455 3681 3606 3750 plura
3629 3681 3712 3734 hoc

2146 3759 2259 3815 loco
2290 3761 2504 3817 dicenda
2532 3765 2881 3821 existimamus
2906 3808 2923 3834 ,
2952 3770 3074 3836 quia
3115 3767 3410 3824 Balduinus
3454 3781 3711 3844 praceptor

2144 3871 2285 3909 meus
2337 3856 2393 3910 in
2431 3859 2553 3928 jure
2615 3859 2789 3927 civili,
2841 3861 2929 3929 qui
2964 3871 3097 3931 .acta
3149 3864 3474 3919 commodata
3532 3874 3708 3918 tantum

2142 3947 2197 4002 in
2246 3949 2495 4004 veteribus
2541 3950 2708 4006 adhuc
2732 3954 3040 4013 membranis
3076 3954 3140 4009 ab
3178 3954 3406 4011 antistite
3438 3954 3706 4011 Heldorum

2146 4038 2283 4094 Tillo
2306 4040 2586 4117 habuerat,
2617 4044 2894 4114 elegantem
2923 4046 2977 4099 in
3006 4056 3066 4101 ea
3090 4049 3517 4105 commentarium
3545 4050 3701 4105 edidit.

2555 4180 2717 4251 226
2741 4180 3109 4238 PRZEFATIO

2228 4286 2524 4349 CLARISSIII
2551 4309 2659 4349 VIBI
2683 4310 2892 4351 λΒΛιυΖιι
2918 4312 2969 4351 IN
3000 4313 3217 4355 εωωειι
3244 4315 3624 4360 εοιιλτιοεεειί.

2214 4404 2367 4461 Gesta
2392 4407 2679 4462 collationis
2709 4409 3124 4481 Carthaginensis
3152 4413 3285 4467 inter
3332 4417 3593 4486 episcopos
3616 4414 3698 4470 Ca-

2140 4496 2355 4554 tholicos
2383 4510 2429 4555 et
2461 4500 2757 4556 Donatistas
2786 4518 2899 4572 qua:
2951 4520 3086 4557 nunc
3126 4514 3358 4577 exstant,
3398 4508 3587 4581 integra
3612 4526 3693 4562 non

2140 4600 2294 4655 sunt,
2333 4592 2422 4645 sed
2470 4592 2760 4648 abbreviata
2785 4610 2847 4647 ex
2894 4594 3001 4649 illis
3046 4612 3160 4665 qute
3183 4600 3476 4672 conscripta
3521 4605 3694 4672 fueram

2137 4699 2310 4737 coram
2352 4683 2660 4739 Marcellino
2699 4684 2943 4741 Notario.
2977 4685 3119 4742 Nam
3144 4706 3261 4743 cum
3300 4691 3395 4745 illa
3428 4692 3569 4747 valde
3594 4708 3693 4761 pro—

2137 4777 2243 4831 lixa
2268 4786 2463 4841 essent,
2513 4790 2568 4832 ut
2596 4780 2911 4851 Augustinus
2938 4783 3010 4835 ait
3048 4783 3101 4837 in
3151 4786 3367 4854 epistola
3408 4788 3691 4857 quinquage-

2139 4868 2298 4933 sima,
2344 4869 2722 4939 timendumque
2752 4880 3016 4941 praptcrea
3047 4884 3177 4929 esset
3202 4892 3266 4930 ne
3296 4878 3353 4930 in
3377 4887 3688 4946 contemptum

2139 4961 2397 5026 venirent,
2440 4960 2746 5016 Severianus
2790 4973 2835 5017 et
2880 4965 3123 5021 Julianus
3161 4984 3192 5020 a
3225 4968 3476 5024 Marcello
3520 4951 3687 5024 tum

442 5068 561 5115 ante
586 5057 911 5113 collationem
930 5095 945 5119 ,
979 5060 1027 5107 et
1075 5050 1232 5105 libros
1282 5049 1346 5103 de
1393 5048 1647 5117 baptismo
1700 5048 2029 5119 parvulorum
2063 5045 2109 5106 D
2136 5051 2286 5118 riali,
2317 5051 2405 5122 qui
2434 5052 2694 5107 collatiani
2718 5055 3018 5125 interfuerat
3040 5067 3086 5111 et
3113 5074 3229 5111 cum
3254 5059 3549 5115 Ματεειιίηο
3571 5074 3682 5113 σωυ-

444 5150 603 5206 edidit
636 5165 651 5217 ;
694 5148 845 5203 simul
891 5143 1131 5200 disseruit
1161 5141 1405 5195 adversus
1436 5139 1685 5194 Petiliani
1732 5140 1927 5193 litteras
1967 5155 2029 5194 ex

442 5244 639 5315 forensi
666 5242 913 5297 advocato
958 5236 1217 5309 episcopi,
1260 5243 1305 5288 et
1352 5231 1674 5288 Cresconium
1717 5224 2032 5287 Grammati—

443 5352 558 5391 cum
588 5333 804 5391 dicendo
831 5348 958 5405 pene
988 5328 1211 5384 obtrivit.
1248 5325 1377 5380 Post
1407 5325 1737 5380 collationem
1776 5340 1892 5379 vero
1917 5324 2029 5379 Ho—

443 5431 589 5486 norio
620 5429 712 5485 XII
734 5438 783 5484 et
813 5424 1106 5482 Theodosio
1124 5419 1235 5478 VIII
1263 5418 1405 5476 Cass.
1441 5430 1494 5474 ut
1523 5422 1731 5491 ipsemet
1752 5421 2021 5494 prtefatur,

446 5522 567 5591 quid
594 5521 749 5592 egerit
775 5535 891 5575 cum
918 5515 1148 5585 Emerita
1194 5512 1318 5568 satis
1348 5514 1561 5568 ostendit
1601 5514 1731 5568 libro
1775 5513 2026 5584 singulari

448 5610 519 5664 sic
547 5611 785 5679 inscripto
827 5626 846 5665 :
900 5608 977 5663 De
1026 5604 1197 5676 gestis
1238 5617 1357 5658 cum
1391 5603 1648 5659 Emerita.
1701 5605 1863 5674 Atque
1889 5603 2024 5657 hunc

451 5700 650 5771 quidem
696 5700 851 5771 fuisse
905 5713 1060 5752 unum
1099 5709 1269 5751 eorum
1314 5704 1530 5765 septem,
1582 5712 1709 5766 quos
1773 5713 1863 5765 pro
1918 5712 2023 5753 sua:

2137 5144 2477 5199 municaverat
2498 5145 2716 5200 laborem
2740 5146 2989 5201 librandte
3010 5149 3419 5219 disceptationis,
3442 5158 3682 5225 exegerunt

2134 5240 2210 5293 uti
2257 5237 2466 5307 fastidia
2517 5239 2748 5295 lectionis
2793 5240 3014 5296 remedio
3072 5244 3330 5300 brevitatis
3403 5245 3676 5302 excluderet.

2138 5332 2341 5402 Quippe
2380 5331 2698 5402 Donatistaz,
2730 5352 2842 5389 cum
2888 5336 3113 5391 obtinere
3141 5354 3173 5391 a
3198 5338 3458 5410 cognitore
3491 5355 3584 5393 non
3604 5351 3679 5407 pa-

2136 5425 2347 5479 tuissent
2368 5442 2430 5479 ne
2456 5426 2661 5481 collatio
2687 5428 2829 5497 fieret
2857 5439 2907 5483 et
2949 5439 3003 5484 ut
3040 5446 3252 5500 prorsus
3279 5449 3433 5488 causa
3469 5433 3573 5505 ipsa
3596 5443 3676 5485 non

2131 5528 2387 5589 ageretur,
2415 5518 2516 5573 hoc
2544 5517 2839 5575 eﬂ‘ecerunt
2864 5561 2879 5587 ,
2921 5522 3087 5593 inquit
3116 5522 3457 5594 Augustinus,
3484 5522 3672 5578 multum

2129 5607 2397 5680 loquendo
2445 5620 2502 5666 ut
2544 5611 2684 5683 quod
2750 5622 2927 5668 actum
2983 5622 3096 5681 est,
3147 5616 3367 5673 difﬁcile
3418 5604 3669 5687 legeretur.

2133 5701 2247 5771 Qua
2271 5714 2476 5774 prapter
2505 5704 2781 5762 Marcellus
2805 5706 3121 5765 Memorialis
3158 5710 3505 5767 obsecundans
3530 5716 3672 5783 ρωπ-
