3838 6222
197 279 346 339 ίὶὶῦ

1152 284 1379 341 GESTA
1415 282 1862 343 COLLA'I‘IUNIS
1899 282 2521 345 CAIt'l‘HAGINENSlS.
2545 347 2553 353 κ

3324 289 3487 360 {me

200 394 325 449 latis
354 393 634 447 amicorum
661 408 868 448 suorum
888 434 904 461 ,
951 396 1212 468 superﬂua
1258 397 1498 451 resecavit
1520 438 1535 463 ,
1578 405 1625 451 et
1654 407 1794 467 gesta
1820 405 1873 466 Α
1897 399 2051 453 limus
2080 416 2173 472 pro
2200 400 2407 455 modulo
2436 400 2623 454 virium
2662 410 2981 465 nostrarum,
3031 403 3193 456 secuti
3214 403 3265 456 in
3291 404 3385 458 hoc
3409 405 3486 458 vel

202 503 266 542 eo
294 486 445 542 modo
469 482 789 541 concinnavit
815 504 915 557 quo
962 506 1096 544 nunc
1124 507 1156 544 a
1209 492 1353 545 nobis
1409 491 1666 562 leguntur.
1714 487 1795 544 Ea

199 594 329 633 sane
357 576 483 631 olim
505 576 732 632 studiose
752 588 959 651 excepta
983 622 997 646 ,
1026 582 1341 653 conscripta,
1381 581 1666 651 collataque
1687 586 1799 651 fusa

200 680 358 737 rant,
382 672 545 743 inquit
570 669 861 727 Balduinus
885 714 901 740 ,
949 671 1041 728 sed
1084 677 1326 745 temporis
1352 676 1548 748 injuria
1586 676 1795 749 posteri-

204 764 429 832 tutisque
458 762 763 834 negligentia
788 764 1153 820 interciderunt
1172 810 1186 834 ,
1244 768 1404 822 donec
1434 768 1637 823 tandem
1662 783 1798 822 anno

208 852 350 910 1566
375 854 429 909 in
469 870 649 908 manus
677 855 908 928 ejusdem
949 855 1196 912 Balduini
1221 874 1399 915 venere
1430 860 1673 930 beneﬁcio
1705 860 1799 914 viri

204 946 482 1005 clarissimi
520 946 740 1011 Joannis
772 947 895 1003 Titii
913 950 1140 1022 episcopi
1169 950 1470 1007 Meldensis.
1517 952 1668 1019 Quod
1707 970 1802 1007 au-

203 1050 305 1095 tem
335 1056 437 1095 non
469 1040 675 1095 omnino
696 1040 993 1112 perierunt,
1024 1040 1260 1097 debemus
1286 1083 1300 1107 ,
1332 1043 1535 1113 Opinor,
1560 1043 1802 1114 quicquid

201 1131 300 1187 alii
327 1141 503 1186 contra
523 1132 776 1197 sentiant,
802 1132 1130 1187 nobilissian
1157 1131 1401 1187 Ecclesia'
1428 1131 1764 1205 Lugdunensi
1782 1177 1796 1200 ,

205 1243 322 1298 qua:
352 1226 555 1281 illustre
596 1226 693 1281 hoc
722 1226 1043 1296 antiquitatis
1090 1236 1473 1280 monumentum
1522 1227 1574 1280 in
1620 1225 1803 1280 biblio-

208 1314 365 1372 theca
394 1334 491 1373 sua
517 1317 753 1373 servavit.
787 1316 882 1372 Cui
916 1317 990 1371 rei
1018 1317 1210 1371 indicio
1237 1326 1310 1371 est
1334 1316 1487 1370 etiam
1529 1315 1802 1386 inscriptio

204 1422 351 1468 vetus
380 1412 547 1482 posita
565 1412 619 1467 in
644 1412 791 1467 initio
817 1412 997 1466 veteris
1025 1410 1357 1478 exemplaris,
1397 1410 1441 1464 ei
1480 1409 1662 1464 similis
1688 1423 1804 1479 quae

122 1532 125 1533 ν
207 1512 375 1560 exstat
420 1504 475 1558 in
513 1505 680 1576 capite
706 1503 894 1558 codicis
925 1501 1297 1568 Tertullianei,
1327 1518 1476 1572 quem
1520 1500 1681 1555 eidem
1704 1499 1804 1554 Ec-

208 1596 384 1651 clesia:
404 1595 588 1651 obtulit
622 1593 925 1667 Agobardus
947 1594 1385 1665 archiepiscopus.
1418 1592 1511 1648 Sic
1530 1608 1652 1663 ergo
1677 1592 1805 1664 legi-

210 1694 295 1741 tur
320 1688 374 1742 in
399 1691 569 1761 fronte
597 1687 812 1743 istorum
839 1697 1113 1760 gestorum.

496 1793 505 1801 ’
807 1796 963 1837 LIBER
982 1795 1222 1837 OBLATUS

601 1889 668 1930 AD
694 1888 904 1929 ALTARB
929 1888 1116 1928 SANCTI
1145 1886 1404 1927 STEPBANI

606 1983 748 2023 \‘0'1'0
785 1982 1070 2023 FULCHERII
1112 1981 1376 2023 CANONICI.

285 2058 423 2115 Tum
447 2073 565 2113 vero
588 2057 878 2113 Balduinus
900 2101 914 2126 ,
937 2060 1024 2128 qui
1044 2057 1399 2122 existimabat,
1444 2063 1488 2108 et
1514 2069 1657 2120 vere,
1692 2070 1805 2106 Ina-

213 2166 372 2223 gnum
400 2149 495 2203 sibi
527 2149 798 2218 quemdam
828 2149 1124 2204 thesaurum
1147 2164 1253 2203 esse
1276 2148 1505 2202 oblatum
1528 2188 1543 2213 ,
1572 2161 1634 2200 ea
1667 2156 1807 2218 gesta

214 2254 456 2298 accurate
476 2243 599 2314 legit
637 2253 684 2298 et
713 2243 986 2314 expendit,
1034 2252 1081 2297 et
1127 2243 1320 2297 interea
1344 2243 1463 2294 dum
1516 2240 1808 2306 ederentur,

218 2336 489 2391 historiam
531 2336 678 2390 istius
706 2336 1003 2389 collationis
1052 2335 1293 2406 vulgavit.
1353 2332 1559 2387 Poterat
1604 2331 1693 2387 ille
1739 2331 1811 2385 le-

216 2429 357 2483 viore
410 2427 707 2494 compendio
737 2436 877 2498 gesta
921 2426 1102 2494 edere,
1155 2426 1201 2479 si
1243 2425 1501 2480 voluisset.
1541 2422 1646 2479 Sed
1671 2421 1812 2476 haud

218 2521 373 2577 dubie
394 2520 709 2591 intelligebat
734 2520 899 2574 multa
925 2520 1112 2574 menda
1135 2529 1341 2574 exstare
1368 2520 1422 2573 in
1440 2518 1591 2573 veteri
1617 2516 1810 2583 codice,

216 2630 336 2687 qua:
359 2617 565 2686 auferre
584 2613 869 2668 destinabat
892 2655 908 2678 ,
939 2613 1101 2666 multa
1128 2613 1282 2666 etiam
1307 2627 1420 2682 qua:
1466 2609 1811 2681 explicatione

216 2708 543 2779 indigerent,
576 2716 631 2761 ut
653 2720 717 2761 ea:
735 2706 1010 2784 eiscolligi
1050 2713 1219 2777 posset
1239 2704 1423 2774 aliquis
1448 2707 1668 2773 fructus.
1711 2699 1815 2755 Fe-

221 2799 378 2853 cisset
424 2815 546 2853 sane
570 2815 677 2853 rem
722 2798 1076 2869 gratissimam
1098 2796 1334 2867 theologo
1375 2792 1686 2848 Lovaniensi
1729 2793 1816 2863 qui

213 2906 397 2946 curam
418 2893 640 2961 suscepit
678 2890 983 2945 emendandi
1010 2888 1266 2944 Brevieuli
1293 2887 1682 2959 Augustiniani.
1709 2884 1815 2942 Ille

217 2986 359 3040 enim
381 2993 596 3039 testatur
623 3002 707 3051 se,
733 3001 851 3039 cum
876 2984 985 3039 hate
1011 2993 1127 3040 aeta
1178 2999 1360 3053 magno
1383 2986 1644 3050 redempta
1670 2990 1819 3050 opta-

219 3076 407 3143 visset,
437 3084 587 3145 atque
632 3074 773 3145 apud
811 3072 1059 3127 Balduini
1104 3084 1209 3127 tum
1250 3073 1479 3143 defuncti
1530 3072 1722 3125 amicos
1770 3079 1816 3123 et

1899 489 2305 545 doctissimorum
2353 493 2582 546 virorum
2628 491 2923 563 judicium,
2969 494 3057 562 qui
3084 494 3228 547 varia
3274 494 3485 558 istorum

1898 593 2155 655 gestorum
2183 584 2299 639 loca
2342 583 2527 655 sanare
2565 600 2654 655 per
2678 594 3005 639 transennam
3031 583 3363 651 studuerunt,
3410 586 3486 638 vel

1899 677 2213 746 conjecturas
2244 685 2467 742 nostras,
2496 692 2654 747 quum
2693 684 2841 729 certa:
2865 674 3006 729 nobis
3033 675 3155 728 visa:
3181 682 3319 729 sunt.
3344 673 3486 729 Nam

1900 767 2038 838 quod
2065 764 2288 822 Iacobus
2319 767 2561 839 Cujacius
2587 766 2673 821 lib.
2708 782 2764 822 ιν
2797 765 3061 821 Observat.
3093 782 3207 835 cap.
3237 768 3298 822 51
3325 807 3339 832 ,
3390 766 3498 820 ad-'

1904 869 2043 915 notat
2070 861 2254 915 multos
2282 875 2478 914 errores
2502 860 2556 913 in
2582 860 2737 913 libros
2767 860 2907 930 juris
2933 858 3095 914 civilis
3148 858 3377 913 attulisse
3405 875 3490 913 ve-

1904 962 2060 1008 terem
2102 968 2191 1023 per
2239 962 2384 1006 notas
2429 951 2685 1006 scribendi
2732 951 3020 1014 rationem,
3067 949 3131 1004 de
3178 950 3328 1019 gestis
3379 949 3514 1003 istis’

1903 1037 2159 1117 affirmari
2189 1054 2351 1117 potest
2404 1044 2589 1115 absque
2632 1042 2739 1097 ullo
2784 1042 3011 1114 periculo
3067 1042 3487 1115 reprehensionis.

1905 1135 2167 1192 Prteterea
2186 1136 2515 1192 adhibuimus
2533 1136 2887 1191 auctoritatem
2908 1146 3130 1189 veterum
3157 1136 3486 1205 scriptorum,

1906 1231 2165 1299 praecipue
2193 1247 2309 1286 vero
2350 1232 2515 1286 sancti
2544 1230 2816 1305 Augustini
2846 1229 3075 1300 episcopi
3107 1226 3487 1300 Hipponensis,

1905 1324 1991 1376 cui
2016 1324 2102 1377 uni
2123 1325 2242 1396 plus
2269 1340 2425 1396 quam
2449 1326 2645 1380 cceteris
2674 1324 2728 1377 in
2755 1321 2858 1397 hac
2878 1337 3033 1376 causa
3062 1320 3205 1376 debet
3235 1319 3488 1374 Ecclesia.

1907 1414 2255 1471 Mutationum
2283 1434 2438 1490 porro
2468 1417 2696 1472 omnium
2722 1433 2752 1470 a
2784 1415 2926 1470 nobis
2950 1415 3007 1469 in
3038 1424 3227 1469 textum
3254 1413 3493 1467 inducta-

1907 1523 2022 1560 rum
2063 1508 2314 1563 rationem
2342 1510 2559 1565 reddere
2581 1518 2627 1563 et
2658 1508 2983 1579 fastidiosum
3011 1507 3191 1578 fuisset
3224 1505 3493 1561 lectoribus

1906 1608 1957 1653 et
1982 1616 2084 1654 non
2133 1601 2416 1656 admodum
2462 1604 2617 1669 utile,
2670 1602 2813 1655 nobis
2856 1617 2970 1656 vero
3017 1600 3164 1655 valde
3204 1616 3489 1655 onerosum.

1909 1689 2094 1762 Itaque
2128 1691 2192 1747 de
2212 1691 2293 1748 his
2331 1710 2448 1766 qua:
2490 1695 2775 1766 manifesta:
2811 1704 2957 1748 erant
3011 1693 3303 1763 plerumque
3350 1691 3495 1746 silui-

1836 1794 1883 1853 Β
1908 1799 2060 1849 mus;
2105 1800 2283 1838 earum
2336 1800 2454 1840 vero
2499 1787 2752 1841 rationem
2804 1784 3121 1839 reddidimus
3146 1800 3259 1855 qua:
3302 1783 3497 1853 aliquid

1909 1876 2222 1946 difficultatis
2275 1877 2460 1932 habere
2508 1878 2830 1943 videbantur,
2880 1889 2971 1933 aut
2999 1892 3112 1949 quin
3157 1875 3498 1932 illustratione

1906 1967 2224 2038 indigebant.
2277 1968 2419 2024 Sane
2470 1970 2724 2037 affirmare
2765 1986 2879 2024 vere
2914 1985 3184 2038 possumus
3231 1968 3499 2023 editionem

1909 2060 2044 2113 hanc
2096 2070 2323 2114 nostram
2374 2063 2537 2116 multo
2587 2063 2851 2117 meliorem
2895 2080 3003 2117 esse
3040 2063 3271 2117 omnibus
3298 2062 3360 2115 iis
3387 2077 3501 2129 qua:

1908 2166 2068 2221 usque
2093 2151 2161 2204 ad
2180 2148 2316 2205 hanc
2358 2152 2493 2207 diem
2543 2153 2874 2224 prodierunt,
2922 2155 3073 2225 idque
3098 2153 3251 2225 facile
3274 2152 3501 2207 intellec-

1911 2251 2052 2297 turos
2079 2258 2166 2297 eos
2204 2244 2292 2313 qui
2340 2244 2483 2298 illam
2537 2246 2847 2300 contulerint
2903 2264 3017 2301 cum
3076 2245 3409 2300 Massoniana
3453 2256 3498 2298 ct

1910 2331 2187 2387 Pithaeana
2209 2375 2224 2401 ,
2270 2350 2335 2388 ea:
2357 2334 2541 2405 quibus
2570 2338 2785 2406 reliquie
2821 2348 2950 2390 orta:
2996 2345 3134 2389 sunt.
3169 2335 3306 2389 Nam
3349 2337 3393 2389 si
3419 2338 3500 2389 cui

1912 2430 2110 2477 tantum
2143 2423 2233 2476 otii
2261 2425 2385 2490 erit,
2418 2425 2463 2478 is
2492 2429 2721 2495 profecto
2762 2426 2918 2496 facile
2943 2426 3309 2479 animadvertet
3347 2442 3500 2490 quam

1912 2506 2073 2569 multa
2098 2516 2381 2571 exciderint
2425 2516 2670 2573 Massouo
2717 2527 2765 2572 et
2806 2518 3039 2582 Pithaeo,
3087 2534 3201 2587 qua:
3230 2536 3320 2573 nos
3353 2534 3500 2589 repo-

1912 2609 2113 2662 suimus
2140 2625 2205 2663 ea:
2247 2610 2403 2664 veteri
2448 2610 2652 2678 codice,
2693 2627 2847 2680 quam
2894 2611 3055 2664 multa
3083 2621 3252 2665 errata
3290 2611 3352 2665 ab
3393 2611 3499 2664 illis

1914 2716 2017 2755 non
2044 2703 2440 2770 animadversa,
2489 2720 2602 2771 qua:
2649 2721 2741 2757 nos
2770 2705 2896 2759 satis
2938 2705 3172 2776 feliciter,
3216 2712 3270 2757 ut
3295 2704 3498 2774 quidem

1916 2796 2213 2866 opinamur,
2247 2797 2647 2852 emendavimus.
2676 2797 2821 2852 Illud
2850 2799 3129 2852 dolendum
3156 2840 3169 2862 ,
3216 2798 3350 2867 quod
3385 2799 3497 2851 hia-

1917 2897 1997 2943 tus
2023 2905 2194 2944 omnes
2214 2891 2453 2962 supplere
2478 2891 2816 2960 nequivimus,
2850 2892 3129 2960 praesertim
3150 2890 3237 2944 ubi
3258 2892 3498 2959 agebatur

1916 2979 1980 3033 de
2000 2982 2326 3037 restituendis
2353 2982 2641 3035 nominibus
2665 2973 3018 3053 episcoporum
3042 2983 3219 3054 viginti
3254 2980 3499 3036 Ecclesia:

1917 3073 2183 3128 catholicae
2216 3091 2332 3144 qua:
2374 3075 2669 3129 exciderunt
2726 3076 2778 3127 in
2838 3076 3130 3129 recitatione
3172 3074 3495 3144 subscriptio—

219 3167 448 3224 hazredes
499 3168 690 3237 inquiri
726 3167 969 3242 jussisset
991 3206 1007 3230 ,
1032 3165 1342 3220 intellexisse
1387 3166 1592 3234 dilapsa
1645 3163 1813 3217 nescio
1840 3173 1884 3233 ρ
1918 3179 2057 3216 num.
2088 3164 2344 3231 Quoniam
2371 3182 2486 3220 vero
2522 3183 2708 3237 magna
2733 3183 2852 3235 pars
2875 3168 3034 3221 tertiis
3078 3166 3381 3236 cognitionis
3411 3165 3497 3219 de-

217 3277 322 3330 quo
344 3261 523 3329 fuisse.
557 3258 894 3316 Transierant
919 3258 1011 3313 illa
1032 3260 1085 3311 in
1101 3259 1194 3327 jus
1216 3267 1261 3311 et
1283 3266 1575 3328 potestatem
1599 3255 1814 3310 celeber-
1859 3326 1862 3331 _

218 3352 341 3405 rimi
387 3352 484 3405 viri
522 3350 702 3421 Angeli
736 3349 957 3423 Vergetii
979 3392 992 3415 ,
1026 3349 1245 3404 hominis
1268 3348 1472 3418 quidem
1500 3345 1697 3409 (ἓνωεί.
1725 3345 1814 3399 sed

222 3443 412 3499 Latine
437 3443 756 3510 doctissimi;
802 3460 834 3496 a
866 3459 966 3514 quo
995 3460 1054 3497 ea
1102 3442 1283 3496 deinde
1335 3440 1512 3495 habuit
1568 3436 1815 3492 Claudius

218 3534 509 3591 Mondinus
554 3533 847 3590 Advocatus
876 3534 1216 3599 Parisiensis,
1263 3536 1409 3602 cujus
1440 3531 1682 3599 bene/icio
1707 3545 1812 3583 ser-

217 3638 341 3683 vata
369 3645 474 3684 esse
495 3628 667 3683 scribit
691 3627 936 3700 Papirius
959 3626 1255 3681 Massonus.
1290 3623 1471 3679 Prima
1489 3624 1610 3678 hinc
1638 3639 1814 3677 eorum

217 3721 379 3775 editio
429 3720 620 3793 prodiit
652 3719 875 3774 Parisiis
901 3735 1039 3772 anno
1069 3718 1208 3774 1589
1228 3734 1381 3789 Opera
1410 3717 1639 3788 ejusdem
1662 3715 1811 3769 Mas-

216 3813 337 3869 soui
360 3854 376 3881 ,
396 3812 485 3867 sed
508 3852 523 3878 ,
545 3810 681 3881 quod
709 3810 983 3865 dolendum
1004 3820 1077 3863 est
1107 3850 1121 3873 ,
1147 3809 1219 3861 ita
1245 3808 1487 3862 mendosa
1505 3847 1520 3872 ,
1545 3815 1602 3859 ut
1628 3817 1813 3877 prester-

216 3915 390 3959 errata
415 3903 595 3957 veteris
620 3901 851 3967 librarii,
879 3900 1042 3954 multa
1083 3899 1252 3952 adhuc
1298 3915 1425 3952 nova
1450 3898 1720 3951 commissa
1749 3896 1813 3950 ab

212 3996 313 4051 illo
334 3996 454 4049 sint.
485 3993 715 4048 Tandem
742 4009 878 4047 anno
912 3990 1079 4059 1594,
1112 4008 1282 4046 mense
1332 3990 1617 4046 Februario
1665 4005 1813 4045 vene—

214 4086 415 4141 randus
440 4085 522 4138 hic
552 4086 714 4140 codex
737 4094 785 4139 et
828 4100 957 4138 auro
987 4093 1166 4138 contra
1209 4082 1540 4138 mstimandus
1580 4081 1649 4135 ad
1698 4099 1809 4136 ma-

214 4193 376 4248 gnum
415 4176 563 4231 illum
614 4173 830 4230 Petrum
881 4174 1136 4229 Pithazum
1186 4174 1442 4244 pervenit,
1488 4174 1536 4228 ei
1579 4172 1728 4227 datus
1779 4190 1812 4227 a

215 4268 474 4324 Mondluo
498 4284 656 4321 causa
683 4268 1068 4340 permutationis
1087 4283 1203 4321 cum
1225 4265 1399 4320 codice
1430 4262 1642 4319 Henrici
1667 4261 1764 4317 ΙΙΙ
1792 4306 1807 4329 ,

215 4362 546 4419 Francorum
573 4364 726 4434 regis.
757 4362 822 4418 Et
857 4362 1087 4417 Pithoeus
1105 4362 1309 4433 quidem
1329 4400 1345 4427 ,
1380 4360 1652 4414 collatione
1672 4363 1810 4427 facta

215 4472 333 4509 cum
362 4455 517 4509 veteri
546 4454 828 4525 exemplari
853 4495 868 4515 ,
919 4454 1179 4507 meliorem
1217 4452 1334 4523 fecit
1364 4450 1637 4505 editionem
1667 4448 1810 4504 Mas-

203 4548 331 4602 sani
350 4587 365 4612 ,
396 4546 487 4600 sed
516 4562 617 4599 non
646 4546 717 4599 ita
745 4555 913 4599 tamen
940 4545 1063 4613 quin
1080 4543 1247 4596 adhuc
1270 4542 1429 4594 multo
1455 4541 1605 4609 plura
1626 4556 1807 4609 super-

215 4639 409 4710 fuerint
436 4636 754 4691 emendanda
778 4646 888 4706 post
918 4636 1201 4689 laboriosas
1226 4642 1273 4687 et
1298 4634 1474 4687 doctas
1502 4633 1690 4685 summi
1712 4632 1808 4684 viri

214 4728 441 4799 vigilias.
477 4725 589 4782 Nos
616 4727 784 4796 itaque
805 4765 820 4789 ,
846 4740 1001 4795 quum
1046 4724 1450 4793 intelligeremus
1494 4722 1670 4791 quanti
1698 4737 1807 4774 mo-

214 4819 373 4872 menti
401 4826 528 4871 esset
549 4818 656 4870 hac
675 4826 818 4886 gesta
865 4814 1050 4868 habere
1095 4830 1251 4880 sana,
1297 4821 1639 4881 quantumque
1684 4810 1807 4864 hinc

215 4909 456 4964 utilitatis
484 4905 743 4959 accederet
774 4904 1019 4959 Ecclesia:
1060 4905 1104 4958 si
1129 4903 1475 4959 emendatiora
1507 4902 1802 4973 prodirent,

218 5001 355 5055 hunc
382 4998 605 5054 laborem
625 4997 853 5050 lubenter
872 4980 1187 5066 suscepimus
1209 5037 1225 5063 ,
1263 4995 1389 5048 satis
1428 4994 1653 5065 amplam
1681 5009 1807 5062 qua-

218 5097 501 5165 liscumque
527 5106 693 5163 Opera:
730 5101 917 5146 nostra:
944 5091 1229 5145 mercedem
1252 5089 1506 5157 recepturi
1550 5090 1592 5141 si
1638 5096 1808 5141 noster

217 5190 301 5244 hic
347 5196 563 5242 conatus
607 5183 853 5239 Ecclesiae
877 5184 1123 5256 placuerit
1148 5194 1195 5237 et
1237 5183 1406 5239 ordini
1446 5183 1803 5235 litteratorum.

216 5281 458 5337 Primum
481 5280 652 5349 itaque
671 5278 1074 5333 clarissimorum
1101 5278 1324 5331 virorum
1352 5277 1595 5331 editiones
1620 5284 1801 5328 contu-

216 5374 376 5429 limus
408 5386 527 5426 cum
544 5371 736 5438 eoipso
756 5373 907 5425 veteri
935 5370 1219 5437 exemplari
1262 5384 1359 5437 quo
1405 5368 1485 5421 illi
1523 5368 1603 5420 usi
1647 5375 1798 5432 sunt,

214 5464 357 5535 quod
386 5476 524 5515 nunc
559 5470 792 5514 censetur
818 5463 871 5513 in
911 5460 1307 5529 locupletissima
1350 5458 1648 5512 bibliotheca
1686 5454 1805 5511 Col-

217 5557 460 5619 bertina,
492 5552 621 5605 tanti
651 5552 859 5620 plurimi
900 5553 1259 5607 wstimandum
1285 5551 1423 5621 quod
1469 5550 1615 5604 aliud
1660 5550 1807 5604 ullibi

214 5657 422 5723 egestare
448 5645 692 5697 hactenus
722 5652 795 5697 est
821 5644 1209 5713 incompertum.
1261 5642 1460 5697 Deinde
1486 5652 1654 5695 errata
1681 5657 1808 5709 quo-

210 5756 311 5815 que
340 5738 528 5796 veteris
557 5737 787 5801 librarii,
819 5751 930 5803 qua:
953 5736 1233 5791 admodum
1262 5736 1422 5790 multa
1451 5745 1567 5791 sunt
1588 5775 1605 5803 ,
1634 5744 1808 5791 sustu-

658 5830 932 5893 l’anL.
982 5829 1092 5891 XI.

1916 3254 2191 3321 sideratur,
2248 3273 2364 3327 qua:
2412 3258 2695 3312 necessario
2746 3257 2963 3329 petenda
3003 3267 3076 3311 est
3127 3274 3188 3310 ex
3224 3256 3491 3311 Breviculo

1915 3348 2080 3401 sancti
2101 3348 2393 3420 Augustini,
2420 3361 2474 3405 ut
2490 3351 2687 3422 pridem
2711 3353 2902 3405 monuit
2928 3351 3173 3422 Papirius
3199 3351 3491 3416 Massonus,

1915 3439 2068 3507 gestis
2096 3440 2427 3509 adjunximus
2452 3443 2795 3515 fragmentum
2817 3459 2878 3497 ex
2904 3442 2997 3498 illo
3017 3442 3285 3499 Breviculo
3312 3486 3324 3509 ,
3357 3445 3416 3497 ab
3433 3461 3489 3498 eo

1914 3526 2146 3582 videlicet
2174 3529 2285 3584 loco
2315 3531 2401 3584 ubi
2438 3542 2578 3603 gesta
2618 3531 2886 3601 deficiunt.
2941 3533 3199 3598 Quantum
3226 3545 3394 3587 autem
3420 3535 3497 3587 in-

1917 3620 2059 3674 tersit
2084 3622 2378 3690 reipublica:
2420 3604 2715 3677 christiana!
2757 3641 2816 3677 ea
2846 3625 3029 3677 habere
3056 3641 3182 3677 sana
3212 3633 3259 3677 et
3295 3626 3491 3693 integra

1914 3711 1991 3765 vel
2020 3711 2139 3764 hinc
2160 3712 2315 3780 liquet
2334 3715 2472 3782 quod
2510 3729 2599 3781 per
2624 3729 2787 3767 annos
2814 3714 3041 3785 singulos
3071 3716 3292 3769 lectitata
3312 3715 3364 3768 in
3390 3714 3490 3768 Ec-

1913 3804 2082 3858 clesiis
2102 3803 2363 3873 Africanis
2378 3805 2408 3869 f
2407 3805 2540 3858 uisse
2553 3812 2766 3859 testatur
2776 3806 2911 3859 idem
2932 3806 3244 3877 Augustinus
3266 3810 3423 3880 227
3443 3810 3494 3863 in

1913 3896 2130 3965 epistola
2157 3910 2287 3950 LVIII
2338 3905 2387 3949 et
2423 3896 2479 3949 in
2509 3895 2637 3949 libro
2668 3897 2731 3949 de
2771 3895 2937 3950 Gestis
2965 3915 3081 3951 cum
3110 3898 3359 3953 Emerita.
3397 3900 3493 3955 De~

1914 3986 2085 4040 dimus
2131 3994 2179 4041 et
2216 3987 2348 4041 illud
2391 3988 2731 4056 quorumdam
2771 3988 3093 4043 suasionibus
3120 4000 3173 4043 ut
3196 3990 3316 4044 huic
3354 3992 3494 4062 frag-

1912 4089 2079 4133 mento
2121 4079 2543 4152 subjungercmus
2586 4083 2795 4136 nontina
2841 4083 3197 4151 episc0p0rum
3236 4086 3496 4155 utriusque

1912 4172 2072 4239 partis
2090 4188 2205 4242 qurv
2224 4173 2438 4226 recitata
2460 4182 2578 4227 sunt
2608 4175 2659 4226 in
2686 4174 2974 4246 cognitione
3022 4176 3204 4245 prinue
3234 4178 3334 4232 diei
3351 4219 3366 4244 ,
3394 4190 3496 4231 tum

1914 4263 2066 4317 etiam
2091 4264 2521 4319 seorsimnomina
2544 4282 2717 4320 eorum
2738 4267 2826 4334 qui
2853 4266 2916 4320 ab
2938 4277 3151 4339 utraque
3180 4278 3325 4335 parte
3345 4271 3491 4323 electi

1912 4366 2029 4409 sunt
2057 4356 2126 4408 ad
2153 4358 2531 4423 suscipiendam
2552 4358 2891 4412 collationem.
2929 4358 3004 4412 0b
3032 4377 3184 4429 quam
3209 4363 3357 4415 etiam
3372 4380 3494 4415 cau-

1910 4464 2022 4503 sam
2047 4448 2197 4502 isthic
2235 4449 2489 4503 edidimus
2526 4466 2611 4504 eos
2658 4467 2914 4505 sermones
2956 4467 3083 4520 quos
3128 4451 3261 4505 idem
3290 4464 3491 4507 sanctus

1833 4554 1887 4614 Ι)
1910 4542 2179 4610 episcopus
2204 4541 2379 4595 habuit
2400 4543 2619 4596 instante
2642 4543 2917 4597 collatione
2936 4553 2981 4596 et
3008 4552 3119 4610 post
3142 4542 3488 4608 collationem,

1908 4649 2124 4703 quorum
2169 4634 2475 4687 mentionem
2522 4634 2645 4703 facit
2707 4633 2976 4687 Possidius
3023 4632 3250 4686 indiculo
3286 4650 3493 4703 operum

1908 4727 2151 4797 ejusdem.
2189 4727 2493 4780 Addidimus
2519 4736 2765 4795 pra'terea
2791 4726 3183 4779 constitutiones
3219 4734 3331 4794 post
3358 4724 3491 4778 hanc

1907 4820 2232 4873 collationem
2292 4818 2355 4873 ab
2401 4819 2723 4889 lmperatore
2775 4817 3009 4871 Honorio
3048 4817 3245 4879 editas;
3289 4832 3414 4884 quas
3443 4824 3491 4869 et

1908 4927 1998 4964 nos
2044 4921 2287 4983 putamus
2325 4912 2575 4980 respicere
2619 4910 2687 4962 ad
2715 4925 2775 4962 ea
2802 4923 2915 4980 qua;
2938 4918 3079 4976 gesta
3125 4906 3177 4960 in
3216 4906 3491 4960 collatione

1908 5010 2057 5067 sunt,
2085 5010 2133 5054 et
2163 5001 2235 5054 ita
2272 5001 2395 5053 viris
2423 5000 2620 5066 aliquot
2664 4998 2824 5058 doctis
2851 5011 3149 5064 persuasum
3189 4995 3347 5065 fuisse
3369 4997 3488 5049 ani-

1909 5090 2289 5144 madvertimus.
2342 5088 2613 5156 Reliquum
2654 5097 2727 5140 est
2766 5096 2820 5137 ut
2865 5086 3114 5139 nonnulla
3160 5084 3387 5139 dicamus
3428 5086 3491 5139 de

1910 5194 2046 5231 anno
2071 5194 2172 5247 quo
2192 5179 2289 5231 ista
2312 5185 2426 5230 acta
2454 5186 2591 5229 sunt.
2628 5176 2754 5242 Qua:
2776 5174 3064 5245 disquisitio
3099 5186 3223 5229 esset
3263 5179 3490 5247 profecto

1910 5268 2147 5333 inutilis,
2183 5283 2297 5320 cum
2320 5266 2546 5321 habitam
2570 5265 2898 5319 collatiOnem
2931 5276 3121 5320 constet
3148 5284 3281 5321 anno
3301 5272 3384 5336 qui
3407 5284 3489 5319 se-

1907 5372 2052 5416 cutus
2100 5369 2173 5414 est
2210 5368 2322 5431 post
2377 5358 2698 5412 consulatum
2730 5356 3002 5431 AVuranis,
3050 5359 3152 5411 nisi
3182 5361 3256 5411 vir
3293 5375 3490 5412 summe.

1909 5455 2089 5509 doctus
2118 5438 2360 5524 uobisque
2386 5468 2664 5521 numquam
2709 5429 2819 5504 sine
2848 5451 3001 5504 lautle
3028 5452 3369 5505 nominandus
3396 5450 3490 5504 Ja-

1911 5546 2065 5601 cobus
2093 5544 2402 5599 Sirmondus
2430 5559 2542 5596 eam
2571 5542 2826 5611 rejecisset
2852 5542 2904 5594 in
2935 5543 3353 5595 aunumaltermn
3381 5554 3491 5603 post

1913 5638 2234 5693 consulatum
2292 5634 2505 5690 Varanis
2525 5677 2540 5701 ,
2574 5635 2628 5687 id
2653 5646 2727 5688 est
2757 5635 2810 5685 iu
2834 5650 3026 5687 annum
3061 5635 3494 5701 quadringentesi-

1918 5746 2056 5785 mum
2084 5728 2470 5794 duodecimum,
2512 5742 2573 5779 eo
2610 5725 2665 5779 in
2702 5724 2881 5794 primis
2920 5733 3217 5793 argumento
3242 5724 3375 5792 quod
3407 5742 3485 5778 ut-

2930 5816 3007 5878 39
