3838 6222
436 292 571 353 1227
1378 294 1599 356 GESTA
1642 293 2084 350 COLLA'I‘IONIS
2122 292 2739 375 CARTIIAGINENSIS.
2866 336 2887 339 η
2950 334 2959 347 .
3584 290 3731 347 ιω

429 409 663 461 choatam
714 418 902 464 constet
950 410 1180 465 kalendis
1206 392 1413 475 Iuniis,
1467 425 1529 464 ea:
1571 423 1803 464 sermone
1838 384 2006 462 autem
2034 410 2084 467 Α
2182 405 2395 462 Interim
2446 417 2615 463 autem
2658 408 2779 461 dum
2810 408 3192 489 exspectabatur
3228 405 3339 462 dies
3374 406 3733 461 kalendarum

432 517 579 571 quem
623 511 825 557 sanctus
874 502 1193 574 Augustinus
1240 501 1412 557 habuit
1462 503 1679 556 instante
1741 502 2013 555 collatione
2105 498 2394 569 juniarunt,
2421 498 2644 570 episcopi
2670 497 2939 567 Catholici,
2964 499 3097 569 quod
3115 509 3266 563 antea
3293 513 3435 568 saepe
3460 499 3724 567 fecerant,

432 594 702 665 colligatur
750 595 906 666 paulo
955 606 1071 649 ante
1094 595 1414 649 collationem
1440 602 1697 665 peractum
1739 594 1896 663 fuisse
1927 592 2013 661 je-
2058 656 2061 657 ν
2114 590 2247 644 inter
2273 607 2327 644 se
2353 591 2678 663 conferebant
2714 590 2777 645 de
2819 592 2978 646 modis
3012 592 3315 649 revocanda:
3342 606 3405 654 ac
3432 590 3729 645 retinenda!

430 686 638 755 junium
665 685 1007 755 Pentecostes,
1050 686 1190 757 quod
1226 687 1316 741 illo
1335 704 1469 741 anno
1491 687 1638 740 desiit
1674 702 1725 740 ιν
1768 684 2011 740 kalendas

431 774 638 831 lunias.
670 767 1045 847 Deprecamini
1077 777 1353 833 nobiscum
1377 820 1391 844 ,
1441 780 1620 849 inquit,
1651 778 1966 850 Augustinus
1992 818 2007 845 ,

438 865 720 920 Dominum
767 867 1104 924 solemnibus
1156 869 1404 938 jejuniis,
1445 885 1562 940 qtuc
1588 868 1698 939 jam
1732 868 2011 923 reddimus

434 956 545 1010 Deo
566 999 581 1022 ,
614 958 899 1013 reddamus
929 968 984 1014 et
1021 975 1117 1029 pro
1146 976 1328 1017 causa.
1376 960 1493 1017 Jam
1520 962 1663 1017 enim
1701 962 2011 1031 jejunamus

428 1055 550 1115 post
572 1046 926 1105 Pentecosten
949 1050 1296 1118 solemnitcr;
1332 1061 1385 1107 et
1410 1042 1591 1124 utique
1614 1052 2008 1125 jejunaremus,

426 1140 635 1194 etiamsi
664 1140 765 1195 ista
787 1156 945 1198 causa
971 1158 1075 1198 non
1107 1140 1270 1202 ess'et.
1304 1147 1448 1209 Sane
1476 1162 1651 1202 verum
1688 1156 1763 1201 est
1786 1146 2008 1201 domini—

424 1247 541 1285 cum
571 1231 704 1286 diem
748 1232 1069 1291 Pentecos'tés
1099 1238 1343 1292 incidisse
1370 1256 1510 1293 anno
1548 1239 1675 1308 “2,
1700 1239 1753 1293 in
1794 1240 1931 1293 diem
1959 1254 2009 1294 tv

424 1324 669 1379 kalendas
714 1325 920 1384 lunias.
990 1330 1095 1385 Sed
1142 1347 1201 1400 eo
1246 1332 1328 1384 die
1368 1320 1717 1406 ﬁnitum'esse
1748 1332 2009 1403 jejunium

426 1412 778 1484 Pentecosles,
808 1419 946 1490 quod
970 1421 1173 1474 nullum
1195 1438 1433 1491 umquam
1460 1422 1556 1492 fuit
1597 1430 1714 1476 ante
1758 1420 2008 1477 Penteco-

422 1515 531 1560 sten
550 1548 565 1573 ,
590 1508 693 1561 dici
722 1524 834 1564 vere
869 1527 969 1564 non
997 1516 1177 1579 potest.
1219 1510 1379 1566 Verus
1402 1526 1521 1581 ergo
1558 1528 1618 1565 ac
1643 1513 1891 1583 genuinus
1913 1553 1926 1578 ,
1957 1521 2012 1567 ut

421 1612 513 1668 ego
560 1599 763 1667 quidem
811 1602 1064 1669 arbitror,
1112 1601 1378 1657 verborum
1408 1602 1688 1674 Augustini
1717 1621 1895 1658 sensus
1926 1605 2009 1658 hic

425 1699 516 1744 est.
542 1690 835 1762 Agebantur
873 1696 1083 1767 jejunia
1124 1712 1237 1766 qua
1270 1706 1486 1762 quatuor
1516 1706 1795 1769 temporum
1826 1697 2011 1754 Pente-

2116 683 2317 737 unionis
2342 683 2394 736 in
2422 680 2653 738 Ecclesia
2672 683 2935 755 Africana.
2966 682 3093 737 Tum
3116 700 3233 739 vero
3263 700 3347 738 res
3374 699 3500 745 sane
3520 697 3726 735 "terno-

2115 776 2290 831 rabilis
2317 785 2363 830 et
2391 775 2509 839 boni
2538 776 2755 847 exempli
2778 776 2980 853 accidit,
3004 768 3119 846 quia
3143 775 3325 831 merito
3343 765 3626 845 referenda
3645 780 3727 825 est

2117 869 2168 922 in
2196 868 2291 922 hoc
2323 869 2434 924 loco
2455 910 2469 936 ,
2497 877 2552 922 ut
2593 869 2660 922 sit
2697 869 2847 922 veluti
2885 868 2978 922 uia:
3002 869 3111 924 dua:
3137 868 3209 927 ad
3234 866 3565 940 sequendum,
3587 864 3725 917 divi-

2117 977 2237 1014 num
2261 959 2513 1026 Spiritum
2538 960 2621 1031 qui
2643 970 2851 1031 apparet
2877 976 2968 1031 per
2987 976 3160 1014 omnes
3182 960 3401 1033 paginas
3429 958 3582 1012 istius
3611 957 3721 1009 col-

2116 1054 2342 1108 lationis.
2371 1051 2543 1124 Refert
2574 1052 2718 1107 illam
2744 1059 2949 1107 sanctus
2970 1052 3285 1125 Augustinus
3311 1094 3326 1118 ,
3358 1050 3501 1105 testis
3524 1047 3719 1103 videli-

2116 1154 2195 1209 cet
2217 1145 2351 1199 omni
2382 1144 2673 1215 exceptione
2693 1146 2878 1216 major,
2895 1143 2948 1197 in
2975 1144 3106 1198 libro
3128 1143 3195 1214 de
3222 1141 3389 1199 Gestis
3416 1156 3532 1195 cum
3559 1136 3717 1192 Ense-

2117 1238 2238 1305 rito,
2271 1239 2350 1292 his
2378 1238 2560 1294 verbis.

2186 1330 2365 1385 Dicam
2393 1329 2642 1385 charitati
2672 1338 2860 1385 vestra:
2895 1333 2952 1381 et
2986 1332 3412 1384 commemorem
3438 1338 3555 1378 rem
3583 1320 3711 1376 dul-

2114 1423 2381 1479 cissimam
2416 1434 2471 1479 et
2507 1426 2900 1503 suavissimam,
2929 1442 3090 1498 quam
3140 1421 3370 1479 Domino
3412 1418 3708 1488 adjuvante

2114 1532 2302 1573 sumus
2328 1518 2559 1589 experti.
2576 1518 2707 1574 Cum
2733 1529 2857 1576 ante
2885 1521 3054 1590 ipsam
3075 1514 3422 1579 collationem
3448 1511 3593 1565 inter
3610 1524 3707 1566 nos

2113 1608 2273 1685 aliqui
2302 1610 2492 1666 fratres
2516 1610 2593 1667 de'
2615 1612 2714 1667 hac
2740 1627 2798 1667 re
2818 1612 3273 1682 colloqueremur,
3300 1609 3423 1679 quia
3445 1624 3543 1678 pro
3568 1623 3702 1678 pace

2110 1699 2307 1757 Christi
2351 1704 2587 1773 episcopi
2636 1704 2832 1761 debent
2862 1719 2984 1761 esse
3020 1714 3112 1759 aut
3159 1702 3366 1761 dehent
3399 1715 3511 1759 non
3555 1717 3697 1769 esse,

430 1792 591 1839 costes
624 1798 1017 1853 vocamus,guaz
1042 1796 1153 1855 post
1194 1784 1529 1843 Pentecosten
1557 1789 1849 1844 solemniler
1877 1791 2008 1845 cele-
2036 1797 2083 1859 Β
2112 1792 2252 1862 quod
2281 1792 2435 1849 vobis
2457 1792 2729 1850 fatendum
2754 1808 2836 1850 est
2861 1794 3359 1863 circumspicientes
3378 1807 3572 1847 omnes
3600 1793 3702 1847 fra-

422 1871 561 1927 brari
587 1885 781 1955 vetusta
811 1877 894 1931 lea:
938 1877 1183 1934 Ecclesia
1219 1881 1402 1950 jubet;
1454 1891 1498 1935 et
1544 1894 1650 1936 tum
1693 1884 2006 1955 Augustinus

421 1982 537 2021 eum
586 1954 869 2023 sermonem
899 1963 1113 2035 habuit,
1159 1972 1381 2027 instante
1409 1975 1683 2029 collatione
1713 1992 1731 2030 :
1760 1977 1898 2047 quod
1931 1986 2005 2032 est

418 2057 565 2112 valde
591 2060 890 2114 notandum.
922 2061 1065 2115 Nam
1086 2063 1204 2117 hinc
1230 2066 1497 2135 manifeste
1524 2067 1783 2141 colligitur
1803 2085 2005 2146 necesse

2110 1894 2218 1941 tres
2245 1896 2299 1940 et
2320 1887 2669 1956 coepiscopos
2692 1896 2928 1949 nostros,
2948 1900 3054 1943 non
3082 1884 3239 1947 facile
3264 1883 3421 1939 nobis
3446 1898 3696 1938 occurre-

2108 1978 2232 2032 bant
2264 1978 2352 2047 qui
2382 1977 2483 2033 hoc
2509 1977 2707 2034 vellent
2739 1978 3018 2048 suscipere
3058 1986 3107 2033 et
3139 1976 3206 2032 de
3257 1974 3359 2030 hac
3401 1975 3698 2031 humilitate

2109 2071 2217 2127 Deo
2248 2072 2570 2128 sacrilicare.
2607 2072 2924 2128 Dicebamus
2950 2081 3008 2127 ut
3034 2071 3147 2126 fieri
3180 2071 3344 2135 solet,
3379 2069 3473 2126 Ille
3499 2078 3693 2142 potest,

418 2149 578 2218 fuisse
606 2162 657 2204 ut
685 2168 741 2206 eo
781 2170 915 2206 anno
945 2170 1043 2224 quo
1074 2156 1301 2227 episcopi
1342 2157 1703 2229 Carthaginem
1731 2176 2004 2215 convenere

421 2243 488 2294 ad
515 2244 803 2312 faciendam
830 2247 1181 2315 collationem,
1205 2250 1463 2320 jejunium
1481 2234 1698 2321 quatuor
1719 2261 2002 2322 temporum

423 2331 747 2388 Pentecostes
776 2338 991 2391 evenerit
1027 2348 1141 2392 ante
1167 2338 1409 2394 kalendas
1451 2338 1668 2407 Junias,
1698 2357 1813 2394 cum
1836 2358 1893 2394 eo
1921 2341 2003 2396 die

417 2436 577 2495 erepta
598 2430 662 2481 sit
691 2428 913 2483 collatio.
963 2432 1027 2484 At
1059 2448 1177 2486 vero
1206 2432 1258 2485 id
1298 2433 1410 2500 ﬁeri
1448 2449 1551 2486 non
1600 2435 1823 2498 potuisse
1865 2448 2002 2487 anno

421 2517 525 2571 M2
581 2535 643 2573 ea:
689 2536 745 2573 eo
806 2521 1204 2591 deprehenditur
1253 2539 1351 2591 quo
1400 2533 1505 2575 tum
1550 2524 1833 2577 dominicus
1895 2524 2002 2578 dies

2104 2164 2195 2221 ille
2232 2182 2336 2221 non
2386 2174 2582 2237 poteSI,
2617 2167 2705 2222 ille
2734 2167 3004 2232 consentit
3039 2164 3165 2231 hoc,
3199 2165 3292 2221 ille
3318 2179 3428 2220 non
3477 2164 3693 2230 tolerat,

2104 2257 2385 2329 loquentes
2416 2260 2583 2330 magis
2610 2274 2706 2331 pro
2736 2258 3129 2329 suspicionibus
3152 2258 3376 2323 nostris,
3405 2255 3499 2326 qui
3536 2254 3693 2312 corda

2104 2349 2317 2404 illorum
2367 2349 2555 2405 videre
2597 2350 2816 2406 minime
2870 2358 3198 2420 poteramus.
3251 2348 3478 2415 Quando
3515 2354 3689 2402 autem

2105 2450 2324 2496 ventum
2353 2453 2435 2496 est
2466 2449 2523 2495 ut
2550 2441 2651 2497 hoc
2681 2443 2852 2513 palam
2883 2442 3039 2499 ﬁeret
3076 2443 3127 2497 in
3159 2441 3391 2497 concilio
3413 2440 3692 2496 universo.

419 2605 737 2663 Pentecostes
777 2611 1014 2665 inciderit
1050 2612 1103 2663 in
1151 2612 1287 2665 diem
1332 2628 1383 2666 ιν
1413 2612 1654 2667 kalendas
1674 2611 1860 2667 lunias
1886 2656 1899 2680 ,
1950 2622 2003 2666 ut

420 2713 578 2766 supra
606 2700 913 2752 monuimus.
950 2700 1161 2754 Rectius
1209 2701 1299 2755 illa
1349 2712 1663 2757 concurrunt
1714 2704 1765 2758 in
1808 2719 2005 2758 annum

418 2793 543 2859 411,
572 2794 706 2862 quod
758 2792 963 2847 Pascha
1010 2796 1106 2865 fuit
1139 2810 1209 2848 \‘tt
1271 2794 1513 2850 kalendas
1540 2796 1771 2866 Apriles,
1824 2796 2008 2851 Pente-

424 2892 584 2938 costes
623 2901 738 2938 vero
771 2886 935 2953 pridie
981 2886 1097 2939 idus
1152 2885 1356 2951 Maias,
1410 2899 1455 2939 et
1489 2887 1748 2958 jejunium
1785 2897 2003 2956 quatuor

418 2984 700 3046 temporum
748 2975 1073 3031 Pentecostes
1126 2978 1313 3047 incepit
1352 2994 1457 3032 xm
1527 2978 1804 3045 kalendas,
1850 2979 2005 3034 desiit

414 3083 528 3120 vero
582 3083 668 3121 xw
715 3068 959 3124 kalendas
999 3069 1218 3135 lunias,
1251 3071 1305 3125 id
1352 3082 1464 3136 est,
1516 3083 1633 3125 ante
1681 3075 1788 3127 dies
1832 3074 2006 3127 decem

2105 2551 2222 2589 rum
2257 2544 2361 2604 tam
2409 2535 2677 2606 frequenti
2724 2548 2859 2607 pene
2888 2546 3253 2593 trecentorum
3281 2535 3686 2605 episcoporum,

2104 2629 2182 2684 sic
2213 2638 2529 2685 exarserunt
2554 2643 2745 2685 omnes
2784 2639 2840 2684 ut
2888 2629 3058 2699 parati
3103 2636 3288 2700 essent
3322 2628 3685 2695 episcopatum

2107 2735 2203 2789 pro
2231 2718 2435 2775 Christi
2474 2721 2679 2775 unitate
2720 2719 2992 2790 deponere
3016 2763 3031 2787 ,
3068 2729 3122 2773 et
3169 2735 3275 2772 non
3320 2716 3569 2787 perdere,
3598 2713 3688 2770 sed

2110 2812 2216 2866 Deo
2267 2812 2427 2866 tutius
2476 2810 2876 2866 commendare.
2924 2807 3145 2864 Duo'ibi
3186 2808 3276 2862 vix
3322 2807 3527 2861 inventi
3570 2814 3687 2859 sunt

2105 2906 2298 2974 quibus
2344 2904 2682 2973 displiceret;
2726 2918 2866 2957 unus
2912 2915 3157 2966 annosus
3204 2915 3406 2964 senex,
3452 2899 3541 2969 qui
3591 2898 3686 2954 hoc

2106 2996 2265 3049 etiam
2317 2994 2499 3049 dicere
2548 2994 2767 3049 liberius
2812 3007 2973 3049 ausus
3009 3000 3124 3059 est;
3181 2992 3323 3046 alter
3363 2989 3680 3045 voluntatem

2107 3102 2256 3142 suam
2284 3088 2443 3141 tacito
2470 3086 2620 3141 vultu
2647 3084 2987 3156 signiﬁcavit.
3014 3085 3118 3141 Sed
3139 3093 3324 3155 postea
3355 3098 3511 3155 quam
3538 3082 3679 3136 illum

410 3176 563 3227 quam
619 3159 857 3231 EpiscOpi
911 3163 1329 3231 disceptationem
1373 3165 1794 3234 aggrederentur.
1856 3165 1999 3220 Nam

2114 3192 2291 3233 senem
2320 3177 2541 3232 liberius
2565 3176 2667 3231 hoc
2687 3176 2953 3233 dicentem
2983 3175 3166 3232 obruit
3194 3175 3431 3228 omnium
3455 3173 3675 3227 fraterna

413 3267 469 3304 eo
496 3251 578 3304 die
618 3251 909 3307 Catholicos
954 3254 1212 3324 episwpos
1246 3256 1407 3325 fuisse
1447 3257 1587 3324 apud
1634 3256 1995 3331 Carthaginem

411 3352 547 3413 patet
566 3360 629 3397 ea:
664 3345 940 3399 collatione
968 3348 1153 3414 prima,
1186 3363 1304 3416 cap.
1325 3347 1394 3401 27
1413 3388 1427 3416 ,
1450 3347 1542 3417 29,
1571 3358 1618 3404 et
1644 3366 1705 3405 ea;
1725 3351 2000 3407 collatione

412 3436 656 3504 secunda,
688 3452 803 3506 cap.
839 3438 927 3492 50.

2105 3268 2398 3338 correptio,
2425 3251 2516 3321 illo
2546 3274 2783 3323 mutante
2804 3266 3148 3333 sententiam,
3181 3264 3387 3319 vultum
3413 3263 3566 3319 etiam
3594 3262 3675 3317 ille

2108 3363 2351 3419 mutavit.
3284 3366 3294 3375 '

1270 3716 1432 3786 228
1535 3715 1961 3791 NOMINA
2028 3723 2171 3792 ET
2225 3720 2564 3795 SEDES

410 3870 886 3929 EPISCOPORUM
949 3872 1111 3929 XVIII
1178 3872 1578 3941 UTRIUSQUE
1638 3875 1884 3934 PARTIS
1934 3876 2053 3946 QUI
2094 3877 2338 3934 ELECTI
2393 3877 2571 3935 SUNT
2611 3877 2702 3933 AD
2752 3874 3237 3933 COLLATIONEM
3294 3871 3657 3932 IIABENDAM.

1760 4136 2134 4195 ACTORES
2201 4138 2333 4194 VII.

764 4270 826 4309 EX
868 4269 1040 4309 PARTE
1069 4265 1491 4308 ελτιιοιιεοῐιυη.

486 4371 533 4423 I.
568 4371 829 4424 Aumuus
859 4364 1323 4435 Carthaginensis.

524 4502 533 4513 .
581 4464 802 4515 Aunus
841 4458 1246 4531 Thagastensis.

526 4594 536 4605 .
583 4553 913 4606 Aucusrmus
956 4549 1414 4621 llipporegicnsis.

524 4682 534 4693 .
579 4640 899 4694 VINCENTIUS
940 4642 1280 4694 Colusitanus
1301 4657 1389 4694 seu
1414 4639 1773 4695 Culusitanus.

524 4772 534 4781 .
580 4729 929 4783 Fon'ruunus
969 4730 1481 4786 Constantiniensis.

482 4822 533 4875 (5.
577 4821 1025 4875 FOKTUNATIANUS
1063 4824 1354 4877 Siccensis.

482 4914 534 4965 7.
579 4913 846 4967 l‘osstolus
886 4912 1233 4967 Calamcnsis.

481 4463 514 4514 2

484 4555 516 4605 ὖ

484 4733 513 4781 .‘i

2577 4272 2665 4312 ,ΕΧ
2705 4272 2876 4313 PARTE
2915 4273 3133 4314 DONATI.

2172 4367 2221 4419 1.
2265 4365 2554 4422 Parnasus
2593 4364 3050 4438 Carthaginensis.

2170 4455 2224 4509 2.
2267 4456 2586 4512 PETILIANUS
2623 4458 3127 4516 Constantiniensis.
3182 4516 3191 4523 ,

2173 4550 2224 4603 5.
2269 4550 2540 4606 EMERITUS
2577 4550 2959 4608 Caesarecnsis.
3038 4542 3041 4545 ’

2172 4639 2226 4693 4.
2267 4640 2564 4697 Ριιοτλςιυδ
2603 4642 2964 4698 Tubiuiensis.

2170 4732 2223 4785 5.
2264 4732 2552 4791 Mouuuus
2592 4734 2889 4791 Zamensis.

2167 4817 2220 4871 6.
2264 4819 2606 4875 Gsuneu'rms
2646 4820 3128 4891 ThamtigadeIISis.

2168 4908 2219 4959 7.
2263 4913 2580 4965 Aoeooarus
2618 4910 2975 4969 Milevitanus.

1576 5043 2068 5101 CONSILIAIHI
2137 5042 2509 5097 TOTIDEM.

492 5165 535 5217 I.
577 5160 824 5215 Neurus
862 5159 1147 5213 Sitifensis.

482 5256 535 5307 2.
567 5252 897 5305 FLonnxnus
941 5249 1296 5316 Hipponensis
1331 5251 1756 5323 Diarrhytorum.

483 5347 534 5399 ’5.
576 5344 921 5401 ΜΑυιιεΝτιυε
962 5340 1398 5394 Tuburzicensis.

482 5439 535 5491 4.
578 5436 799 5490 Pmscus
838 5431 1166 5498 Quidiensis.

576 5532 905 5584 SEIlENIANUS
936 5523 1263 5577 Mcditcnsis.

483 5620 531 5671 6.
576 5621 892 5674 Βοδιγλοιυδ
930 5614 1303 5686 Cataquensis.

482 5709 532 5758 7.
576 5709 1280 5781 Scrcuctusab‘cillitanusq

2176 5157 2223 5209 1.
2270 5157 2601 5211 l’enecmuus
2641 5157 2967 5216 Suﬂ'etanus.

2170 5250 2220 5301 2.
2264 5250 2441 5302 Anus
2481 5248 2855 5304 Turusitanus.

2086 5376 2087 5381 η
2168 5342 2219 5395 5,
2262 5341 2597 5397 Cunmn'ws
2633 5341 3008 5399 Tabracensis.

2167 5434 2219 5487 4.
2266 5436 2589 5490 ΙΙΑΒετυῑωι
2631 5438 3118 5494 Aurusulianensis.
