3838 6222
83 398 241 455 1ἳ29
1054 397 1276 456 GESTA
1314 393 1762 456 COLLATIONIS
1798 370 2411 465 CARTHAGINENSIS.

1186 509 1598 568 CUSTODES
1635 510 2129 569 CHARTARUM
2168 512 2264 568 ιν.

170 609 226 662 1.
273 608 579 662 Deummvs
616 607 994 664 Caesareensis.
1703 625 1733 687 Α

1855 612 1904 664 1.
1938 599 2142 664 Vtc'ron
2183 607 2538 678 Hipponensis
2571 603 2994 676 Diarrhylorum.

166 700 228 752 2.
273 699 384 754 Leo
421 700 729 769 Mopteusis.
982 706 985 709 ’
1853 701 1908 756 2.
1939 702 2267 758 unusunus
2304 700 2550 757 (Eeusis.

166 790 228 842 5.
271 789 532 844 As'rzaws
593 789 852 844 Viccnsis.
1857 795 1911 849 5.
1951 794 2294 852 Vnam-usus
2329 792 2666 866 Carpitanus.

3229 397 3368 461 1950

164 878 228 935 4.
267 880 603 936 Βκετιτυτυε
637 879 974 952 Tag'orensis.

1853 885 3301 943 4.Vlc'ron..‘............

1503 974 2025 1079 uorsnnlv.i

175 1087 201 1139 1
219 1127 233 1139 .
278 1085 585 1142 Jsuusnws.

1867 1088 1914 1143 1.
1955 1088 2178 1145 νιετοι.
2229 1113 2232 1118 ι

164 1178 229 1232 2.
277 1179 521 1234 Vinus.
1858 1177 1912 1231 2.
1955 1178 2304 1234 Cnescouws.

1248 1409 1411 1482 229
1482 1425 1944 1501 NOTITIA
2460 1439 2464 1444 ’
3299 1517 3303 1520 ,

129 1580 639 1648 ΕΡΙΞᾸΞΟΡΟΒΠΜ⁹
655 1578 883 1639 SUPRA
921 1577 1448 1636 MEMORATORUM
1485 1578 1602 1647 QUI
1640 1548 2125 1642 COLLATIONEM
2163 1585 2794 1647 CARTHAGINENSEM
2825 1587 3343 1658 SUSCEPERUNT.

173 1817 310 1871 Non
335 1831 507 1872 omnes
527 1814 751 1885 episcopi
774 1814 860 1884 qui
883 1810 1238 1879 Carthaginem
1269 1815 1505 1864 venerant
1531 1847 1546 1872 ,
1580 1815 1688 1860 tum
1716 1810 1764 1870 B
1793 1809 2045 1864 Ambrosii
2074 1827 2188 1883 cap.
2219 1813 2422 1868 ultimo.
2457 1811 2734 1867 Fortunati
2775 1813 3244 1870 Constantiniensis.
3275 1832 3373 1871 no-

97 1909 365 1964 ςαιιιοιίεε
391 1951 405 1974 ν
437 1919 543 1962 tum
571 1907 874 1971 υοηαιίειω,
901 1904 1222 1959 collationem
1253 1899 1699 1969 Carthaginensem
1803 1921 1914 1959 men
1936 1906 2154 1959 occurrit
2177 1907 2328 1960 etiam
2349 1907 2403 1959 in
2423 1908 2846 1980 superscriptione
2867 1910 3069 1963 concilii
3092 1908 3375 1963 Milevitani

95 2010 478 2071 susceperunt;
505 1999 594 2054 sed
615 1998 894 2053 octodecim
918 1997 1184 2048 dumtaxat
1204 2009 1265 2047 ex
1284 2002 1496 2057 utraque
1522 1997 1698 2060 parte:
1805 1996 1926 2049 anni
1952 1995 2059 2051 416
2081 2037 2096 2062 ,
2139 1996 2225 2050 ubi
2254 2013 2449 2067 quoque
2479 1995 2841 2052 Fortunatiani
2871 2015 3053 2055 nomen
3076 2010 3332 2070 comparet
3359 2041 3372 2065 ,

97 2106 304 2163 septem
329 2095 517 2148 scilicet
542 2093 771 2157 Actores,
798 2092 1003 2144 totidem
1020 2088 1312 2144 Consiliarii
1331 2129 1346 2153 ,
1377 2097 1420 2140 et
1446 2094 1701 2157 gestorum
1803 2089 1890 2157 qui
1911 2089 1962 2142 in
1986 2106 2043 2143 eo
2063 2090 2277 2143 concilio
2302 2091 2492 2144 electus
2516 2101 2742 2146 est-unus
2761 2109 2788 2147 e
2812 2092 3078 2148 Judicibus
3108 2096 3379 2163 provincias
3458 2084 3466 2093 ’

100 2185 361 2239 Custodes
396 2195 630 2253 quatuor.
664 2183 739 2235 De
765 2179 1042 2235 Catholicis
1068 2179 1207 2234 haud
1246 2178 1518 2247 ambigitur
1549 2191 1566 2228 :
1597 2175 1704 2227 siu-
1804 2181 2205 2250 proconsularis,
2243 2192 2287 2236 et
2315 2185 2463 2254 cujus
2489 2183 2772 2251 honorifica
2795 2187 2850 2252 ﬁt
2881 2187 3066 2239 mentio
3105 2189 3244 2256 apud
3271 2188 3376 2241 Au-

74 2282 82 2288 ·
105 2275 358 2344 gulorum
387 2274 519 2326 enini
557 2273 766 2325 nomina
800 2271 1050 2340 descripta
1076 2265 1209 2323 sunt'
1231 2269 1285 2321 in
1316 2266 1557 2319 mandato
1583 2280 1704 2317 con-
1805 2271 2061 2340 gustinum
2082 2271 2170 2325 lib.
2195 2286 2212 2324 ι
2233 2280 2404 2325 contra
2425 2273 2617 2326 litteras
2643 2271 2879 2327 Petiliani
2899 2291 3015 2344 cap.
3038 2276 3063 2328 1
3090 2286 3134 2329 et
3157 2273 3269 2329 Lib.
3298 2289 3383 2340 ut,

105 2367 219 2422 cilii
250 2366 698 2438 Carthaginensis,
730 2363 866 2434 quod
893 2365 1116 2433 refertur
1139 2363 1192 2415 in
1219 2362 1372 2432 gestis
1396 2357 1701 2429 cognitionis
1807 2352 1921 2430 cap.
1945 2360 2241 2427 '58,necnon
2267 2363 2319 2416 in
2342 2363 2469 2416 libro
2496 2363 2557 2416 de
2575 2347 2738 2417 Unico
2766 2363 3028 2433 Baptismo
3049 2370 3223 2438 contra
3248 2383 3381 2420 eum-

107 2462 457 2530 prima,cap.
503 2458 608 2524 55,
639 2469 686 2518 st
729 2454 1031 2529 singillatim
1073 2468 1430 2511 enumerantur
1471 2456 1524 2508 in
1550 2455 1706 2526 gestis
1809 2451 1922 2505 dem
1951 2467 2066 2521 cap.
2102 2453 2189 2520 16,
2231 2455 2317 2508 ubi
2344 2454 2532 2508 dicitur
2577 2453 2851 2526 Profuturi
2889 2468 3005 2510 ante
3049 2459 3382 2528 paucissimos

111 2553 423 2625 cognitionis
451 2554 632 2616 tertitB,
662 2569 775 2623 cap.
805 2553 858 2606 2.
890 2551 1003 2617 Quo
1035 2552 1084 2603 in
1113 2549 1378 2620 posteriori
1422 2548 1531 2601 loco
1572 2550 1707 2615 refe-
1811 2559 1970 2595 annos
1993 2543 2218 2612 defuncti
2242 2586 2256 2607 ,
2284 2545 2336 2596 in
2359 2545 2474 2598 sede
2497 2543 2924 2602 Constantiniensi
2948 2549 3382 2633 successor-1PM-

112 2654 312 2699 runtur
358 2660 554 2714 quoque
606 2644 814 2697 nomina
859 2651 1046 2712 septem
1076 2640 1445 2713 Episcoporum
1466 2679 1480 2704 ,
1534 2637 1711 2707 quibus
1810 2634 1973 2686 sidius
2001 2631 2314 2688 Calamensis
2341 2636 2610 2707 episcopus
2637 2637 2912 2707 Augustini
2942 2642 3038 2709 fuit
3065 2631 3348 2712 discipulus
3370 2683 3386 2707 ,

126 2747 304 2808 partes
332 2734 523 2791 Donati
553 2736 683 2789 tueri
711 2734 1028 2788 incumbebat
1068 2749 1086 2787 :
1114 2733 1175 2785 iis
1216 2732 1562 2801 adjunguntur
1590 2745 1713 2797 qua.
1811 2727 1875 2779 ab
1904 2742 1960 2779 eo
1990 2725 2086 2780 Dei
2114 2728 2258 2782 verbo
2287 2733 2540 2803 nutritus,
2584 2731 2974 2787 Donatistarum
3012 2734 3171 2789 hostis
3195 2738 3384 2806 acerri-

117 2837 240 2882 tuor
271 2839 475 2884 tantum
505 2827 786 2882 consiliarii
816 2843 834 2879 :
863 2825 1083 2879 aliorum
1106 2840 1219 2878 vero
1253 2840 1341 2876 nec
1367 2822 1448 2875 hic
1476 2838 1564 2873 nec
1591 2820 1712 2873 alibi
1813 2833 1956 2882 mus,
1991 2835 2023 2871 a
2050 2818 2230 2884 quibus
2261 2837 2383 2890 pene
2407 2822 2697 2892 interfectus
2727 2834 2798 2878 est
2825 2866 2838 2891 ,
2902 2834 2959 2878 ut
2999 2835 3172 2879 narrat
3211 2827 3389 2897 Augu-

121 2922 180 2988 ﬁt
209 2923 426 2976 mentio.
472 2920 588 2974 Duo
635 2929 799 2974 autem
829 2910 1408 2974 Custodes-chartarum
1457 2929 1518 2978 ex
1569 2920 1716 2981 parte
1815 2908 1977 2960 stinus
2004 2909 2280 2978 epistJGG.
2312 2911 2527 2980 Scripsit
2551 2913 2820 2984 Augustini
2853 2913 3036 2983 Vitam,
3054 2917 3106 2969 in
3131 2933 3232 2986 qua
3252 2919 3390 2973 testis

123 3009 520 3067 Donatistarum
565 3012 791 3065 nominat
844 3008 1136 3063 Primiaaus
1194 3003 1617 3076 Carthagineusis
1662 3003 1716 3055 in
1818 3009 1890 3054 est
1919 3004 2331 3073 se-quadraginta
2371 3006 2516 3060 annis
2543 3004 2638 3060 Dei
2669 3008 2802 3061 dono
2840 3009 3027 3080 absque
3061 3027 3237 3064 amara
3282 3010 3393 3065 ulla

129 3087 286 3172 gestis
327 3103 626 3172 cognitionis
655 3103 852 3171 primar,
887 3117 1000 3171 cap.
1037 3099 1162 3163 152,
1220 3096 1469 3150 Victorem
1518 3093 1718 3166 Hippo—
1820 3091 2132 3148 dissensione
2177 3098 2500 3167 familiariter
2544 3116 2604 3152 ac
2640 3099 2855 3154 dulciter
2905 3101 3106 3156 vixisse.
3159 3101 3284 3157 Haec
3326 3103 3416 3156 de‘

128 3211 336 3248 nensem
386 3193 781 3261 Diarrhytorum
829 3203 876 3244 et
919 3191 1267 3244 Marinianum
1317 3188 1565 3243 (Eensem

129 3291 258 3340 duos
279 3287 412 3339 alios
445 3282 770 3339 Veratianum
793 3300 968 3352 nempe
995 3291 1040 3335 et
1067 3282 1344 3345 Victorem,
1367 3281 1493 3333 ibid.
1522 3297 1567 3332 c.
1588 3279 1713 3346 225,

101 3382 103 3384 ’
143 3380 473 3433 Veratianum
498 3375 787 3443 Carpitantu
818 3375 1063 3428 Ecclesia:
1090 3376 1379 3444 episcopum
1401 3374 1559 3445 fuisse
1585 3389 1712 3426 con-

131 3480 227 3524 stat
269 3481 332 3524 ex
364 3485 480 3538 cap.
518 3464 833 3538 126.;Cujus
864 3476 1030 3520 autem
1072 3466 1205 3520 sedis
1259 3465 1437 3540 Victor
1455 3467 1717 3535 episc'Opus

135 3563 323 3632 fuerit,
367 3576 483 3614 cum
513 3561 685 3630 plures
710 3561 809 3612 sint
838 3559 990 3632 hujus
1032 3559 1249 3613 nominis
1289 3559 1512 3629 episcopi
1545 3555 1720 3611 Dona-

136 3655 264 3706 tistae
299 3654 351 3706 in
393 3652 662 3706 collatione
690 3650 1114 3722 Carthaginensi,
1166 3651 1332 3702 dicere
1373 3649 1576 3717 difﬁcile
1623 3658 1716 3702 est.

142 3742 295 3796 Nunc
325 3743 538 3796 breviter
565 3743 688 3812 quid
717 3743 779 3794 de
805 3741 1018 3811 singulis
1053 3741 1307 3793 memoria:
1336 3739 1594 3805 proditum
1625 3738 1718 3802 sit,

141 3833 514 3902 exponendum.
549 3831 825 3885 Ordiemur
855 3848 885 3883 a
916 3829 1218 3882 Catholicis.

211 3925 423 3979 Primus
466 3927 597 3978 inter
627 3933 822 3977 actores
862 3919 1151 3978 Catholicos
1171 3962 1186 3987 ,
1226 3930 1300 3973 est
1332 3920 1568 3998 Aurelius
1593 3919 1719 3975 Car-

122 4015 459 4088 .thaginensis
495 4015 740 4078 antistes‘,
771 4013 848 4065 vir
878 4013 1168 4065 notissimus
1192 4051 1207 4077 ,
1239 4027 1386 4080 quem
1413 4010 1725 4081 Augustinus

150 4109 232 4161 lib.
259 4124 295 4160 ιι
324 4107 782 4170 lietractationum,
816 4121 928 4175 cap.
949 4105 1041 4167 21,
1087 4103 1418 4157 venerabilem
1443 4119 1610 4156 senem
1633 4121 1726 4174 ap-

151 4205 320 4270 pellat.
368 4199 777 4268 Quamplurimis
806 4199 892 4251 ille
915 4199 1146 4251 conciliis
1175 4190 1655 4266 Carthaginiensibus
1681 4207 1726 4250 et

156 4293 408 4360 Africanis
435 4291 638 4360 prtcfuit
664 4328 677 4353 ,
705 4289 981 4358 meritoque
1006 4289 1191 4341 dicitur
1211 4306 1240 4340 a
1262 4288 1519 4356 Prospero
1546 4289 1597 4340 in
1619 4305 1729 4341 car-

123 4367 126 4369 l
158 4387 286 4439 mine
315 4387 379 4439 de
412 4383 657 4456 Iugratis,
691 4382 890 4435 concilii
920 4383 1154 4452 Africani
1188 4385 1319 4446 Dux,
1349 4385 1498 4452 cujus
1551 4381 1729 4452 Augu-

157 4481 311 4533 stinus
341 4481 630 4548 ingenium.
656 4475 761 4529 Nec
783 4465 949 4528 minus
972 4476 1178 4528 celebris
1200 4485 1270 4528 est
1294 4475 1534 4526 memoria
1560 4475 1730 4543 Alypii

1614 3202 1632 3253 ._'
1670 3196 1716 3240 et
1745 3188 1791 3251 C
1821 3190 2072 3244 actoribus
2111 3192 2394 3245 catholicis.
2444 3191 2624 3247 Ca’teri
2667 3195 2752 3247 vix
2796 3195 2944 3248 aliter
2984 3197 3087 3250 noti
3134 3212 3286 3266 quam
3337 3211 3400 3250 ex

1817 3282 2144 3348 praesentibus
2174 3283 2324 3353 gestis
2345 3324 2359 3348 ,
2394 3301 2455 3338 ex
2496 3284 2676 3354 quibus
2701 3285 2842 3339 sedes
2879 3301 3055 3340 eorum
3089 3287 3398 3358 episcopales

1815 3371 2111 3442 collegimus
2129 3413 2142 3436 ,
2171 3375 2307 3442 quod
2333 3391 2491 3427 unum
2531 3375 2593 3430 de
2637 3376 2761 3446 ipsis
2790 3388 3039 3446 superest.
3320 3371 3324 3375 ’

1893 3460 1935 3514 Ε
1965 3460 2353 3517 Donatistarum
2377 3465 2628 3519 actoribus
2650 3457 2865 3534 quatuor
2894 3478 2980 3522 aut
3020 3469 3242 3537 quinque
3270 3470 3397 3523 cele-

1821 3554 1930 3608 bres
1951 3566 2068 3610 sunt
2093 3573 2111 3610 :
2133 3555 2430 3612 Primianus
2455 3559 2785 3614 Parmenioni
2815 3559 3101 3617 Donatista:
3141 3579 3396 3618 successor

1819 3646 1871 3700 in
1908 3648 2024 3700 sede
2061 3644 2446 3720 Carthaginensi
2473 3651 2608 3702 circa
2635 3657 2837 3703 'annum
2870 3650 3060 3704 Christi
3113 3653 3220 3708 590
3246 3694 3260 3716 ,
3305 3654 3393 3719 qui

1821 3737 1988 3790 statim
2015 3755 2046 3790 a
2077 3736 2345 3792 Feliciano
2383 3739 2594 3804 aliisque
2637 3757 2742 3793 sua:
2781 3742 2939 3807 partis
2974 3743 3224 3811 episcOpis
3253 3744 3399 3796 dam-

1822 3836 1972 3880 natus
2018 3837 2118 3891 est,
2169 3838 2215 3880 et
2269 3816 2524 3898 depositus
2573 3831 2624 3880 in
2681 3830 2896 3882 concilio
2977 3831 3397 3889 Cabarsussitano

1825 3918 1945 3968 anni
1965 3917 2089 3981 595,
2115 3920 2382 3989 subrogato
2400 3919 2452 3970 in
2471 3919 2583 3988 ejus
2603 3919 2769 3971 locum
2794 3917 3109 3973 Maximiano
3135 3932 3220 3974 :at
3243 3923 3396 3989 paulo

1829 4017 1940 4074 post
1979 4008 2029 4060 in
2060 4010 2271 4062 concilio
2298 4008 2568 4078 Bagaiensi
2614 4010 2876 4064 absolutus
2917 4021 2962 4064 et
3007 4012 3261 4066 restitutus
3304 4013 3392 4066 de-

1822 4098 1962 4165 jecto‘
1983 4095 2317 4150 Maximiano.
2349 4098 2462 4164 Qua
2492 4099 2553 4152 de
2581 4115 2633 4151 re
2661 4100 2846 4152 centies
2885 4099 3024 4168 apud
3053 4100 3392 4169 Augustinum

1828 4188 1883 4256 ﬁt
1907 4189 2107 4265 utentia.
2156 4188 2445 4242 Petilianus
2471 4189 2965 4266 ante-episcopatum
2993 4193 3209 4259 forensis
3237 4193 3395 4246 advo-

1831 4291 1972 4332 catus
1998 4295 2023 4332 e
2047 4279 2408 4333 catechumeno
2435 4279 2485 4332 in
2512 4278 2794 4346 Catholica,
2827 4297 2915 4349 per
2942 4281 3037 4333 vim
3059 4297 3090 4332 a
3117 4279 3423 4356 Donatistis_

1833 4368 2092 4423 ordinatus
2118 4370 2383 4440 episcOpus
2414 4369 2777 4443 Constantinus,
2802 4374 2947 4441 cujus
2977 4382 3173 4425 exstant
3197 4374 3395 4439 litterce,

1833 4461 2098 4514 adversum
2153 4477 2279 4529 quas
2333 4460 2646 4531 Augustinus
2691 4461 2910 4533 scripsit.
2961 4460 3240 4515 Emeritam
3289 4472 3403 4532 post

159 4566 511 4640 Thagastensis
537 4608 552 4634 ,
580 4567 850 4640 Augustini
879 4582 910 4618 α
937 4566 1111 4632 primis
1141 4568 1290 4619 annis
1321 4565 1636 4617 amicissimi.
1674 4563 1729 4618 Is

1836 4551 2154 4604 collationem
2196 4566 2511 4605 communem
2557 4553 2784 4630 convenit
2829 4553 3138 4621 Augustinus
3178 4555 3230 4606 in
3274 4555 3398 4609 urbe

160 4659 428 4733 Thagastae
452 4661 701 4716 oriundus
723 4669 828 4715 erat
854 4659 1154 4728 primoribus
1182 4657 1596 4727 municipalibus.
1631 4656 1734 4710 lio—

162 4770 286 4807 mam
313 4763 514 4810 venerat
535 4755 689 4826 paulo
721 4764 839 4807 ante
865 4753 1205 4822 Augustinum
1231 4793 1244 4815 ,
1274 4761 1319 4804 et
1357 4751 1510 4805 simul
1545 4766 1657 4802 cum
1678 4765 1734 4802 eo

166 4844 509 4901 Mediolanum
563 4850 817 4916 profectus
848 4854 918 4899 est
966 4845 1168 4914 :hujus
1215 4843 1364 4896 etiam
1417 4841 1731 4910 prapositum

166 4935 381 4991 imitatus
403 4939 604 4990 secessit
633 4954 735 4990 una
759 4955 872 4990 cum
896 4953 952 4990 eo
981 4933 1324 4989 Cassiciacum
1345 4934 1733 4987 catechumenus

169 5038 273 5076 cum
301 5009 678 5080 catechumeno.
734 5026 1014 5080 Mediolani
1053 5026 1370 5095 baptizatus,
1420 5025 1470 5076 in
1497 5023 1737 5096 .Africam

172 5118 458 5183 revertitur,
525 5126 574 5169 et
617 5128 787 5185 postea
834 5118 901 5169 ad
951 5117 1345 5187 Thagasleusem
1395 5117 1739 5187 episcopatum

178 5219 456 5274 promotus,
489 5209 700 5261 scientia
729 5217 773 5261 et
800 5209 988 5279 pietate
1033 5209 1130 5277 fuit
1162 5208 1426 5270 illustris;
1457 5223 1515 5259 ac
1561 5205 1743 5258 Hiero-

182 5311 319 5365 nymo
339 5343 351 5366 ,
384 5300 533 5353 Sixto
558 5340 571 5364 ,
600 5299 889 5367 ueterisque
929 5298 1077 5352 Italis
1117 5299 1576 5366 conjunctissimus.
1617 5294 1744 5349 Plu-

182 5387 306 5442 ribus
335 5391 565 5444 conciliis
604 5389 862 5460 Africanis
890 5391 1151 5459 interfuit,
1187 5400 1231 5442 et
1262 5404 1459 5456 magna:
1490 5368 1584 5455 fuit
1611 5386 1748 5453 apud

1837 4658 1927 4694 sua
1956 4640 2257 4696 Cwsareensi
2280 4683 2293 4706 ,
2334 4651 2379 4695 et
2420 4659 2532 4696 cum
2568 4659 2624 4697 eo
2653 4625 2750 4712 egit
2784 4645 3116 4710 praesentibus
3156 4645 3405 4715 episcopis

1839 4732 2065 4803 ejusdem
2094 4733 2385 4801 provinciae,
2411 4750 2470 4786 ac
2500 4733 2652 4802 plebe
2674 4733 3004 4786 Ctesareensis
3033 4733 3272 4787 Ecclesia:
3297 4775 3311 4800 ,
3351 4745 3402 4789 et

1839 4833 1978 4892 gesta
2011 4824 2295 4877 collationis
2348 4826 2500 4895 hujus
2527 4821 2579 4878 in
2607 4842 2706 4894 qua
2742 4826 2972 4893 superior
3000 4828 3124 4894 fuit,
3162 4827 3270 4896 ipse
3306 4828 3395 4882 de-

1839 4917 2059 4986 scripsit.
2092 4915 2282 4972 Fuerat
2305 4919 2346 4971 is
2381 4917 2638 4971 Emeritus
2685 4927 2866 4970 auctor
2913 4919 3173 4972 sententia:
3211 4921 3414 4976 concilii

1841 5005 2110 5078 Bagaitani
2156 5008 2209 5061 in
2251 5007 2619 5061 Maximianum
2661 5007 2792 5059 latae.
2845 5005 3009 5059 Fama
3055 5009 3404 5078 percrebuerat

1841 5101 2006 5170 ipsum
2054 5098 2380 5167 circa'ﬁnem
2428 5100 2541 5151 vitm
2570 5102 2758 5166 factum
2799 5112 2903 5149 esse
2951 5096 3267 5152 Catholicam
3304 5117 3323 5154 .'
3349 5107 3406 5153 at

1846 5193 2007 5262 falsus
2038 5192 2134 5258 fuit
2161 5191 2251 5243 iste
2274 5205 2446 5240 rumor
2465 5229 2477 5251 ,
2505 5198 2548 5240 et
2586 5188 2811 5255 quamvis
2837 5189 2898 5240 ab
2925 5188 3202 5260 Augustino
3225 5195 3401 5262 fuisset

1847 5282 2131 5343 convictus;
2164 5295 2440 5346 numquam
2486 5289 2650 5330 tamen
2692 5278 2758 5331 ad
2794 5283 3191 5335 communionem
3236 5286 3412 5337 catho-

1853 5372 1998 5424 licam
2022 5372 2263 5432 accessit,
2290 5380 2342 5425 .et
2369 5371 2419 5421 in
2448 5371 2714 5423 schismate
2737 5374 2967 5438 pertinax
2997 5375 3137 5428 obiit.
3172 5375 3414 5429 Gauden-

1850 5467 1945 5518 tius
1978 5479 2170 5532 quoque
2196 5461 2632 5533 Thamugadensis
2660 5465 2931 5534 Augustini
2965 5470 3164 5536 scriptis
3183 5511 3196 5534 ,
3230 5450 3411 5536 quibus

1852 5557 1976 5610 duas
2004 5555 2241 5626 epistolas
2273 5559 2382 5627 ejus
2405 5558 2620 5626 refellit,
2657 5557 2963 5623 nobilitatus
2984 5572 3074 5613 est.
3105 5560 3184 5615 De
3223 5562 3417 5615 cazteris

1853 5646 2237 5700 Donatistarum
2261 5649 2509 5716 episcopis
2541 5649 2666 5700 nihil
2695 5659 2877 5716 prarter
2897 5649 3031 5702 sedis
3058 5667 3262 5713 nomen,
3284 5651 3418 5716 quod

1814 5774 1816 5776 -
1858 5754 1919 5791 ex
1947 5738 2234 5793 collationis
2261 5738 2424 5814 gestis.
2444 5739 2597 5808 liquet
2619 5777 2634 5804 ,
2679 5738 2939 5792 habemus.

187 5479 322 5545 Afros
345 5484 607 5552 episcOpos
628 5483 966 5534 auctoritatis.
995 5481 1069 5534 De
1091 5481 1390 5549 Augustino,
1415 5480 1559 5531 tertio
1582 5489 1748 5530 actore

190 5568 253 5618 nil
276 5586 470 5624 necesse
500 5580 571 5623 est
595 5571 781 5622 dicere.
828 5570 1118 5625 Vincentius
1147 5569 1503 5633 Colusitanus,
1544 5585 1631 5620 seu
1656 5584 1748 5638 po-

191 5655 279 5708 tius
299 5657 627 5712 Culusitanus
668 5660 720 5709 in
749 5661 1012 5726 provincia
1055 5658 1406 5729 proconsulari
1444 5657 1706 5726 episcOpus
1731 5696 1745 5721 ,

194 5744 402 5818 interfuit
449 5749 681 5802 conciliis
724 5747 1208 5819 Carthaginensibus
1248 5764 1497 5802 annorum
1545 5747 1651 5802 416
1703 5755 1752 5800 et

196 5831 307 5892 119.
339 5838 484 5896 Idem
513 5848 721 5909 putatur
751 5854 856 5892 esse
882 5841 966 5908 qui
995 5837 1529 5895 laudaturaI’aulino
1550 5837 1603 5890 in
1636 5836 1756 5908 Vita
