1919 3111
229 171 295 199 1251

701 169 814 199 GESTA
832 167 1058 197 COLLATIONIS
1075 166 1383 197 CARTHAGINENSIS.

1795 161 1876 190 1233

680 262 761 298 2³0
798 267 1121 309 ΡΒΕΡΑΤΙΟ
1146 261 1185 297 (¹)

554 338 728 370 MARCELLI
748 338 960 368 MEMORIALlS
979 339 1024 367 AD
1043 339 1276 370 SEVERIANUM.
1286 340 1332 368 ET
1350 340 1533 370 JULIANUM.

925 397 1163 408 —-———

263 445 447 475 Dilectissimis
462 445 600 473 Fratribus
616 448 644 472 et
656 445 683 472 in
698 444 801 472 Christi
814 442 923 472 nomine
934 450 1016 471 vene-
1028 445 1055 475 Α
1068 444 1140 472 tibus
1152 444 1299 473 familiares
1310 465 1317 478 ,
1331 449 1360 473 ut
1375 444 1537 481 inquirentis
1554 444 1669 474 intentio
1686 443 1805 473 indicem
1826 451 1877 472 se-

229 493 336 526 randis,
348 492 494 521 Severiano
509 495 536 519 et
558 490 666 521 Juliano
689 489 830 518 Marcellus
844 488 1017 517 Memorialis.

263 538 416 574 Amplector
429 536 554 565 alacrite:
574 536 723 571 iussionem
741 543 792 571 qua
812 535 877 563 mihi
899 539 1020 562 amanter
1042 539 1044 541 '

227 590 307 621 atque
332 585 359 612 iu
382 584 496 611 Domino
518 582 678 610 ﬂducialiter
699 582 852 618 imperastis
866 603 873 616 ,
896 586 925 610 ut
940 581 1019 609 totius

227 632 349 661 membra
362 631 473 667 negotii,
485 635 513 658 et
521 630 648 658 articulos
662 629 788 663 actionis,
802 629 873 665 quod
886 636 933 664 per
947 627 1019 656 istud

225 678 353 706 volumen
368 681 501 709 actorum,
516 676 717 711 prosecutiones
728 675 843 710 partium
859 682 908 710 per
921 674 1017 709 longos

229 723 384 759 explicuere
398 722 551 756 conﬂictus,
567 721 703 750 modulata
718 729 765 757 per
778 728 823 749 me
836 721 954 748 brevitas
965 720 1019 748 dis-

227 769 330 805 tinguat
343 773 371 797 et
389 768 497 804 colligat
513 776 520 796 :
534 772 615 804 atque
628 767 690 795 huic
713 767 788 803 operi
811 767 868 795 sola
886 766 1022 794 charitan

227 823 272 844 me
286 816 374 843 sentio
388 815 527 850 fateorque
537 814 670 842 sufﬁcere.
689 814 729 842 Ad
739 821 847 842 omnem
862 813 958 849 quippe
969 811 1019 840 de-

227 862 308 898 legati
321 862 438 889 muneris
459 861 631 896 obsequelam
642 881 650 893 ,
665 860 832 888 efﬁcaciores
850 859 923 887 vires
938 859 1020 886 habet

226 907 272 943 qui
284 907 427 942 praeceptis
437 914 529 934 amore
543 906 705 941 jubentium,
719 912 799 941 quam
812 905 858 940 qui
869 903 965 932 fiducia
978 904 1020 932 sui

227 956 313 988 paret.
337 953 376 980 Ac
388 951 443 987 jam
458 951 565 986 quidem
582 951 608 978 in
629 950 698 978 hanc
717 950 901 986 operationem
918 957 969 985 qua
992 950 1020 985 in_

225 998 357 1026 Ecclesize
378 997 486 1033 negotio
501 1004 550 1032 pro
568 996 734 1032 singulorum
756 995 857 1023 viribus
870 995 1019 1023 laboratum

225 1050 283 1078 est,
304 1049 433 1081 quantum
448 1051 507 1072 mea
529 1039 701 1071 mediocritas
724 1042 829 1078 potuit,‘
853 1041 939 1070 officii
966 1042 1018 1069 mei

224 1091 374 1128 symbolam
397 1090 459 1119 dedi
476 1100 483 1118 :
499 1090 570 1126 quod
582 1098 595 1117 a
607 1091 667 1118 viro
689 1090 829 1125 spectabili
842 1099 854 1123 ,'
873 1094 900 1117 et
922 1089 950 1117 in
963 1096 1019 1124 quo

1070 495 1130 519 cuta
1144 492 1306 520 brevitatem
1320 513 1327 526 ,
1342 492 1375 520 ad
1399 492 1425 520 id
1439 491 1510 528 quod
1524 491 1732 528 deprehendere
1758 491 1827 519 velit
1845 491 1875 518 in

1074 537 1178 573 paginis
1192 537 1307 565 actionis
1318 558 1326 571 ,
1343 545 1395 565 non
1410 538 1511 573 absque
1525 537 1721 566 commoditate
1733 544 1875 572 compen-

1070 583 1106 611 dii
1117 603 1124 616 ,
1138 583 1257 611 numeris
1270 583 1383 612 ducibus
1396 584 1497 611 directa
1506 583 1656 619 perveniat.
1671 583 1759 611 Abuai
1773 582 1875 610 videa-

1070 637 1130 656 mur
1144 628 1266 658 fortassis
1279 629 1336 658 otio
1345 650 1354 664 ,
1373 629 1439 658 dum
1452 629 1486 657 ad
1500 629 1620 658 laborem
1633 630 1777 665 superﬂua
1789 636 1877 657 revo-

1069 683 1172 704 camus.
1186 675 1263 710 Quod
1279 683 1329 704 nos
1340 684 1404 705 vere
1426 676 1562 712 superflue
1581 676 1679 704 fecisse
1701 675 1875 709 fateremur,

1070 721 1093 749 si
1105 721 1132 749 in
1148 725 1204 749 tota
1217 722 1385 750 voluminum
1402 722 1474 751 serie
1487 722 1652 758 perlegenda
1662 742 1671 755 ,
1686 721 1794 750 habiles
1805 728 1877 749 esse

1070 768 1171 796 vellent
1184 767 1307 796 homines
1317 768 1351 796 ad
1366 769 1496 797 laborem.
1507 768 1561 797 Sed
1575 768 1749 804 periniquum
1763 771 1805 795 est
1818 774 1874 795 eos

1070 814 1104 842 de
1118 814 1195 843 istius
1207 814 1355 850 diligentia:
1366 815 1440 843 velut
1454 814 1570 850 quadam
1587 814 1723 842 inanitate
1736 813 1851 842 causari
1864 833 1875 847 ,

1048 886 1051 889 λ
1070 868 1085 888 a
1099 860 1197 896 quibus
1218 861 1240 890 si
1263 862 1290 888 in
1304 861 1477 897 perlegendis
1496 860 1596 896 jugiter
1619 859 1729 895 paginis
1742 859 1874 901 disputa-

1071 905 1152 934 tionis
1169 903 1284 941 ‘hujusc'c
1304 902 1358 934 non
1382 907 1469 934 inanis
1484 905 1621 941 diligentia
1639 905 1795 941 flagitetur,
1808 914 1875 934 eam

1072 959 1127 979 non
1155 959 1215 979 esse
1230 951 1415 987 diligentiam,
1444 952 1493 980 sed
1519 952 1670 980 molestiam
1684 948 1874 980 confitentur.

1072 997 1160 1032 Unde,
1172 1003 1302 1034 quantum
1313 1006 1365 1035 ego
1376 999 1510 1033 arbitror,
1527 1007 1579 1026 non
1593 1006 1662 1035 opus
1677 998 1786 1026 irritum
1802 998 1875 1026 lusi-

1071 1053 1132 1073 mus
1145 1045 1191 1081 qui
1216 1045 1320 1073 fastidia
1335 1045 1462 1074 lectionis
1482 1045 1604 1078 remedio
1617 1045 1763 1073 brevitatis
1776 1044 1875 1073 exclu-

1071 1092 1165 1119 simus.
1179 1092 1268 1124 Certe.
1283 1092 1307 1120 si
1322 1100 1354 1120 ex
1365 1091 1451 1127 ipsius
1462 1091 1628 1127 operationis
1642 1096 1726 1127 atque
1743 1090 1875 1119 utilitatis

224 1137 369 1173 plurimum
382 1137 489 1171 insigne
502 1136 643 1172 probitatis
662 1141 719 1169 est,
739 1136 847 1164 tribuno
861 1141 890 1163 et
906 1135 1017 1164 Notario
1032 1136 1060 1178 Β,
1070 1136 1178 1170 effectu,
1195 1136 1348 1165 absolutum
1360 1144 1421 1165 esse
1435 1144 1489 1165 non
1504 1137 1619 1173 poterit,
1640 1137 1714 1173 quod
1728 1144 1817 1164 unus
1834 1137 1876 1164 la-

224 1182 383 1212 Marcellino
397 1189 522 1210 curarum
535 1181 635 1209 ascitus
648 1181 675 1208 in
686 1185 805 1216 partem,
822 1188 876 1208 non
891 1185 1018 1213 tamme-

226 1229 280 1257 rito
295 1235 367 1261 meo,
390 1235 469 1263 quam
491 1227 646 1262 dignatione
656 1226 792 1254 censentis
802 1247 809 1259 ,
823 1225 1020 1253 colnmunicavi

224 1282 288 1303 cum
298 1273 389 1310 judice
404 1272 533 1301 librandze
544 1272 746 1308 disceptationis
756 1272 890 1300 laborem.
900 1271 954 1299 Sed
968 1272 1018 1300 hoc

225 1327 332 1356 quoque
346 1319 418 1355 quod
442 1327 486 1347 me
497 1319 586 1347 facere
599 1318 720 1346 voluistis
731 1340 739 1352 ,
755 1318 929 1353 peculiariter
939 1317 1019 1345 adhi-

227 1367 293 1394 bere
311 1373 366 1393 non
380 1365 474 1401 piguit.
489 1363 712 1399 Quandoquidem
734 1364 800 1391 mihi
822 1371 876 1391 non
890 1362 978 1391 minor
991 1363 1017 1391 in

227 1411 323 1439 eadem
337 1419 367 1439 re
377 1411 500 1446 voluptas
514 1414 541 1437 et
561 1409 646 1446 gloria
671 1414 713 1437 est
736 1409 852 1437 solvisse
871 1416 941 1436 nunc
965 1408 1019 1436 τη·

225 1459 316 1487 tribus
328 1463 431 1491 votum,
444 1465 523 1494 quam
536 1457 667 1493 cognitori
684 1460 748 1484 tunc
763 1456 910 1492 praebuisse
925 1454 1017 1483 consi-

227 1504 306 1532 lium.
327 1503 459 1539 Quicquid
481 1503 561 1538 igitur
582 1495 670 1530 laiius
691 1510 708 1529 a
723 1502 844 1537 partibus
864 1506 1018 1536 peroratum

228 1553 287 1582 est,
309 1554 337 1577 et
364 1549 490 1585 quicquid
512 1548 681 1576 interfantibus
704 1548 851 1583 jndicantis
876 1547 1019 1583 utrobique

225 1595 360 1630 signatum
387 1598 444 1628 est,
468 1594 561 1622 sedula
583 1593 751 1622 breviatione
771 1594 908 1627 succinxi,
925 1601 1020 1622 conse-

226 1646 341 1676 quenter
353 1640 465 1676 afligens
476 1641 556 1669 etiam
569 1648 616 1676 per
628 1640 750 1669 ordinem
762 1661 770 1674 ,
792 1645 870 1669 notas
884 1641 1020 1669 calculan-

260 1709 300 1746 (1)
314 1709 364 1736 Hic
370 1709 485 1746 ὀιζξενρα
495 1744 500 1746 _
511 1708 575 1746 hunc
597 1707 771 1746 prwfutt‘ancm
782 1714 835 1735 esse
845 1712 943 1746 tantum
953 1707 1024 1743 capi-

225 1742 337 1772 tutor-um
363 1743 514 1772 Collatiouis
548 1742 778 1778 Carthaginiensis,

1069 1182 1119 1210 bor
1133 1183 1184 1211 iste
1196 1190 1249 1211 non
1264 1183 1344 1211 fuerit
1360 1204 1369 1217 ,
1394 1183 1497 1211 idcirco
1508 1180 1608 1211 tamen
1624 1190 1680 1211 non
1694 1182 1820 1217 ineptum
1832 1187 1876 1210 eat

1070 1229 1196 1265 quicquid
1212 1229 1256 1257 hic
1267 1230 1326 1265 egi,
1336 1229 1399 1265 quia
1413 1230 1440 1257 in
1454 1230 1506 1258 hoc
1518 1222 1596 1257 vobis
1606 1229 1768 1264 iubentibus
1780 1229 1872 1264 parui.

1070 1274 1146 1303 Nunc
1161 1275 1306 1307 oraverim,
1322 1279 1352 1302 ut
1364 1275 1390 1302 in
1408 1274 1621 1302 vicissitudinem
1642 1274 1734 1302 meriti
1753 1282 1807 1310 pro
1826 1269 1875 1302 me

1070 1329 1150 1351 orare
1168 1323 1327 1359 dignemini.
1343 1323 1382 1350 lta
1403 1323 1475 1351 enim
1487 1323 1549 1357 ﬂet,
1573 1327 1602 1350 ut
1622 1322 1696 1358 quod
1718 1327 1820 1358 sponte
1831 1321 1875 1349 τις

1072 1368 1152 1403 citis,
1176 1368 1241 1396 mihi
1256 1374 1345 1396 tamen
1365 1369 1445 1397 cedat
1454 1368 1485 1396 ~in
1498 1368 1757 1396 remunerationem.
1777 1367 1875 1395 Omni-

1072 1415 1190 1449 potentia
1205 1414 1362 1449 Trinitatis,
1377 1414 1402 1442 id
1413 1410 1470 1447 est,
1484 1414 1682 1450 omnipotentia
1699 1413 1746 1442 Dei
1762 1414 1868 1447 nostri,

1088 1460 1228 1488 'taritatem
1242 1465 1360 1488 vestram
1370 1460 1471 1495 jugiter
1485 1460 1570 1488 nostri
1583 1464 1874 1495 memoremperpetna

1070 1506 1172 1541 pietate
1191 1506 1337 1539 custodiat,
1354 1506 1461 1533 Domini
1476 1506 1575 1534 merito
1590 1505 1785 1539 dilectissimi,
1803 1509 1834 1533 et
1846 1506 1874 1533 in

1072 1551 1173 1580 Christi
1188 1549 1301 1580 nomine
1311 1552 1482 1580 venerabiles
1495 1551 1617 1580 Fratres.
1740 1550 1742 1552 ’

1250 1609 1368 1645 Ezplicit
1379 1609 1490 1644 epistola
1501 1608 1682 1644 capitulorum.

1077 1715 1127 1734 non
1152 1712 1211 1734 sunt
1228 1706 1380 1734 breviarium
1407 1707 1438 1734 ab
1467 1707 1514 1734 hoc
1527 1711 1634 1735 auctore
1656 1708 1803 1741 confoditur
1816 1727 1824 1740 ,
1848 1711 1875 1733 at

815 1742 882 1776 quod
901 1751 967 1778 opus
985 1742 1025 1769 est
1039 1764 1061 1778 η
1077 1742 1139 1778 ciris
1165 1742 1279 1778 alioquin
1298 1742 1450 1770 doctissimis
1467 1743 1549 1770 visam
1568 1747 1616 1775 est,
1630 1742 1798 1778 sedipatmtet
1814 1747 1874 1769 acts

226 1764 980 1814 Ἇῖἳέοὲἳίίηῖἷὺῒιὶἱᾶἑὲἶιίεἷἰἱᾶἓὲἶᾟᾶὃᾶ”ἱρὶοιιῖἷ“ιῖάῘιῇἶῖι,
989 1764 1027 1804 ’ἔᾶ
1039 1764 1062 1795 C
1079 1764 1669 1813 ἱῡὸἷανῖιὶἓῖιᾝαῐᾶἓῐῑίιῖιῖὐῐὶὲξὲἱιιῗῇἱηὶῐ

231 1842 1872 1857 ———————-————.—'————————

315 1852 1050 1977 ETNCIPIUNT'
1093 1852 1643 1998 CAPITULA

817 2041 1240 2095 GESTORUM
1253 2074 1271 2093 .

268 2223 293 2251 l.
312 2223 348 2249 De
361 2225 465 2248 astante
476 2219 574 2247 ofﬁcio.

267 2260 293 2285 2.
308 2258 345 2284 De
359 2256 487 2290 ingressis
500 2254 642 2289 episcopis.

270 2294 299 2320 5.
318 2289 491 2319 lnterlocutio
504 2290 536 2316 de
550 2289 677 2324 qualitate
689 2290 802 2325 negotii.
820 2290 865 2318 ubi
877 2291 954 2326 jubet
967 2291 1018 2319 sibi

235 2329 355 2360 cognitor
369 2325 507 2359 ltllpOl‘laie
522 2329 685 2359 przeceptum
696 2326 814 2353 recitari.

810 2155 1465 2176 #—

1110 2221 1152 2248 12.
1167 2220 1321 2247 Prosecutio
1335 2218 1649 2255 Donatistarumwsimilis
1673 2220 1847 2255 prauae-ti.

1109 2257 1151 2283 15.
1165 2256 1337 2283 Interloculio
1349 2255 1419 2292 quod
1433 2262 1482 2281 suo
1494 2254 1588 2292 ordine
1599 2254 1690 2283 omnia
1705 2256 1800 2292 peragi
1814 2257 1866 2285 de-

1078 2292 1158 2324 bent,
1176 2292 1288 2325 ctjubet
1303 2291 1410 2318 recitari
1425 2298 1484 2325 qua:
1497 2289 1613 2317 dixerat.
1698 2311 1700 2315 ι

1107 2328 1149 2353 it.
1178 2327 1307 2353 Rocitatio
1328 2326 1438 2362 notat-ia:
1471 2325 1670 2353 Donatistarum
1682 2346 1691 2361 ,
1704 2327 1730 2354 in
1744 2334 1799 2362 qua
1813 2327 1867 2355 sibi

269 2364 296 2389 4.
312 2362 442 2389 Recitatio
456 2360 600 2394 imperialis
616 2360 741 2395 praecepti
754 2360 789 2388 de
803 2360 924 2389 habenda
935 2362 1018 2389 colla-
1032 2377 1059 2407 Ι)
1071 2362 1187 2407 edictum
1197 2366 1321 2407 asserunt
1332 2361 1484 2407 displicere.

233 2403 441 2475 Tltfgg'ﬁecitatio
452 2430 531 2458 edicti
548 2437 595 2465 per
617 2430 687 2464 quod
701 2431 856 2466 congregari
879 2432 1020 2466 episcopos

232 2469 481 2531 11ιὶὲὶεῗιίηιθῆικιιιιίη
496 2501 529 2529 de
544 2501 597 2527 alio
609 2499 698 2534 judice
711 2500 843 2536 eligendo.

268 2539 295 2566 7.
311 2538 459 2573 Responsio
473 2536 668 2564 Donatistarum
681 2556 688 2568 ,
704 2535 738 2563 dc
746 2535 835 2571 judice
857 2542 910 2562 non
933 2541 1023 2570 postu-

233 2574 297 2651 {alii
309 2607 483 2636 lnterlocutio
501 2606 571 2643 quod
582 2606 690 2634 collatio
705 2606 785 2633 fuerit
806 2606 956 2642 postulata,
968 2593 1022 2635 non

232 2644 459 2713 J“(gitfxliesponsio
473 2677 668 2713 Donatistarum
679 2697 687 2711 ,
698 2682 726 2705 ut
742 2677 768 2704 hi
781 2682 964 2711 proponerent
975 2677 1018 2712 qui

233 2712 402 2742 collationem
418 2712 566 2747 petiissent.

269 2750 312 2777 10.
329 2746 459 2776 Recita’tio
471 2748 566 2780 edicti,
583 2747 626 2774 ubi
643 2747 707 2774 dicit
720 2747 765 2780 qui
780 2746 875 2773 modus
890 2752 918 2774 et
943 2748 1017 2775 locus

230 2784 366 2812 collationi
377 2784 411 2810 sit
420 2788 507 2819 aptus,
519 2786 547 2810 et
559 2783 668 2818 quoteni
681 2782 811 2810 deberent
821 2789 881 2809 esse
891 2782 925 2809 ab
937 2784 1016 2810 utris-

231 2827 283 2854 que
298 2820 432 2855 pairitibns.
449 2819 493 2853 qui
509 2825 616 2855 causam
633 2822 802 2855 peragerent.
865 2818 868 2821 ⁷

266 2852 309 2882 Ηῖ
325 2852 587 2888 υὺίἱυὺθῐοοκιιὶιοτ
601 2853 707 2894 recitari
728 2861 787 2888 qua:
812 2856 876 2880 ante
889 2852 1012 2881 collatio-

226 2897 289 2919 nem
300 2897 361 2925 pars
381 2893 493 2923 utraque
503 2892 648 2923 peregerit.

1113 2398 1153 2424 15.
1169 2397 1341 2424 lnterlocutio
1368 2402 1396 2424 ut
1420 2396 1619 2424 Catholicorum
1652 2397 1763 2433 epistola
1790 2398 1866 2434 lege-

1073 2437 1155 2504 rélutli...
1168 2467 1299 2504 Recitatio
1337 2466 1458 2502 epistola:
1469 2467 1712 2504 '_VCatltolicontm.
1744 2468 1772 2496 in
1811 2476 1862 2504 qua

1073 2502 1160 2529 edicto
1170 2502 1342 2529 consentiunt
1364 2507 1392 2530 ct
1410 2502 1581 2531 conditiones
1606 2503 1750 2532 Doitatistis
1762 2502 1862 2541 propo-

1075 2542 1153 2610 mllnij.
1169 2572 1300 2598 ltecitatio
1323 2571 1401 2610 edicti
1468 2580 1521 2607 quo
1543 2574 1695 2610 (cognitor)
1718 2581 1749 2602 se
1767 2574 1859 2608 omnia

1075 2607 1270 2641 publicalurum
1285 2607 1380 2640 populo
1393 2606 1553 2639 pontem“...-
1596 2606 1608 2609 ν
1685 2606 1690 2610 .

1111 2643 1153 2681 ω.
1168 2642 1215 2668 Ubi
1231 2643 1359 2681 recitatur
1370 2642 1527 2681 rescriptum
1539 2642 1736 2672 Catholicorum
1745 2651 1859 2681 reapse-

1073 2678 1190 2704 dcntium
1209 2678 1319 2703 notoria:
1335 2677 1543 2705 Donatistarum.

1110 2713 1150 2739 l9.
1174 2712 1342 2739 lnterlocutio
1369 2710 1402 2737 de
1431 2710 1630 2740 Catholicorum
1657 2715 1854 2748 consensione,

1073 2748 1115 2774 ubi
1133 2748 1205 2774 etilli
1236 2747 1435 2781 intermgantur
1450 2751 1538 2774 utrum
1549 2748 1742 2777 consentiant?

1105 2783 1147 2809 20.
1171 2784 1328 2823 Prosecutio
1353 2783 1552 2811 Donatistarum
1576 2784 1610 2812 de
1633 2789 1753 2820 tempore
1774 2789 1804 2814 et
1822 2784 1855 2814 de

1070 2825 1202 2851 personis.

1103 2853 1147 2879 21.
1176 2853 1348 2881 lnterloculio
1374 2859 1402 2881 ut
1425 2859 1516 2882 certus
1532 2862 1662 2884 numerus
1677 2853 1854 2885 constituti:

1067 2892 1187 2916 actorun.
1202 2890 1349 2919 secundum
1365 2889 1462 2918 lectum
1483 2890 1615 2919 edictuin.
1688 2888 1696 2893 “
