3838 6222
437 251 459 307 i
472 251 577 309 239

1403 243 1629 303 GESTA
1654 242 2102 304 COLLATIONIS
2139 242 2759 304 CARTHAGINENSIS.

3586 238 3723 298 1240

506 365 595 420 οἱ.
624 363 725 419 Ubi
766 362 1055 419 Donatista:
1081 362 1400 433 promittunt
1445 376 1503 416 se
1542 362 1708 431 gestis
1743 361 2017 433 subscrip-
2046 363 2101 424 Α
2196 362 2283 444 50.
2320 362 2641 454 Prosecutio
2668 361 3062 419 Donatistarum
3085 360 3156 419 de
3177 359 3387 434 proprii
3412 374 3477 417 ac
3508 360 3717 454 paterni

438 451 609 494 IUPOS.

507 509 595 563 65.
630 507 701 559 De
726 505 981 561 dilatione
1010 503 1389 574 exceploribus
1410 503 1551 559 data.

510 580 599 634 64.
627 574 927 647 Responsio
953 572 1398 647 excepturumgde
1423 576 1583 647 gestis
1615 572 1857 647 edendis.

509 650 596 705 65.
628 644 977 702 Int‘e'rlncutio
1003 648 1070 702 de
1094 644 1183 702 die
1214 647 1265 701 in
1289 645 1428 701 diem
1460 644 1740 715 signando.

508 721 595 775 66.
627 718 925 788 Responsio
950 718 1017 772 de
1046 718 1143 773 hac
1172 732 1249 771 re.
1510 748 1529 758 ~

2129 434 2362 490 nominis
2388 435 2619 488 ratione.

2200 505 2288 559 '5l.
2328 502 2730 576 Catholicorum
2761 506 2826 560 ad
2854 505 2953 561 ista
2981 505 3286 576 reaponsio.

2200 576 2290 629 52.
2335 575 2616 631 Prolessio
2638 575 3057 643 Donatistarum,
3074 570 3187 632 sibi
3211 572 3531 646 Principem
3555 570 3720 628 fuisse

2129 647 2414 703 Donatum.

2200 718 2290 773 55.
2333 716 2437 774 Ubi
2484 733 2513 771 a
2554 718 2843 774 Catholicis
2886 717 2954 773 ad
2996 715 3475 774 condemnandum
3528 713 3719 771 Donati

511 790 599 846 67.
628 785 944 843 Prosecutio
970 788 1367 843 Donatistarum
1392 828 1404 849 ,
1442 801 1543 855 qua
1574 785 1643 857 (ι.
1702 786 2025 856 pollicentur
2129 788 2444 843 vocabulum
2476 797 2853 854 provocantur.

437 861 606 933 certo)
646 859 943 929 postulatur
982 868 1163 913 certos
1211 858 1276 912 ad
1315 858 1579 927 judicium
1628 872 1687 912 se
1735 871 1856 912 esse
1898 871 2029 912 ven-

437 944 491 989 ῑυ
500 948 604 987 I‘OS.
1429 968 1432 972 .

509 1004 597 1059 68.
629 1000 888 1056 Indicatio
927 1000 1219 1070 cognitoris
1259 1014 1359 1070 qua
1402 998 1569 1054 futuri
1607 999 1873 1056 examinis
1910 996 2028 1054 dies

438 1082 687 1147 percepta
715 1072 1248 1147 gestor_tnn_editi_onc
1275 1070 1547 1125 delinitur.

507 1140 941 1199 69(Prnsecutio
966 1141 1359 1197 Catholicorum
1384 1156 1488 1210 qua
1511 1140 1748 1197 conditio
1780 1142 1879 1196 ista
1906 1155 2030 1207 pro-

437 1218 673 1284 ponitur,
708 1225 765 1266 ut
809 1213 965 1267 editis
993 1214 1158 1282 gestis
1189 1213 1254 1266 de
1284 1228 1470 1267 eorum
1504 1214 1850 1282 susceptione
1880 1221 1933 1266 et
1962 1211 2030 1266 de

438 1298 679 1354 tempore
702 1295 953 1338 caveatur
981 1302 1007 1334 a
1036 1284 1292 1351 partibus.

508 1352 595 1415 7t).
630 1355 942 1411 Prosecutio
988 1355 1417 1421 Donatistarum,
1472 1353 1561 1408 ubi
1606 1353 1656 1407 id
1704 1369 1762 1410 se
1794 1352 2030 1409 facturos

437 1444 555 1484 esse
586 1429 925 1496 promittunt.

510 1494 601 1554 7i.
634 1494 1230 1567 lnterlocutiojudicis,
1254 1497 1341 1551 ubi
1372 1494 1534 1549 etiam
1563 1496 1852 1567 praesentia
1880 1502 2030 1567 gesta

439 1586 543 1625 una
574 1585 693 1624 cum
718 1566 1083 1636 superioribus
1103 1566 1264 1621 edere
1290 1567 1512 1636 iubetur
1533 1565 1792 1620 officium.

513 1642 602 1695 72.
629 1635 940 1694 Prosecutio
964 1635 1361 1691 Catltolicornm
1402 1638 1489 1697 ubi
1518 1636 1751 1707 edictum
1790 1652 1819 1689 a
1850 1635 2033 1707 judice

439 1710 681 1782 ﬂagitant
704 1709 1105 1779 proponendum
1130 1749 1144 1773 ,
1178 1718 1235 1763 ut
1264 1709 1554 1763 Donatista:
1579 1706 1893 1762 dilationem
1940 1721 2032 1776 pc-

440 1793 569 1836 ῑιεςθ
599 1792 907 1836 noscantur.

513 1854 600 1906 75.
634 1851 845 1907 Det-isio
892 1850 1217 1921 cognitoris,
1267 1850 1353 1904 ubi
1408 1847 1716 1921 prmdictam
1754 1857 2031 1916 gestorum

442 1923 941 1993 propositionemse
964 1920 1222 1976 facturum
1250 1934 1371 1976 esse
1402 1920 1687 1993 promittit.

580 1995 828 2066 xpliciuut
855 1989 1095 2065 Capitula
1120 2001 1381 2064 gestorum
1401 1991 1612 2045 secundi
1642 1990 1931 2061 conﬂictus.

638 2110 905 2165 lucremur
931 2107 1204 2164 CAPITULA
1235 2120 1446 2161 restria:
1471 2102 1829 2160 COGNI'I'IONIS.

510 2206 562 2261 1.
596 2202 673 2258 De
696 2202 944 2256 adstante
970 2198 1171 2254 ofﬁcio.

510 2278 563 2331 2.
596 2273 673 2327 De
702 2272 957 2342 ingressis
984 2270 1273 2342 episcopis.

516 2350 567 2403 ὅ.
599 2336 944 2399 Ιιιιθτιῖιειιιίο
966 2336 1035 2396 de
1052 2341 1143 2395 die
1163 2336 1430 2395 examinis
1450 2338 1768 2402 constituto,
1798 2336 1888 2406 qui
1920 2338 2037 2395 dies

441 2419 600 2473 etiam
628 2414 787 2469 olﬁcii
816 2412 1169 2481 responsione
1196 2411 1456 2482 signatur.

511 2490 568 2544 4.
604 2486 869 2542 Recitatio
904 2480 1205 2549 cautionis,
1252 2480 1347 2538 ubi
1386 2480 1648 2537 Catholici
1689 2487 1839 2551 gesta
1888 2493 2040 2537 rece-

442 2567 868 2687 pc:'il.mlll.ecitatio
890 2626 1082 2682 similis
1109 2624 1376 2681 cautionis
1401 2623 1565 2695 partis
1591 2622 1831 2695 alterius.

484 2701 569 2785 .6.
599 2699 943 2755 lnterlocutio
965 2739 979 2760 .
1014 2713 1119 2768 qua
1147 2694 1413 2752 statuitur
1438 2705 1496 2752 ut
1538 2694 1847 2765 principalis
1877 2709 2041 2751 causa

444 2772 918 2896 dlciugrosecutio
946 2837 1349 2895 Catholicofum
1373 2882 1387 2905 ,
1427 2838 1519 2895 ubi
1560 2836 1857 2910 principale
1888 2850 2044 2906 nego.

450 2914 581 2969 tium
603 2914 729 2967 olim
754 2925 997 2980 seoagere
1024 2911 1160 2967 velle
1183 2920 1472 2967 testantur.

447 3063 595 3111 nant.

2063 1749 2110 1809 B

518 2984 571 3039 8.
605 2983 704 3039 Ubi
744 2983 1036 3038 Donatista:
1080 2998 1111 3037 a
1155 2981 1449 3040 Catlmlicis
1491 2980 1712 3053 exigunt
1752 2987 1811 3034 ut
1850 2992 2045 3050 propo-

2122 872 2125 875 '
2202 860 2291 914 54.
2339 860 2437 915 Ubi
2461 859 2513 914 id
2542 860 2715 928 ipsum
2743 860 2811 914 de
2834 859 3084 915 Mensurii
3113 858 3335 914 nomine
3363 873 3393 913 a
3426 856 3719 917 Donatistis

2132 930 2188 985 in
2216 930 2522 985 Catholicos
2555 940 2915 999 rctorquetur.
3050 978 3060 991 ,

2205 999 2292 1055 55.
2334 999 2736 1056 Catlinlicorum
2768 1006 2832 1055 ad
2865 1002 2962 1055 ista
2991 1001 3295 1070 responsio.

2203 1072 2291 1127 56.
2340 1072 2685 1127 lnterlocutio
2729 1072 2797 1127 de
2838 1072 2951 1141 lege
2980 1068 3238 1136 recitata,
3280 1081 3337 1127 et
3383 1068 3715 1126 discutienda

2133 1143 2296 1197 totius
2322 1144 2524 1198 erroris
2554 1144 2779 1211 origine.

2137 1285 2178 1339 Β
2205 1213 2439 1339 57.l_libi
2468 1210 2653 1284 preces
2701 1212 3100 1269 Catbolicorum
3145 1212 3249 1284 legi
3290 1211 3397 1267 sibi
3447 1210 3714 1283 postulant

2180 1300 2280 1339 ona
2313 1301 2355 1339 IS
2384 1301 2449 1339 τε.

2180 1286 2449 1339 onatistzc.

2206 1356 2296 1411 58.
2336 1356 2685 1411 lnterlocutio
2711 1354 2779 1411 de
2808 1355 3071 1425 rescripto
3098 1354 3457 1423 pragmatico.

2206 1426 2295 1481 59.
2336 1426 2647 1481 Prosecutio
2680 1424 3069 1481 Donatistarum
3101 1426 3170 1480 de
3201 1426 3502 1496 legatorum
3532 1424 3713 1480 discuo

2137 1496 2314 1552 tienda
2349 1511 2595 1563 persona.

2207 1567 2297 1625 40.
2344 1567 2440 1623 Ubi
2463 1566 2725 1639 Catholici
2752 1576 3125 1622 contestantur
3152 1567 3322 1622 multa
3346 1567 3555 1639 agendo
3584 1566 3712 1620 nihil

2136 1640 2276 1695 velle
2305 1653 2465 1695 agere
2494 1638 2819 1692 Donatistas.
2844 1649 2853 1663 °

2211 1711 2299 1765 4i.
2343 1706 2473 1765 Item
2505 1706 2905 1764 Catholicorum
2936 1710 3243 1778 prosecutio
3267 1709 3335 1764 de
3377 1707 3461 1763 bis
3486 1722 3607 1775 qua
3625 1722 3713 1762 su-

2138 1795 2233 1852 per
2260 1782 2553 1852 legatorum
2586 1794 2811 1848 persona
2855 1780 3146 1852 Donatista:
3182 1779 3709 1852 fuerantproseculi.

2206 1849 2688 1907 42.‘lntcr|ocutio
2727 1851 2795 1906 de
2834 1849 3119 1921 superﬂuis
3156 1849 3473 1906 amovendis
3522 1858 3577 1904 et
3623 1863 3714 1904 ne-

2141 1924 2287 1993 gotio
2309 1921 2680 1993 proponendo.
2728 1972 2765 1993 ί.

2208 1991 2323 2047 45(
2362 1991 2677 2048 Proschtio
2724 1992 3117 2047 Donatistarum
3166 1993 3235 2048 de
3290 1991 3562 2063 Imperiali
3620 2005 3707 2063 re-

2139 2068 2337 2135 scripto
2384 2063 2892 2135 Catholicorumque
2943 2064 3194 2119 mandato
3223 2065 3365 2120 inter
3414 2077 3475 2119 se
3521 2062 3710 2132 pariter

2139 2150 2237 2189 con
2247 2136 2484 2189 ferendo.

2210 2204 2301 2261 44.
2344 2204 2442 2261 Ubi
2470 2214 2719 2261 asserunt
2745 2203 3005 2277 Catholici
3025 2247 3041 2273 ,
3074 2206 3438 2277 prosecutioni
3466 2219 3584 2260 sua:
3616 2203 3713 2258 Do-

2142 2278 2372 2348 natistas
2389 2276 2607 2348 minime
2637 2276 3002 2348 respondisse.

2144 2417 2155 2429 .
2211 2345 2304 2401 45.
2346 2345 2690 2429 Inter-locutio
2731 2345 2801 2401 de
2840 2347 2961 2429 Vlege
2989 2347 3289 2429 quadatus
3315 2357 3399 2404 est
3427 2346 3700 2418 cognitor,

2143 2417 2195 2473 in
2229 2432 2331 2487 qua
2362 2425 2519 2487 parte,
2542 2418 2613 2472 sit
2640 2417 2950 2487 superstitio
2971 2417 3280 2474 censtituta.

2213 2486 2307 2543 46.
2347 2484 2448 2545 Ubi
2474 2484 2724 2543 asserunt
2749 2488 3061 2556 Donatistae,
3090 2504 3271 2546 moras
3302 2490 3481 2560 potius
3502 2503 3597 2559 per
3614 2484 3707 2541 Ca-

2143 2558 2372 2614 tholicos
2396 2560 2531 2614 ﬁeri.

2213 2631 2304 2685 47.
2346 2630 2744 2687 Catholicorum
2782 2631 2848 2686 ad
2884 2632 2984 2685 ista
3014 2632 3309 2686 contentio.

2216 2702 2306 2756 48.
2348 2701 2718 2769 lnterlocutio,
2740 2702 2995 2772 quidnam
3024 2710 3241 2771 petatur
3267 2716 3295 2753 a
3319 2700 3579 2772 partibus.

2216 2771 2309 2828 49.
2349 2772 2665 2828 Prosecutio
2724 2770 3121 2827 Donatistarum
3168 2770 3367 2826 debere
3418 2770 3711 2828 Catholicos

2146 2850 2240 2897 ant
2270 2844 2503 2899 mandati
2534 2846 2616 2900 sui
2659 2851 2753 2898 aut
2790 2842 3090 2914 Imperialis
3123 2842 3380 2913 pmcepti
3409 2842 3589 2898 subire
3604 2844 3711 2914 jac-

2148 2924 2342 2969 turam.

2220 2985 2309 3041 50.
2354 2986 2652 3057 Responsio
2716 2985 3154 3057 Catholicorum,
3210 2983 3357 3055 quod
3414 2983 3712 3041 mandatum

2146 3071 2302 3113 suum
2333 3056 2581 3113 universa
2608 3056 2896 3111 contineat.

519 3126 571 3180 9.
620 3124 719 3180 Ubi
778 3124 1157 3193 respondetur,
1204 3123 1630 3195 propositionem
1680 3126 1763 3177 ex
1793 3110 2044 3175 mandato
2072 3131 2119 3195 α
2152 3110 2313 3184 η51.
2339 3110 2705 3185 Ῑιιιθὶιξιὲιιίιίέι
2724 3110 2825 3197 qua
2848 3110 3135 3196 exponitur
3172 3142 3201 3181 a
3235 3126 3523 3180 Donatistis
3554 3125 3712 3197 l‘orma

445 3210 547 3252 suo
569 3210 725 3264 posse
746 3196 1016 3263 cognosci.

524 3268 611 3323 l0.
658 3266 971 3321 Prosecutio
1013 3267 1449 3330 Catholicorum,
1496 3280 1597 3337 qua
1641 3264 1937 3335 pradicunt
1976 3277 2043 3319 ne

450 3353 723 3393 morarum
747 3338 1127 3405 impedimenta
1158 3346 1458 3391 nectantur.

524 3410 612 3463 Η.
643 3407 980 3474 Prosecutio,
1015 3416 1069 3459 ut
1103 3408 1241 3476 quod
1275 3407 1590 3474 intenditur,
1625 3413 1971 3476 proponatur.

524 3479 685 3552 235
713 3480 799 3534 12.
822 3475 1562 3552 Responsio’Catliolicorum.
1586 3492 1690 3544 qua
1709 3475 1893 3552 dicunt
1920 3489 2045 3545 pro-

454 3545 771 3677 pas—ngniiem
822 3545 1215 3605 Donatistarum
1268 3563 1336 3604 ex
1372 3549 1613 3619 ipsorum
1655 3545 1833 3615 colligi
1888 3558 2046 3614 posse

456 3637 576 3676 man
621 3634 727 3677 :th.

456 3634 727 3677 nnandato.

457 3694 613 3819 add.
652 3692 1036 3758 lnterlocutio,
1067 3707 1171 3763 qua
1204 3690 1441 3761 poscitur
1466 3700 1524 3745 ut
1547 3686 1859 3759 principalis
1885 3700 2047 3741 causa

497 3780 574 3819 ica
606 3780 688 3819 ur.

497 3766 688 3819 icatur.

531 3834 617 3890 l4.
660 3836 975 3891 Prosecutio
1018 3834 1420 3891 Catholicornm
1447 3876 1461 3899 ,
1510 3848 1612 3904 qua
1641 3837 1943 3901 provocant
1991 3835 2049 3882 ut

460 3905 718 3961 Ecclesia:
747 3907 1048 3976 principale
1077 3904 1351 3975 negotium
1379 3914 1688 4028 peragatur.

536 3978 623 4028 l5.
666 3978 979 4028 Prosecutio
1028 3977 1427 4028 DonatiStarum
1450 4018 1465 4028 .
1548 3975 1684 4028 iscut

536 3978 623 4032 l5.
666 3970 979 4032 Prosecutio
1028 3970 1465 4044 Donatismruin,
1510 3970 1875 4030 discutiendas
1927 3984 2051 4024 esse

533 4063 740 4103 1⁵801138.

461 4063 965 4188 pel1‘96?":I‘tsesponsio
982 4118 1405 4184 Catltolicorum,
1426 4119 1537 4188 jam
1560 4110 1909 4171 conﬁrmatas
1931 4125 2053 4167 esse

500 4204 744 4245 ersonas.
1531 4203 1543 4213 ’

463 4203 1014 4317 Ρθςεῗηῗιῗὶετιοουιίο
1038 4302 1053 4324 ,
1098 4261 1239 4330 quod
1270 4257 1705 4330 prosecutionem
1739 4252 2052 4309 Donatista-

465 4346 584 4385 rum
607 4332 869 4387 Catholici
895 4347 999 4387 non
1028 4328 1311 4401 diligenter
1338 4328 1690 4401 adverteritit.

544 4402 630 4458 l8.
673 4402 981 4472 Responsio
1012 4396 1416 4458 Catliolicorum
1440 4442 1456 4466 ,
1486 4412 1591 4470 qua
1619 4396 1805 4453 dicunt
1840 4402 2051 4449 utrum-

464 4488 569 4543 que
595 4475 925 4529 recitandum
956 4488 1074 4527 esse
1104 4472 1435 4543 mandatum.

544 4543 627 4615 l9.
670 4545 1014 4600 lnterlocutio
1042 4559 1145 4615 qua
1175 4540 1575 4598 Donatistarum
1608 4545 1914 4611 prosecutio
1940 4544 2043 4601 Ca-

466 4614 678 4669 tholicis
698 4616 976 4670 asseritur.

540 4684 630 4756 20.
676 4685 987 4741 Prosecutio
1012 4682 1435 4745 Catholicorum.
1465 4681 1593 4753 quid
1622 4684 1692 4737 ab
1722 4685 2053 4756 Imperatore

470 4755 748 4827 petierint,
780 4773 808 4807 a
841 4772 900 4811 se
922 4756 1126 4812 directa
1156 4757 1423 4825 legatione
1446 4794 1461 4819 ,
1488 4768 1555 4808 ex
1577 4768 1681 4823 qua
1714 4755 1957 4827 ﬂagitant
1996 4767 2054 4812 ut

466 4826 577 4895 jam
604 4840 762 4879 causa
791 4827 1018 4881 dicatur.

547 4896 639 4951 2i.
683 4898 1028 4952 lnterlocutio
1078 4908 1137 4952 ut
1182 4896 1439 4953 recitetur
1489 4896 1775 4968 lmpcriale
1821 4911 2057 4967 praecep-

473 4976 606 5020 tum.

549 5036 640 5090 22.
681 5037 997 5093 Prosecutio
1029 5038 1423 5093 Donatistarum
1447 5038 1515 5095 de
1540 5037 1801 5095 Catholici
1826 5038 2057 5093 nominis

476 5109 775 5176 qumstione
804 5118 856 5161 et
888 5108 1011 5162 inde
1031 5110 1328 5165 contentio.

546 5178 635 5231 25.
677 5177 1023 5233 lnterlocutio
1053 5178 1120 5232 de
1145 5180 1331 5234 eadem
1364 5195 1445 5235 re.

548 5248 637 5304 24.
680 5249 946 5303 Recitatio
978 5248 1277 5313 lmperialis
1298 5250 1530 5306 arbitrii.

548 5319 640 5375 25.
684 5318 1007 5384 Interruptio
1052 5318 1453 5375 Donatistarum
1480 5361 1495 5387 ,
1522 5336 1626 5391 qua
1674 5323 2057 5392 interpretatur

475 5390 755 5458 lmpcriale
785 5400 1129 5460 przrceptum.

676 5461 1077 5543 Catholicoruin
1105 5460 1169 5513 ad
1185 5461 1293 5543 ista
1324 5461 1628 5543 responsid.

478 5603 512 5656 ὰ
545 5534 634 5655 :27.
678 5530 783 5587 Ubi
808 5531 1097 5587 Donatistae
1121 5544 1151 5584 a
1180 5530 1468 5586 Catholicis
1490 5546 1549 5587 se
1578 5532 1765 5587 dicunt
1787 5546 1908 5589 esse
1938 5532 2058 5587 lau-

518 5619 544 5656 a
573 5617 656 5656 OS.

518 5612 656 5657 M05.

548 5672 638 5741 28.
679 5671 1081 5741 Catholicorum
1111 5671 1175 5726 ad
1207 5672 1306 5727 ista
1330 5672 1629 5741 responsio.

547 5737 637 5793 29.
653 5740 917 5798 Recitatio
930 5737 1756 5819 principalisjltssiohis'superitts
1769 5741 2034 5826 inchoata
2046 5784 2057 5797 .

2146 3201 2461 3324 (pragmatici
2483 3242 2498 3265 ,
2529 3207 2585 3256 et
2608 3196 3006 3255 Catliolicorum
3039 3197 3305 3268 professio
3327 3196 3614 3269 probabilis
3636 3198 3713 3267 ju-

2188 3285 2263 3324 ica
2293 3288 2373 3324 ur.

2188 3281 2373 3325 tcatur.

2219 3341 2308 3396 52.
2350 3343 2450 3399 Ubi
2494 3342 2681 3397 dicunt
2723 3340 3016 3397 Donatistae
3054 3338 3365 3396 Catholicos
3406 3338 3703 3411 Imperatori

2148 3415 2571 3469 essementitos.

2222 3484 2311 3540 55.
2359 3485 2455 3540 Ubi
2479 3484 2544 3539 ad
2574 3484 2688 3537 haec
2709 3481 2974 3537 Catholici
3003 3496 3067 3536 ex
3098 3481 3211 3547 ipsa
3239 3481 3359 3551 lege
3382 3480 3708 3551 respondent.

2150 3624 2172 3678 τ
2221 3554 2310 3610 54.
2358 3556 2455 3612 Ubi
2501 3555 2792 3610 Donatistae
2837 3554 3021 3608 dicunt
3051 3550 3321 3607 actionem
3366 3550 3481 3606 non
3517 3567 3573 3608 se
3610 3550 3703 3607 dii.

2170 3640 2311 3678 erre.

2170 3640 2311 3680 crre.

2221 3696 2311 3752 55.
2354 3697 2665 3752 Prosecutio
2685 3695 3083 3752 Catholicorum
3108 3693 3176 3748 de
3197 3693 3316 3764 ipso
3342 3691 3604 3761 Imperiali
3632 3708 3711 3747 re-

2152 3767 2373 3836 scripto,
2404 3780 2457 3823 et
2487 3767 2555 3821 de
2580 3769 2873 3824 collatione
2902 3783 2996 3823 sua
3019 3809 3032 3831 ,
3067 3775 3123 3820 et
3147 3765 3217 3820 de
3249 3764 3565 3819 testimoniis
3593 3764 3707 3818 scri-

2151 3846 2426 3907 pturarum
2455 3839 2649 3908 quibus
2677 3840 3024 3895 confirmatur
3056 3836 3320 3908 Ecclesia.

2223 3909 2312 3963 56.
2354 3904 2670 3964 Prosecutio
2727 3911 3124 3966 Donatistarum
3164 3906 3309 3962 unde
3354 3906 3628 3978 superius,
3662 3904 3705 3959 id

2152 3989 2235 4034 est
2256 4021 2270 4043 ,
2294 3980 2361 4035 de
2384 3981 2679 4049 legatorum
2703 3980 3040 4049 suscipienda
3074 3992 3325 4049 persona.

2225 4050 2316 4105 57.
2358 4048 2658 4119 Responsio
2673 4048 3093 4121 Catholicorum,
3118 4048 3262 4119 quod
3282 4048 3404 4103 ideo
3424 4048 3561 4121 aliud
3578 4062 3702 4119 qua:-

2155 4121 2290 4193 ritttr
2315 4130 2375 4193 ut
2400 4134 2560 4193 causa
2587 4122 2856 4193 l'ugiatur;
2885 4131 2938 4175 et
2962 4120 3087 4193 inde
3107 4121 3406 4193 contentio.

2226 4191 2315 4247 58.
2356 4190 2701 4247 lnterlocutio
2740 4190 3105 4247 discutiendae
3135 4190 3434 4260 legatorum
3475 4201 3701 4261 personas

2155 4277 2263 4317 non
2293 4264 2599 4317 necessario
2629 4264 2907 4331 postulari.

2227 4332 2317 4388 59.
2358 4330 2673 4389 Prosecutio
2698 4333 3121 4396 Catliolicnrum,
3151 4331 3281 4403 quid
3312 4331 3378 4386 ab
3398 4330 3699 4403 linperatore

2158 4406 2385 4474 petitum
2418 4403 2521 4469 sit,
2552 4404 2751 4474 quidve
2777 4417 3114 4457 concessum.

2076 4507 2130 4567 Β
2161 4472 2175 4474 ⁷
2229 4474 2318 4531 60.
2362 4472 2673 4531 Prosecutio
2717 4475 3114 4530 Donatistarum
3154 4472 3226 4528 de
3264 4486 3495 4544 persona
3536 4472 3700 4527 iterum

2154 4546 2469 4601 legatorum.

2204 4552 2469 4617 gatorum.

2231 4617 2319 4673 (il.
2361 4615 2759 4673 Catliolicorum
2785 4615 2850 4671 ad
2875 4616 2976 4673 ista
2998 4615 3301 4685 responsio.

2231 4686 2323 4741 62.
2363 4686 2563 4743 lterum
2607 4689 3003 4743 Donatistarum
3037 4686 3314 4742 contentio
3341 4685 3412 4741 de
3439 4686 3702 4758 legatorum

2160 4758 2490 4829 discutienda
2522 4774 2771 4829 persona.
2902 4821 2919 4829 ν,
3288 4792 3309 4829 τ

2235 4829 2324 4884 65.
2363 4824 2697 4885 Contéstatio
2721 4824 3139 4893 Donatistarum,
3167 4826 3312 4899 quod
3338 4840 3516 4899 moras
3532 4824 3703 4899 Catho-

2164 4899 2251 4955 lici
2285 4901 2561 4955 innectant
2583 4903 2674 4971 qui
2719 4915 2974 4972 personas
3018 4897 3211 4955 nolunt
3252 4897 3481 4969 prodere
3528 4898 3701 4968 legato-

2161 4985 2303 5025 rum.

2235 5039 2326 5112 64.
2363 5038 2740 5112 lnterlocutio,
2771 5041 2913 5112 quod
2939 5034 3007 5097 de
3029 5040 3115 5096 his
3146 5040 3392 5112 personis
3413 5038 3541 5095 nihil
3561 5034 3698 5109 queri

2161 5110 2328 5165 voluit
2362 5110 2673 5180 Imperator.
2792 5110 2804 5112 ⁷
3146 5110 3159 5112 ἡ
3320 5175 3326 5179 ⁴

2234 5180 2323 5253 65.
2365 5179 2563 5253 lterum
2592 5181 2982 5253 Donatistarum
3003 5183 3276 5253 contentio
3298 5182 3367 5237 de
3387 5179 3582 5253 legatis.

2236 5250 2321 5307 66.
2365 5250 2744 5317 lnterlocutio,
2772 5261 2829 5305 ut
2857 5251 3039 5306 dicant
3080 5252 3374 5309 Donatista
3392 5295 3408 5317 .
3434 5250 3480 5308 si
3503 5265 3561 5306 ex
3583 5261 3694 5319 prg-

2161 5323 2401 5404 sentibus
2429 5315 2737 5404 Catbolicis'
2760 5332 2982 5404 possunt
2998 5336 3107 5404 _eos
3140 5315 3454 5404 agnoscere
3475 5315 3690 5404 quasti:-

2160 5403 2289 5518 ῗὲιιιι
2315 5404 2437 5448 esse
2458 5392 2661 5463 legatos
2702 5401 2839 5446 :aut
2877 5393 2924 5447 si
2964 5392 3187 5461 absunt,
3230 5392 3692 5465 praeeunt-inpor-

2218 5479 2292 5517 re.

2218 5479 2292 5517 re.

2233 5532 2323 5606 67.
2366 5533 2677 5606 Prosecutio
2701 5532 3099 5589 Donatistarum
3126 5574 3141 5600 ,
3167 5533 3258 5590 ubi
3284 5532 3467 5589 dicunt
3488 5539 3686 5606 pracl-

2162 5604 2352 5675 tandns
2371 5618 2491 5659 esse
2519 5605 2745 5675 legatos.

2220 5674 2323 5746 768.
2366 5671 2667 5744 Responsio
2704 5672 3107 5746 Catholicorum
3130 5713 3147 5740 ,
3169 5673 3261 5746 ubi
3285 5673 3467 5730 dicunt
3495 5671 3591 5746 jam
3610 5679 3684 5723 Ie-

2163 5745 2270 5801 mcl
2290 5746 2577 5815 personam
2609 5755 2760 5799 suam
2784 5744 2851 5800 ab
2883 5744 2988 5799 illis
3013 5756 3135 5801 esse
3162 5744 3445 5801 ﬁrmatam.
