3838 6222
439 238 580 300 1247

439 329 748 415 testimonia}
791 357 1041 427 refutare,
1073 365 1126 414 et
1163 365 1354 428 rogant
1380 367 1453 413 ‘ut
1479 371 1572 412 sua
1621 355 1868 412 audiatur
1901 359 2024 430 Epi-
2051 358 2105 418 Α

437 431 597 486 stola.
1295 481 1297 483 ,

512 501 639 557 254.
681 501 1022 557 Interlocutio
1063 515 1182 572 quae
1211 500 1457 556 concedit
1499 509 1556 554 ut
1602 500 1856 556 recitetur
1885 503 2026 572 quod

442 573 733 628 secundum
764 573 852 642 jus
878 572 1151 643 publicum
1203 588 1308 626 non
1357 581 1502 626 recte
1543 581 1860 641 conecptum
1893 583 1974 629 est
2011 592 2023 629 :

439 651 495 716 et
522 643 622 698 hoc
653 646 823 716 ipsum
852 643 992 716 quod
1025 643 1284 714 indulget,
1333 650 1632 708 enumerat,
1664 658 1730 698 ne
1757 643 1844 712 jus
1886 659 1915 696 a
1942 644 2031 716 ju-

446 713 563 769 dice
589 714 832 769 videatur
858 714 1141 772 omissum.

510 784 635 840 255.
669 787 963 855 Exceptore
994 786 1273 848 recitante,
1296 783 1476 840 dicent
1506 784 1795 840 Donatista:
1840 800 2030 844 sensus

450 855 686 926 epistolae
717 870 820 910 non
849 858 985 912 bene
1011 856 1287 926 distingui.

509 926 634 981 256.
676 927 776 982 Ubi
807 927 1065 982 Catholici
1107 926 1410 981 concedunt
1455 926 1599 996 ipsos
1647 927 1823 996 legere
1852 927 2031 982 Dona-‘

446 997 619 1070 tistas,
653 1013 773 1053 cum
803 998 901 1066 ipsi
931 998 1247 1064 Catholicis,
1290 1006 1346 1050 ut
1371 998 1631 1067 legerent,
1656 999 1707 1052 in
1739 1000 2032 1070 superiori-

446 1067 545 1139 bus
583 1069 930 1139 denegarem.
1282 1081 1288 1084 ‘

514 1138 643 1198 257.
683 1137 1026 1195 luterloeutio
1053 1154 1172 1210 qua:
1197 1138 1326 1194 dicit
1355 1137 1486 1193 nihil
1519 1138 1782 1195 interesse
1811 1141 1930 1212 quis
1959 1141 2034 1198 le-

517 1281 642 1336 258.
704 1280 806 1338 Ubi
859 1297 886 1334 a
915 1281 1311 1353 Donatistarum
1343 1281 1606 1351 Episcopo
1627 1283 1883 1338 recitatur
1908 1283 2034 1353 Epi-

448 1353 587 1406 stola
617 1368 774 1422 quam
806 1354 1068 1407 miserunt
1088 1353 1153 1406 ad
1175 1352 1409 1422 judicem
1443 1354 1752 1417 Donatistae,
1780 1370 1898 1422 qua:
1955 1352 2035 1410 te-

446 1424 716 1479 stimoniis
732 1424 924 1479 referta
946 1423 1203 1495 legalibus
1226 1423 1316 1476 illa
1339 1426 1516 1477 omnia
1539 1425 1852 1495 testimonia
1881 1426 2032 1495 quasi

447 1496 732 1564 contrariis
763 1498 962 1550 nitatur
991 1494 1277 1550 excludere
1301 1535 1317 1562 ,
1368 1509 1486 1564 quae
1535 1494 1589 1548 in
1636 1494 1908 1552 mandato
1936 1511 2034 1550 suo

450 1561 708 1620 Catholici
733 1576 1045 1634 posuerunt.
1086 1569 1103 1628 1
1177 1619 1181 1623 ,

519 1634 644 1690 259,
707 1633 1054 1705 luterlocutio
1081 1650 1200 1705 qua:
1249 1635 1394 1688 omni
1455 1633 1711 1702 Epistolas
1772 1637 2031 1701 recitata,

449 1707 731 1774 prtebitam
762 1723 791 1759 a
821 1703 1115 1760 Catholieis
1159 1705 1465 1772 pronuntiat
1507 1719 1628 1760 esse
1669 1707 1978 1771 patientiam
2015 1725 2026 1760 :

450 1785 506 1828 et
533 1775 788 1831 adversus
820 1783 1022 1831 textum
1063 1775 1178 1844 ejus
1212 1775 1365 1845 jubet
1414 1776 1742 1846 respondere
1788 1777 2030 1832 Catholi-

453 1859 569 1899 COS.
1998 1865 2009 1878 ⁵

505 1916 665 1998 ,26οκ
689 1917 1000 1998 Prosecutio
1029 1916 1420 1998 Donatistarum
1462 1932 1563 1985 qua
1597 1927 1816 1987 petunt,
1866 1928 1923 1973 ut
1942 1928 2035 1998 .te-

449 1989 698 2043 stimonia
731 2004 826 2043 sua
850 1989 1169 2044 testimoniis
1196 1990 1557 2043 revincuntur.
1942 1991 1957 1999 '

525 2058 651 2114 261.
714 2058 815 2115 Ubi
873 2076 904 2115 a
959 2059 1250 2114 Catholicis
1303 2059 1560 2114 adversus
1635 2060 2035 2117 Donatistarum

455 2129 740 2200 epistolam
767 2130 1145 2200 respondetur.
1593 2191 1597 2195 1

523 2200 675 2273 262.7
709 2199 805 2254 Ubi
831 2199 1015 2273 volunt
1043 2200 1440 2273 interrumpere
1467 2201 1757 2256 Donatista:
1784 2212 2037 2273 negantes

452 2284 634 2342 aream
664 2272 716 2342 i_n
746 2271 1029 2342 scripturis
1051 2285 1173 2326 esse
1198 2270 1550 2342 nominatam.

523 2341 630 2396 265
666 2339 798 2396 Item
828 2339 919 2397 tibi
946 2350 1195 2396 asserunt
1225 2341 1536 2406 Donatistae,
1583 2342 1650 2397 de
1678 2343 1900 2398 occultis
1930 2360 2035 2400 non

452 2412 796 2485 evidentibus
824 2414 934 2485 reis
966 2413 1315 2484 Evangelium
1347 2414 1692 2483 praecepisse,
1745 2424 1801 2468 ut
1849 2430 2033 2471 eorum

446 2484 1042 2566 receixtiwlsretut:

523 2553 646 2628 264.
693 2555 791 2611 Ubi
829 2555 1087 2611 Catholici
1118 2554 1473 2628 postulantiut
1510 2556 1612 2628 sibi
1644 2555 1894 2625 patientia
1928 2574 2034 2614 non

451 2627 706 2700 negetur,
749 2642 906 2698 quam
954 2627 1055 2697 ipsi
1095 2627 1332 2682 recitata:
1386 2627 1782 2682 Donatistarum
1835 2629 2036 2700 episto-

452 2695 910 2765 lte‘prtebuerunt.

483 2803 490 2806 ‹
525 2767 653 2823 265.
694 2769 1014 2829 Prosecutio
1055 2768 1479 2831 Catholicorum,
1530 2769 1616 2821 ubi
1670 2770 1812 2824 inter
1839 2780 2036 2827 caatera

452 2837 521 2891 de
549 2840 916 2907 superioribus
937 2841 1181 2908 repetita,
1209 2850 1261 2894 et
1285 2839 1414 2893 illud
1441 2838 1688 2904 infertur,
1720 2842 1901 2896 mundi
1934 2859 2032 2897 no-
2062 2899 2078 2906 _

452 2909 598 2964 mine
627 2911 921 2966 Ecclesiam
943 2911 1227 2964 contineri.

525 2979 652 3034 266.
695 2980 1093 3035 Donatistarum
1136 2992 1322 3034 contra
1372 2981 1469 3034 ista
1497 2984 1802 3049 contentio,
1848 2985 2034 3038 mundi

456 3049 674 3104 nomine
703 3051 993 3106 Ecclesiam
1024 3066 1131 3105 non
1160 3051 1355 3106 teneri.

1396 239 1622 298 GESTA
1648 238 2098 298 COLLATIONIS
2135 240 2750 302 CARTHAGINENSIS.

3581 241 3704 301 1248

2559 359 2696 417 nuc
2747 322 2979 431 usque"
3034 361 3287 420 casm.

2664 491 2889 543 RELIQUA
2951 492 3171 533 DESUNT.

2200 563 2326 618 282.
2371 566 2689 640 Prosecutio
2731 569 3127 625 Donatistarum
3166 570 3435 626 adversus
3463 584 3706 640 prosecu-

2132 635 2331 690 tionem
2360 636 2758 694 Catholicorum
2787 655 2944 710 quam
2969 651 3153 696 contra
3179 635 3486 712 Epistolam
3510 643 3708 698 retule—

2131 716 2274 761 runt.

2201 777 2353 852 285._
2411 779 2725 852 Prosecutio
2777 782 3217 848 Catholicorum,
3275 798 3381 852 qua
3429 782 3706 839 ostendunt

2133 850 2304 903 malos
2345 850 2396 904 in
2446 851 2688 907 Ecclesia
2739 856 3053 926 seminatos,
3102 854 3241 926 quod
3275 850 3574 926 Donatistae
3604 853 3706 926 fieri

2135 935 2293 994 posse
2325 933 2674 994 negaverunt.
2702 940 2808 994 qua
2843 924 3137 980 defendunt
3161 927 3304 993 quod
3333 940 3396 981 se
3425 925 3627 980 dixisse
3650 924 3710 980 de

2133 991 2339 1046 duabus
2371 993 2626 1048 Ecclesiis
2654 991 2907 1050 diierunt
2935 991 3245 1052 Donatistas.

2203 1061 2330 1116 284.
2390 1065 2732 1120 lnterlocutio
2772 1082 2890 1135 qua:
2927 1067 3168 1135 praecipit
3194 1077 3254 1122 ut
3280 1083 3347 1124 ex
3376 1067 3565 1123 codice
3590 1067 3711 1122 reci-

2137 1141 2310 1198 tetur,
2351 1143 2528 1190 utrum
2556 1136 2689 1191 duas
2719 1137 2989 1193 Ecclesias
3016 1138 3276 1194 dixissent
3308 1139 3574 1193 Catholici
3601 1152 3712 1208 pro-

2133 1215 2436 1260 sequentes.

2198 1219 2490 1333 ii‘iiiifmiim
2537 1277 2877 1348 interpretari
2917 1279 3104 1334 volunt
3146 1281 3472 1347 Donatistae,
3502 1279 3570 1335 de
3593 1280 3711 1334 dua-

2136 1346 2786 1422 bosEcclesiis‘sensisse
2815 1350 3144 1422 Catholicos,
3182 1354 3439 1422 quoniam
3459 1346 3603 1407 duas
3630 1365 3710 1407 eos

2136 1417 2404 1472 Ecclesias
2436 1419 2636 1474 dixisse
2665 1436 2766 1473 non
2797 1421 3054 1476 constitit.

2414 1490 3175 1564 Prosecutioicatbolicornm
3233 1509 3338 1564 qua
3395 1491 3707 1556 defendunt,

2175 1558 2296 1642 uid:
2325 1560 2558 1615 dixerint
2605 1561 2670 1616 dc
2729 1562 2966 1618 Ecclesia
3015 1558 3301 1633 pra:sentis
3360 1565 3616 1634 temporis
3663 1572 3709 1618 et

2161 1637 2320 1686 uturi.

2213 1700 2336 1756 287.
2390 1703 2700 1758 Prosecutio
2749 1704 3144 1760 Donatistarum
3194 1707 3283 1762 ubi
3332 1707 3525 1762 dicunt
3564 1705 3706 1760 etiam

2063 1744 2109 1803 Β
2140 1772 2421 1844 mortalem
2464 1774 2755 1828 Ecclesiam
2781 1776 2979 1830 dixisse
3009 1777 3321 1833 Catholicos
3341 1819 3358 1844 ,
3387 1792 3511 1833 curn
3537 1775 3705 1831 Eccle-

2141 1843 2238 1916 sia:
2259 1843 2636 1916 immortalitas
2667 1846 2732 1899 sit
2762 1847 3044 1916 promissa.

2211 1912 2337 1967 288-.
2394 1916 2706 1970 Prosecutio
2754 1912 3150 1973 Catholicorum
3190 1918 3286 1974 ubi
3337 1927 3588 1979 asserunt
3628 1932 3701 1972 su-

2140 1985 2397 2053 pradictis
2422 1987 2807 2042 assertionibus
2836 1989 2979 2052 suis,
3024 2004 3140 2044 eam
3173 1989 3473 2045 Ecclesiatn
3505 1990 3704 2044 immor-

2140 2055 2301 2132 talem
2343 2072 2463 2112 esse
2502 2058 2850 2132 promissam,
2880 2075 2997 2130 qua:
3027 2075 3168 2115 nunc
3207 2076 3269 2116 ex
3297 2061 3458 2132 justis
3486 2058 3701 2115 mortali-

2140 2125 2238 2178 bus
2260 2138 2470 2182 constat
2500 2125 2551 2182 in
2582 2137 2742 2183 terra.

2209 2196 2336 2251 289.
2390 2198 2733 2271 lutet-locutio
2765 2217 2881 2266 qua:
2911 2201 3034 2256 dicit
3064 2201 3133 2256 de
3175 2211 3392 2270 peracta
3424 2203 3703 2271 quxstione

2141 2266 2193 2320 io
2223 2271 2485 2324 sententia
2511 2285 2570 2344 se
2594 2269 2857 2344 dicturum
2889 2287 3010 2326 csse
3037 2266 3191 2342 quod
3216 2266 3519 2338 sentiat,'et
3536 2272 3696 2344 jubet,

2141 2348 2196 2391 ut
2226 2353 2385 2392 causa
2413 2341 2671 2406 pandatur
2692 2343 2907 2397 erroris.

2209 2409 2332 2483 290.
2375 2410 2687 2483 Prosecutio
2716 2412 3108 2466 Donatistarum
3140 2428 3259 2483 quae
3282 2416 3418 2483 petit
3439 2423 3499 2470 ut
3516 2415 3584 2470 de
3604 2415 3697 2469 sin-

2139 2480 2277 2555 gulis
2321 2482 2561 2555 articulis
2611 2484 2844 2555 cognitio
2869 2484 3112 2555 decursa
3158 2480 3473 2555 pronuntiet
3504 2504 3517 2539 :
3547 2493 3603 2542 et
3627 2485 3699 2540 ubi

2137 2551 2323 2606 dicunt
2368 2551 2698 2608 testimoniis
2728 2553 2983 2624 legalibus
3026 2554 3137 2609 suis
3160 2551 3292 2610 'nou
3341 2571 3464 2612 esse
3491 2572 3699 2631 respon-

2135 2637 2275 2677 Sllm.
2757 2634 2761 2640 ’

2183 2695 2331 2750 .591.
2367 2693 2773 2778 Catholicorum
2815 2695 2879 2749 ad
2927 2693 3044 2750 haec
3093 2695 3393 2750 secundum
3445 2697 3698 2767 superiora

2136 2779 2440 2832 reSpousto.

2205 2837 2332 2892 292.
2378 2837 2728 2892 lnterlocutio
2753 2836 2950 2908 judicis
2974 2853 3077 2908 qua
3100 2837 3297 2892 dicitur
3315 2877 3332 2903 ,
3359 2836 3567 2908 legibus
3592 2852 3700 2907 pro-

2135 2907 2327 2971 hiberi,
2361 2924 2426 2964 ne
2452 2909 2715 2964 sententia
2743 2907 2836 2977 pro
2868 2907 3013 2977 parte
3041 2909 3243 2979 negotii
3272 2907 3594 2972 proferatur.

2206 2979 2329 3034 295.
2378 2979 2770 3034 Donatistarum
2802 2979 2865 3034 ad
2911 2982 3007 3034 ista
3053 2979 3362 3041 contentio,
3410 2994 3530 3049 quae
3559 2979 3699 3034 etiam

2131 3050 2426 3105 Catholicis
2455 3053 2577 3106 facit
2601 3052 2878 3122 injuriam,
2903 3051 3030 3106 dum
3060 3051 3177 3106 illos
3206 3049 3374 3105 falsos
3393 3050 3601 3119 iactitat
3625 3064 3699 3103 sa-

521 3120 646 3174 267.
690 3120 790 3177 Ubi
822 3119 1086 3176 Catholici
1116 3122 1390 3190 postulant
1415 3128 1472 3175 ut
1503 3122 1893 3180 admoneamur
1924 3126 2027 3181 Do-
2060 3117 2105 3180 C
2135 3122 2402 3176 cerdotes.

457 3192 667 3246 natistze
696 3205 949 3261 prteStare
978 3193 1312 3259 patientiam,
1345 3209 1572 3263 quorum
1617 3195 1861 3262 epistolae
1892 3197 2039 3253 illico

455 3263 835 3337 respondetur,
885 3264 1031 3337 nullo
1059 3263 1330 3337 dilationis
1379 3267 1553 3334 spatio
1604 3268 1870 3335 postulato
1906 3283 2039 3337 quo-

454 3334 613 3408 modo
655 3334 775 3408 ipsi
805 3335 1073 3399 petierunt
1117 3333 1514 3388 Catliolicorum
1561 3333 1763 3390 vellent
1817 3333 2037 3408 respon-

451 3403 581 3459 dere
619 3404 890 3460 mandato.

474 3522 481 3526 .
520 3473 664 3529 268.’
695 3475 791 3532 Ubi
840 3477 1134 3531 Donatistae
1180 3475 1540 3542 respondent,
1594 3477 1765 3547 ipsum
1809 3479 1908 3534 sibi
1941 3479 2035 3535 ob-

455 3558 701 3616 Strepcre
730 3546 820 3616 qui
849 3549 1000 3615 longa
1032 3549 1394 3616 prosequitur.
1617 3545 1681 3609 1’

522 3616 646 3672 269.
691 3618 790 3673 Ubi
820 3617 1085 3688 Catholici
1117 3618 1387 3686 postulant
1410 3658 1426 3683 ,
1456 3626 1514 3671 ut
1542 3617 1585 3672 si
1616 3619 1804 3673 volunt
1832 3620 1899 3675 dc
1930 3621 2036 3674 sin-

454 3688 594 3758 gulis
627 3689 824 3744 habcre
853 3689 1194 3752 conflictum;
1245 3697 1586 3744 removeatur
1629 3691 1855 3759 epistola
1883 3733 1897 3754 ,
1947 3701 2040 3746 aut

457 3761 766 3831 patientiam
799 3761 1094 3828 prmbeant,’
1125 3771 1216 3813 aut
1241 3762 1628 3830 respondeatur
1653 3762 1915 3831 epistolae.

525 3827 650 3883 270.
712 3827 811 3886 Ubi
857 3832 1039 3904 dicunt
1089 3827 1397 3904 Donatistir,
1433 3832 1576 3900 iideo
1624 3827 1826 3888 se'non
1879 3848 2038 3904 posse

461 3904 720 3974 praestare
750 3903 1080 3974 patientiam.
1108 3903 1248 3972 quod
1272 3903 1430 3957 aliter
1459 3904 1646 3957 volunt
1671 3904 1839 3974 legem
1871 3903 2037 3961 inter-

459 3974 654 4037 pretari
682 3970 965 4026 Catholici.

529 4039 652 4115 271.
703 4040 1048 4115 lnterlocutio
1076 4057 1194 4115 quae
1223 4044 1531 4112 patientiam
1564 4044 1693 4102 dicit
1739 4061 1862 4115 esse
1902 4062 2040 4115 pra:-

461 4109 712 4183 bendain,
746 4112 996 4183 quoniam
1041 4109 1201 4168 toiius
1223 4109 1473 4183 epistola:
1501 4125 1657 4170 tenor
1681 4132 1710 4168 a
1745 4109 2038 4175 Catholicis

447 4179 728 4248 .patienter
757 4179 970 4235 auditus
999 4194 1102 4236 est.

444 4247 472 4271 ⁵
531 4249 661 4303 272.
702 4250 1008 4305 Prosecutio
1032 4251 1431 4308 Catholicorum
1456 4272 1560 4324 qua
1589 4257 1710 4312 ideo
1729 4247 1894 4315 scribi
1919 4262 2036 4315 uni-

461 4335 624 4396 versa
649 4329 930 4385 testantur,
962 4330 1019 4374 ut
1048 4325 1092 4376 si
1123 4325 1246 4396 quid
1275 4328 1324 4396 lu
1354 4326 1682 4381 oblivionem
1714 4333 1941 4396 venerit,
1973 4332 2039 4387 de

463 4391 659 4446 tabulis
689 4401 997 4459 repetatur:
1043 4403 1096 4446 et
1141 4391 1226 4447 ubi
1260 4395 1463 4457 dicunt,
1511 4406 1565 4450 et
1607 4400 1658 4451 in
1710 4401 1852 4454 malo
1881 4391 1938 4457 et
1985 4404 2036 4457 in

2211 3192 2338 3247 294.
2380 3189 2715 3249 Contestatio
2753 3193 3176 3259 Catholicorum,
3212 3191 3301 3248 ubi
3336 3206 3395 3246 se
3434 3191 3501 3247 ab
3529 3190 3699 3260 injuria

2141 3261 2479 3318 dissimulare
2505 3264 2852 3330 respondent.

2212 3334 2338 3388 295.
2382 3333 2694 3388 Prosecutio
2720 3335 3137 3400 Donatistarum,
3164 3349 3288 3404 quze
3314 3333 3444 3388 dicit
3465 3330 3638 3401 iudici,
3663 3331 3698 3385 si

2142 3403 2388 3458 Chrisms
2415 3419 2519 3458 non
2547 3419 2626 3468 es,
2657 3420 2752 3458 cur
2776 3405 2843 3458 de
2866 3403 3231 3460 sacerdotibus
3255 3404 3501 3472 judicas'!
3527 3411 3579 3457 et
3599 3417 3699 3472 qua

2142 3476 2335 3528 asserit
2366 3475 2465 3529 hoc
2489 3475 2749 3542 judicium
2793 3475 3008 3530 Christo
3036 3489 3155 3529 esse
3184 3473 3511 3528 servandum
3551 3489 3563 3525 :
3591 3482 3638 3527 et
3673 3488 3698 3527 a

2142 3543 2432 3616 catholicis
2456 3548 2667 3616 quaerit,
2697 3556 2875 3602 utrum
2903 3549 2982 3601 eis
3010 3544 3328 3615 praeceperit
3351 3542 3592 3598 Christus
3617 3543 3693 3597 bo-

2136 3615 2342 3686 -minem
2373 3615 2602 3684 judicem
2645 3619 2936 3686 postulare.
3276 3685 3280 3686 ν
3410 3671 3415 3674 .

2214 3685 2339 3741 296.
2383 3683 2779 3742 Catholicorum
2822 3689 2886 3742 ad
2920 3691 3015 3742 ista
3043 3685 3326 3755 responsio
3347 3727 3360 3745 .
3393 3683 3532 3755 quod
3560 3683 3696 3753 primi

2144 3755 2434 3834 Donatistae
2473 3758 2634 3832 2&0
2664 3761 2714 3834 in
2749 3759 3051 3834 Episcopali
3081 3771 3240 3812 causa
3273 3756 3502 3834 humana
3523 3756 3696 3834 judicia

2143 3827 2703 3952 ﬂagitfaruntfat'quod
2732 3827 3155 3901 persecutionem
3175 3845 3282 3883 non
3311 3829 3574 3898 patiantur
3594 3827 3692 3896 ipsi,

2143 3914 2199 3952 SC
2301 3913 2495 3952 acrant.

2143 3902 2234 3954 sed
2280 3901 2495 3954 faciant.

2213 3971 2338 4026 297.
2386 3972 2480 4027 Ubi
2525 3973 2708 4028 dicunt
2755 3973 3050 4027 Donatista!
3081 3971 3221 4042 quod
3264 3969 3694 4025 circumcelliones

2141 4039 2344 4097 faciunt
2389 4044 2454 4097 ad
2505 4045 2810 4100 sacerdotes
2837 4045 3054 4097 minime
3079 4039 3370 4112 pertinere.

2213 4113 2340 4169 298.
2384 4115 2698 4170 Prosecutio
2746 4109 3184 4178 Catholicorum,
3235 4113 3380 4182 quod
3433 4109 3692 4166 Donatista

2143 4189 2329 4258 oculos
2359 4187 2622 4258 eruenda.
2654 4185 2926 4258 diabolum
2959 4191 3368 4258 superaverunt.
3443 4254 3473 4258 __
3533 4252 3546 4258 Α
3599 4250 3627 4258 __
3660 4249 3668 4258 ,

2213 4256 2340 4310 299.
2384 4256 2486 4313 Ubi
2509 4257 2695 4312 dicunt
2717 4250 3040 4320 Donatisne,
3073 4253 3346 4308 diabolum
3375 4268 3404 4307 a
3434 4250 3691 4309 Catholicis

2143 4339 2263 4381 esse
2293 4328 2592 4383 defensum.
2790 4328 2798 4335 ’

2213 4397 2338 4453 500.
2381 4399 2693 4454 Prosecutio
2721 4396 3144 4461 Catholicorum,
3176 4395 3588 4450 Maximianistas
3610 4392 3689 4461 Do:

461 4461 605 4560 bono
627 4505 641 4528 ,
687 4461 947 4517 mundum
989 4463 1374 4532 scripturarum
1427 4466 1745 4523 testimoniis
1796 4473 2040 4528 nomina-
2071 4501 2120 4560 υ
2148 4469 2356 4552 natisns
2383 4484 2501 4560 esse
2532 4471 2812 4532 meliores,
2845 4459 3554 4560 θμᾳυὶξξξεηίδθτεξῖουιὶοηεω
3575 4459 3687 4534 l3aSSi

721 4604 1234 4686 luterjocutiopquae
1285 4606 1541 4675 scriptum
1594 4617 1717 4664 esse
1769 4614 2038 4682 praecipit,

370 4691 372 4694 ’
462 4677 803 4745 Derslreper’e
850 4677 1176 4729 Donatistas.

533 4744 658 4800 274.
701 4745 800 4802 Ubi
840 4759 1085 4801 asserunt
1125 4745 1448 4811 Donatistae,
1482 4747 1822 4816 interpretari
1857 4753 2041 4808 Eccle-

461 4815 593 4870 siam
640 4833 744 4872 non
775 4833 937 4892 posse
965 4832 1060 4892 per
1085 4818 1337 4892 mundum
1364 4858 1380 4892 ,
1423 4833 1542 4870 cum
1571 4815 1826 4874 mundum
1854 4837 2038 4892 agrum

463 4901 582 4941 esse
633 4905 738 4942 non
775 4887 1070 4943 Ecclesium
1113 4889 1224 4954 ipse
1255 4886 1504 4941 Christus
1527 4893 1872 4955 expresserit.

533 4957 656 5011 275.
692 4959 1056 5015 .lnterlocutio
1082 4959 1416 5030 interrogans
1446 4959 1778 5028 Donatistas,
1808 4963 1926 5030 quis
1951 4964 2042 5021 ille

463 5026 811 5099 sitimundus.
841 5031 929 5099 qui
958 5029 1246 5083 salvaodns
1272 5026 1354 5082 est
1376 5029 1569 5082 dictus.

533 5098 658 5154 276.
720 5098 1117 5156 Donatistarum
1159 5099 1226 5154 ad
1270 5101 1368 5153 ista
1411 5100 1725 5168 responsio,
1783 5103 2040 5160 mundum

463 5168 611 5223 illum
645 5170 915 5225 hominem
952 5171 1078 5226 dici.

534 5242 659 5294 277.
717 5242 1084 5305 lnterlocutio,
1117 5255 1237 5310 qua:
1266 5240 1522 5311 requirit,
1550 5252 1726 5296 utrum
1753 5257 1819 5298 ex
1850 5244 2040 5302 iisdem

465 5309 770 5367 hominibus
798 5322 1009 5367 constet
1037 5309 1297 5366 Ecclesia.

535 5381 660 5436 278.
720 5384 1116 5443 Donatistarum
1139 5382 1205 5435 ad
1239 5383 1337 5435 ista
1366 5382 1658 5435 contentio.

533 5452 658 5527 279.
715 5453 817 5510 Ubi
845 5463 1158 5527 exceptares
1186 5461 1239 5527 et
1277 5454 1467 5527 notarii
1499 5463 1822 5527 suggerunt,
1851 5458 2042 5527 imple-

469 5521 837 5596 tis_codicibus
858 5540 917 5596 se
944 5521 1144 5596 debere
1167 5522 1448 5596 discedere
1466 5565 1478 5587 ,
1507 5521 1721 5577 et’alius
1744 5521 2039 5596 subrogari.

539 5591 662 5664 280.
715 5595 1062 5664 lnterlocntio
1097 5595 1147 5648 id
1175 5593 1286 5648 fieri
1317 5605 1568 5662 oportere
1596 5591 1933 5664 praecipiens:

528 5660 663 5735 2.81.
721 5663 1031 5735 Prosecutio
1055 5660 1454 5735 Catholicorutn
1483 5660 1842 5735 qua—prolatae
1882 5682 1910 5723 a
1943 5669 2046 5726 Dos

475 5721 684 5787 Militis
710 5727 948 5799 epistolis
976 5734 1130 5802 plena
1159 5729 1466 5792 adsirtlona
1496 5721 1840 5803 ierpondenti

2146 4553 2284 4602 sunt,
2311 4542 2355 4595 si
2387 4541 2610 4597 tolerata
2642 4537 2945 4612 persecutio
2973 4537 3140 4594 efficit
3167 4537 3442 4612 meliores.

2216 4612 2339 4668 501.
2382 4603 2692 4668 Prosecutio
2721 4611 3118 4665 Donatistarum
3142 4651 3158 4674 ,
3191 4608 3278 4662 ubi
3308 4608 3504 4663 dicitur
3537 4603 3686 4660 diabo-

2143 4681 2224 4734 lus
2255 4699 2365 4737 rem
2398 4683 2586 4738 fecisse
2615 4686 2872 4752 pejorem,
2902 4681 3042 4752 quod
3064 4680 3166 4735 Job
3181 4679 3367 4734 oculos
3389 4683 3685 4750 spectatores

2143 4754 2421 4808 vulnerum
2447 4770 2548 4816 non
2580 4755 2795 4809 ademit.

2212 4822 2339 4899 502.
2368 4823 2695 4899 ΔΡτοεεξίιηιίθ
2739 4823 3133 4899 catholicorum
3165 4865 3178 4886 ,
3206 4820 3314 4899 _ubi
3365 4817 3682 4899 consolarintn

2142 4892 2332 5018 {iecisse
2367 4894 2690 4960 Donatistas,
2719 4905 2773 4948 et
2798 4895 3096 4955 dominicus
3117 4895 3336 4950 codices
3363 4892 3684 4948 combussisse

2182 4974 2410 5017 lCllllllll‘.

2182 4974 2410 5017 lCllllllll‘.

2215 5034 2340 5088 505.
2412 5034 2724 5088 Prosecutio
2787 5034 3184 5091 Donatistarum
3213 5079 3227 5100 ,
3275 5034 3541 5090 Ecclesias
3583 5040 3682 5086 sua!

2128 5105 2584 5177 .cruentisadhuc
2608 5105 2795 5177 plenas
2816 5119 2937 5161 esse
2959 5107 3297 5177 corpOribus.

2146 5244 2196 5299 ὁ.
2385 5173 2732 5230 loterloc’utio
2773 5173 3074 5244 quarens,‘
3102 5191 3169 5232 an
3200 5179 3313 5248 ipsa
3357 5174 3514 5231 fuerit
3551 5182 3681 5228 causa

2188 5259 2275 5297 ISSI
2321 5262 2373 5299 11.
3538 5280 3552 5286 -

2188 5259 2373 5300 1881011.
3538 5280 3552 5286 ·

2215 5315 2339 5372 505.
2380 5317 2774 5387 Donatistarum
2805 5317 2869 5370 ad
2894 5317 2994 5371 ista
3021 5319 3320 5387 responsio.

2219 5387 2343 5442 506.
2382 5388 2484 5460 Ubi
2526 5403 2554 5440 a
2593 5386 2882 5460 Catholicis
2907 5382 3241 5445 dicitur'hoc
3268 5403 3426 5460 posse
3447 5382 3679 5443 11³1111111-

2149 5458 2316 5511 nistas
2343 5459 2578 5527 objicere
2605 5457 2918 5513 Donatistis.
3269 5457 3283 5460 ⁷
3423 5472 3436 5485 ⁸

2221 5528 2343 5600 507.
2386 5528 2738 5600 luterl‘ocutio
2752 5528 2946 5600 similis
2969 5530 3316 5600 prmeedenti.

2220 5599 2344 5655 508.
2406 5599 2505 5654 Ubi
2533 5598 2798 5668 Catholici
2834 5598 3127 5668 provocant
3155 5601 3455 5657 Donatista:
3491 5605 3675 5663 utrau-

2150 5683 2261 5724 sam
2288 5669 2485 5733 veteris
2511 5668 2716 5726 dissidii
2745 5667 3026 5733 fateantur.
3174 5727 3180 5733 ,
3437 5729 3444 5733 _
3476 5726 3480 5729 _
3551 5731 3554 5733 ἓ

2223 5733 2346 5793 nos.
2390 5726 2489 5793 Ubl
2529 5734 2715 5794 dicunt
2751 5727 3038 5795 notuit-tn
3068 5727 3373 5806 tl‘hdllnl'eli
3397 5729 3453 5795 tit
3471 5726 3676 5799 non»
