3838 6222
214 303 362 361 1249

1177 303 1404 362 essm
1440 283 1886 362 COLLATIONIS
1925 300 2538 360 CARTHAGINENSIS.

3356 308 3494 369 1250

209 417 324 473 lam
352 418 598 493 arborem
623 400 691 475 ex
723 418 876 476 factis
898 420 1030 485 suis,
1056 419 1106 475 id
1128 428 1231 485 est,
1257 436 1323 476 ex
1352 420 1620 476 fructibus
1645 410 1803 492 posse
1831 424 1884 482 Α
1908 435 1936 474 a
1960 419 2230 493 Mensurio
2259 419 2323 473 ad
2352 390 2660 493 Secundum
2703 415 3029 488 Episcopum
3061 416 3361 493 destinata,
3389 438 3493 493 qua

205 491 489 558 cognosci.

293 559 420 633 510.
461 561 855 633 Catholicorum
886 563 953 616 ad
981 563 1083 618 ista
1110 564 1411 633 responsio.

453 631 815 715 .lnterlocutio
861 648 1106 703 quaerens
1133 677 1146 701 ,
1198 631 1413 704 quando
1461 634 1598 690 mala
1646 634 1808 689 arbor

218 710 512 758 exstiterit.

293 773 419 829 5η.
461 774 772 831 Prosecutio
802 774 1197 834 Donatistarum
1216 819 1231 845 ,
1262 785 1369 832 nan
1396 775 1497 830 sibi
1531 775 1597 831 ad
1627 775 1808 830 omnia

213 857 346 917 esse
367 860 684 917 responsum
716 855 769 900 et
801 846 866 900 ad
897 847 1130 917 singula.

294 915 419 970 515.
459 915 700 971 Iudicem
731 917 929 971 debere
959 915 1096 972 ferre
1130 917 1454 974 sententiam
1496 926 1550 970 et
1586 932 1616 968 a
1651 915 1810 985 primi

221 984 464 1112 Rominis
485 988 637 1057 culpa
667 987 1070 1043 hmeditarium
1098 990 1150 1044 in
1179 1003 1366 1044 omnes
1407 984 1685 1042 transiisse
1713 986 1812 1041 de-

265 1068 431 1112 etum.
1293 1071 1311 1079 ‘

265 1068 431 1112 Clum.
1293 1071 1311 1079 ‘

293 1128 424 1186 514.
484 1129 844 1196 lnterlocutio,
899 1129 966 1185 de
1013 1131 1265 1184 omnibus
1317 1129 1475 1183 simul
1531 1120 1809 1184 ferendam

224 1201 712 1326 easta-sententiam,
746 1217 813 1255 ne
845 1210 1020 1256 motus
1042 1201 1240 1272 judicis
1268 1209 1391 1255 ante
1421 1200 1580 1254 finem
1609 1197 1808 1268 negotii

226 1284 299 1326 nu
363 1282 549 1326 tcetur.

225 1282 549 1341 publicetur.

300 1342 425 1399 515.
472 1343 780 1399 Prosecutio
806 1341 1201 1397 Catholicorum
1231 1341 1507 1412 postulans
1528 1383 1542 1407 ,
1573 1349 1629 1395 ut
1652 1339 1811 1395 char-

225 1420 300 1467 tae
329 1429 448 1482 qua:
468 1415 685 1470 recitari
711 1425 1012 1480 coeperant,
1047 1415 1410 1482 perlegantur.
1489 1422 1496 1428 '

303 1480 430 1541 516.
467 1485 807 1541 lnterlocutio
844 1499 934 1537 cas
961 1480 1274 1551 praecipiens
1300 1481 1534 1541 recitari.
1563 1489 1618 1535 et
1642 1480 1808 1548 (reci-

233 1554 392 1628 tatio)
443 1556 718 1628 relationis
762 1554 829 1608 ad
876 1553 1282 1628 Constantinum
1311 1552 1707 1628 ‘ltnperatoretn
1746 1552 1814 1628 ab

228 1622 468 1681 Annl'ino
509 1627 834 1682 Proconsule
862 1624 1171 1690 destinatio,
1200 1639 1301 1693 qua
1331 1623 1621 1692 Majorinus
1649 1622 1815 1676 obsti-

228 1697 366 1753 tisse
393 1698 684 1755 Caciliano
711 1699 925 1750 chartas
974 1696 1256 1749 criminum
1303 1695 1421 1763 ejus
1465 1693 1814 1748 Proconsulis

229 1769 302 1822 ad
337 1769 630 1835 principem
653 1766 958 1836 dirigendas
987 1767 1292 1830 tradidisse,
1321 1766 1582 1836 signatur.

306 1839 432 1895 517.
473 1839 573 1896 Ubi
607 1849 725 1907 post
754 1835 1122 1891 recitationem
1155 1837 1356 1892 servari
1385 1835 1489 1890 sibi
1517 1835 1661 1906 quod
1687 1850 1811 1889 con-

232 1919 317 1966 tra
345 1909 623 1978 competit,
651 1908 922 1978 postulant
947 1907 1261 1978 Donatista.

305 1981 433 2037 518.
473 1975 606 2035 Item
654 1975 898 2034 recitatio
951 1977 1228 2031 relationis
1273 1976 1493 2032 alterius
1533 1975 1601 2030 ab
1626 1975 1819 2031 eodem

232 2050 564 2108 Proconsule
615 2048 682 2102 ad
712 2047 958 2102 eumdem
1003 2047 1296 2116 principem
1346 2047 1668 2112 destinatae,
1716 2060 1853 2116 qua.

230 2121 513 2192 significat
547 2119 696 2192 fidem
744 2117 1047 2192 Proconsul
1082 2116 1429 2192 Caecilianum
1467 2131 1590 2192 cum
1630 2116 1820 2192 decem

233 2187 450 2250 clérieis
476 2191 591 2245 suis
617 2199 671 2244 et
719 2187 939 2242 totidem
984 2187 1326 2242 adversarios
1361 2189 1481 2255 ejus
1518 2187 1583 2241 ad
1627 2187 1817 2242 urbem

234 2277 461 2333 pergere
476 2277 545 2333 _se
574 2259 785 2333 fecisse,
816 2259 1313 2333 sicutgprteceperat
1340 2255 1668 2333 Imperator.
1682 2329 1711 2333 _
1745 2327 1755 2333 _
1803 2321 1811 2333 '

306 2327 433 2387 519.
476 2330 608 2386 ltem
637 2328 877 2386 recitatio
898 2327 1136 2397 epiStolae
1164 2328 1506 2384 Constantini
1538 2328 1604 2382 ad
1627 2327 1821 2382 MiltiaL

232 2403 360 2461 dent
401 2403 700 2458 Romanum
737 2399 1058 2468 Episcopum
1104 2399 1317 2465 missae,
1357 2414 1460 2468 qua
1511 2409 1565 2452 et
1611 2399 1821 2454 caeteris

233 2473 608 2530 sacerdotibus
655 2473 795 2526 inter
839 2468 1188 2525 Caecilianum
1234 2478 1289 2524 et
1330 2468 1668 2524 adversarios
1706 2469 1822 2538 ejus

242 2543 524 2616 (cognititg
554 2543 860 2616 delegatur.
924 2611 937 2616 _
999 2613 1028 2616 Δγ
1250 2611 1262 2616 _
1332 2612 1342 2616 _
1684 2611 1698 2616 Δ
1753 2602 1759 2607 _

308 2611 436 2670 5‘20.
474 2611 790 2669 Prosecutio
823 2611 1220 2668 Catltolicorum
1249 2611 1507 2666 intimans
1538 2625 1655 2678 qua:
1684 2611 1820 2665 lecta

234 2698 365 2742 sunt
391 2685 682 2755 cognitori,
716 2693 768 2738 et
793 2684 1072 2754 postulans
1101 2693 1157 2738 ut
1181 2682 1433 2738 Miltiadis
1463 2682 1514 2736 in
1546 2680 1820 2737 Caeciliani

235 2772 398 2813 causa
427 2755 688 2826 judicium
715 2758 996 2826 recitetur.

310 2825 438 2883 521.
477 2826 741 2882 Recitatio
765 2825 953 2896 judicii
979 2825 1248 2881 Miltiadis.

310 2897 437 2954 522.
481 2897 581 2953 Ubi
617 2893 909 2951 Donatista:
937 2898 1124 2951 volunt
1158 2896 1297 2951 aliud
1347 2905 1534 2950 contra
1565 2893 1821 2950 Miltiadis

232 2968 766 3041 judiciumfecitari.

312 3039 439 3094 525.
481 3036 580 3094 Ubi
611 3054 639 3090 a
667 3035 957 3091 Catholicis
983 3038 1198 3100 dicitur,
1233 3053 1338 3090 non
1379 3050 1538 3090 omne
1569 3035 1819 3089 Miltiadis

233 3110 637 3181 judicium_esse
666 3110 980 3177 perlectum,
1012 3108 1263 3176 quoniam
1289 3105 1463 3161 triduo
1494 3118 1620 3159 tunc
1639 3114 1814 3159 actum

238 3178 346 3246 est,
369 3189 424 3236 et
449 3178 586 3234 trina
621 3189 745 3233 sunt
769 3187 936 3247 gesta.

313 3251 442 3308 524.
481 3249 825 3304 lnterlocutio
875 3249 962 3300 ubi
1010 3255 1196 3302 contra
1241 3247 1461 3302 recitata
1512 3247 1820 3302 volentibus

243 3322 504 3395 prosequi
552 3318 841 3395 Donatistis
891 3318 1110 3395 dicitur,
1163 3327 1220 3373 ut
1267 3318 1536 3390 patiantur
1581 3320 1822 3388 primitus

238 3391 549 3462 butnia’per
569 3391 830 3462 ordinem
849 3391 1080 3444 recitari.

314 3459 584 3518 325.'Ubi
605 3459 935 3516 contendunt
960 3472 1145 3516 contra
1175 3460 1395 3516 recitata
1429 3460 1678 3530 prosequi
1720 3461 1824 3516 Do-

239 3535 476 3592 natistze.

317 3604 443 3660 526.
511 3603 613 3661 Ubi
667 3619 697 3657 a
747 3601 1035 3658 Catholicis
1082 3602 1275 3657 dicitur
1319 3600 1495 3656 adhuc
1541 3616 1825 3671 superesse

241 3676 612 3801 quoilftliebgat
639 3673 886 3740 recitari,
919 3673 1178 3744 siquidem
1206 3687 1312 3727 non
1342 3672 1409 3726 sit
1439 3672 1576 3727 lecta
1603 3681 1823 3727 senten-

243 3757 318 3801 tia
405 3764 416 3800 I
444 3760 515 3801 tia
559 3762 621 3800 ts.
1292 3769 1294 3772 ν

243 3747 318 3803 tia
349 3747 621 3801 Miltiadis.
1292 3769 1294 3772 ν

318 3818 441 3873 527.
487 3815 796 3871 Prosecutio
829 3814 1217 3869 Donatistarum
1255 3820 1358 3881 qua
1389 3828 1448 3868 se
1477 3813 1661 3867 dicunt
1704 3813 1826 3868 ideo

243 3889 316 3945 dc
346 3889 524 3946 exiliis
551 3886 618 3940 ad
643 3886 904 3956 judicium
957 3899 1250 3948 remeasse,
1292 3885 1416 3949 quia
1461 3884 1541 3939 eis
1582 3886 1828 3955 cognitor

239 3960 519 4030 iuraverat
545 3955 653 4026 per
668 3955 922 4030 edictuin.

321 4029 445 4084 528.
487 4024 788 4095 RéSponsio
827 4024 1224 4081 Catholicorum
1255 4040 1361 4080 non
1405 4025 1572 4081 fuisse
1614 4028 1666 4080 in
1709 4024 1825 4079 exi-

243 4100 377 4156 lium
408 4097 730 4153 Donatistas.

320 4169 446 4225 5S9.
487 4168 799 4224 Prosecutio
841 4168 1236 4223 Donatistarum
1285 4167 1370 4238 de,
1405 4165 1649 4238 petitoris
1699 4182 1823 4238 per:

246 4255 404 4304 soua,
432 4254 551 4310 qua:
572 4248 784 4308 peracta
814 4248 939 4310 sunt
958 4247 1232 4310 repetens,
1261 4248 1315 4310 et
1344 4237 1530 4293 dicens
1551 4237 1826 4310 Caeciliani

247 4308 620 4394 ptirgationettt
665 4324 771 4394 non
809 4308 1061 4394 debuisse
1106 4309 1342 4374 recitari,
1392 4311 1482 4378 qui
1538 4310 1713 4363 adhuc
1761 4308 1827 4362 ab

248 4381 386 4453 ipsis
416 4396 520 4436 non
549 4381 722 4453 fuerat
745 4388 1045 4453 accusatus.

325 4453 452 4508 550.
494 4451 839 4506 lnterlocutio
859 4492 874 4516 ,
915 4450 1112 4506 debere
1138 4449 1349 4506 chartas
1379 4465 1508 4519 quas
1537 4448 1827 4504 Donatista:

1844 1808 1892 1867 B

1911 492 2042 559 quid
2065 492 2206 545 circa
2234 506 2292 545 se
2329 499 2504 544 actum
2534 489 2603 543 sit
2635 497 2875 558 tempore
2928 488 3320 558 persecutionis
3361 488 3493 549 in'si-

1911 571 2058 617 nuat.

1983 632 2106 688 558.
2149 630 2464 686 Prosecutio
2512 628 2944 692 Catholicorum,
2984 643 3085 698 qua
3140 630 3324 686 volunt
3373 650 3496 692 esse

1914 712 2189 768 testatum,
2231 702 2522 757 familiares
2562 701 2819 770 epistolas
2849 699 3060 756 recitari
3101 715 3324 770 quarum
3360 704 3496 761 fides

1919 774 2176 828 habeatur
2202 774 2424 827 incerta.

1984 844 2108 899 559.
2151 845 2280 898 ltem
2311 844 2409 896 alia
2435 841 2711 897 familiaris
2741 841 2965 912 epistola
3001 841 3256 899 recitatur
3283 844 3495 902 Secun-

1915 915 1968 971 di
2006 917 2072 970 ad
2101 915 2426 970 Mensurium
2458 913 2827 969 rescribentis.

1987 987 2110 1042 540.
2158 986 2256 1042 Ubi
2286 983 2548 1040 Catholici
2580 986 2852 1055 postulant
2900 983 3156 1054 exprimi,
3203 985 3291 1056 qui
3338 986 3498 1045 fuerit

1916 1057 2004 1112 hic
2031 1057 2329 1113 Secundus.

1987 1129 2111 1182 5H.
2130 1129 2228 1200 U_bi
2252 1127 2339 1200 qui
2369 1125 2660 1200 Secundus
2672 1126 2833 1200 fuerit
2849 1127 3158 1200 esprimunt
3176 1128 3491 1189 Donatistae.

1987 1200 2115 1254 542.
2158 1197 2424 1252 Recitatio
2469 1197 2759 1266 supradicti
2805 1197 3086 1267 rescripti,
3119 1215 3222 1268 qua
3257 1206 3495 1261 vicissim

1915 1269 2042 1346 quid
2091 1270 2242 1346 circa
2280 1283 2339 1321 se
2389 1268 2445 1346 i_n'
2489 1267 2732 1346 Numidia
2775 1278 2984 1337 gestuin
3028 1269 3099 1322 sit
3139 1267 3208 1324 eo
3261 1283 3500 1346 tempore

1914 1337 2182 1395 Mensurio
2210 1337 2488 1394 Secundus
2515 1339 2769 1392 insinuat.

1987 1410 2112 1465 545.
2156 1408 2501 1463 lnterlocutio
2544 1407 2858 1476 praecipiens
2904 1419 2960 1462 ut
2990 1413 3230 1468 recitatis
3255 1415 3501 1479 epistolis

1865 1522 1867 1524 -
1916 1481 2048 1556 suis,
2083 1482 2345 1548 patienter
2370 1479 2588 1533 audiant
2619 1479 2908 1533 Donatistae
2936 1497 3054 1550 qua}
3081 1483 3182 1556 legi
3209 1499 3238 1538 a
3260 1485 3498 1543 Catholi-

1917 1553 1994 1606 cis
2031 1558 2326 1618 coeperant.

1984 1621 2111 1678 544.
2158 1622 2463 1694 Prosecutio
2484 1620 2889 1694 Donatistarum
2919 1636 3037 1692 qua:
3065 1637 3353 1694 superche
3386 1627 3496 1685 'sibi

1918 1692 2048 1747 dicit
2071 1691 2212 1762 quod
2249 1692 2314 1746 de
2341 1690 2625 1746 Cmciliano
2652 1690 3065 1760 legendum‘cst.
3134 1690 3148 1694 “
3451 1744 3454 1746 .

1965 1763 2110 1819 545.
2163 1762 2505 1840 lnterlocutio
2529 1764 2690 1840 etiam
2712 1763 2780 1818 de
2795 1763 3106 1830 Caeciliano,
3130 1768 3272 1837 quod
3307 1785 3501 1840 super-

1926 1847 2009 1889 cst
2049 1835 2367 1903 prmcipiens
2394 1832 2630 1903 recitari.

1991 1902 2117 1980 546.
2171 1902 2480 1980 Prosecutio
2527 1902 2924 1959 Catltolicorum
2970 1923 3091 1977 quae
3135 1910 3399 1980 patienter
3445 1927 3504 1968 sc

1922 1974 2119 2030 habere
2149 1976 2339 2028 asserit
2369 1983 2425 2026 ut
2453 1973 2676 2042 legatur.

1990 2045 2117 2119 βυ.
2159 2043 2260 2119 Ubi
2289 2043 2529 2119 oberunt
2562 2043 2862 2119 Donatistae
2895 2048 3169 2102 conditum
3198 2064 3227 2102 a
3258 2051 3499 2119 patribus

1921 2115 2030 2193 suis
2065 2116 2133 2193 de
2162 2113 2433 2193 Caeciliani
2464 2114 2808 2171 damnatione
2833 2115 3103 2174 decretum
3123 2161 3138 2185 ,
3185 2130 3239 2173 et
3261 2113 3380 2176 'boc
3416 2122 3502 2193 ju-

1922 2185 2082 2241 bente
2108 2185 2290 2256 judice
2317 2187 2590 2240 recitatur.
2965 2206 2967 2208 ·

1990 2256 2117 2330 548.
2159 2257 2491 2312 Recitatione
2519 2259 2773 2330 conclusa
2819 2259 3410 2330 interloquiturjudex,
3444 2272 3502 2318 ut

1921 2327 1966 2408 si
1987 2329 2232 2453 lquidlest
2257 2330 2430 2382 adhuc
2459 2329 2600 2399 quod
2637 2329 2704 2385 de
2741 2327 3045 2385 Caeciliano
3065 2327 3277 2386 recitari
3310 2333 3506 2390 debeat

1922 2413 1978 2452 tn
2009 2415 2112 2453 ime
2142 2415 2226 2453 ur.

1922 2413 2226 2453 lnllmellﬂ'.

1994 2468 2139 2544 549.Δ
2164 2469 2477 2544 Prosecutio
2521 2468 2937 2544 Donatistarum,
2971 2472 3040 2528 de
3060 2471 3270 2527 caeteris
3294 2489 3508 2544 quoque

1924 2540 2170 2610 personis
2197 2539 2477 2610 sehabere
2508 2539 2826 2596 documenta
2857 2545 3195 2610 promittens.

1991 2609 2148 2682 241
2179 2609 2306 2665 550.
2340 2609 2686 2680 lnterlocutio
2714 2619 2774 2666 ut
2801 2609 2917 2682 quae
2944 2629 2971 2667 a
3000 2610 3291 2669 Catholicis
3331 2615 3507 2671 oblata

1921 2680 2147 2734 mean?
2162 2682 2518 2750 perlegantur.

1931 2763 1934 2765 ‘
1993 2750 2118 2806 55f.
2151 2749 2468 2807 Prosecutio
2493 2749 2888 2808 Catltolicorum
2931 2763 3183 2809 testatum
3227 2755 3430 2812 faciens
3456 2767 3511 2813 et

1921 2822 2206 2898 adversum
2239 2822 2567 2898 ble‘nsurium‘
2596 2823 2727 2878 nihil
2755 2825 2978 2898 publicis
3007 2837 3184 2880 actum
3217 2842 3336 2883 esse
3359 2829 3508 2898 judi-

1923 2894 2040 2956 ciis,
2069 2903 2123 2948 et
2153 2893 2492 2948 Czrcilianum
2521 2893 2797 2949 absentem
2830 2896 2896 2950 ab
2923 2895 3009 2950 his
3051 2912 3170 2951 esse
3199 2893 3510 2955 damnatum

1924 2964 1975 3017 in
2009 2965 2238 3020 concilio
2265 2965 2381 3019 sine
2405 2965 2626 3019 consule
2656 2976 2709 3019 et
2735 2966 2824 3020 die
2844 3008 2858 3032 ,
2883 2968 2970 3033 qui
3001 2967 3098 3021 sibi
3129 2969 3355 3024 invicem
3381 2986 3510 3026 con-

1923 3034 2393 3160 fessaltraditionis
2422 3036 2645 3091 crimina
2669 3037 2720 3091 in
2745 3038 2849 3091 alio
2872 3037 3216 3106 inveniuntur
3241 3040 3507 3111 ignovisse

1923 3117 2073 3160 COllCl
2105 3124 2172 3160 ιο.

1923 3117 2172 3160 concilio.

1845 3171 1892 3234 C
1993 3177 2116 3232 552.
2151 3177 2492 3235 lnterlocutio
2518 3178 2618 3232 hoc
2646 3179 2819 3248 ipsum
2850 3178 3066 3248 exigens
3091 3182 3327 3236 recitari.

2000 3249 2123 3322 555.
2162 3249 2257 3306 Ubi
2288 3251 2551 3321 principio
2581 3249 2801 3322 Concilii
2825 3249 3047 3322 recitato
3068 3292 3082 3316 ,
3114 3253 3508 3322 interrumpunt

1926 3317 2248 3392 Donatistgn,
2283 3317 2548 3392 negantes
2589 3321 2866 3376 consulem
2908 3330 2961 3376 et
2996 3320 3139 3378 diem
3179 3317 3506 3380 ecclesiasti-

1926 3391 2003 3445 cis
2030 3390 2188 3460 adjici
2216 3390 2391 3447 solere
2416 3392 2667 3447 decretis.

1997 3461 2124 3517 554.
2155 3463 2548 3519 Catltolicorum
2571 3463 2636 3517 ad
2664 3463 2764 3517 iSIa
2794 3463 3090 3531 responsio.

1997 3532 2124 3587 555.
2153 3533 2497 3589 lnterlocutio
2521 3532 2711 3588 similis
2739 3533 3079 3601 praecedenti.

1997 3603 2122 3658 556.
2147 3605 2244 3660 Ubi
2266 3605 2493 3674 exigunt
2509 3603 2765 3674 catholici
2781 3610 3036 3674 oportere
3051 3601 3276 3674 disquiri
3292 3642 3307 3668 ,
3329 3611 3504 3659 utrum

1929 3672 2165 3729 Donatus
2191 3717 2206 3741 ,
2248 3672 2400 3740 cujus
2448 3673 2608 3726 tnodo
2645 3672 2960 3725 vocabulum
2991 3672 3266 3726 recitatum
3289 3684 3390 3740 est,
3425 3676 3505 3730 in-

1931 3753 2008 3798 ter
2038 3743 2306 3799 Caeciliani
2340 3744 2494 3798 fuerit
2523 3742 2882 3797 damnatores.

2000 3814 2125 3870 557.
2158 3814 2498 3870 lnterlocutio
2527 3826 2775 3882 quaerens
2804 3812 2905 3866 ista
2934 3810 3160 3883 disquiri
3186 3854 3199 3878 ,
3228 3823 3282 3870 et
3311 3813 3381 3870 ita
3411 3833 3505 3870 no-

1929 3885 2069 3938 mina
2099 3886 2445 3939 singulorum.
2634 3924 2638 3928 .

1999 3955 2123 4011 558.
2161 3954 2259 4011 Ubi
2281 3954 2571 4010 Donatistae
2597 3959 2860 4008 testantur
2884 3968 2943 4008 se
2973 3954 3264 4023 praebuisse
3295 3956 3501 4024 patien-

1930 4026 2087 4092 tiam,
2120 4027 2289 4081 vicem
2317 4034 2589 4096 petentes,
2620 4038 2740 4096 cum
2768 4025 3033 4096 cmperint
3058 4027 3402 4096 respondere.

1999 4094 2495 4152 559.1nterlbcutio
2523 4094 2817 4148 secundum
2836 4094 3162 4150 voluntatem
3197 4096 3502 4153 Donatista-

1930 4183 2046 4221 rum
2072 4168 2291 4234 exigens
2317 4167 2385 4221 de
2409 4165 2700 4218 Catholicis
2733 4166 3001 4234 patientia:
3025 4165 3430 4234 professionem.

2002 4239 2126 4294 560.
2158 4234 2258 4293 Ubi
2284 4236 2352 4291 de
2376 4234 2658 4306 praebenda
2688 4235 2938 4304 patientia
2962 4235 3222 4291 Catholici
3250 4241 3506 4308 profiten-

1934 4317 2039 4363 ‘lﬂ‘.
2065 4329 2068 4332 ’

1938 4437 1941 4441 ,
1999 4380 2119 4434 561.
2153 4377 2248 4435 Ubi
2273 4377 2408 4434 lecta
2429 4375 2631 4433 codicis
2653 4385 2802 4447 parte
2825 4385 2993 4432 totum
3015 4378 3116 4448 legi
3140 4378 3380 4450 ﬂagitant
3404 4380 3502 4437 Do-

1930 4450 2159 4504 natistze.

251 4523 496 4613 oﬂ‘erunt“
523 4523 758 4613 reci‘tari,
787 4531 848 4613 ut
873 4523 1120 4613 omnibus
1150 4517 1658 4590 recitatis—petitoris
1703 4535 1824 4590 per-
1849 4554 1902 4613 Β
2162 4517 2562 4613 ξειὴοιίοᾳτυπρ
2590 4519 2656 4613 ad
2689 4520 2788 4613 ista
2809 4520 3108 4613 responsio.

249 4608 385 4648 sona
418 4595 591 4649 valeat
616 4592 967 4661 deprehendi.

227 4675 232 4678 ‘
325 4665 449 4719 551.
492 4663 590 4718 Ubi
628 4659 959 4717 contendunt
981 4659 1240 4716 Catholici
1271 4661 1636 4716 recitationem
1665 4661 1823 4715 char-

250 4743 425 4789 tarum
460 4748 678 4789 suarum
727 4731 1044 4800 interrumpi
1079 4734 1287 4799 penitus
1325 4749 1428 4787 non
1468 4734 1664 4788 debere
1687 4773 1700 4796 ,
1729 4732 1824 4786 sed

251 4807 428 4861 omnia
460 4819 556 4873 per
580 4803 822 4857 ordinem
849 4817 969 4858 esse
995 4802 1287 4856 recitanda.

325 4871 591 4929 552.7Ubi
622 4873 911 4926 Donatistae
953 4873 1278 4939 reSpondent
1301 4914 1317 4938 ,
1351 4874 1715 4928 recitationem
1759 4871 1826 4927 de

251 4945 538 5001 Caeciliano
563 4943 828 5013 catholico
864 4959 970 4996 non
1001 4943 1236 5012 potuisse
1259 4956 1586 5013 competere.

326 5016 450 5071 555.
501 5011 845 5067 lnterlocutio
903 5011 1012 5066 ubi
1042 5011 1486 5069 contendentibus
1538 5015 1604 5070 de
1650 5014 1826 5069 couti-

254 5087 469 5144 nuanda
491 5085 802 5138 recitatione
819 5080 1130 5155 Catholicis,
1155 5083 1308 5150 jubet
1346 5088 1588 5155 cognitor
1618 5085 1707 5138 illa
1738 5100 1830 5154 po-

257 5160 361 5212 tius
392 5154 605 5211 recitari
628 5169 744 5222 qua:
774 5152 1007 5206 offerunt
1032 5153 1339 5216 Donatista.
1421 5152 1435 5155 ⁷
1625 5213 1632 5219 _

328 5227 431 5282 554
509 5226 817 5280 Prosecutio
867 5223 1262 5295 Donatistarum
1324 5223 1541 5278 initium
1592 5225 1831 5295 referens

257 5312 454 5362 causae,
479 5297 604 5365 quid
635 5295 934 5348 Meusurius
960 5292 1395 5358 Carthaginensis
1438 5292 1687 5349 Ecclesiae
1719 5295 1833 5365 cpi-

259 5382 452 5435 scOpus
495 5363 995 5435 unitatishtempore
1025 5366 1326 5430 persecutio
1375 5365 1632 5427 effecerit,
1692 5363 1830 5415 unde

259 5433 461 5494 exstitit
504 5449 661 5489 causa
708 5433 928 5486 dissidii.

330 5507 453 5561 555.
497 5504 839 5574 lnterlocutio
864 5501 1254 5574 probationem
1284 5504 1502 5574 exigens
1549 5504 1591 5555 si
1623 5503 1833 5557 Mensuo

259 5579 341 5634 rio
368 5577 569 5631 crimen
611 5572 906 5628 traditionis
943 5572 1270 5638 impingitur.

332 5648 454 5703 556.
500 5643 810 5701 Ρτοευευιίο
836 5633 1228 5711 Catltolicorth
1267 5660 1368 5711 qua
1399 5645 1546 5697 salva
1581 5644 1833 5697 Ecclesiae

263 5733 453 5792 causa_,
486 5717 821 5792 traditionem
866 5714 915 5792 i_tt
941 5709 1211 5792 blettsutio
1242 5709 1464 5792 probari
1503 5716 1829 5792 desiderant.

269 5859 274 5864 _
335 5780 466 5846 551.
502 5787 602 5844 Ubi
632 5784 984 5861 a_Douatistis
1005 5780 1284 5842 familiaris
1325 5784 1835 5861 epistolarecitatur

1893 4986 1901 4993 .
1928 4956 2122 4998 εωιοιτι

1998 4592 2116 4646 2.65.
2161 4590 2469 4646 Prosecutio
2519 4590 2918 4645 Catltolicorum
2968 4591 3090 4644 ideo
3143 4605 3394 4646 asserens
3441 4607 3503 4648 se

1928 4663 2118 4730 legisse
2163 4677 2281 4730 quae
2322 4662 2457 4717 lecta
2499 4670 2660 4728 sunt,
2701 4670 2756 4716 ut
2802 4660 3079 4715 Cmciliani
3119 4663 3285 4729 possit
3326 4663 3505 4718 valere

1967 4734 2190 4801 urgatio.

1928 4751 2500 4858 puggiaiﬁnterloeutio
2521 4804 2781 4858 adversus
2806 4802 2891 4855 illa
2915 4817 3034 4869 quae
3053 4817 3084 4855 a
3105 4799 3397 4859 Catholicis
3418 4819 3507 4859 re-

1927 4875 2086 4928 citata
2132 4883 2296 4936 sunt,
2345 4875 2651 4928 Donatistas
2689 4873 2986 4926 admOnens
3030 4873 3399 4940 respondere,
3450 4885 3508 4930 ut
3567 4915 3578 4922 .

2192 4960 2270 4998 ua:
2300 4946 2596 5010 interrupta
2618 4951 2745 4996 sunt
2774 4941 3086 4995 recitentur.

2002 5017 2126 5070 565.
2170 5011 2483 5085 Prosecutio
2513 5011 2912 5085 Donatistarum
2955 5025 3204 5067 asserens
3233 5016 3376 5085 quod
3416 5017 3511 5074 de-

1933 5092 2138 5140 cretum
2196 5087 2311 5137 sine
2362 5084 2608 5152 Consulis
2657 5080 3021 5152 adscriptione
3074 5080 3397 5152 protulerint
3443 5104 3510 5143 ex

1932 5153 2318 5211 consuetudine
2343 5168 2402 5205 se
2429 5150 2619 5205 fecisse
2644 5150 2926 5219 majorum.
2957 5211 2959 5214 ,

2004 5223 2130 5278 566.
2162 5223 2503 5275 lnterlocutio
2533 5237 2651 5290 qua:
2681 5221 2846 5288 dicit,
2877 5237 2942 5276 ex
2979 5223 3081 5280 hoc
3113 5241 3179 5281 ne
3205 5225 3511 5286 Catltolicos

1935 5293 2130 5347 fecisse
2153 5293 2387 5359 aliquam
2419 5293 2788 5361 qurcstionem.

2008 5363 2131 5438 567.
2165 5363 2473 5416 Prosecutio
2493 5363 2886 5438 Catltolicorum
2922 5365 3044 5421 ideo
3074 5367 3189 5432 hinc
3220 5385 3376 5438 agere
3408 5372 3511 5424 Do-

1937 5434 2158 5487 natistas
2186 5443 2241 5486 ut
2268 5441 2509 5502 tempora
2537 5434 2942 5489 contrahantur.

2009 5502 2131 5558 568.
2171 5503 2265 5559 Ubi
2314 5505 2598 5558 Donatista:
2637 5505 2849 5568 dicunt,
2876 5507 2926 5558 si
2964 5510 3026 5559 de
3066 5509 3321 5560 sententiis
3364 5509 3513 5566 dictis

1939 5591 2082 5645 nemo
2101 5573 2307 5645 dubitat
2326 5616 2341 5636 ,
2377 5573 2678 5628 Caecilianus
2696 5578 2819 5645 jure
2838 5574 3107 5628 damnatus
3133 5586 3225 5629 est.

2013 5644 2137 5698 569.
2158 5645 2466 5699 Prosecutio
2487 5644 2879 5698 Catltolicorum
2899 5659 3144 5698 asserens
3164 5660 3319 5714 posse
3358 5663 3513 5704 mon-

1941 5717 2098 5792 strari
2123 5717 2262 5784 quod
2285 5717 2351 5792 de
2377 5715 2662 5768 Cmciliano
2685 5713 2752 5766 sit
2772 5721 3001 5780 gestum,
3018 5714 3193 5784 siqua:
3215 5716 3515 5792 interrupta

1939 5784 2141 5843 fuerint
2167 5827 2182 5854 ,
2215 5787 2529 5843 recitentur.
2631 5807 2636 5813 -
