3838 6222
453 268 480 324 1
489 268 593 322 255

1410 263 1632 320 casn
1672 238 2121 319 COLLATlONlS
2157 259 2774 320 CARTIIAGINENSIS.

3600 262 3626 317 l
3636 263 3732 318 256

524 380 651 452 485.
692 375 1082 452 Catliolicornm
1127 375 1430 452 prosecutio
1455 377 1678 452 ,_Optati
1711 377 1906 446 scripta
1939 391 2036 446 pro
2064 377 2116 436 Α
2212 375 2775 452 51_2._Don_a_t_i_siarnm
2802 371 3128 452 prosecutio,
3159 369 3285 452 ideo
3311 370 3386 428 ibi
3417 385 3531 446 non
3562 372 3728 452 teneri

455 449 734 516 scripturis
773 446 1044 502 canonicis
1072 461 1177 501 non
1211 446 1417 500 haberi.

525 521 650 575 484.
693 519 1034 581 Prosecutio,
1085 533 1186 584 qua
1237 519 1456 586 exigunt
1503 517 1794 572 Donatistcc
1842 526 1896 571 ut
1950 525 2040 570 ant

455 591 710 646 damnent
737 589 994 645 Catholici
1025 587 1274 657 Optatum
1297 629 1312 654 ,
1344 599 1437 641 aut
1475 588 1742 656 patiantur
1771 589 1889 656 ejus
1933 597 2039 642 tes-

456 661 734 716 timonium
762 659 974 714 recitari
1003 675 1108 729 quo
1131 659 1473 713 Caecilianum
1501 659 1693 714 Brixia:
1720 659 1847 713 dicit
1875 658 2039 712 fuisse

455 731 798 786 damnatum:
843 740 895 784 et
933 745 1037 798 qua
1080 729 1373 784 admonent
1406 730 1678 798 judieem,
1713 741 1771 785 ut
1810 729 2040 799 promis-

452 817 565 858 sam
607 811 782 857 teneat
821 801 1144 871 :equitatem.

525 873 648 928 485.
694 870 1035 927 Ιηιθτιορυιίο
1065 870 1256 925 similis
1284 871 1634 938 przecedenti.

525 945 649 999 486.
689 943 1083 998 Catholicorum
1125 943 1466 1010 prosecatio,
1517 951 1702 996 contra
1749 939 2037 996 Miltiadem

456 1015 654 1071 debere
697 1016 997 1069 Donatistas
1029 1012 1272 1081 proferre
1303 1012 1514 1081 aliquod
1541 1013 1861 1081 judicatum.

525 1087 652 1141 .187.
696 1084 1039 1139 lnterlocutio
1077 1084 1270 1136 similis
1300 1083 1647 1153 pnecedenti.

526 1156 652 1212 488.
699 1155 797 1211 Ubi
853 1154 1038 1208 dicunt
1094 1154 1389 1207 Donatista:
1442 1170 1546 1208 non
1598 1169 1718 1209 esse
1771 1153 2038 1223 prolixum

458 1228 599 1298 quod
630 1226 916 1298 deioptato
946 1225 1258 1298 desiderant
1287 1225 1522 1280 recitari.

528 1295 655 1353 489.
696 1293 1075 1358 lnterlocutio,
1107 1295 1352 1348 ordinem
1393 1297 1713 1351 servandum
1746 1309 1866 1351 esse
1904 1293 2040 1349 deﬁ-

461 1368 614 1422 niens
634 1408 649 1434 ,
681 1376 739 1421 ut
765 1367 938 1436 primo
963 1375 1149 1419 contra
1180 1365 1466 1420 Miltiadem
1495 1367 1696 1437 aliquid
1719 1409 1734 1432 ,
1765 1375 1947 1436 postea
1973 1365 2042 1420 de

460 1440 652 1510 Optato
683 1445 938 1510 quantum
972 1437 1275 1510 voluerint,
1309 1437 1579 1510 recitetur.

529 1511 653 1566 490.
699 1509 798 1578 Ubi
827 1516 976 1578 gesta
1005 1508 1054 1560 in
1086 1507 1217 1578 urbe
1247 1507 1426 1561 habita
1459 1508 1692 1564 oderunt
1724 1506 2036 1578 Donatistae.

531 1581 656 1635 491.
701 1573 798 1636 Ubi
830 1573 987 1647 'gesta
1028 1577 1215 1630 eadem
1256 1578 1549 1632 recitantur
1587 1579 1867 1646 quibusin
1909 1577 2042 1631 urbe

422 1703 431 1709 .
462 1652 630 1706 Roma
670 1666 697 1702 a
741 1650 988 1703 nonnulis
1025 1648 1144 1700 aliis
1173 1657 1225 1701 et
1255 1663 1284 1700 a
1315 1649 1542 1716 quodam
1575 1649 1823 1704 Stratone
1863 1663 2040 1702 rerum

462 1722 958 1778 Ecclesiasticarum
999 1719 1214 1770 traditio
1259 1729 1557 1784 perpetrata
1589 1729 1692 1774 est.

2143 445 2460 500 vocabulum
2489 445 2741 499 Miltiadis
2767 443 2908 513 quod
2936 442 3112 496 adhuc
3153 445 3444 513 episc0pns
3471 444 3582 496 nOn
3612 443 3732 496 fuis-

2142 527 2256 571 set:
2305 516 2430 571 hinc
2471 526 2649 570 autem
2695 512 2982 568 Miltiadem
3026 512 3196 584 fuisse
3236 515 3550 584 pollutum,
3593 514 3730 583 quod

2145 585 2455 642 traditoreni
2481 586 2787 640 Stratonem
2819 585 2870 638 in
2901 600 3122 638 numero
3147 583 3334 640 habuit
3355 585 3728 640 diaconorum.

2214 660 2336 713 515.
2381 658 2725 712 lnterlocutio
2768 656 3158 724 pronuntians,
3203 666 3386 724 partes
3427 670 3593 726 agere
3639 655 3730 711 de-

2143 729 2274 784 bere
2300 744 2422 800 quae
2451 736 2785 800 competunt.
2822 797 2830 800 _
2893 796 2925 800 η
3183 796 3197 800 _

2215 795 2338 853 514ῖ
2380 795 3142 864 Prosecntio;Catholieornm,
3166 796 3272 865 duo
3296 797 3584 853 Stratones
3613 807 3732 853 tunc

2143 885 2263 926 esse
2313 871 2585 940 potuisse,
2637 883 2740 923 nec
2786 867 3154 940 abhorrereha
3197 870 3631 940 consuetudine,
3683 880 3732 924 ut

2143 941 2252 996 duo
2283 936 2388 995 uno
2429 939 2647 994 nomine
2691 948 3033 994 censeantur.
3075 936 3368 993 Miltiadem
3411 955 3545 995 vero
3585 955 3730 996 reum

2144 1027 2263 1066 esse
2311 1027 2415 1066 non
2465 1025 2660 1080 posse,
2711 1009 2814 1064 nisi
2859 1007 3198 1063 traditionem
3249 1007 3525 1065 Stratonis
3568 1012 3729 1067 Scissa

2144 1082 2422 1137 doceatur.

2214 1152 2340 1208 515.
2381 1152 2722 1207 lnterlocutio
2775 1149 2914 1206 inter
2959 1149 3241 1218 episcopos
3290 1149 3423 1205 nihil
3469 1152 3728 1220 suspicio-

2145 1224 2302 1279 nibus
2336 1223 2700 1288 actitandum,
2746 1230 2801 1277 et
2843 1221 3043 1277 debere
3087 1221 3426 1277 Constantini
3472 1221 3728 1292 judicium

2145 1297 2379 1350 recitari.

2216 1367 2341 1422 516.
2384 1365 2646 1421 Recitatio
2689 1363 2873 1434 judicii
2918 1362 3293 1431 Constantini,
3338 1377 3446 1434 quo
3491 1365 3631 1434 apud
3677 1381 3729 1420 se

2184 1453 2356 1502 noque
2381 1437 2728 1491 Caecilianum
2761 1434 2928 1490 fuisse
2957 1444 3238 1504 purgatum
3268 1445 3390 1503 post
3415 1435 3724 1491 Arelatense

2144 1507 2475 1572 Concilium,
2510 1507 2775 1575 signiﬁcat
2807 1507 3120 1576 Imperator.

2217 1577 2340 1633 517.
2383 1578 2730 1634 lnterlocutio
2757 1593 2874 1643 qua:
2903 1577 3152 1631 admonet
3186 1577 3491 1632 Donatistas
3517 1619 3530 1640 ,
3561 1584 3724 1631 utrum

2145 1659 2331 1702 centra
2365 1649 2480 1703 haec
2511 1648 2741 1704 habeant
2767 1649 2966 1716 aliquid
2999 1649 3356 1702 recitandum.

2217 1718 2340 1773 518.
2367 1718 2468 1774 Ubi
2501 1720 2684 1773 dicunt
2717 1721 2908 1773 iterum
2941 1719 3235 1774 Donatista:
3257 1718 3558 1775 Miltiadem
3585 1720 3723 1775 Stra-

536 1761 1724 1859 iii”§."i&ii{ria'cini§_n{_'iam'})r3iiii§'g3§iis
1767 1788 1898 1842 nihil
1929 1787 2042 1842 dic-
2075 1761 2122 1820 Β
2152 1761 2896 1858 ioEiE'EoZFéiEi'S$3163.33:

467 1872 575 1917 tum
609 1861 676 1915 de
707 1859 922 1913 nomine
951 1857 1220 1911 Miltiadis.

534 1933 662 1988 495.
707 1930 805 1988 Ubi
851 1929 1033 1982 dicunt
1079 1929 1370 1982 Donatista:
1411 1930 1583 1986 adhuc
1627 1946 1685 1985 se
1733 1946 1836 1984 non
1865 1929 2048 1984 ﬁnisse

465 2013 634 2060 totum
665 2000 806 2073 quod
836 2000 1192 2073 promiserant
1220 1999 1471 2056 recitare.

534 2074 660 2130 494.
685 2071 1096 2128 Ότιῑιιοιίοοτιιηι
1141 2075 1443 2138 prosecutio
1482 2088 1582 2142 qua
1627 2072 1849 2142 prolixis
1885 2071 2049 2142 gestis

463 2161 524 2200 se
568 2143 878 2214 patientiam
932 2142 1225 2214 przrbnisse
1269 2150 1551 2206 testantur,
1584 2153 1639 2197 et
1676 2143 1809 2196 nihil
1847 2158 1913 2196 ex
1956 2142 2051 2214 iis-

465 2211 588 2270 dem
619 2218 899 2282 adversum
933 2211 1222 2282 Miltiadem
1251 2225 1370 2264 esse
1399 2214 1663 2282 prolatum
1699 2215 1836 2266 unde
1867 2227 1926 2266 se
1951 2212 2044 2282 dre-7

467 2287 594 2340 bere
643 2285 708 2339 de
755 2281 1094 2336 absolutione
1141 2280 1447 2348 Czeciliani,
1499 2283 1660 2337 etiam
1710 2281 2050 2335 Constantini

465 2355 729 2426 Principis
763 2354 940 2423 legere
965 2352 1280 2426 judicatum.

536 2423 663 2483 495.
705 2423 1016 2480 Prosecutio
1047 2423 1445 2477 Donatistarum
1468 2463 1483 2487 ,
1514 2439 1614 2494 qua
1651 2432 1914 2478 testantur
1945 2431 2053 2475 tra-

465 2499 722 2555 ditionem
763 2512 820 2552 se
855 2495 1020 2564 gestis
1063 2494 1327 2564 prioribus
1366 2497 1654 2562 recitasse,
1699 2503 1753 2548 et
1791 2495 1966 2548 adhuc
1993 2507 2052 2546 se

465 2570 664 2626 habere
687 2569 826 2640 quod
857 2567 1050 2640 legant.

536 2641 658 2698 496.
704 2636 1083 2699 interlocutio,
1131 2638 1235 2692 alia
1279 2636 1420 2709 circa
1468 2637 1716 2692 Miltiadis
1764 2651 2048 2709 personam

470 2713 682 2767 recitari
713 2721 859 2782 gesta
894 2709 1254 2782 permittens.
1276 2719 1331 2763 et
1370 2708 1662 2763 Catholicis
1701 2708 1960 2772 servans,
1995 2716 2052 2760 ut

468 2784 698 2838 recitent
719 2779 909 2848 postea
936 2780 978 2832 si
1005 2781 1131 2848 quid
1159 2779 1341 2832 velint.

538 2853 666 2908 497.
712 2847 806 2906 Hic
852 2847 1106 2905 Catholici
1160 2851 1344 2902 volunt
1393 2864 1514 2904 esse
1564 2857 1850 2914 testatum,
1908 2847 2049 2917 quod
2107 2887 2111 2892 .

471 2938 573 2978 non
620 2921 986 2989 expresserim
1037 2920 1370 2985 Donatistae,
1429 2921 1516 2975 tibi
1571 2920 1846 2990 superiora
1900 2929 2050 2988 gesta

467 2994 708 3049 confecta
759 2993 885 3046 sint.

539 3065 664 3121 498.
707 3062 1046 3118 lnterlocutio
1099 3061 1421 3116 conﬁrmans
1473 3060 1616 3131 quod
1669 3076 1696 3113 a
1754 3057 2047 3112 Catholicis

469 3136 670 3192 dictum
702 3143 802 3189 est.

539 3208 665 3263 499.
710 3206 840 3260 Item
881 3221 909 3258 a
954 3205 1245 3258 Donatistis
1274 3212 1422 3271 gesta
1453 3203 1554 3256 alia
1585 3203 1898 3265 recitantur,
1934 3200 2049 3268 qui-

467 3281 569 3334 bus
600 3288 720 3348 post
747 3276 1010 3348 redditam
1039 3274 1230 3348 agendi
1261 3275 1525 3327 licentiam
1566 3272 1932 3348 Cliristiariis,_
1963 3285 2050 3324 res

468 3343 724 3405 Ecclesiae
751 3364 869 3419 qua:
902 3343 1105 3400 tradita:
1137 3343 1346 3419 {uernat
1368 3385 1380 3406 ,
1413 3352 1794 3419 recuperantur
1816 3359 1861 3419 ⁸τι
1901 3343 2049 3419 Stra-

471 3429 596 3475 tone
648 3431 702 3477 et
730 3409 940 3475 caateris
970 3433 1103 3487 quos
1133 3415 1199 3468 ad
1231 3409 1282 3468 id
1313 3416 1581 3483 negotium
1630 3413 1892 3467 Miltiades
1933 3412 2049 3480 epi-

473 3505 668 3556 scopus
700 3490 1012 3546 destinarat.

543 3554 667 3618 5‘00.
709 3561 1052 3617 lnterlocutio
1074 3600 1086 3622 ,
1118 3557 1259 3622 quod
1287 3556 1448 3611 etiam
1477 3554 1708 3610 secunda
1739 3563 1888 3625 gesta
1920 3554 2049 3608 nihil

472 3631 540 3686 de
571 3642 718 3688 reatu
748 3632 1058 3686 contineant
1089 3629 1359 3685 Miltiadis.

449 3740 453 3743 -
545 3703 668 3758 501.
709 3702 809 3758 Ubi
835 3712 1083 3758 asserunt
1106 3701 1393 3755 Donatista:
1420 3713 1542 3753 eum
1567 3697 1870 3752 Stratonem
1900 3697 2050 3764 quasi

473 3773 756 3826 diaconum
787 3789 815 3825 a
847 3773 1078 3827 Miltiade
1106 3773 1368 3825 directum
1400 3770 1464 3822 ad
1497 3785 1581 3823 res
1615 3768 1867 3824 Ecclesiae
1899 3782 2053 3836 repe-

475 3842 666 3897 tendas
687 3884 700 3904 ,
732 3843 820 3904 qui
854 3843 1120 3897 invenitur
1151 3851 1273 3897 ante
1303 3841 1602 3895 tradidisse.

734 3912 858 3968 502.
902 3913 1241 3967 lnterlocutio
1274 3914 1548 3982 postulans
1580 3912 1631 3966 id
1661 3910 1865 3964 doceri.

547 3981 731 4040 5031]
743 3984 790 4036 bi
814 3983 1064 4036 recitatur
1075 3999 1140 4037 ex
1163 3986 1348 4051 primis
1363 3984 1527 4052 gestis
1544 3981 1809 4036 Stratonis
1832 3994 2047 4052 nomen.

549 4055 673 4110 504.
743 4053 1082 4108 lnterlocutio
1137 4050 1408 4121 postulans
1463 4053 1740 4106 evidenter
1795 4050 2005 4104 ostendi
2037 4091 2050 4108 .

477 4135 655 4180 utrum
685 4125 901 4180 Straton
935 4123 988 4176 in
1019 4124 1205 4191 primis
1247 4125 1410 4192 gestis
1448 4123 1703 4178 diaconus
1749 4121 1909 4175 fuerit
1954 4135 2050 4174 no-

475 4195 728 4252 minatus.

546 4268 672 4322 505.
717 4267 815 4322 Ubi
860 4265 1146 4318 Donatista:
1183 4278 1248 4334 ex
1293 4263 1394 4318 hoc
1433 4265 1562 4318 illud
1595 4263 1932 4334 interpretari
1963 4275 2054 4334 vo—

477 4340 591 4394 lunt
629 4338 700 4392 ibi
739 4340 1020 4390 diaconum
1063 4333 1414 4401 signiﬁcatum
1462 4335 1600 4403 quod
1652 4335 1835 4388 iisdem
1887 4333 2052 4403 gestis

477 4410 719 4465 hortator
749 4405 1171 4474 snsperstitionis
1204 4403 1362 4457 fuerit
1401 4407 1726 4458 nominatus.

545 4481 670 4565 506.
713 4475 1102 4565 UbinCatliolici
1133 4489 1196 4526 ex
1239 4475 1656 4565 DpnatiStarrum‘
1676 4474 2050 4565 pcrosecutione
2077 4505 2126 4565 D

473 4552 762 4620 colligunt,
807 4547 920 4620 ﬁeri
960 4545 1196 4616 potuisse
1237 4554 1293 4597 ut
1330 4545 1464 4598 alter
1504 4545 1662 4597 fuerit
1700 4546 1910 4599 Straton
1952 4560 2044 4597 su-

473 4619 802 4695 perstitionis
832 4619 1092 4695 hortator.
1257 4691 1266 4695 _
1365 4685 1376 4695 .

545 4692 667 4746 507.
713 4690 1108 4744 Donatistarum
1149 4691 1332 4739 contra
1365 4687 1465 4736 ista
1494 4687 1784 4740 Contentio.

544 4763 668 4816 508.
710 4758 1052 4815 lnterlocutio
1081 4771 1184 4824 qua
1211 4754 1403 4806 dicitur
1433 4765 1652 4821 utraque
1679 4765 1822 4822 gesta
1853 4756 2041 4810 iisdem

473 4833 802 4901 temporibus
835 4831 992 4892 facta,
1020 4837 1075 4901 et
1093 4826 1342 4901 debuisse
1375 4825 1675 4901 Stratonem
1701 4826 1887 4880 eodem
1919 4827 2043 4880 hor-

475 4896 658 4957 tatoris
697 4903 911 4956 nomine
941 4898 1225 4969 utrobique
1254 4896 1472 4963 signari.
1529 4965 1537 4969 _
1578 4965 1588 4969 _
1973 4967 1978 4969 _

545 4973 666 5026 509.
711 4973 838 5025 item
872 4968 1213 5024 interlocutio
1243 4982 1361 5034 qme
1392 4965 1615 5032 requirit
1654 4974 1894 5030 apertum
1936 4967 2042 5019 eri-

475 5059 596 5098 men
630 5052 680 5096 et
710 5043 1041 5098 manifestam
1073 5037 1470 5093 damnationem
1501 5036 1750 5090 Miltiadis
1776 5050 1895 5090 esse
1926 5052 2044 5104 pro-

474 5113 745 5168 mendam.

544 5186 646 5239 510
714 5183 1022 5238 Prosccutio
1060 5179 1450 5236 Donatistarum
1481 5218 1493 5241 ,
1543 5177 1787 5231 eumdem
1840 5179 2044 5233 Strato-

473 5270 596 5309 nem
643 5269 764 5309 esse
811 5255 902 5319 qui
951 5254 1122 5322 primo
1163 5249 1412 5322 tradidit,
1459 5259 1642 5322 postea
1688 5263 1773 5322 res
1809 5250 2051 5322 suscepit

472 5325 757 5388 Ecclesiae;
811 5317 907 5377 nec
951 5317 1150 5376 'obesse
1203 5321 1446 5379 veritati,
1498 5317 1636 5387 quod
1687 5318 1756 5370 ibi
1807 5320 2046 5372 hortator

473 5395 869 5463 Superstitionis
922 5404 1005 5447 est
1055 5389 1718 5463 dictus,qniagentiles
1773 5388 2042 5463 diabolum

472 5459 652 5521 dicere
683 5466 965 5520 noluerunt
989 5481 1000 5516 :
1034 5472 1160 5516 tunc
1188 5462 1255 5515 de
1283 5459 1514 5515 Miltiade
1543 5466 1791 5526 oportere
1816 5459 2043 5527 judicari

473 5534 736 5590 Stratonis
776 5535 1047 5590 consortio
1085 5535 1371 5586 maculato.

544 5607 666 5660 511.
710 5605 1092 5668 lnterlocutio,
1148 5604 1359 5670 probari
1413 5609 1661 5670 oportere
1713 5598 1853 5666 quod
1906 5600 2046 5653 idem

475 5675 691 5729 Straton
737 5679 892 5730 etiam
928 5687 1051 5729 tunc
1080 5692 1108 5729 a
1141 5674 1369 5728 Miltiade
1411 5674 1648 5728 directus
1688 5671 1810 5740 sit,~
1835 5670 2047 5738 quando

476 5744 665 5801 dicitur
697 5748 998 5802 tradidisse.

2222 1860 2345 1914 519.
2389 1861 2734 1930 lnterlomitio
2765 1861 2954 1914 similis
2996 1861 3344 1930 praecedenti.

2219 1931 2344 1984 520.
2388 1929 2486 1986 Ubi
2514 1932 2696 1985 dlCllttl
2729 1929 3052 1994 Donatistze,
3090 1932 3282 1987 falsum
3314 1947 3439 1988 esse
3476 1933 3722 2002 judicium

2148 2001 2483 2057 Constantini
2511 2002 2730 2056 auribus
2773 2002 3092 2057 intimatum.

2221 2072 2344 2144 521.
2387 2073 2731 2127 lnterlocutio
2758 2114 2772 2140 ,
2812 2073 2953 2143 quod
3002 2074 3140 2129 inter
3189 2085 3370 2144 partes
3417 2076 3721 2131 sententiain

2152 2143 2334 2198 tulerit
2360 2144 2670 2210 Imperator.

2222 2213 2346 2266 522.
2389 2213 2487 2268 Ubi
2521 2215 2622 2266 hoc
2652 2215 2753 2283 legi
2783 2214 3089 2268 desiderant
3124 2216 3438 2271 Donatista.

2224 2283 2349 2356 525.
2395 2283 2776 2356 lnterlocutio.
2821 2285 2921 2356 hoc
2960 2285 3133 2350 ipsum
3181 2287 3529 2356 signiﬁcans,
3577 2297 3629 2344 et
3667 2304 3719 2343 ex

2153 2355 2431 2424 rescripto
2452 2353 2719 2422 Principis
2746 2355 2992 2424 superius
3023 2353 3267 2410 recitato.

2223 2423 2349 2477 521.
2395 2423 2491 2479 Ubi
2538 2425 2824 2478 Donatista:
2868 2427 3058 2478 volunt
3096 2439 3217 2480 esse
3258 2435 3510 2481 testatum
3544 2430 3593 2482 in
3646 2444 3719 2484 re-

2156 2493 2357 2562 scripto
2400 2493 2662 2563 Principis
2699 2510 2796 2550 nec
2835 2495 2973 2548 diem
3003 2509 3123 2549 esse
3152 2511 3254 2550 nec
3283 2499 3583 2551 con~nleni.

2224 2567 2349 2620 525.
2393 2565 2492 2620 Ubi
2535 2567 2859 2636 respondent
2885 2564 3180 2636 Catholici,
3214 2578 3267 2621 et
3302 2568 3495 2621 lectum
3525 2584 3637 2624 esse
3663 2586 3716 2624 ex

2154 2637 2414 2704 rescripto
2443 2636 2583 2691 diem
2605 2634 2707 2701 ,‘et
2739 2639 2926 2691 iterum
2957 2634 3192 2690 oil'erunt
3221 2646 3277 2691 ut
3310 2638 3536 2706 legatur.

2223 2707 2348 2762 520.
2391 2707 2703 2761 Prosecutio
2731 2706 3124 2761 Donatistarum
3145 2747 3160 2774 ,
3192 2707 3336 2762 lecto
3364 2709 3454 2762 die
3485 2724 3586 2763 non
3613 2724 3719 2764 esse

2155 2778 2433 2832 consulem
2477 2777 2693 2832 lectum.

2224 2847 2349 2901 527.
2379 2847 2789 2904 .Catholicorum
2829 2848 2894 2903 ad
2939 2850 3034 2903 ista
3078 2849 3395 2918 responsio,
3428 2859 3481 2904 et
3511 2860 3565 2903 ut
3591 2852 3632 2903 si
3661 2851 3717 2904 de

2153 2920 2416 2998 rescripto
2457 2919 2752 2987 dubitatur,
2793 2920 3131 2975 archivorum
3178 2921 3496 2989 inspiciatur
3543 2934 3714 2975 aucto-

2153 3001 2304 3043 TllaS.

2225 3061 2348 3134 5987.
2391 3061 2774 3134 lnterlocutio,
2816 3063 3094 3134 imperiale
3127 3064 3454 3134 rescriptum
3480 3065 3560 3116 cui
3591 3063 3716 3118 desit

2077 3131 2120 3193 C
2153 3133 2341 3186 consul
2383 3143 2436 3185 et
2475 3133 2628 3198 dies,
2662 3135 2714 3188 in
2743 3133 2962 3189 dubium
2991 3136 3234 3189 revocari
3269 3131 3376 3189 non
3408 3148 3581 3201 posse.

2225 3203 2348 3258 529.
2391 3203 2491 3258 Ubi
2536 3205 2824 3258 Donatistae
2873 3214 3170 3275 queruntur
3209 3205 3513 3274 episcopale
3549 3203 3716 3258 decre-

2155 3283 2263 3326 tum
2303 3276 2548 3342 superius
2575 3289 2602 3325 a
2630 3275 2920 3329 Catholicis
2957 3292 3078 3330 cum
3132 3277 3359 3331 consule
3399 3290 3520 3330 esse
3558 3275 3718 3343 prola-

2153 3352 2264 3424 tum
2291 3385 2304 3407 ,
2350 3355 2404 3425 et
2445 3359 2583 3397 nunc
2622 3343 2966 3413 Imperatoris
3008 3348 3293 3416 epistolam
3351 3347 3468 3401 sine
3513 3347 3715 3400 consule

2152 3424 2384 3467 reeitari.

2225 3485 2346 3538 550.
2392 3484 2494 3539 Ubi
2534 3484 2796 3538 Catholici
2841 3496 3136 3554 provocant
3177 3488 3512 3555 Donatistas,
3557 3498 3609 3542 ut
3642 3487 3716 3540 di-

2153 3565 2277 3608 cant
2309 3555 2494 3608 falsam
2524 3570 2644 3611 esse
2672 3556 3020 3624 Imperatoris
3049 3559 3355 3626 episwlam.

2225 3626 2348 3679 551.
2396 3626 2493 3681 Ubi
2525 3628 2794 3695 postulant
2821 3628 3108 3683 Donatistae
3130 3670 3145 3693 ,
3179 3640 3233 3682 ut
3260 3628 3402 3693 quod
3431 3628 3530 3683 sibi
3554 3643 3712 3681 serra-

2155 3704 2263 3749 tum
2297 3695 2501 3761 t'uerat,
2534 3697 2600 3752 de
2629 3700 2823 3766 Optato
2855 3698 3129 3766 proferant
3171 3699 3480 3754 lectionem.

2225 3767 2350 3822 552.
2407 3768 2794 3838 lnterlocutio,
2852 3769 3049 3825 debere
3104 3769 3434 3839 reSpondere
3487 3767 3713 3838 primitus

2155 3837 2462 3912 Donatistas
2487 3881 2500 3904 ,
2540 3848 2718 3912 utrum
2762 3839 2887 3912 falsa
2919 3843 2987 3894 sit
3012 3837 3358 3910 lmperatm-is
3389 3837 3639 3912 epiStoIa,
3667 3851 3712 3893 et

2155 3909 2471 3982 ita__denit_im
2502 3910 2713 3964 recitari
2741 3911 2808 3965 de
2837 3913 3028 3979 Optato
3056 3909 3196 3982 quod
3226 3913 3414 3966 velint.

2223 3980 2347 4034 555.
2389 3980 2486 4035 Ubi
2528 3991 2773 4035 asserunt
2803 3980 3090 4036 Donatistae
3120 3981 3410 4037 Cmciliano
3441 3982 3568 4037 nihil
3601 3998 3702 4050 pro-

2154 4048 2310 4104 desse
2340 4051 2656 4122 rescriptum
2682 4093 2695 4116 ,
2727 4053 2844 4121 quia
2877 4053 3145 4106 invenitur
3177 4066 3360 4122 postea
3402 4048 3704 4108 condemna-

2157 4129 2238 4173 tus
2262 4137 2288 4192 7:7
2309 4132 2374 4192 et
2399 4121 2506 4192 hoc
2537 4123 2966 4192 voluntrecitata
2991 4121 3432 4192 Optati'lectione
3461 4135 3705 4178 constare.

2198 4191 2348 4263 ξ554.
2395 4191 2492 4246 Ubi
2519 4190 2797 4263 Catholici
2847 4190 3238 4256 contestantur.
3286 4193 3430 4263 quod
3479 4194 3572 4246 sibi
3618 4207 3706 4245 non

2154 4260 2719 4334 obsituerrorOptati:
2749 4264 2849 4334 legi
2878 4273 3053 4318 tamen
3086 4260 3360 4334 patiuntur
3385 4261 3644 4330 Optatum.

2229 4332 2352 4455 555.
2396 4331 2495 4386 Ubi
2537 4331 2965 4402 postea-consul
3020 4331 3290 4389 invenitur
3320 4333 3584 4401 lmperiali
3611 4333 3706 4400 cpi-

2229 4421 2236 4453 i
2261 4417 2325 4455 ξιξ.
3621 4448 3623 4450 .

2153 4410 2325 4456 stolae.
3621 4448 3623 4450 .

2225 4474 2346 4528 556.
2388 4472 2490 4529 Ubi
2521 4474 2587 4528 de
2617 4471 2813 4542 Optato
2843 4473 3002 4528 lectio
3033 4475 3309 4538 recitatur.

2224 4545 2348 4599 557.
2389 4545 2505 4598 Non
2534 4546 2742 4598 inventa
2773 4548 2821 4598 in
2846 4544 3040 4614 Opt-ito
3066 4545 3415 4599 damnatione
3443 4545 3704 4604 Cmciliani.

2149 4615 2241 4670 sed
2273 4617 2571 4670 retentione
2596 4615 2734 4684 apud
2769 4617 2995 4669 Brixiam
3031 4618 3417 4682 temperantins
3444 4617 3510 4671 ab
3534 4615 3702 4684 Optato

2150 4701 2272 4741 esse
2297 4686 2503 4739 dictum
2533 4697 2783 4740 asserunt
2815 4686 3122 4740 Donatistze.

2221 4755 2346 4812 558.
2390 4757 2730 4810 lnterlocutio
2753 4797 2767 4820 ,
2798 4756 2994 4811 debere
3028 4758 3334 4811 Donatistas
3361 4757 3449 4826 qui
3493 4756 3586 4810 hoc
3614 4755 3700 4822 Op-

2149 4832 2314 4879 tatum
2365 4829 2750 4893 temperantius
2801 4829 3041 4894 posuisse
3099 4829 3386 4892 dixerdnt,
3436 4828 3702 4882 evidentius

2149 4897 2445 4964 approbare
2493 4896 2832 4950 Cmcilianuni
2883 4899 2950 4952 ab
2997 4898 3322 4968 lmperatore
3371 4899 3533 4953 fuisse
3577 4900 3702 4952 dani-

2150 4977 2350 5018 natum.

2221 5038 2342 5090 559.
2388 5037 2698 5111 ProseCntio
2730 5040 3156 5108 Donatistarum,
3201 5057 3302 5111 qua
3344 5041 3524 5097 dicunt
3563 5039 3699 5093 alium

2151 5108 2296 5160 Casm
2330 5122 2431 5161 non
2465 5109 2628 5166 fuisse
2663 5112 2949 5166 Donatum.

2220 5176 2346 5251 540.
2385 5181 2778 5235 Catliolicorum
2801 5183 2867 5236 ad
2894 5185 2990 5236 iSIa
3014 5183 3292 5250 responsio
3313 5223 3328 5249 ,
3354 5180 3495 5251 quod
3517 5183 3569 5235 in
3589 5180 3700 5234 actis

2151 5246 2401 5302 Miltiadis
2436 5251 2667 5305 Donatus
2696 5253 2948 5305 Casensis
2987 5246 3262 5306 evidenter
3287 5246 3571 5316 expressus
3595 5251 3670 5306 sit.

2222 5319 2347 5372 541.
2389 5319 2486 5374 Ubi
2517 5322 2802 5375 Petilianns
2827 5322 3126 5390 Episcopus
3151 5321 3317 5390 partis
3343 5322 3527 5375 Donati
3558 5323 3699 5390 impe-

2153 5389 2394 5443 dimento
2424 5393 2721 5445 raucedinis
2747 5389 2905 5459 agere
2932 5407 2991 5445 se
3018 5407 3121 5444 non
3153 5389 3309 5459 posse
3340 5400 3581 5445 testatur.

2225 5459 2351 5514 542.
2397 5460 2493 5514 Ubi
2531 5461 2790 5515 Catholici
2832 5469 3117 5527 testantur,
3163 5461 3286 5515 ideo
3323 5474 3382 5514 se
3408 5460 3694 5516 Petilianum

2155 5531 2484 5601 excusationi
2533 5529 2852 5585 subtrahere
2899 5531 3172 5598 voluisse,
3224 5531 3363 5601 quod
3402 5531 3455 5586 ei
3496 5532 3697 5587 Donatus

2152 5598 2406 5672 Casensis
2430 5617 2492 5654 ex
2522 5601 2689 5672 gestis
2716 5602 2991 5656 evidenter
3019 5598 3270 5657 ostensus
3303 5610 3404 5657 est.

2222 5670 2344 5743 515.
2383 5667 2730 5725 lnteriocntio
2752 5713 2765 5735 ,
2797 5689 2915 5726 cuni
2960 5677 3168 5743 septeni
3200 5673 3449 5742 adstcnt,
3478 5673 3544 5730 de
3566 5671 3693 5730 anili

2153 5739 2362 5795 defectu
2391 5743 2660 5810 querelam
2689 5757 2808 5799 esse
2837 5759 3014 5816 posse.
