3838 6222
179 280 322 335 1237

172 459 388 515 tantino
419 459 660 515 libellum
691 473 938 516 asserunt
973 461 1220 530 proprios
1251 460 1465 514 dedisse
1495 459 1730 530 majores
1754 501 1768 524 ,

174 541 235 584 et
262 548 328 584 eo
365 532 666 601 principem
693 541 894 587 motuin
923 530 1114 601 agendi
1139 532 1218 585 eis
1237 531 1451 601 dedisse
1475 529 1768 601 licentiam,

174 611 238 655 et
266 603 336 657 ibi
368 600 561 658 Felicis
587 601 934 674 Aptungitani
968 600 1204 671 episcopi
1233 603 1324 671 qui
1350 600 1624 656 Czeciliani
1654 600 1765 655 fue-

173 683 268 727 rat
297 674 594 739 ordinator,
624 688 783 730 causa
812 684 1079 728 narratur.

255 744 381 800 545.
420 742 771 799 lnterlocutio
797 747 1018 814 exigens
1047 753 1104 798 ut
1133 742 1274 813 quod
1303 742 1561 812 competit
1589 742 1771 798 Dona-

179 814 354 878 tistis,
383 814 831 870 documentorum
864 815 1170 885 prolatione
1198 822 1551 869 monstretur.

254 885 381 940 546.
424 885 617 942 Libelli
659 883 903 940 recitatio
944 901 1101 955 quem
1141 883 1496 942 Constantino
1538 885 1772 955 impera-

175 959 284 1010 tori
316 955 586 1012 dederunt
613 957 706 1012 illo
739 964 980 1026 tempore
1011 957 1321 1011 Donatistze.

254 1027 384 1081 547.
424 1027 740 1082 Prosecutio
767 1027 1170 1083 Catholicorum
1195 1070 1208 1093 ,
1241 1043 1344 1097 qua
1388 1035 1640 1082 asserunt
1678 1041 1776 1097 pro

175 1113 241 1153 se
283 1100 460 1152 facere
499 1098 742 1153 libellum
771 1114 929 1168 quem
961 1099 1324 1155 recitaverum
1355 1099 1667 1152 Donatistze.

257 1169 382 1223 548.
425 1169 776 1223 lnterlocutio
803 1168 1202 1225 Catholicorutn
1231 1169 1373 1224 dicta
1405 1171 1736 1223 conlirmans
1759 1209 1772 1234 ,

176 1247 236 1294 et
263 1241 588 1310 rescriptum
619 1241 956 1295 Constantini
992 1244 1307 1310 prazcipiens
1341 1241 1577 1294 recitari.

257 1308 397 1380 519.
431 1309 527 1380 Urbi
570 1314 827 1366 recitatur
866 1308 1090 1380 epistola
1131 1308 1466 1367 Constantini
1506 1310 1574 1365 ad
1625 1309 1772 1367 vica-

177 1379 614 1454 riutn‘Verinum
646 1379 944 1451 deStinata,
977 1397 1084 1454 qua
1113 1384 1415 1438 libertatem
1447 1381 1642 1451 agendi
1682 1382 1776 1436 tri-

178 1450 299 1504 buit
325 1450 634 1506 Donatistis.

257 1521 386 1577 550.
428 1521 742 1577 Prosecutio
782 1523 1181 1580 Catholicornm
1227 1539 1351 1592 qua:
1394 1523 1524 1579 dicit
1575 1537 1672 1592 pro
1719 1536 1778 1576 se

177 1593 355 1660 magis
401 1593 684 1660 epistolam
737 1593 914 1648 facere
958 1595 1333 1658 Constantini,
1380 1595 1504 1662 quia
1555 1608 1660 1647 non
1710 1592 1779 1646 de

177 1663 479 1718 Caeciliano
533 1662 733 1732 aliquid
781 1663 1078 1732 judicatum
1144 1673 1262 1730 est,
1309 1664 1406 1719 sed
1456 1663 1625 1719 furori
1677 1663 1779 1733 ipsi

180 1735 436 1802 permissi
465 1741 609 1788 sunt.

258 1805 384 1860 551.
431 1803 780 1860 lnterlocutio
815 1803 1214 1860 Catholicorum
1253 1803 1394 1858 dicta
1427 1804 1775 1858 conﬁrmans.

257 1875 388 1948 _552.
417 1875 532 1948 _Ubi
575 1874 864 1948 Donatista:
904 1884 1094 1948 petunt
1133 1874 1391 1948 tttgjudex
1422 1875 1488 1929 de
1522 1875 1780 1948 permissa

369 1946 470 2002 sibi
498 1962 527 2001 a
553 1946 919 2002 Constantino
937 1947 1146 2001 arbitrii
1177 1946 1425 2001 libertate
1449 1946 1777 2014 pronuntiet.

292 2016 381 2090 55.
434 2017 784 2090 lnterlocutio
815 2020 1168 2090 pronuntians
1210 2016 1352 2090 quod
1402 2017 1628 2090 petitum
1659 2025 1774 2090 est,

176 2098 240 2144 ct
265 2089 526 2145 adserens
553 2085 852 2159 principem
887 2090 1184 2144 llouorium
1210 2085 1276 2143 de
1293 2087 1632 2143 absolutione
1657 2085 1778 2142 Ca:-

175 2160 364 2215 ciliani
388 2159 548 2216 hodie
576 2162 898 2230 praecepisse
927 2159 1177 2230 disquiri.

255 2231 382 2286 554.
429 2229 745 2287 Prosecutio
777 2229 1177 2286 Donatistarum
1211 2245 1312 2300 qua
1356 2229 1780 2298 interpretantur

176 2301 308 2358 ideo
335 2319 442 2358 non
473 2302 642 2356 videri
669 2302 1012 2358 Caecilianum
1065 2301 1230 2357 fuisse
1279 2310 1561 2370 purgatum
1589 2340 1605 2370 ,
1653 2301 1779 2370 quia

173 2383 478 2429 retractata
502 2388 663 2429 causa
692 2372 888 2428 Felicis
920 2372 1245 2429 ordinatoris
1273 2367 1514 2442 ejusdem
1540 2413 1555 2437 ,
1589 2367 1782 2441 Ingen-

175 2446 290 2500 tius
317 2446 536 2512 quidam
568 2444 632 2499 ad
666 2445 980 2499 comitatum
1013 2441 1314 2514 praeceptus
1359 2441 1733 2514 estﬁdestinari
1761 2482 1775 2506 ,

173 2526 234 2571 et
264 2515 398 2570 nihil
429 2524 608 2570 actum
639 2515 707 2570 ab
736 2514 980 2587 lngentio
1008 2513 1279 2586 reperitur
1301 2529 1410 2585 quo
1441 2513 1589 2569 Felix
1617 2514 1782 2568 abso-

171 2587 328 2642 lutus
355 2602 480 2643 esse
506 2594 780 2642 noscatur.

254 2658 384 2714 555.
438 2657 752 2713 Prosecutio
782 2657 1182 2714 Catholicorum
1229 2672 1330 2728 qua
1359 2655 1683 2728 promittunt
1720 2668 1782 2711 se

175 2727 385 2783 IEliani
447 2730 784 2796 proconsulis
835 2731 1057 2785 recitata
1115 2727 1378 2784 relatione
1431 2735 1780 2792 monstrare,

173 2799 310 2870 quid
345 2814 508 2870 super
535 2799 730 2854 Felicis
762 2802 1100 2856 absolutione
1133 2801 1294 2855 fuerit
1322 2801 1622 2855 actitatum.
1705 2868 1712 2870 Α
1767 2855 1770 2860 ,

255 2869 385 2926 556.
425 2868 524 2926 Ubi
552 2870 846 2926 Donatista:
867 2872 1204 2927 contendunt
1231 2870 1568 2925 Constantini
1607 2868 1784 2934 potius

173 2941 393 2998 litteras
422 2941 764 3010 recitandas,
813 2942 1010 3013 quibus
1056 2943 1239 3013 jussus
1286 2951 1370 2997 est
1415 2939 1688 3010 lngentius
1717 2939 1783 2994 ad

173 3013 456 3085 palatium
472 3013 754 3085 destinari.

255 3085 383 3167 557.
438 3083 793 3140 lnterlocutio
822 3099 945 3157 quae
977 3085 1078 3140 hoc
1123 3084 1304 3156 potius
1345 3080 1593 3154 pracipit
1636 3079 1782 3138 reci-

177 3167 307 3212 tarn

255 3228 388 3284 558.
433 3226 535 3284 Ubi
563 3228 647 3283 hae
675 3227 805 3298 ipsae
834 3228 1031 3284 littera:
1060 3227 1380 3283 recitantur.

254 3298 386 3355 559.
419 3295 737 3355 Prosecutio
767 3299 1187 3362 Catholieorum,
1221 3299 1312 3353 ubi
1339 3297 1530 3353 dicunt
1555 3295 1783 3352 relatio-

181 3385 316 3426 nem
345 3368 547 3426 ΕΗεηὶ
571 3371 906 3440 proconsulis
928 3369 1278 3436 recitandam,
1303 3383 1407 3439 qua
1426 3368 1575 3424 Felix
1599 3376 1789 3423 osten-

175 3442 333 3496 ditur
361 3443 660 3497 absolutus.

253 3511 390 3582 560,
424 3513 690 3569 Recitatio
720 3513 1000 3570 relationis
1030 3511 1295 3582 ejusdem.

256 3581 387 3638 5M.
437 3583 792 3640 lnterlocutio
819 3599 942 3650 quae
971 3579 1214 3654 deposcit
1239 3625 1252 3648 ,
1305 3587 1363 3637 'ut
1390 3581 1456 3637 ad
1486 3579 1784 3650 pleniorem

182 3655 352 3726 tidem
398 3655 560 3710 etiam
606 3666 758 3726 gesta
806 3655 920 3726 ipsa
945 3653 1140 3726 quibus
1170 3653 1320 3712 Felix
1351 3662 1609 3724 purgatus
1660 3663 1786 3718 est,

179 3725 508 3783 recitentur.
618 3725 628 3726 “
831 3725 837 3726 “
966 3725 977 3726 ί
1164 3765 1168 3769 _

255 3797 382 3853 562.
437 3796 542 3854 Ubi
572 3797 868 3853 Donatista:
897 3795 1231 3853 contendunt
1279 3794 1411 3850 illud
1439 3795 1617 3864 potius
1648 3793 1790 3848 reci-

182 3867 437 3936 tandum,
463 3870 506 3924 si
538 3879 631 3923 aut
659 3869 900 3924 directus
921 3879 1004 3925 est
1031 3910 1045 3934 ,
1083 3877 1176 3922 aut
1205 3867 1410 3939 aliquid
1437 3865 1580 3936 apud
1611 3865 1783 3934 impe-

179 3951 429 3996 ratorem
459 3940 571 4010 egit
595 3941 885 4010 Ingentius.

259 4011 389 4067 565.
444 4006 756 4067 Pfosecutio
803 4008 1204 4080 Catholicorum
1231 4049 1246 4074 ,
1280 4019 1408 4080 facta
1438 4007 1619 4080 potius
1648 4006 1790 4063 reci-

179 4085 588 4153 tari-oportere
619 4123 632 4148 ,
676 4091 734 4137 ut
782 4079 1237 4153 quemadmodum
1264 4079 1610 4153 Czecilianum
1651 4093 1783 4132 con-

179 4151 326 4209 stitit
355 4151 661 4209 absolutum
687 4194 702 4220 ,
749 4153 818 4208 ita
863 4161 919 4209 et
945 4151 1097 4208 Felix
1127 4161 1385 4222 purgatus
1428 4151 1596 4207 fuisse
1631 4164 1788 4205 mon-

179 4233 412 4280 stretur.
1268 4250 1282 4260 ε

255 4295 384 4352 564.
415 4294 764 4353 lnterlocutio
786 4303 937 4367 gesta
971 4292 1291 4366 praecipiens
1321 4293 1558 4350 recitari.

1142 276 1364 336 casm
1401 276 1850 334 COLLATIONIS
1881 255 2520 334 CARTHAGINENSIS.

252 389 379 445 5M.
422 388 734 445 Prosecutio
756 390 1185 452 Donatistarum,
1215 405 1315 458 qua
1347 387 1572 456 principi
1593 388 1763 444 Cons-
1795 393 1849 451 Α

3335 284 3354 337 -1
3365 282 3472 340 258

1945 389 2068 445 565.
2119 387 2404 462 Gestorum
2437 389 2684 444 recitatio
2727 404 2822 460 pro
2850 389 3034 447 Felice
3071 390 3162 462 qui
3194 390 3466 450 (Στρςὶιὶεηί

1872 460 2050 516 fuerat
2075 459 2370 515 ordinatur.

1900 528 2079 613 L566.
2104 530 2451 613 lnterlocutio
2477 531 2700 603 exigens
2727 544 2783 588 ut
2808 533 2950 604 quod
2979 533 3223 606 partibus
3250 548 3472 605 compe-

1876 604 1958 668 tit,
1985 604 2283 657 intitnetur.
2551 653 2554 657 .

1946 673 2071 747 567.
2125 671 2436 747 Prosecutio
2477 671 2883 742 Donatistarum
2929 684 3118 732 contra
3163 687 3310 746 gesta
3374 691 3473 747 pro

1875 742 2059 798 Felice
2084 744 2310 813 prolata.

1948 813 2075 869 568.
2126 814 2477 891 lnterlocutio
2503 856 2517 880 ,
2542 823 2731 891 gesta,
2772 832 2891 886 quae
2919 818 3192 873 roboravit
3239 820 3476 891 antiqui-

1877 887 2243 1008 tas.dnonnisi
2271 886 2501 940 aliorum
2534 887 2836 956 prolatione
2877 897 3152 958 gestorum
3195 906 3354 959 posse
3373 886 3477 946 're-

1877 970 1991 1008 scin
2035 971 2070 1008 ι.
2410 985 2423 996 -

1876 970 2070 1010 SClnﬂl.
2410 985 2423 996 -

1951 1025 2075 1102 569.
2101 1025 2411 1102 Prosecutio
2431 1025 2858 1102 Catholicornm,
2875 1030 2966 1102 sul
2967 1029 3124 1102 ﬁcere
3139 1046 3316 1086 causa:
3332 1034 3475 1102 quod

1880 1097 1947 1171 ab
1972 1098 2103 1171 ipsis
2128 1106 2210 1152 est
2241 1100 2531 1171 recitatum
2556 1139 2569 1161 ,
2596 1109 2655 1171 _ct
2696 1099 2738 1171 si
2780 1100 3052 1171 Caeciliani
3103 1097 3474 1171 purgationem

1879 1168 2107 1240 lngentii
2141 1182 2370 1237 persona
2397 1169 2675 1236 rescindit,
2706 1170 3013 1225 Donatistas
3037 1168 3141 1225 hoc
3171 1168 3347 1240 petitis
3374 1175 3473 1229 de—

1880 1239 2011 1294 bere
2039 1251 2360 1295 mousware.

1953 1311 2078 1366 570.
2108 1310 2456 1366 lnterlocutio
2485 1327 2604 1382 quae
2625 1311 2768 1366 istud
2798 1311 2964 1381 exigit
2987 1315 3225 1368 recitari.

1954 1383 2080 1436 571.
2112 1382 2508 1454 Donatistarum
2537 1382 2849 1453 prosecutio
2878 1399 2980 1454 qua
3004 1386 3210 1448 dicunt,
3243 1399 3483 1453 prresen-

1884 1461 1989 1506 tem
2037 1453 2281 1525 Felicem
2304 1453 2558 1509 debuisse
2601 1454 2818 1523 purgari
2845 1495 2860 1518 ,
2887 1453 2966 1525 r'ct
2997 1471 3102 1525 qua
3149 1457 3434 1525 requirunt
3463 1497 3477 1521 .

1883 1530 2063 1577 utrum
2086 1523 2286 1648 ἓιίίξῗῑά
2308 1525 2447 1596 apud
2472 1525 2856 1593 imperatorem
2884 1523 3158 1599 lugentius
3181 1523 3280 1597 pro
3301 1527 3484 1584 Felice

1883 1608 2081 1648 resoon
2123 1611 2198 1648 ert
2233 1635 2246 1648 .

1882 1604 2246 1657 reSponderit.

1957 1663 2083 1718 572.
2131 1664 2445 1740 Prosecutio
2472 1664 2876 1740 Catholieorum
2923 1681 3024 1735 qua
3071 1666 3299 1740 dicunt,
3345 1683 3484 1740 quo-

1810 1771 1860 1830 B
1886 1732 3056 1830 aermnae}:anteferateamne
3073 1732 3488 1830 ξἐιηνεοοὲςηί-

1881 1813 2058 1886 ,ιρι-ειη
2084 1846 2098 1871 ,
2131 1804 2418 1860 summotis
2450 1807 2990 1875 tergiversationibus
3014 1847 3030 1872 ,
3073 1806 3218 1865 ferre
3265 1804 3488 1865 senten-

1885 1885 2035 1929 tiant.
2201 1928 2204 1931 .

1956 1947 2084 2023 575.
2117 1945 2465 2023 lnterlocutio
2503 1948 2730 2023 exigens
2755 1957 2815 2004 ut
2841 1959 3032 2023 contra
3055 1959 3208 2023 gesta
3233 1992 3249 2020 ,
3289 1952 3488 2022 quibus

1883 2018 2163 2074 absolutus
2188 2027 2271 2073 est
2302 2016 2476 2085 Felix,
2509 2016 2714 2088 aliquid
2744 2022 3018 2076 recitetnr.

1955 2089 2096 2161 571.-
2117 2088 2431 2161 Prosecutio
2459 2088 2888 2161 Catholicorum,
2921 2093 3142 2161 majoris
3181 2107 3303 2150 esse
3331 2095 3484 2148 inno-

1882 2160 2074 2216 centiae
2099 2159 2652 2232 documentum_quod
2684 2162 2878 2216 absens
2906 2159 3162 2232 purgatus
3190 2176 3273 2218 est
3303 2163 3482 2220 Felix.

1956 2233 2084 2286 575.
2135 2231 2450 2302 Prosecutio
2483 2230 3070 2302 DonatiSIarum,'qua
3101 2249 3293 2289 omnes
3324 2237 3489 2292 totius

1885 2303 2084 2372 negotii
2115 2301 2811 2374 recapitulantttr_articulis
2838 2301 3180 2373 superiorum
3231 2319 3490 2374 prosccu-

1887 2370 2092 2428 tioitum
2123 2371 2322 2427 diversi
2356 2370 2595 2426 tractati.

1955 2444 2082 2516 576.
2109 2442 2456 2498 lnterlocutio
2485 2442 2730 2516 absoluta
2759 2454 2812 2499 et
2835 2455 3153 2516 consumpta
3179 2448 3351 2516 repeti
3383 2462 3489 2504 non

1884 2514 2084 2571 debere
2108 2555 2124 2578 ,
2165 2530 2270 2584 qua
2301 2528 2491 2569 rursus
2521 2513 2753 2582 exigitur
2781 2525 2840 2570 ut
2867 2525 3056 2572 contra
3070 2513 3286 2575 Felicis
3325 2518 3488 2575 abso-

1885 2587 2144 2642 lutionem
2172 2585 2373 2655 aliquid
2402 2584 2682 2655 recitetur.

1957 2657 2082 2713 577.
2137 2653 2450 2710 Prosecutio
2479 2653 2886 2728 Catholicerum
2911 2702 2926 2726 ,
2969 2661 3251 2728 postulans
3279 2669 3336 2715 ut
3359 2676 3492 2728 quo-

1885 2727 2031 2784 niam
2057 2727 2317 2802 discussis
2347 2727 2603 2781 omnibus
2625 2769 2640 2794 ,
2689 2727 3314 2801 superﬂua’repetuntur
3342 2774 3355 2797 ,
3379 2727 3494 2802 jam

1885 2800 2152 2854 sententia
2184 2797 2512 2867 proferatur.

1960 2869 2089 2925 578.
2133 2869 2479 2924 lnterlocutio
2507 2877 2697 2925 contra
2740 2870 2939 2928 Felicis
2967 2873 3367 2930 absolutionem
3401 2873 3498 2927 ali-

1888 2941 2027 3012 quid,
2044 2939 2401 3012 recitanddnt.
2487 3009 2511 3012 ξ
2683 2963 2689 2966 -

1961 3011 2091 3066 579.
2145 3010 2456 3085 Prosecutio
2487 3009 2892 3085 Donatistarum
2923 3014 3126 3071 debere
3151 3014 3389 3085 judicem
3431 3014 3500 3070 de

1893 3081 1981 3137 his
2012 3096 2131 3149 qua:
2165 3081 2372 3149 prolata
2402 3091 2528 3136 sunt
2551 3082 2819 3150 judicare.

1816 3150 1862 3213 C
1953 3153 2092 3228 580.
2129 3152 2444 3228 Prosecutio
2475 3151 2885 3212 Catholicorum
2913 3157 2932 3228 (
2957 3172 3060 3228 qua
3101 3153 3414 3228 postulant)
3443 3167 3502 3211 ut

1892 3226 2054 3281 etiam
2083 3233 2276 3278 cetera
2309 3225 2624 3281 recitentur.

1965 3294 2092 3351 581.
2147 3294 2497 3351 lnterlocutio
2525 3341 2539 3364 ,
2584 3297 2769 3352 omnia
2801 3296 3004 3356 debere
3039 3299 3256 3356 recitari
3285 3339 3300 3366 ,
3346 3306 3407 3354 ut
3435 3299 3501 3354 de

1893 3366 2146 3422 omnibus
2174 3365 2466 3432 iudicetur.
3287 3365 3291 3366 ⁷
3529 3431 3533 3434 ι
3563 3368 3565 3371 ’

1967 3438 2096 3512 58g.
2123 3437 2450 3512 _Prosecutio
2478 3439 2876 3512 Donatistarum
2919 3441 3117 3497 similis
3147 3441 3498 3512 praecedenti.

1968 3509 2096 3581 585.
2123 3505 2474 3581 lnterlocutio
2495 3511 2692 3566 similis
2718 3512 3072 3581 prwcedenli.

1969 3578 2094 3635 584.
2139 3579 2456 3652 Prosecutio
2483 3578 2910 3648 Donatisiarum,
2942 3599 3040 3652 pro
3065 3583 3292 3639 arbitrio
3335 3585 3503 3652 partis

1893 3650 2136 3706 adversa:
2169 3650 2418 3724 {alsatum
2451 3667 2577 3708 esse
2607 3661 2662 3706 et
2688 3650 3026 3708 destructum
3055 3653 3316 3724 quidquid
3336 3650 3368 3707 a
3403 3671 3498 3709 sua

1894 3733 2048 3792 parte
2077 3722 2344 3792 prolatum
2371 3731 2476 3792 est.

1967 3793 2093 3866 585.
2149 3791 2523 3866 lnterlocutio,
2571 3792 2619 3847 si
2647 3793 2775 3866 nihil
2808 3803 3057 3864 superest
3082 3795 3227 3864 quod
3258 3795 3499 3866 legatur,

1893 3863 2092 3936 debere
2124 3873 2306 3936 partes
2330 3863 2499 3936 exire,
2535 3872 2592 3918 ut
2622 3863 2784 3919 scribi
2816 3863 2986 3934 pessit
3014 3863 3174 3936 plena
3203 3863 3497 3921 sententia.

1966 3933 2091 3990 586.
2145 3932 2497 3989 lnterlocutio
2539 3932 2848 3992 convocans
2894 3932 3080 4007 partes
3125 3947 3180 3992 ut
3229 3940 3501 3992 sententia
3560 3949 3563 3953 '

1893 4007 2173 4062 recitetur.
2717 4047 2735 4063 ,

1963 4077 2092 4132 587.
2140 4075 2418 4132 Sententia
2450 4077 2677 4132 recitata
2707 4093 2826 4147 quae
2852 4086 3025 4133 totum
3056 4079 3340 4147 complexa
3387 4093 3500 4134 ne-

1888 4147 2273 4274 gotiumiquid
2295 4148 2569 4203 observari
2595 4157 2865 4219 oporteat,
2886 4165 2985 4219 pro
3001 4151 3267 4208 catholica
3297 4151 3505 4206 unitate

1930 4233 2112 4274 ecerm
2142 4257 2154 4270 .

1930 4228 2154 4275 ecerniL

2126 4288 2431 4362 Expliciunt
2455 4289 2699 4362 Capitula
2724 4293 2887 4348 tertia:
2915 4289 3260 4364 Cognitionis.

190 4447 3493 4480 Μ

1356 4554 1698 4628 2461111Νο
1753 4552 1952 4610 Deum
2000 4551 2126 4609 411.

641 4661 1260 4817 INCIPIUNT
1336 4702 1713 4789 GESTA
1789 4701 2191 4790 PRIM/E
2271 4697 3081 4785 COGNITIONIS.

205 4988 212 4996 ’
262 5010 314 5064 1.
348 5007 477 5063 Post
517 5001 838 5058 consulatum
883 4998 1104 5054 Varanis
1153 4996 1220 5052 V.
1253 4996 1312 5052 C.
1363 4996 1468 5050 kat.
1502 4994 1632 5050 Jun.
1668 4995 1794 5050 Car-
1817 4997 1872 5058 D
1901 4992 2006 5068 (2),
2039 4992 2372 5065 prwsentibus
2393 4991 2726 5058 Sebastiano,
2759 4990 3084 5046 Maximiano
3116 5004 3164 5046 et
3191 4993 3347 5053 Petro
3387 5001 3512 5056 υξνίε

187 5103 396 5174 tltagine
440 5100 495 5152 in
541 5095 832 5153 Secretario
861 5092 942 5166 (1)
987 5090 1334 5146 Thermarum
1373 5087 1792 5159 Gargilianarum

262 5259 343 5345 (1)
373 5258 441 5314 In
473 5252 868 5345 secretario.le
898 5251 1083 5345 esurio
1115 5249 1383 5333 auditorio
1409 5291 1434 5332 ,ι
1455 5248 1508 5304 in
1535 5248 1791 5345 praetorio

190 5320 390 5402 ubijus
423 5329 639 5399 publice
667 5327 964 5380 dicebatur.
1008 5320 1310 5448 Cépriauus
1355 5321 1792 5402 episc0pusCar-

191 5400 532 5448 thnainansis
581 5397 880 5448 productus
922 5405 1005 5448 est
1090 5395 1357 5448 artltaaine
1407 5395 1461 5446 in
1504 5391 1792 5446 Secretat'ro

191 5391 532 5474 thaginensis
581 5397 880 5468 productus
922 5405 1005 5474 est
1047 5391 1357 5474 Cartitaqine
1391 5391 1461 5474 Vin
1504 5391 1793 5474 secretario

191 5459 378 5534 €8er
413 5459 648 5527 Paterno
675 5467 998 5540 proconsule
1020 5508 1035 5531 ,
1088 5474 1146 5519 ut
1175 5459 1374 5540 legitur
1410 5465 1476 5540 in_
1491 5463 1606 5530 ejus
1639 5459 1794 5540 actis.

196 5532 565 5606 Secretarium
599 5532 1053 5610 prziztoiriiilegitur
1081 5532 1613 5610 apud'AuguStinunt
1647 5532 1683 5584 l.
1718 5545 1799 5610 In,

196 5579 805 5676 Egﬁiffc'rﬁe."
837 5579 1282 5682 Bigecretarium
1308 5579 1806 5682 p?oco~nsulisapud

199 5672 468 5744 Evodium
499 5681 819 5737 Uzalensem
852 5679 890 5733 l.
941 5693 977 5731 ιι
1024 5677 1092 5731 de
1144 5672 1415 5731 Miraculis
1453 5674 1512 5728 S.
1548 5672 1810 5742 Stephani

199 5775 248 5817 c.
277 5757 335 5813 5.
381 5756 560 5812 Locus
593 5759 770 5805 autem
801 5750 891 5803 ille
913 5757 1029 5802 erat
1055 5748 1190 5804 situs
1220 5749 1275 5804 in
1306 5746 1480 5803 media
1512 5744 1647 5801 urbe
1683 5744 1817 5802 Car-

739 5843 1012 5903 ΡΑτιιοι..
1048 5841 1162 5902 XI.

1901 5087 2242 5143 devotissimis
2264 5085 2633 5156 protectoribus
2660 5085 2974 5151 domesticis,
2998 5087 3323 5147 adstantibus
3348 5091 3394 5148 U
3399 5111 3509 5162 rso,

1901 5244 2240 5330 tltaginensi,_
2258 5253 2317 5330 ut
2340 5243 2498 5299 docet
2519 5244 2750 5330 August;
2779 5243 2834 5328 in
2859 5245 2893 5300 ι.
2921 5245 2988 5302 ad
3008 5247 3316 5330 Donatistas
3342 5258 3516 5330 scrip‘

1901 5327 1958 5373 ιο
1989 5315 2110 5388 post
2139 5316 2483 5370 collationem
2513 5332 2562 5388 c.
2595 5315 2688 5381 25,
2725 5315 2889 5373 fuisse
2921 5322 3241 5388 spatiosum,
3277 5315 3517 5385 lucidu'm

1902 5399 1958 5445 et
1983 5387 2394 5452 refrigerantem
2425 5387 2682 5442 scribitur
2705 5387 2838 5445 ibid.
2867 5404 2915 5444 c.
2942 5391 3032 5446 55.
3062 5387 3344 5452 BALUZIUS.

1981 5459 2060 5528 (ἓ)
2115 5456 2454 5511 Thermarum
2484 5457 2928 5528 Gargilianarum.
2982 5463 3185 5520 Harum
3218 5478 3395 5525 exstat
3427 5472 3518 5527 dc-

1907 5528 2133 5605 scriptio
2155 5529 2273 5605 _in_l_.
2314 5545 2350 5583 tl
2380 5540 2492 5605 _vet_.
2520 5531 2704 5605 Epigr.
2738 5532 2956 5590 Pithmi.
2995 5533 3072 5589 Ex
3094 5539 3362 5605 prioribus
3392 5559 3520 5597 νει-ο

1912 5610 1967 5657 et
1995 5601 2198 5654 ultimis
2227 5600 2424 5656 litteris
2456 5600 2879 5671 Epigrammatis
2908 5605 2958 5658 in
2991 5600 3107 5671 quo'
3129 5608 3376 5663 Thermas
3418 5615 3520 5666 ill-.u

1915 5671 2319 5735 describuntur,
2349 5682 2496 5729 recte
2524 5673 2747 5742 collegit
2775 5671 3098 5729 Sirmondus
3123 5692 3214 5732 eas
3236 5694 3262 5730 a
3288 5678 3522 5735 Thrasa-

1919 5742 2122 5800 mundo
2154 5742 2521 5801 Vandalorum
2551 5759 2679 5815 rege
2712 5746 2883 5800 fuisse
2907 5756 3214 5803 renovatas.
3245 5764 3516 5807 BALUZIL‘S.

2929 5835 3010 5896 1ιο
