3838 6222
385 283 529 338 {959

1360 281 1590 341 GESTA
1633 282 2090 344 COLLATIONIS
2129 264 2754 358 CARTHAGINENSlS.
2777 272 2780 274 η

3561 315 3692 377 1260

386 397 634 453 Petronio
658 404 704 452 et
730 395 916 451 Libosa
939 395 1255 462 ducenariis,
1288 396 1563 467 Bortifacio
1593 407 1639 452 et
1670 397 1859 453 Euasio
1886 415 1983 470 ap-
2012 404 2068 464 Α
2091 407 2347 476 cognitio,
2376 412 2445 469 ab
2471 416 2722 474 omnibus
2749 420 2920 490 possit
2935 421 3166 491 adverti,
3193 423 3322 483 licet
3346 439 3469 484 eam
3490 438 3686 490 cuneus

386 491 697 563 paritoribus
713 491 993 545 illustrium
1007 499 1160 561 "atque
1184 491 1526 550 eminentiam,
1541 502 1870 563 potestatum,
1898 491 1993 547 Fi-

384 589 486 642 leto
511 585 804 658 apparitore
818 585 1038 639 illustris
1066 586 1315 640 comitiua:
1335 586 1468 640 sedis
1498 585 1599 661 (5),
1632 586 1865 641 Exitioso
1897 588 1994 641 ad-

376 684 557 753 jutore
585 677 933 744 cqrniculari,
970 675 1214 733 Possidio
1236 720 1249 743 ,
1285 678 1640 744 Quodvultdeo
1677 689 1724 734 et
1747 678 1991 735 Calonica

382 773 712 846 adjutoribus
736 774 1224 828 commentariorum
1259 772 1427 844 Oﬁicii
1456 790 1509 829 D.
1540 790 1594 832 Ν.
1629 791 1682 828 v.
1717 791 1768 832 c.
1812 785 1859 829 et
1879 793 1994 847 spe-

383 866 586 921 ctabilis
607 864 931 936 proconsulis
959 864 1185 938 Navigio
1207 867 1444 935 adiutore
1460 884 1791 923 numerorum
1828 869 1994 940 Ofﬁcii

383 974 513 1014 p.11.
545 974 680 1030 v._c.
715 967 762 1012 et
784 959 1076 1028 spectabilis
1117 951 1330 1027 vicarii,
1369 960 1600 1034 Nampio
1627 962 1795 1017 scriba
1829 964 1995 1035 Oﬁicii

381 1068 435 1106 ν.
468 1066 520 1107 c.
556 1051 711 1121 legati
743 1053 895 1106 almte
931 1050 1264 1123 Carthaginis
1287 1094 1302 1120 ,
1343 1051 1626 1124 Ruﬁniano
1655 1055 1829 1122 scriba,
1855 1072 1909 1121 γ.
1935 1071 1985 1110 c.

381 1147 639 1218 curatoris.
680 1146 832 1199 celsa:
871 1144 1225 1216 Carthaginis,
1258 1146 1625 1216 accipientibus
1652 1148 1808 1203 etiam
1838 1147 1991 1204 Hila-

376 1257 438 1295 ra
465 1249 511 1294 et
538 1238 857 1294 Pra’terctato
880 1237 1230 1310 exceptoribus
1257 1255 1310 1295 n.
1343 1255 1398 1294 Ν.
1431 1255 1481 1293 v.
1508 1255 1560 1295 c.
1612 1250 1658 1294 et
1696 1241 1991 1314 spectabilis

381 1333 729 1401 proconsulis,
760 1330 926 1385 Fabia
977 1341 1243 1399 exceptare
1271 1347 1322 1386 n.
1349 1346 1404 1386 N.
1439 1346 1493 1384 v.
1527 1346 1576 1386 c.
1608 1341 1657 1387 et
1696 1332 1989 1402 spectabilis

321 1425 326 1428 ’
377 1426 577 1493 vicarii,
609 1433 656 1479 et
679 1423 906 1479 Romulo
935 1432 1200 1495 exceptare
1229 1439 1284 1477 v.
1317 1439 1369 1479 c.
1396 1423 1549 1494 legati
1581 1425 1733 1479 almae
1759 1423 1984 1478 Cartha-

356 1520 533 1590 .ginis,
559 1518 930 1590 excipientibus
956 1533 1158 1588 quoque
1187 1515 1450 1570 Januario
1476 1525 1520 1570 et
1556 1515 1728 1570 Vitale
1771 1518 1986 1594 notariis

375 1613 624 1669 Ecclesia:
645 1612 915 1666 catholica:
942 1626 959 1678 ;
1014 1610 1215 1665 Victore
1245 1620 1292 1664 et
1330 1608 1602 1665 Cresconio
1630 1611 1846 1686 notariis
1885 1609 2018 1666 Ec-.

376 1707 548 1764 διεξίω
584 1704 980 1760 Donatistarum
1003 1745 1019 1768 ,
1067 1702 1231 1758 Ursus
1266 1702 1986 1758 ducenariusillustrium‘at—

2095 498 2395 560 innotuisse
2417 515 2499 561 sat
2527 508 2727 566 clarum
2747 512 2834 567 sit.
2870 513 3128 571 Martialis
3154 529 3402 590 exceptor
3440 524 3680 584 recitavit.

2166 593 2220 648 4.
2306 596 2666 685 Imperatores
2719 603 2959 664 Cmsares
3012 609 3231 684 Flavius
3292 613 3563 679 Honorius
3637 631 3685 676 et

2097 685 2435 748 Theodosius
2461 696 2572 764 pii,
2606 697 2787 754 felices
2812 741 2826 765 ,
2859 702 3091 761 victores
3117 748 3130 771 ,
3164 721 3228 762 ac
3265 707 3682 781 triumphatores

2095 795 2310 859 semper
2339 785 2586 858 Augusti,
2611 788 2794 849 Flavio
2816 794 3123 854 Marcellino
3147 814 3245 855 suo
3267 786 3520 873 saiutem.
3552 806 3680 862 Inter

2096 873 2306 944 imperii
2336 883 2502 935 nostri
2535 884 2798 941 maximas
2826 903 3003 958 curas,
3048 891 3341 954 Catholicae
3372 895 3510 967 legis
3539 914 3680 960 seve-

2095 967 2292 1059 rentia,
2321 979 2412 1026 aut
2439 973 2615 1044 prima
2645 991 2880 1048 semper,
2914 991 3004 1038 aut
3032 984 3149 1040 sola
3179 995 3262 1044 est
3287 1005 3298 1040 :
3335 1003 3513 1059 neque
3541 993 3677 1047 enim

2095 1058 2239 1115 aliud
2271 1072 2364 1118 aut
2385 1065 2511 1122 belli
2543 1066 2820 1128 laboribus
2848 1076 3058 1146 agimus
3081 1120 3098 1146 ,
3146 1088 3237 1135 aut
3264 1058 3678 1151 pacisconsiliis

2095 1153 2445 1226 ordinamus,
2500 1161 2603 1216 nisi
2655 1171 2712 1218 ut
2738 1180 2922 1223 verum
2967 1169 3060 1225 Dei
3106 1173 3310 1228 cultum
3340 1175 3489 1232 orbis
3520 1179 3678 1233 nostri

2093 1247 2247 1316 plebs
2275 1249 2470 1308 devota
2497 1256 2763 1314 custodiat
2787 1300 2802 1326 ,
2846 1270 2903 1317 ut
2929 1263 3090 1320 etiam
3121 1267 3430 1325 Donatistas
3459 1271 3546 1326 vel
3575 1280 3675 1328 ter-

2092 1353 2216 1396 rore
2244 1342 2330 1398 vel
2361 1347 2568 1402 monitu
2591 1349 2720 1405 olim
2757 1351 2979 1422 implere
3009 1369 3383 1426 convenerat,
3429 1364 3520 1434 qui
3549 1363 3678 1418 Afri-

2091 1446 2208 1487 cam
2235 1476 2250 1501 ,
2279 1434 2384 1492 hoc
2405 1447 2507 1504 est,
2543 1441 2693 1511 regni
2720 1446 2889 1500 nostri
2919 1448 3207 1504 maximam
3242 1459 3474 1521 partem,
3503 1463 3556 1509 et
3579 1470 3675 1510 sa:-

2091 1528 2360 1586 cularibus
2389 1531 2582 1606 officiis
2609 1534 2842 1595 ﬁdeliter
2868 1543 3219 1614 servientem,
3252 1562 3392 1609 vano
3419 1563 3606 1606 errore
3627 1560 3674 1606 et

2091 1621 2427 1682 dissensione
2447 1627 2725 1696 superﬂua.
2747 1631 3080 1691 decolorant.
3129 1636 3239 1694 Nos
3279 1647 3462 1698 tamen
3495 1643 3675 1699 eadem

2089 1712 2422 1786 frequentius
2451 1736 2558 1777 non
2590 1726 2736 1795 piget
2765 1727 3028 1797 replicare
3050 1768 3067 1795 ,
3108 1712 3228 1802 quae
3268 1734 3511 1789 omnium
3541 1745 3674 1792 retro

373 1818 470 1872 que
497 1799 826 1856 eminentium
858 1805 1184 1877 potestatum,
1221 1797 1353 1851 dixit
1376 1813 1394 1850 :
1418 1796 1628 1852 Dudum
1654 1807 1834 1854 vestra
1855 1796 1986 1854 sub-
2012 1797 2072 1870 Βς
2091 1806 2391 1878 principum
2419 1811 2611 1868 devota
2641 1815 2708 1884 in,
2728 1796 2895 1879 Deum
2938 1796 3184 1877 deﬁnivit
3229 1827 3526 1886 auctoritas
3552 1869 3567 1893 ,
3616 1844 3675 1884 ne

374 1893 579 1948 limitas
610 1893 687 1964 (l)
731 1891 1032 1947 secundum
1084 1889 1367 1960 imperiale
1406 1898 1739 1963 praeceptum
1787 1899 1841 1947 et
1884 1905 1998 1948 nos.

372 1997 429 2045 et
456 1998 687 2045 caeteros
730 1988 832 2059 qui,
855 1998 961 2042 tam
1002 1987 1070 2042 de
1101 1987 1773 2060 sacratissimocomitatu
1819 2005 1980 2059 quam

371 2083 534 2137 etiam
557 2081 626 2135 de
657 2066 922 2135 Africanis
955 2079 1149 2135 ofﬁciis
1173 2079 1522 2151 sublimitatis
1563 2090 1666 2137 tuae
1697 2092 1824 2138 sunt
1846 2078 1981 2138 acti-

372 2175 474 2231 bus
506 2174 743 2245 deputati
773 2213 788 2240 ,
835 2173 903 2228 ad
949 2173 1188 2245 singulas
1219 2175 1875 2257 provinciasdes'tigavit,
1925 2185 1982 2236 et

376 2269 556 2325 edicta
585 2267 750 2323 etiam
780 2282 878 2337 per
906 2268 1226 2342 universam.
1248 2267 1491 2324 Africam
1519 2269 1754 2338 direxit,
1784 2279 1843 2325 ut
1870 2278 1980 2325 tam

373 2359 640 2417 Catholici
688 2374 850 2430 quam
896 2359 1191 2415 Donatista
1242 2359 1490 2432 episcopi
1537 2361 1675 2415 intra
1725 2369 1986 2438 quartum-

367 2469 615 2529 mensem
641 2454 916 2529 collationi
945 2457 1126 2532 cuncti
1155 2453 1349 2512 adesse
1371 2454 1633 2518 deberent
1658 2473 1671 2509 :
1696 2471 1817 2535 qpas
1845 2465 1980 2512 tem-

359 2563 502 2621 pora
538 2547 803 2603 hodierna
829 2547 1196 2603 dievidcntur
1224 2547 1479 2617 impleri:
1522 2556 1586 2610 et
1606 2550 1730 2619 quia
1776 2557 1978 2619 praesto

367 2653 496 2700 sunt
518 2641 779 2708 universi,
814 2641 884 2701 de
925 2640 1178 2696 omnibus
1208 2641 1418 2696 scilicet
1442 2641 1741 2711 provinciis
1768 2641 1979 2698 Africa-

364 2737 452 2792 nis
476 2777 490 2801 ,
518 2735 685 2804 idest
709 2776 723 2800 ,
753 2733 822 2789 de
849 2732 1127 2804 provincia
1160 2734 1570 2811 proconsulari,
1598 2734 1666 2789 de
1691 2734 1982 2804 provincia~

363 2829 651 2902 Byzacena
682 2826 787 2899 (5),
817 2825 886 2882 de
913 2824 1165 2881 Numidia
1187 2869 1202 2894 ,
1235 2825 1304 2882 de
1349 2824 1686 2887 Mauritaniis
1733 2826 1993 2887 Sitifensi.

368 2932 424 2978 et
451 2918 776 2976 Caesariensi
802 2960 818 2985 ,
865 2917 962 2972 sed
1013 2918 1174 2973 etiam
1208 2925 1264 2972 et
1293 2917 1361 2973 de
1385 2917 1718 2988 Tripolitana
1749 2919 1973 2989 provin-

366 3014 472 3084 cia,
504 3013 549 3067 si
581 3009 829 3084 prtecipit
859 3009 1113 3064 nobilitas
1142 3018 1268 3084 tua,
1287 3008 1466 3086 adsint
1495 3008 1659 3065 iidem
1689 3008 1976 3068 venerabi-

366 3107 448 3162 les
478 3104 596 3172 viri,
632 3113 691 3158 ut
711 3103 893 3158 omnia
921 3116 1020 3156 suo
1047 3100 1240 3178 ordine
1265 3113 1611 3176 peragantur.

2087 1902 2426 1970 temporibus
2451 1908 2727 1963 nosuie'si
2753 1911 2889 1981 quid
2912 1910 3052 1968 forte
3083 1915 3136 1968 in
3158 1913 3414 1985 injuriam
3444 1919 3576 1990 legis
3595 1935 3674 1976 ca-

2087 1990 2301 2048 tholicae
2343 1994 2501 2052 fuerit
2546 2009 2860 2069 generatum
2889 2043 2903 2070 ,
2950 2003 3100 2074 justo
3140 2006 3346 2077 judicio
3398 2008 3504 2066 hoc
3534 2013 3686 2068 nobis

2085 2084 2257 2152 possit
2285 2084 2549 2157 imputare
2578 2091 2887 2159 posteritas.
2939 2093 3050 2152 Nec
3074 2112 3206 2154 sane
3237 2099 3376 2163 latet
3405 2104 3672 2168 conscien-

2085 2173 2212 2228 tiam
2245 2187 2482 2234 nostram
2513 2193 2693 2237 sermo
2721 2185 2962 2253 ccelestis
2999 2189 3247 2255 oraculi‘,
3287 2206 3454 2263 quem
3498 2209 3673 2252 errore

2083 2281 2182 2323 suo
2211 2284 2370 2339 posse
2395 2273 2660 2342 proficere
2687 2292 2828 2353 saeva
2862 2279 3261 2339 Donatistarum
3305 2283 3672 2358 interpretatio

2082 2359 2365 2428 proﬁtetur
2402 2381 2417 2431 ;
2468 2365 2559 2450 qui
2587 2370 2834 2442 quamvis
2860 2371 3182 2442 depravatos
3219 2376 3438 2448 animos
3466 2378 3669 2450 adlegar-

2082 2454 2379 2518 rectionem
2403 2448 2590 2527 initius
2616 2461 2893 2533 invitaret,
2920 2466 3127 2523 aboleri
3149 2483 3276 2525 eum
3310 2479 3496 2533 tamen
3519 2448 3667 2529 etiam

2081 2558 2206 2604 ante
2239 2550 2502 2620 jussimus
2526 2593 2542 2620 ,
2589 2569 2658 2612 ne
2685 2572 2790 2628 qua
2818 2559 3312 2629 superstitionibus.
3330 2575 3668 2633 praestaretur

2081 2643 2314 2726 occasio.
2366 2644 2518 2704 Nunc
2560 2663 2773 2720 quoque
2819 2652 3213 2724 excludendam
3271 2655 3666 2727 subreptionem

2044 2801 2049 2807 _
2076 2723 2248 2792 simili
2273 2726 2605 2824 auctoritate
2621 2756 2929 2812 censemus,
2955 2723 3195 2817 illudque
3225 2723 3674 2819 merito—promer.

2081 2841 2223 2892 mur,
2257 2828 2488 2887 libenter
2517 2847 2615 2889 nos
2639 2850 2700 2890 ea
2729 2851 2849 2907 quae
2872 2846 3070 2893 statuta
3099 2840 3315 2895 fuerant
3331 2842 3668 2907 submovere,

2080 2933 2150 2974 ne
2177 2921 2229 2975 in
2257 2922 2497 2994 divinum
2527 2925 2729 2981 cultum
2757 2928 2914 2986 nobis
2940 2944 2999 2996 se
3040 2932 3342 3002 quisquam,
3365 2935 3665 2990 auctoribus
3731 2985 3738 3006 π

2078 3016 2311 3072 aestimet
2337 3033 2498 3088 posse
2526 3035 2770 3090 peccare.
2832 3023 2900 3078 Et
2924 3027 3171 3103 quamvis
3199 3042 3307 3084 una
3338 3028 3420 3088 sit~
3440 3028 3662 3093 omnium

2079 3121 2135 3168 et
2164 3114 2445 3184 manifesta
2471 3117 2743 3174 sententia
2777 3117 3070 3176 Catholicae
3110 3120 3243 3192 legis
3296 3122 3662 3192 plenamveri-

436 3202 493 3255 2.
549 3198 773 3255 Flavius.
806 3195 1142 3250 Marcellinus
1189 3193 1252 3247 Υ.
1284 3192 1344 3254 C.
1379 3195 1612 3253 tribunus
1654 3204 1702 3249 et
1745 3197 1975 3251 notarius
2002 3186 2053 3255 C
2081 3212 2420 3285 tatem_recto
2446 3208 2724 3266 hominum
2754 3213 2900 3268 cultu
2929 3221 2986 3269 et
3009 3186 3220 3293 caelesti
3244 3186 3509 3289 sententia
3531 3233 3666 3273 com-

366 3296 536 3350 dixit:
579 3292 775 3366 Adsint
819 3289 1159 3366 venerabiles
1195 3287 1297 3342 viri
1343 3303 1479 3360 quos
1516 3300 1815 3359 praesentes
1855 3305 1976 3346 esse

367 3386 679 3460 suggeritis.
733 3384 801 3438 Et
845 3371 1091 3456 ingressis
1120 3382 1370 3436 universis
1395 3383 1646 3454 episcopis
1677 3384 1840 3456 partis
1865 3383 2004 3438 Da»-'

367 3483 502 3548 nati,
536 3480 781 3552 ingressis
810 3476 1213 3541 etiamAurelio‘,
1240 3476 1447 3546 Alypio,
1477 3477 1765 3546 Augustino
1786 3517 1801 3542 ,
1850 3475 1975 3531 Vin-

367 3574 557 3638 centio,
588 3571 901 3635 Fortunato,
937 3568 1315 3622 Fortunatiano
1347 3576 1392 3622 et
1437 3566 1681 3622 Possidio
1717 3569 1975 3641 episc0pis

369 3669 618 3726 Ecclesia?
642 3666 945 3751 Catholicte,
974 3671 1088 3726 cum
1112 3661 1316 3734 Nouato
1345 3703 1360 3725 ,
1386 3660 1656 3717 Florentio
1681 3704 1695 3729 ,
1727 3662 1976 3722 Maurene

366 3766 458 3829 tio,
487 3760 778 3830 Bonifacio,
807 3756 1012 3822 Prisco,
1044 3755 1331 3810 Sereniano
1357 3762 1404 3808 et
1429 3753 1689 3824 Scyllacia
1716 3755 1975 3826 coepisco-

368 3855 448 3923 pis
477 3853 608 3918 suis,
640 3849 908 3914 Deuterio,
944 3846 1134 3912 Leone,
1161 3845 1401 3913 Asteria,
1435 3855 1481 3899 et
1514 3845 1786 3914 Restituto,
1829 3863 1977 3919 teque

369 3943 624 4017 episcOpis
648 3950 692 3996 et
715 3939 1011 3995 custodibus
1038 3948 1322 4012 gestorum.

475 4040 529 4095 '5.
593 4034 930 4091 Marcellinus
979 4034 1054 4086 uir
1108 4032 1423 4087 clarissimus
1486 4033 1716 4088 tribunus
1778 4044 1823 4088 et
1873 4052 1972 4090 no-

369 4136 534 4192 tarius
573 4133 742 4186 dixit:
783 4128 1039 4199 optarem
1090 4126 1308 4196 quidem
1360 4134 1522 4182 tanta?
1578 4127 1738 4206 hujus
1792 4130 1974 4185 multi-

309 4274 314 4279 .
369 4228 571 4285 tudinis
602 4224 947 4280 sanctitatem
997 4234 1120 4290 quae
1147 4220 1246 4274 sub
1279 4220 1437 4274 unius
1466 4219 1669 4275 Christi
1688 4203 1799 4278 (Dei
1839 4223 1972 4295 reli-

366 4325 531 4397 gione
559 4310 813 4384 censetur
838 4359 853 4384 ,
885 4316 1088 4377 nullae
1114 4329 1174 4375 se
1201 4313 1552 4377 dissensione.
1579 4316 1785 4387 sejungi
1813 4334 1825 4369 :
1877 4315 1973 4369 sed

297 4410 302 4414 ’
368 4421 493 4490 quia
540 4413 591 4469 id
624 4411 768 4484 quod
800 4409 1005 4464 dudum
1050 4422 1204 4463 error
1247 4406 1454 4476 antiqui
1494 4406 1668 4460 hostis
1707 4407 1971 4485 immisit,

367 4510 538 4564 Deum
568 4516 774 4561 certum
803 4511 887 4558 est
916 4501 1054 4555 velle
1085 4513 1226 4554 nunc
1248 4499 1480 4569 corrigi,
1512 4515 1580 4554 ne
1615 4499 1817 4572 diutius
1846 4514 1972 4570 gerv

2079 3299 2387 3374 probatam,
2416 3301 2764 3382 studiopacis
2789 3311 2845 3360 et
2867 3306 3073 3382 gratia),
3105 3308 3496 3386 venerabilinm
3531 3310 3660 3378 viro-

2088 3404 2208 3447 rum
2256 3391 2636 3468 episcoporum
2674 3394 2998 3466 legationem
3044 3398 3284 3465 libenter,
3329 3389 3661 3467 admisimus;

2088 3496 2210 3552 quae
2233 3484 2548 3553 congregari
2579 3484 2882 3549 Donatistas
2912 3487 3070 3562 247
3093 3492 3458 3565 episcoposad
3482 3504 3661 3550 emtum

2092 3573 2460 3634 celeberrimae
2482 3575 2753 3632 desiderat
2771 3577 3021 3646 civitatis,
3042 3582 3302 3659 utclectis
3316 3584 3479 3657 etiam
3499 3600 3662 3641 sacer-

2082 3667 2300 3724 dotibus
2328 3683 2462 3740 quos
2487 3683 2612 3742 pars
2638 3678 2869 3744 utraque
2909 3672 3183 3746 delegerit,
3206 3659 3419 3743 habitis,
3436 3679 3662 3747 disputa-

2083 3760 2320 3816 tionibus
2372 3763 2813 3833 superstitionem
2870 3757 3027 3821 ratio
3065 3767 3367 3846 manifesta'
3414 3769 3658 3844 confutet.

2081 3855 2252 3922 Quam
2285 3871 2398 3911 rem
2427 3857 2570 3930 intra
2591 3865 2822 3928 quatuor
2865 3874 3079 3916 menses
3121 3862 3471 3937 prtecipimus
3512 3863 3664 3929 expli-

2081 3948 2233 4015 cari,
2285 3957 2344 4004 ut
2387 3964 2677 4005 conversos
2715 3950 2925 4006 animos
2953 3953 3468 4029 papulqrumetiatn
3499 3963 3662 4016 nostra

2081 4028 2395 4109 clementia,
2424 4044 2564 4101 sicut
2585 4044 2875 4112 desiderat,
2907 4047 3139 4102 celerius
3165 4049 3339 4119 possit
3356 4061 3661 4120 cognoscam

2084 4135 2252 4206 (Aug.
2271 4133 2470 4189 Brevic.
2501 4133 2690 4214 Collat.
2715 4135 2816 4190 diei
2838 4137 2888 4203 l,
2913 4153 2959 4211 ς.
2989 4137 3064 4209 1).
3117 4138 3270 4206 Quod
3299 4139 3360 4220 si,
3377 4140 3519 4208 intra
3543 4154 3661 4220 pra-

2083 4228 2332 4282 stitutnm
2366 4211 2577 4296 tempus
2602 4228 2845 4284 studiose
2879 4225 3276 4311 Donatistarum
3306 4211 3670 4309 episc0pi1dea

2083 4319 2716 4381 clinaverint,con.venire
2742 4321 2866 4382 trini
2893 4321 3053 4378 edicti
3081 4327 3366 4382 vocatione
3402 4333 3659 4381 contuma-

2083 4413 2226 4466 cium
2258 4422 2500 4484 tempora
2529 4413 2920 4469 concludantur
2946 4433 2958 4469 :
3011 4416 3204 4484 quibus
3251 4419 3489 4474 emensis
3519 4428 3658 4487 atque

2087 4505 2398 4570 transactis,
2431 4505 2478 4560 si
2507 4506 2781 4575 provocati
2807 4504 2996 4566 adesse
3019 4509 3450 4578 contempserint
3476 4548 3490 4573 ,
3525 4510 3657 4563 cedat

363 4617 519 4656 mana
560 4596 753 4666 religio
778 4591 1183 4648 concertatione
1212 4604 1305 4643 sua
1325 4591 1694 4658 spectaculum
1716 4565 2214 4661 gentibt13~.D‘«cum.
2268 4596 2536 4662 ecclesiis;
2561 4599 2790 4678 populus
2843 4600 2933 4670 qui
2980 4599 3238 4679 doctores
3290 4614 3419 4656 suos
3467 4601 3656 4656 silentio

362 4692 564 4756 faciat,
593 4688 721 4742 licet
756 4699 918 4755 supra
950 4683 1414 4752 meritum‘meum
1440 4722 1454 4748 ,
1485 4680 1589 4747 hoc
1629 4698 1958 4757 cognoscam

360 4799 483 4839 esse
507 4781 769 4852 judicium
792 4819 805 4843 ,
855 4784 910 4830 ut
940 4775 1082 4829 inter
1107 4788 1204 4828 eos
1229 4773 1417 4827 videar
1443 4771 1689 4841 judicare
1714 4776 1980 4844 aquibus

365 4893 452 4933 tne
485 4876 662 4945 potius
687 4872 944 4926 decuerat
969 4864 1238 4937 iudicari:
1267 4874 1445 4918 tamen
1479 4865 1598 4934 quia
1624 4873 1829 4919 certum
1859 4875 1968 4936 est,

363 4972 503 5025 hanc
531 4979 747 5022 causam
778 4968 1060 5032 spectante
1101 4958 1212 5012 Deo
1242 4965 1297 5011 ct
1334 4956 1538 5037 angelis
1587 4958 1813 5012 testibus
1853 4963 1974 5030 agi—

363 5058 604 5119 tandem,
634 5068 756 5125 qum
783 5054 882 5107 sub
916 5051 1037 5106 ﬁdei
1063 5038 1303 5105 ctelestis
1330 5047 1580 5110 examine
1621 5050 1705 5104 vel
1737 5038 1973 5128 probata

360 5134 644 5224 praemium
664 5145 882 5211 afferat,
908 5144 992 5198 vel
1019 5144 1148 5198 laesa
1171 5141 1454 5212 judicium,
1490 5151 1549 5196 ut
1581 5142 1795 5198 tandem
1826 5161 1965 5214 prte-

358 5229 597 5301 sentium
649 5236 1130 5315 disceptationibus
1189 5237 1580 5315 episcoporum.
1625 5237 1959 5312 manifestius

357 5339 558 5396 veritas
583 5335 880 5398 elucescat,
911 5330 1211 5400 imperialis
1242 5330 1495 5400 primitus,
1524 5331 1731 5389 sanctio
1763 5334 1965 5391 recite--

357 5441 465 5498 tur,
497 5437 557 5485 ut
577 5428 630 5484 in
659 5422 1246 5497 quemmodnmatque
1272 5421 1500 5476 formam
1522 5424 1962 5496 sitsuscipienda

430 5589 509 5663 (ὃ)
541 5588 714 5663 ξεάίεο
748 5581 1180 5663 Ρττξςρηξυιτιτὲξ-

429 5650 507 5743 μ)
543 5659 724 5714 Vestra
765 5655 1074 5711 sublimitas.
1108 5650 1479 5729 Marcellinum
1511 5655 1783 5726 tribunum
1809 5659 1957 5750 allo:

352 5733 552 5801 quitur.

421 5802 501 5873 (5)
547 5799 968 5886 Bysacenai..;ln
1009 5795 1180 5855 veteri
1207 5796 1508 5868 exemplari
1559 5799 1754 5870 legitur
1782 5800 1944 5876 Byzc.
1982 5882 1992 5888 _

2082 4690 2703 4765 cognoverit‘spperatqs
2727 4698 2826 4767 ,‘et
2857 4690 3060 4768 victum
3091 4705 3148 4756 se
3177 4691 3473 4762 aliquando
3498 4702 3654 4764 gratae

2081 4784 2242 4851 letnr,
2271 4785 2510 4855 sciatque
2537 4785 2586 4839 si
2616 4800 2722 4839 non
2756 4785 3038 4855 praeceptis
3069 4785 3296 4851 nostris,
3321 4786 3412 4842 vel
3435 4786 3653 4842 Catholi-

2082 4893 2161 4934 (ιω
2188 4866 2321 4948 legis
2344 4879 2492 4933 veris
2524 4878 2772 4950 imperiis
2802 4869 3179 4935 serviendum!
3199 4881 3298 4936 Cui
3325 4881 3535 4950 quidem
3561 4880 3654 4936 dis-

2081 4969 2346 5041 putationi
2378 4970 2624 5040 principe
2648 4963 2769 5041 loco
2802 4978 2852 5025 te
2876 4970 3110 5041 judiccm
3142 4973 3394 5043 volumus
3440 4973 3654 5045 residere

2087 5063 2364 5145 (quicquid
2388 5063 2548 5134 etiam
2578 5073 2703 5118 ante
2725 5065 2778 5118 in
2811 5064 3077 5121 mandatis
3103 5068 3402 5146 acceperis,
3431 5066 3654 5138 plenissi-

2084 5171 2172 5211 me
2196 5138 2490 5210 meministi
2515 5158 2533 5224 )
2560 5171 2883 5227 omnemque
2910 5157 2995 5213 vel
3035 5159 3088 5213 in
3118 5141 3510 5231 congregandis
3557 5158 3650 5238 epif

2082 5249 2283 5325 scopis,
2310 5248 2395 5323 vel
2422 5247 2730 5321 evocandis,
2745 5249 2791 5304 si
2816 5248 3007 5312 adesse
3019 5252 3466 5330 contempserint,
3492 5263 3649 5306 curam

2084 5353 2153 5396 te.
2177 5341 2428 5397 volumus
2454 5342 2877 5414 sustinere,,\ut
2913 5351 2969 5399 et
3015 5357 3228 5415 eaquae
3272 5352 3398 5401 ante
3425 5341 3684 5420 mandata

2080 5443 2208 5489 sunt
2249 5446 2302 5490 et
2345 5424 2466 5508 quae
2503 5449 2646 5512 nunc
2675 5441 2876 5507 statuta
2901 5436 3219 5506 cognoscis,
3252 5436 3472 5513 probata
3500 5432 3654 5508 possis

2079 5590 2236 5647 Unde
2268 5594 2549 5650 Ma‘ssonus
2596 5600 2651 5649 et
2696 5591 2932 5661 Ritltaeus
2970 5590 3526 5661 fecerunt‘Burcensi.
3563 5585 3653 5661 sed

2071 5677 2357 5800 perpﬁram
2425 5656 3023 5750 legendum'Byzacena',
3048 5673 3107 5734 ut
3136 5679 3166 5721 a
3192 5656 3411 5733 Baluaio
3431 5656 3642 5722 animad-

2071 5749 2198 5792 vers
2241 5751 2374 5791 mes
2406 5777 2418 5790 .
3418 5777 3426 5787 .
