3838 6222
151 333 279 386 1261

1109 298 1330 389 essu
1370 324 1826 387 COLLATIONIS
1863 324 2487 385 CARTHAGINENSlS.

3293 333 3429 390 1269.

145 448 378 517 implere
405 444 662 513 solertia;
716 444 768 500 id
796 454 921 500 ante
966 446 1141 500 omnia
1174 454 1486 502 servaturos
1509 488 1523 511 ,
1573 454 1631 500 ut
1676 458 1738 499 ea
1770 443 1810 501 Α
1844 440 2095 511 quoniam
2125 440 2358 496 libenter
2381 454 2662 497 assensum
2696 441 2883 499 tribuit
2906 440 3196 499 clementia
3224 445 3428 514 princi-

141 555 267 611 qute
290 541 432 595 circa
454 536 786 594 Catholicam
818 537 990 607 legem
1017 538 1100 591 vel
1129 538 1255 592 olim
1283 537 1554 593 ordinavit
1593 534 1736 592 anti-

142 632 346 702 quitas,
376 630 460 686 vel
489 636 770 701 parentum
803 638 1109 684 nostrorum
1154 630 1449 686 auctoritas
1486 627 1737 701 religiosa

1842 533 1999 605 palis,
2028 541 2085 589 et
2108 532 2396 589 concilium
2427 533 2542 588 ﬁeri
2574 533 2711 589 intra
2738 534 2972 591 Africam
3005 537 3310 593 universale
3334 538 3429 595 dc-

1841 625 2011 682 crevit
2038 624 2318 697 utriusque
2344 624 2509 695 partis
2546 623 2877 696 (Addendum
2906 628 3105 684 videtur
3131 630 3435 704 episcopis)

142 724 465 789 constituit,
515 721 599 777 vel
632 730 818 778 nostra
861 722 1125 778 serenitas
1164 722 1477 791 roboravit,
1526 722 1737 779 novella
1837 720 1987 790 juxta
2012 719 2380 790 poscentibus,
2405 717 2528 774 huic
2556 733 2645 775 me
2667 718 3015 790 disputationi
3044 726 3287 797 principe
3308 726 3437 783 loco

140 812 496 889 subreptione
530 816 621 891 (In
650 816 778 871 Cod;
817 813 1016 870 Theod.
1043 815 1460 888 superstitione)
1492 818 1737 873 submota
1837 812 2074 884 judicem
2106 813 2275 869 voluit
2308 811 2570 879 residere,
2619 811 2776 870 Unde
2800 825 3026 873 cunctos
3069 832 3165 888 per
3191 818 3430 879 Africam

141 908 355 981 integra
386 919 440 965 et
467 905 1029 965 inviolatacustodias
1052 904 1141 976 (In
1166 904 1295 961 Cod.
1329 905 1529 962 Theca.
1558 915 1741 963 custo-
1843 913 1951 961 tam
1978 906 2270 963 Catholicae
2293 920 2454 978 quam
2479 904 2793 962 Donatianze
2827 908 2999 977 partis
3019 910 3301 981 episcopos
3318 912 3430 984 .bu-

144 1001 251 1057 diri
285 1002 696 1075 praecipimus).
745 1000 816 1058 Ut
858 1015 990 1077 sane
1028 998 1354 1055 adminicula
1382 1001 1741 1069 competentia
1840 997 1929 1069 jus
1960 998 2125 1054 edicti
2154 1008 2341 1056 tenore
2366 1012 2690 1073 commoneo
2715 1040 2730 1067 ,
2782 1008 2841 1055 ut
2870 1000 3015 1056 intra
3055 1009 3268 1073 tempus
3300 1006 3431 1079 lege

143 1097 363 1151 actibus
407 1094 513 1151 tuis
556 1096 750 1152 deesse
788 1109 895 1150 non
937 1094 1186 1164 possint,
1220 1091 1379 1147 viros
1419 1092 1744 1163 spectabiles
1846 1094 2256 1164 praescriptum,
2304 1092 2357 1147 id
2384 1093 2639 1149 est-intra
2659 1100 2897 1164 quatuor
2917 1107 3166 1165 menses,
3196 1097 3288 1168 qui
3318 1098 3435 1156 dies

142 1188 534 1258 proconsulem
558 1198 719 1261 atque
764 1188 1022 1244 vicarium
1068 1185 1338 1243 serenitas
1365 1193 1549 1249 nostra
1592 1199 1743 1241 com-

1846 1184 2160 1263 intradiem
2190 1184 2541 1242 kalendarum
2571 1186 2859 1243 Iuniarum
2886 1187 3006 1245 sine
3026 1189 3194 1245 dubio
3217 1192 3437 1247 conclu-

143 1282 382 1347 monuit,
414 1290 471 1337 ut
493 1282 539 1337 si
566 1282 905 1352 propriarum
933 1279 1256 1353 dignitatum
1292 1287 1492 1335 statum
1524 1276 1748 1347 cupiunt
1822 1268 2026 1344 'detur,
2053 1277 2119 1332 ad
2145 1277 2421 1334 civitatem
2442 1278 2776 1348 splendidam
2802 1277 3283 1350 Carthaginensem
3311 1296 3443 1339 con-

142 1374 419 1441 retinere,
463 1372 507 1430 si
553 1374 947 1446 apparitionem
995 1389 1144 1429 suam
1188 1382 1431 1436 extrema
1473 1370 1753 1439 declinare
1850 1368 2226 1434 ciliil’aeiendi
2254 1372 2426 1443 gratia
2454 1372 2750 1428 convenire
2777 1387 2884 1429 non
2912 1372 3188 1444 differant,
3220 1391 3290 1433 ne
3318 1391 3449 1433 eam

144 1468 435 1540 supplicia,
467 1477 575 1525 tam
598 1484 663 1525 ex
692 1468 928 1542 prepriis
952 1467 1146 1524 ofﬁciis
1167 1509 1182 1535 ,
1213 1482 1375 1539 quam
1411 1481 1477 1523 ex
1506 1464 1750 1522 omnium
1851 1469 2073 1532 partem-
2094 1462 2163 1518 de
2190 1464 2385 1523 merito
2411 1465 2646 1535 propriae
2697 1465 2825 1522 ﬁdei
2866 1477 3125 1539 appareat
3164 1469 3438 1541 judicas‘se

139 1565 390 1637 judicum
418 1565 1015 1637 apparitionefabunde
1042 1565 1383 1621 necessarios
1416 1562 1614 1618 faciant
1655 1558 1751 1618 de-

143 1661 347 1731 putari.
374 1658 491 1715 Erit
514 1660 625 1729 jam
657 1657 1035 1753 sollicitudinis
1081 1664 1205 1725 tute,
1247 1656 1293 1710 si
1321 1654 1449 1727 quid
1484 1655 1600 1711 ulla
1628 1669 1753 1725 cog-

145 1754 371 1809 noveris
417 1759 533 1807 arte
579 1748 785 1806 diﬁ'erri
810 1790 827 1817 ,
860 1747 1042 1805 missis
1070 1748 1425 1804 relationibus
1468 1747 1707 1804 indicare
1732 1788 1748 1813 ,

1854 1551 1921 1626 (Ι.
1955 1553 2279 1628 dubitasse),
2312 1572 2472 1627 quam
2499 1557 2735 1615 defuisse
2760 1554 3085 1618 constiterit.
3132 1558 3436 1621 Universos

1862 1646 2027 1703 etiam
2044 1660 2356 1705 cunctarum
2375 1650 2769 1720 provinciarum
2780 1663 3084 1725 curatores,
3103 1658 3445 1729 magistratus

1868 1749 1923 1797 et
1952 1741 2158 1797 ordinis
2185 1743 2353 1811 viros,
2375 1757 2583 1799 necnon
2611 1753 2667 1799 et
2691 1755 2924 1815 actores,
2944 1751 3449 1817 procuratores,vel

147 1855 207 1902 ut
236 1845 573 1917 negligentes
614 1842 802 1914 puniat
846 1841 1007 1913 digna
1051 1840 1339 1897 correctio.
1386 1838 1581 1896 Omnia
1622 1853 1756 1895 sane
1784 1836 2103 1900 Bseniores
2129 1837 2465 1910 singulorum
2491 1840 2757 1906 locorum,
2781 1838 2905 1911 pari
2931 1841 3453 1899 admonitionemn-

147 1955 274 2013 qum
317 1939 406 1995 vel
444 1939 497 1994 in
544 1951 707 1992 unum
751 1936 1023 2007 episcopis
1068 1935 1412 2007 congregatis
1455 1933 1752 2013 disputatio

148 2012 421 2105 completa
450 2030 773 2097 limaverit,
809 2030 891 2084 vel
921 2027 1307 2085 desistentibus
1339 2026 1478 2083 forte
1506 2012 1759 2081 statuerit

152 2128 301 2183 circa
319 2134 665 2182 contumaces
688 2125 793 2179 lata
818 2123 1109 2190 sententia,
1141 2132 1192 2176 te
1214 2120 1422 2177 referre
1446 2119 1754 2186 conveniet;

152 2230 214 2277 ut
243 2219 373 2292 quid
405 2220 472 2274 ad
495 2217 918 2275 cauﬁrmandam
950 2214 1283 2271 Catholicam
1317 2213 1477 2269 ﬁdem
1506 2226 1755 2284 praecep-

152 2313 235 2368 tio
266 2320 452 2366 nostra
502 2309 791 2380 profecerit
814 2351 829 2377 ,
878 2307 1112 2363 celerius
1141 2306 1412 2377 possimus
1437 2318 1754 2376 agnoscere.

159 2402 229 2459 Et
274 2403 449 2457 divina
489 2419 668 2457 manu.
708 2400 861 2466 Vale,
906 2398 1217 2455 Marcelline
1256 2397 1534 2454 carissime
1577 2395 1756 2451 nobis.

160 2499 298 2553 Data
326 2498 495 2568 pridie
510 2496 893 2553 ldusOctobris
912 2495 1199 2549 Ravennar.
1216 2492 1429 2549 Varane
1454 2490 1762 2548 V.C.Con-

160 2592 284 2647 sule
316 2588 659 2663 (Consulatus
685 2605 747 2643 ea:
768 2587 896 2643 Cod.
928 2586 971 2641 Τ
974 2586 1124 2643 head.
1149 2583 1427 2659 adjectus).

239 2682 293 2736 5.
347 2681 686 2738 Marcellinus
724 2683 800 2735 vir
830 2679 1143 2735 clarissimus
1185 2677 1417 2733 tribunus
1447 2684 1496 2732 et
1531 2676 1763 2731 notarius

163 2775 322 2830 dixit.
359 2772 602 2830 Recitata
632 2771 960 2828 venerabilis
986 2770 1073 2826 lex
1102 2770 1269 2841 gestis
1300 2769 1657 2839 praesentibus
1684 2768 1764 2851 iu-

163 2878 419 2936 seratur,
467 2867 621 2939 cujus
664 2865 908 2922 deﬁnitio
953 2866 1235 2921 evidenter
1279 2864 1568 2934 apparuit,
1619 2862 1765 2918 unde

164 2977 315 3019 nunc
346 2961 645 3019 edictorum
690 2973 933 3015 meorum
966 2973 1062 3030 per
1086 2956 1331 3013 ordinem
1361 2956 1528 3011 forma
1564 2954 1763 3012 recite-

166 3064 259 3110 tnr
285 3054 444 3127 (Aug.
474 3052 673 3108 Brevic.
704 3051 891 3107 Collat.
929 3052 953 3106 1
988 3050 1113 3117 diei,
1142 3067 1189 3105 ε.
1220 3048 1303 3121 2).

242 3147 505 3202 Martialis
552 3153 795 3216 eaceptor
836 3143 1083 3208 recitavit,
1142 3141 1279 3208 Quid
1310 3139 1767 3195 clementissimus

1859 1930 2063 2000 venio,
2112 1934 2214 1990 sub
2258 1933 2495 2006 propria:
2533 1934 2954 1991 existimationis
2990 1931 3270 2007 dignitatis
3300 1946 3461 1995 reatu

1859 2024 2159 2097 salutisque
2187 2027 2467 2098 periculo,
2496 2036 2765 2097 quatenus
2795 2028 2856 2085 in
2878 2029 3190 2109 civitatibus
3213 2031 3467 2104 locisque

1810 2154 1815 2163 ι
1859 2118 1915 2174 in
1946 2118 2143 2191 quibus
2164 2121 2469 2177 consistunt
2500 2122 2789 2193 utriusque
2804 2122 2986 2196 partis
3005 2123 3291 2196 episcopos
3319 2138 3451 2181 con-

1860 2214 2049 2271 venire
2070 2257 2086 2284 ,
2138 2215 2231 2278 vel‘
2254 2216 2357 2271 sub
2385 2224 2659 2288 gestorum
2688 2215 3033 2274 confectione
3055 2262 3069 2287 ,
3121 2218 3200 2274 vel
3231 2219 3337 2275 sub
3358 2234 3457 2275 cu-

1857 2306 2080 2378 juslibet
2122 2301 2407 2379 scr'tpturte
2451 2308 2783 2365 documento
2808 2318 3065 2367 exstante
3088 2351 3105 2378 ,
3157 2308 3458 2366 llestinent:
3490 2338 3523 2381 χ

1862 2399 1937 2455 ita
1967 2407 2024 2455 ut
2050 2398 2094 2455 si
2124 2399 2247 2471 ipso
2267 2399 2323 2456 in
2353 2407 2598 2473 tempore
2625 2400 2679 2457 in
2706 2401 3021 2459 civitatibus
3048 2417 3167 2458 non
3186 2404 3461 2479 potuerint

1862 2491 2093 2551 inveniri
2118 2535 2134 2562 ,
2182 2508 2282 2565 per
2305 2509 2433 2550 rura
2460 2493 2625 2550 etiam
2657 2484 2972 2567 perquisitis
3004 2503 3113 2551 tam
3162 2496 3463 2569 imperialis

1864 2588 2122 2659 praecepti
2150 2587 2343 2654 forma,
2376 2603 2537 2661 quam
2571 2598 2728 2644 tenor
2754 2588 2915 2659 hujus
2942 2588 3249 2661 innotescat
3272 2588 3459 2657 edisti,

1864 2672 2132 2751 quatenus
2178 2680 2321 2736 intra
2366 2680 2466 2737 bos
2494 2689 2728 2753 quatuor
2764 2696 2985 2739 menses
3011 2682 3263 2739 ordinum
3312 2683 3460 2741 rela-

1867 2773 2019 2831 tione
2048 2787 2373 2843 cognoscam
2397 2813 2412 2837 ,
2463 2773 2798 2845 singularum
2832 2774 3073 2845 partium
3103 2776 3459 2840 voluntatem.

1868 2865 2008 2921 lllud‘
2032 2866 2193 2922 etiam
2221 2866 2361 2923 scire
2382 2866 2703 2923 Donatianae
2731 2867 2902 2939 partis
2928 2867 3215 2940 episcopos
3240 2869 3387 2938 volo,
3417 2867 3481 2926 si'

1868 2957 1990 3027 quis
2013 2972 2200 3012 eorum
2223 2955 2603 3015 aﬁ‘uturumse
2624 2973 2746 3015 esse
2772 2958 3136 3030 responderit,
3162 2959 3467 3016 Ecclesiam

1869 3050 1971 3105 sibi
2005 3049 2255 3119 primitus
2283 3065 2405 3106 cum
2436 3049 2585 3106 omni
2608 3050 2732 3121 jure
2760 3065 2861 3107 suo
2890 3066 3011 3122 quae
3042 3051 3181 3109 forte
3208 3067 3239 3108 a
3270 3051 3468 3110 Catho-

1868 3140 1988 3196 licis
2011 3140 2167 3212 juxta
2197 3151 2528 3213 prmceptum
2562 3142 2842 3213 imperiale
2871 3130 3169 3213 retinetur,
3210 3144 3331 3201 sine
3358 3144 3480 3201 ειη-π’

166 3240 427 3312 princeps
460 3238 712 3293 dominus
757 3246 941 3291 noster
974 3233 1240 3289 llonorius
1269 3247 1370 3305 pro
1397 3230 1679 3287 catholicae
1706 3231 1767 3285 il~
1796 3234 1841 3298 C
1874 3248 1978 3305 qua
2008 3234 2268 3290 dilatione
2300 3251 2398 3306 per
2427 3235 2571 3291 viros
2599 3235 2806 3291 ordinis
2846 3251 2971 3292 mox
3014 3237 3335 3295 tradendam
3361 3237 3466 3312 (Β).
3492 3306 3502 3315 ,

166 3335 259 3389 dei
304 3330 717 3388 conlirmatioue
761 3327 1099 3393 decreverit,
1154 3325 1514 3380 antelatorum
1553 3323 1766 3393 apicum

167 3420 363 3481 tenore
390 3429 759 3479 monstratur:
812 3421 1135 3491 legationem
1179 3416 1446 3488 siquidem
1480 3415 1767 3470 venerabic

169 3519 303 3573 lium
332 3516 707 3589 episcoporum
740 3514 966 3569 libenter
989 3511 1260 3581 accipiens
1281 3509 1518 3565 Africam
1548 3522 1646 3564 suo
1677 3508 1771 3564 de-

165 3622 351 3667 vOIam
379 3623 600 3679 semper
627 3607 857 3677 imperio
888 3604 1036 3661 vario
1065 3604 1391 3675 religionum
1415 3616 1618 3674 genere
1650 3600 1771 3656 diu-

169 3708 278 3762 tius
307 3703 589 3776 inquietari
627 3700 1037 3771 decolorariquc
1066 3714 1171 3753 non
1206 3712 1396 3769 passus
1423 3706 1540 3752 est:
1587 3695 1768 3752 studio

168 3815 407 3871 namque
434 3799 587 3871 pacis
618 3806 671 3852 et
702 3795 827 3852 ﬁdei
858 3804 1130 3850 tantorum
1172 3793 1395 3847 dissidia
1430 3790 1766 3861 populorum

166 3910 238 3949 cx
264 3893 483 3963 antiqua
511 3891 863 3962 persuasione
889 3888 1160 3943 venientia
1188 3886 1431 3942 veritatis
1457 3885 1625 3939 voluit
1656 3900 1770 3939 ma-

166 3985 521 4042 nifestatione
550 3983 765 4050 sedari,
821 3989 881 4037 ut
920 3996 1057 4052 quos
1088 3980 1283 4037 sedare
1316 3978 1706 4050 principalibus
1737 3994 1767 4032 ει

164 4094 229 4135 se
278 4076 650 4133 sanctionibus
696 4074 999 4145 prorogatis
1040 4088 1104 4127 ac
1147 4072 1289 4126 trahi
1333 4070 1397 4126 ad
1444 4086 1605 4125 unam
1645 4069 1769 4125 ﬁdei

165 4175 495 4228 sententiam
524 4184 628 4224 non
667 4181 828 4239 posse
860 4166 1091 4238 pervidit
1114 4205 1129 4231 ,
1180 4165 1361 4222 habita
1411 4173 1768 4234 utrarumque

168 4265 405 4335 partium
429 4262 821 4332 disceptatione
846 4268 1146 4316 revocaret.
1179 4258 1411 4314 Cunctos
1434 4258 1631 4313 etenim
1662 4266 1768 4313 tam

164 4357 470 4415 Catholict'r
493 4373 652 4428 quam
676 4355 986 4411 Douatianae
1018 4353 1181 4425 partis
1203 4352 1487 4424 episc0pos
1518 4353 1569 4407 in
1599 4367 1767 4407 unum

164 4449 348 4506 voluit
377 4449 720 4521 congregari,
753 4458 813 4504 ut
837 4449 991 4503 lectis
1014 4448 1082 4502 ab
1108 4455 1331 4517 utraque
1362 4453 1514 4516 parte
1546 4444 1768 4517 peritio-

166 4544 323 4600 ribus
344 4542 502 4608 viris,
526 4551 689 4598 certm
723 4540 848 4597 ﬁdei
876 4541 1102 4596 veritate
1130 4538 1397 4607 discussa,
1431 4526 1771 4608 superstitio-

1873 3327 1930 3385 Si
1963 3344 2094 3385 vero
2122 3344 2315 3387 omnes
2346 3332 2437 3386 vel"
2458 3331 2655 3403 singuli
2700 3330 2754 3387 in
2783 3329 2919 3387 locis
2946 3329 3061 3389 suis
3091 3331 3263 3404 positi
3282 3344 3343 3390 se
3372 3333 3470 3388 ad;

1872 3419 2082 3489 iuturos
2109 3437 2231 3479 esse
2272 3424 2653 3496 responderint
2677 3467 2693 3494 ,
2744 3406 3117 3495 et‘Ecclesias'
3147 3435 3204 3483 et
3243 3441 3305 3483 ea
3349 3417 3469 3484 loca

1872 3529 1993 3585 qua:
2023 3529 2216 3571 eorum
2264 3516 2435 3573 fuisse
2464 3516 2551 3572 vel
2578 3531 2677 3574 eos
2719 3518 2957 3574 tenuisse
2985 3520 3330 3587 constiterit,
3374 3522 3488 3592 per

1871 3609 2310 3681 supradictorum
2338 3610 2590 3677 ordinum
2639 3610 2952 3666 instantiam
2984 3626 3171 3668 eorum
3208 3611 3319 3684 jurl
3362 3613 3462 3669 db-

1874 3704 2153 3774 minioque
2199 3703 2473 3759 reddenda
2501 3746 2515 3771 ,
2569 3710 2628 3757 ut
2666 3704 2957 3760 reformato
2987 3703 3179 3761 iisdem
3224 3706 3472 3775 primitus

1872 3806 2012 3853 statu
2040 3840 2054 3864 ,
2098 3798 2482 3869 disputationis
2514 3798 2800 3853 inchoetur
2824 3798 3062 3854 initium.
3114 3798 3186 3854 Et
3213 3800 3471 3871 quoniam

1873 3891 2004 3945 tanti
2033 3890 2164 3945 mihi
2197 3891 2396 3961 negotii
2426 3905 2693 3946 summam
2725 3889 3071 3947 committere
3098 3892 3267 3947 voluit
3294 3905 3463 3963 augu-

1872 3980 2147 4037 stissimus
2174 3982 2428 4053 princeps
2452 4023 2467 4048 ,
2516 3981 2648 4037 illud
2682 3998 2768 4039 me
2796 3998 3010 4055 quoque
3037 3982 3219 4058 lateor
3238 3983 3469 4041 libenter

1875 4076 2120 4145 accipere
2145 4116 2160 4139 ,
2213 4082 2274 4130 ut
2300 4076 2343 4129 si
2370 4073 2457 4151 de,
2474 4088 2591 4131 mea
2620 4089 2853 4144 persona
2879 4074 3085 4147 aliquid
3109 4076 3470 4133 cunctationis

1874 4166 2117 4233 allerlur,
2146 4165 2312 4223 alium
2341 4182 2553 4224 mecum
2580 4166 2817 4238 judicem
2849 4183 3008 4239 quem
3040 4168 3142 4237 ipsi
3172 4169 3473 4240 delegerint

1875 4258 2192 4315 Donatianae
2227 4259 2393 4331 partis
2420 4268 2474 4321 et
2504 4259 2664 4328 ﬁdei,
2707 4260 2793 4315 vel
2837 4260 3133 4332 superioris
3162 4260 3245 4317 vel
3273 4260 3475 4319 similis

1874 4350 2150 4423 dignitatis
2196 4352 2435 4408 residere
2481 4366 2586 4407 non
2632 4351 2887 4407 abnuam.
2929 4340 3071 4408 'Sive
3117 4361 3299 4409 autem
3328 4355 3462 4408 eum

1876 4446 1985 4503 alio
2013 4448 2127 4503 sive
2158 4447 2307 4503 solus
2336 4446 2392 4503 in
2425 4446 2529 4502 hoc
2561 4447 2778 4518 negotio
2816 4445 3156 4517 judicaturus
3200 4428 3467 4521 interero,

1875 4540 2011 4596 nihil
2045 4541 2189 4597 aliud
2220 4557 2305 4597 me
2324 4581 2341 4606 ,
2388 4541 2489 4596 nisi
2516 4539 2661 4611 quod
2688 4539 3044 4611 allegationes
3070 4539 3307 4610 partium
3334 4555 3474 4597 exa-

168 4653 298 4694 nem
337 4637 476 4693 ratio
505 4634 794 4692 manifesta
817 4634 1103 4690 convincat
1131 4651 1145 4687 :
1197 4641 1463 4704 quatenus
1508 4630 1766 4702 quicquid
1790 4622 1846 4713 ΙΙ)
1873 4636 2095 4690 minata:
2122 4635 2401 4706 potuerint
2435 4632 2813 4689 demonstrare
2838 4640 2895 4688 et
2920 4632 3063 4703 quod
3095 4635 3207 4688 veri
3238 4633 3466 4690 invenc~

167 4731 306 4788 illud
334 4741 419 4787 est
443 4730 587 4801 quod
616 4744 713 4801 pro
733 4729 845 4784 suis
869 4720 1368 4799 partibus‘testimat
1398 4724 1770 4795 unusquisque

166 4838 336 4894 posse
361 4829 674 4892 competere
690 4862 704 4887 ,
734 4819 1034 4891 proferatur
1061 4818 1113 4873 in
1141 4818 1378 4874 medium
1403 4860 1417 4884 ,
1456 4816 1513 4875 et
1538 4818 1617 4873 sic
1641 4833 1764 4889 ger-

166 4930 378 4980 manas,
413 4913 504 4969 vel
530 4928 686 4978 sero,
722 4911 845 4967 ﬁdei
874 4911 966 4966 lux
992 4910 1273 4967 clarescat.
1318 4907 1573 4966 Consona
1598 4909 1769 4980 siqui-

164 5009 298 5065 dem
328 5007 609 5077 utriusque
634 5006 803 5076 partis
834 5004 1023 5075 petitio
1051 5004 1119 5059 ad
1149 5003 1288 5059 hanc
1317 5004 1620 5075 principem
1651 5018 1773 5059 sen-

168 5103 401 5160 tentiam
448 5100 777 5173 provocavit.
828 5098 962 5154 Nam
1009 5098 1151 5155 sicut
1196 5113 1226 5154 a
1253 5096 1549 5154 Catholicis
1592 5113 1775 5169 nuper

168 5195 398 5254 collatio
423 5194 690 5265 postulata
718 5202 800 5249 est
822 5212 837 5263 ;
887 5192 967 5248 sic
992 5200 1118 5249 ante
1144 5192 1525 5249 brevissimum
1558 5202 1771 5264 tempus

170 5290 583 5347 Donatistarum
601 5289 886 5360 episcopos
912 5290 963 5343 iu
985 5287 1196 5359 judicio
1218 5286 1506 5343 illustrium
1534 5297 1772 5358 potesta-

170 5396 288 5443 tum
351 5384 697 5440 collationem
750 5382 1054 5455 postulasse
1103 5398 1209 5440 non
1257 5382 1483 5439 dubium
1531 5390 1634 5437 est.
1700 5381 1770 5436 Et

245 5505 324 5577 (6)
356 5504 644 5577 Ecclesium
674 5503 770 5558 sibi
799 5505 1058 5574 primitus.
1092 5513 1203 5577 etc.
1230 5503 1285 5558 id
1316 5514 1634 5577 concessum
1664 5498 1768 5577 l_)_o_-

168 5569 388 5634 natistis
427 5594 454 5629 ιι
492 5569 807 5631 Marcellino
831 5577 949 5631 sine
996 5579 1147 5644 jussu
1195 5573 1541 5644 imperatoris
1580 5569 1768 5644 scribit

166 5651 403 5721 August.
434 5648 485 5703 in
517 5648 674 5721 Brev.
705 5647 845 5721 Coll.
876 5640 1061 5721 diei],
1088 5662 1136 5699 c.
1171 5640 1341 5721 inin
1370 5660 1432 5721 eo
1461 5642 1632 5721 edicto
1658 5640 1764 5721 Βατ

169 5713 342 5778 δὶιὶἷαδ
371 5722 484 5773 sine
507 5719 740 5789 jussione
766 5719 1089 5787 imperatoris
1116 5718 1339 5770 reddidit
1365 5713 1660 5789 Donatistis
1680 5713 1768 5778 qui

168 5811 223 5849 se
246 5783 617 5866 pollicerentur
644 5805 747 5866 csse
777 5783 1011 5866 uenturos
1034 5829 1055 5866 ,_
1080 5798 1137 5840 ut
1166 5805 1223 5842 eo
1255 5787 1404 5866 inon
1434 5800 1519 5839 eos
1542 5783 1612 5866 ad
1637 5799 1766 5866 ροη-

170 5853 444 5937 [ei'eittltttit
485 5860 639 5913 etiam
671 5858 926 5929 beneﬁciis
953 5860 1204 5913 inuitaret.
1258 5854 1593 5913 Testimonio
1622 5853 1761 5925 Aug.

1873 4729 1946 4786 rit
1975 4729 2146 4799 ﬁdes,
2180 4745 2277 4800 per
2306 4728 2630 4785 admirabile
2660 4719 2981 4800 mysterium
3016 4713 3331 4795 Trinitatis,
3377 4743 3476 4799 per
3576 4749 3580 4752 ⁴

1876 4822 2273 4880 incarnationis
2293 4820 2583 4877 dominicae
2608 4828 3030 4889 sacramentum,
3050 4828 3106 4875 et
3129 4835 3223 4889 per
3244 4819 3475 4875 salutem

1875 4921 2467 4986 supramemoratorum
2496 4912 2799 4984 principum
2844 4911 3207 4981 judicaturum
3238 4926 3324 4966 mc
3350 4926 3474 4967 esse

1878 5010 2158 5081 promitto.
2221 5008 2335 5066 Nec
2382 5008 2530 5064 illam
2575 5022 2706 5064 sane
2753 5015 2956 5075 partem
3006 5006 3157 5077 potui
3203 5009 3470 5076 reticere,

1879 5103 2147 5178 quatenus
2163 5093 2424 5162 noverint
2451 5103 2567 5159 sive
2598 5116 2693 5174 pro
2720 5100 3016 5157 Donatistis
3041 5141 3056 5167 ,
3088 5101 3205 5158 sive
3236 5116 3334 5171 pro
3364 5100 3471 5156 Ca-

1882 5198 2098 5255 tholicis
2129 5198 2288 5255 fuerit
2316 5196 2424 5251 lata
2453 5193 2720 5251 sententia
2750 5234 2765 5259 ,
2814 5193 2868 5247 in
2900 5191 3052 5248 nullo
3075 5205 3136 5248 se
3163 5192 3473 5249 Donatista-

1878 5308 1999 5349 rum
2027 5294 2308 5363 episcopos
2328 5288 2560 5357 aliquam
2590 5286 2892 5343 molestiam
2922 5300 3044 5346 esse
3071 5300 3349 5357 passuros,
3374 5288 3471 5343 sed

1879 5382 2083 5439 liberos
2107 5424 2121 5448 ,
2170 5390 2228 5443 et
2257 5379 2325 5435 ab
2354 5377 2500 5434 omni
2536 5377 2748 5448 injuriae
2777 5394 2979 5450 genere
3006 5378 3214 5435 alienos
3243 5379 3309 5436 ad
3344 5395 3470 5450 pro-

1872 5502 2194 5571 astipulatur
2220 5499 2383 5553 etiam
2415 5497 2534 5568 ipse
2560 5495 2907 5571 Marcellinus
2935 5498 2989 5553 in
3017 5498 3192 5571 edicto
3220 5496 3346 5571 dato
3373 5498 3471 5553 ad-

1871 5567 2059 5628 versus
2094 5572 2401 5625 Douatistas
2442 5567 2571 5640 post
2611 5569 2981 5624 collationem.
3039 5567 3301 5623 Ecclesias
3334 5584 3465 5636 quas

1871 5649 1941 5699 eis
1988 5644 2300 5697 humanitate
2338 5657 2452 5696 mea
2480 5642 2673 5711 absque
2719 5642 2986 5712 imperiali
3018 5650 3269 5712 pt'tvcepto
3306 5650 3471 5712 usque

1870 5718 1938 5770 ad
1968 5716 2102 5768 diem
2132 5714 2394 5770 sententia:
2422 5709 2622 5769 constat
2652 5709 2911 5770 indultas.‘
2950 5709 3234 5766 Cat/tolicis
3264 5711 3469 5765 tradere

1870 5790 1981 5843 sine
2009 5787 2118 5841 ulla
2151 5786 2398 5841 dilatione
2426 5786 2687 5857 festinent.
2732 5783 3047 5851 intumus,
