3838 6222
416 259 560 320 1265

1376 254 1605 316 GESTA
1641 245 2095 316 COLLATIONIS
2129 253 2756 320 CABTHAGINENSIS.

3493 255 3696 315 ’.1264

418 380 538 451 pria
591 361 756 454 Q58
801 375 1066 435 redituros
1091 391 1107 434 :
1130 366 1280 448 quod
1323 391 1412 434 me
1437 385 1493 435 et
1530 393 1629 450 per
1668 378 2010 436 tremendum
2043 378 2091 441 Α
2120 378 2419 452 intelligant
2443 379 2730 449 interesse,
2758 388 2817 441 ut
2838 377 2994 451 siqui
3021 392 3085 434 ex
3110 344 3519 454 disputantibus
3543 379 3695 434 utrin-

370 490 376 499 '
409 472 600 551 iudicii
627 474 796 533 diem.
826 480 880 526 et
906 485 1006 542 per
1032 480 1372 526 sacramenta
1401 471 1656 542 superius
1685 475 2010 538 membrsta,

415 550 804 624 ita-'facturum
848 579 972 624 esse
1017 565 1300 637 polliceor.
1349 565 1552 621 Omnes
1591 573 1770 622 autem
1816 565 1908 636 qui
1944 564 2012 620 ad

417 661 657 733 singulas
696 660 1008 731 provincias
1047 659 1264 716 fuerant
1301 659 1606 727 destinati,
1652 660 1908 718 noverint
1949 660 2012 716 in

415 754 567 822 nullo
591 768 651 810 se
675 767 1002 825 quemquam
1029 753 1289 824 deinceps
1315 753 1717 809 Donatistarum
1747 753 2013 825 aliquate-

413 861 518 903 nus
543 845 837 903 convenire
863 845 1102 903 debere:
1147 847 1235 917 vel
1263 839 1498 919 aliquam
1543 847 1734 903 iisdem
1765 846 2014 918 superio-

411 941 491 998 ris
517 937 853 996 executionis
882 938 1184 1014 molestiam
1225 953 1488 1010 generare
1514 980 1531 1005 ,
1578 939 1634 994 ni
1665 938 1875 994 malunt
1915 953 2014 1011 pro

409 1041 724 1104 contemptu
757 1031 1079 1100 recentior-is
1117 1032 1377 1104 praecepti
1413 1031 1698 1103 subiacere
1727 1030 2008 1087 vindictas.

405 1129 532 1186 Erit
549 1135 737 1191 autem.
758 1125 1014 1181 omnibus
1043 1123 1359 1181 Donatiana:
1386 1124 1558 1196 partis
1584 1121 1917 1190 hominibus,
1940 1121 2012 1178 de

407 1236 598 1281 eorum
627 1210 725 1291 qui
749 1218 912 1276 'missi
939 1226 1068 1289 sunt
1091 1217 1543 1274 concussionibus
1570 1224 1626 1273 et
1653 1214 2012 1286 depraedatio-

413 1305 600 1384 nibus,
623 1313 668 1370 si
687 1306 830 1385 quas
858 1313 1002 1369 forte
1029 1312 1295 1368 admissas
1319 1326 1442 1369 esse
1470 1319 1757 1376 noverunt,
1781 1309 2009 1364 liberum

410 1407 696 1481 conqueri,
722 1417 782 1464 ut
810 1407 865 1464 in
892 1421 989 1463 eos
1013 1405 1237 1478 probata
1261 1404 1547 1461 criminum
1571 1402 1848 1474 qualitate,
1873 1400 2011 1455 ultio
2051 1471 2054 1474 Α

410 1503 571 1577 digna
602 1502 883 1576 procedat.
925 1500 996 1557 Et
1024 1501 1131 1557 alia
1155 1517 1333 1556 manu.
1373 1500 1730 1570 Pr0ponatur.

486 1600 552 1656 6.
587 1597 931 1655 Marcellinus
971 1597 1050 1652 uir
1080 1595 1397 1650 clarissimus
1431 1592 1663 1656 tribunus
1684 1597 1733 1644 et
1775 1586 2009 1644 notarius

413 1694 566 1751 dixit.
599 1694 824 1750 Lectum
853 1686 1088 1749 edictum
1113 1689 1283 1761 ‘gestis
1309 1685 1665 1759 praesentibus
1686 1682 2006 1748 adhaerebit,

2117 488 2224 544 que
2253 475 2494 546 septenis
2516 474 2767 532 conferre
2790 473 3077 532 consilium
3100 487 3224 528 cum
3249 486 3476 526 suorum
3499 487 3694 542 quoque

2117 566 2384 634 voluerit,
2416 571 2540 623 eu'm
2568 567 2758 624 eodem
2792 567 2902 622 illic
2926 565 3147 621 secedat
3175 563 3230 619 in
3259 572 3473 635 partem
3497 606 3513 629 ,
3550 576 3693 635 atque

2116 658 2189 715 ibi
2221 652 2613 716 communicata
2661 661 2931 738 patienter
2968 659 3178 716 ratione
3225 657 3536 724 tractandi,
3576 661 3692 729 pro-

2101 735 2292 824 prium
2323 761 2626 809 revertatur
2655 752 2721 807 ad
2756 735 2963 819 locum,
2989 750 3154 812 ﬁdem
3179 759 3500 806 servaturos
3523 748 3691 818 ofﬁcii,

2116 853 2177 901 ut
2203 847 2359 915 alter,
2391 845 2480 902 cui
2509 845 2565 900 id
2593 860 2816 902 necesse
2845 853 2962 914 est,
3003 842 3235 900 tacendo
3254 843 3528 900 audienda
3559 859 3692 900 com-

2116 940 2365 1006 mendet;
2402 939 2541 996 alter
2564 938 2650 995 cui
2679 938 2731 994 id
2759 954 2956 994 munus
2982 945 3108 1006 est,
3160 937 3435 1009 loquendo
3460 950 3692 1009 suscepta

2116 1029 2423 1087 conﬁrmet.
2467 1030 2605 1100 {Erit
2646 1041 2826 1088 autem
2874 1030 3150 1087 collationi
3197 1032 3515 1102 aptissimus
3560 1033 3692 1089 locus

2114 1126 2474 1184 Thermarum
2495 1125 2947 1196 G-argilianarum,
2972 1127 3027 1182 in
3053 1141 3213 1198 quem
3235 1126 3328 1183 die
3345 1126 3692 1186 kalendarum

2112 1214 2394 1272 Iuniarum
2417 1215 2640 1272 eosdem
2660 1216 2947 1289 episcopos
2971 1215 3120 1272 solos
3144 1216 3236 1288 qui
3265 1216 3537 1287 designati
3581 1225 3692 1271 sunt

2112 1316 2362 1378 oporteat
2407 1309 2722 1365 convenire.
2783 1308 2863 1364 Ex
2903 1307 3183 1378 quoillud
3218 1307 3468 1381 profecto
3500 1309 3694 1379 perspi-

2113 1411 2274 1454 cuum
2299 1406 2403 1464 est,
2426 1413 2494 1455 eo
2516 1398 2723 1471 nullum
2753 1399 2970 1469 penitus
2997 1399 3181 1471 pepuli
3209 1398 3328 1456 ﬁeri
3353 1399 3558 1456 debere
3582 1415 3698 1456 con-

2111 1499 2368 1558 ventum,
2409 1505 2518 1562 quo
2547 1506 2648 1549 nec
2684 1492 2830 1564 ipsos
2873 1492 3160 1549 universos
3194 1491 3477 1550 conﬂuere
3504 1480 3698 1549 sinatiir

2113 1585 2423 1658 episcopos.
2481 1585 2617 1641 Nam
2661 1601 2785 1642 cum
2816 1586 3071 1657 patientia
3107 1585 3424 1658 disputandi
3462 1601 3582 1657 quae
3610 1577 3696 1642 soli

2113 1679 2288 1735 amica
2317 1678 2540 1735 silentio
2565 1685 2681 1746 est,
2712 1694 2929 1736 omnem
2957 1681 3272 1740 catervatim
3313 1678 3548 1751 agminis
3571 1689 3698 1736 stre-

413 1803 525 1861 quo
548 1796 764 1846 constat
807 1800 895 1844 me
935 1784 1240 1842 evidentius
1268 1781 1562 1847 obtulisse,
1611 1769 1739 1846 utsi
1766 1778 2009 1848 placeret
2037 1769 2086 1830 B
2114 1772 2282 1844 pitnm
2310 1771 2731 1861 perhorrescat,
2773 1773 2904 1828 nihil
2935 1773 3198 1840 interest,
3231 1782 3414 1828 utrum
3442 1788 3562 1829 eam
3588 1788 3699 1830 con-

411 1883 621 1941 electus
648 1897 680 1938 a
708 1889 887 1938 vestra
919 1885 1070 1949 parte
1109 1890 1324 1933 mecum
1351 1873 1488 1928 alius
1516 1865 1764 1944 cognitor
1802 1867 2011 1927 reside-

411 1983 532 2034 ret:
573 1975 663 2046 qui
688 1974 734 2029 si
759 1980 957 2042 praesto
986 1977 1091 2034 est,
1124 1967 1351 2023 introire
1378 1965 1648 2037 dignetur.

477 2066 533 2122 'l.
554 2120 558 2125 ,
579 2064 874 2120 Petilianus
923 2062 1196 2134 episcopus
1235 2058 1389 2114 dixit.
1447 2056 1566 2113 Non
1597 2055 1760 2113 decet
1787 2069 1889 2112 nos
1915 2068 2008 2111 co-

372 2209 375 2211 _
410 2157 681 2230 gnitorem
707 2155 907 2226 eligere
930 2153 1162 2216 alterum
1185 2193 1203 2219 ,
1252 2147 1348 2221 q‘u’i
1391 2162 1500 2206 non
1549 2145 1846 2220 petivimus
1899 2145 2010 2217 pri-

411 2263 584 2307 mum.
627 2245 698 2318 Et
727 2247 833 2302 alia
857 2260 1035 2300 manu.
1077 2241 1405 2313 Recognovi.

377 2352 382 2356 ·
485 2340 540 2396 8.
587 2337 928 2393 Marcellinus
971 2335 1049 2390 uir
1074 2333 1392 2389 clarissimus
1438 2331 1674 2386 tribunus
1699 2339 1748 2386 et
1775 2330 2009 2386 notarius

410 2433 564 2489 dixit.
625 2427 1045 2486 Evidentissime
1098 2423 1483 2500 praeceptionis
1527 2431 1770 2495 augusta:
1818 2413 2009 2477 tenore

409 2524 746 2584 declaratum
797 2530 884 2580 est
923 2519 1271 2590 collationem
1315 2532 1422 2575 non
1465 2505 1800 2587 cognitorem
1841 2513 2011 2569 fuisse

405 2618 733 2692 pustulatum
759 2656 775 2684 ,
803 2621 862 2671 et
883 2613 1110 2670 arbitrio
1136 2625 1236 2667 suo
1266 2623 1402 2665 metu
1429 2605 1823 2674 mediocritatis
1859 2603 2006 2675 judi-

406 2697 555 2769 cium
578 2709 848 2780 delegisse
871 2706 896 2762 ι’
932 2706 1020 2763 cui
1065 2715 1290 2761 necesse
1315 2708 1400 2758 est
1428 2715 1518 2757 me
1544 2698 1796 2780 omnibus
1824 2695 2002 2752 modis

409 2779 728 2869 inservire,
765 2814 889 2856 cum
938 2807 994 2854 et
1037 2779 1642 2853 sanctitatem-vestram
1669 2790 1792 2846 ideo
1814 2790 2012 2845 conve-

407 2895 558 2952 nisse
586 2890 934 2950 manifestum
959 2888 1052 2956 sit,
1081 2897 1142 2944 ut
1170 2885 1460 2944 satisﬁeret
1487 2881 1856 2954 imperialibus
1881 2895 2034 2937 con-.

393 2995 874 3137 ἐιᾚῗηῗειίιὶωωε
899 3075 1181 3145 episwpus,
1201 3073 1356 3132 dixit.
1394 3069 1573 3132 Salvis
1601 3068 1854 3127 omnibus
1883 3082 2008 3139 quae

2114 1864 2287 1936 gestio
2316 1857 2665 1936 populorum,
2696 1880 2766 1921 an
2795 1866 3176 1936 episcoporum
3206 1865 3364 1922 turba
3397 1865 3694 1937 praepediat.

2111 1956 2278 2027 Igitur
2303 1956 2545 2027 episcopi
2585 1958 2878 2013 memorati
2923 1957 3029 2013 soli
3073 1958 3126 2011 in
3174 1956 3496 2027 praedictum
3540 1959 3696 2014 locum

2115 2056 2446 2121 tempusque.
2466 2050 2830 2106 conveniant:
2878 2048 2951 2104 ita
2996 2058 3173 2105 tamen
3205 2060 3273 2105 .nt
3300 2050 3498 2122 reliqui
3527 2065 3698 2106 omnes

2113 2144 2396 2215 utriusque
2423 2145 2593 2216 partis
2620 2143 2858 2215 episeOpi
2886 2151 3013 2215 ante
3037 2143 3182 2199 diem
3211 2143 3308 2215 qui
3355 2143 3697 2214 praedestina-

2113 2242 2200 2290 tns
2219 2234 2455 2291 examini
2479 2242 2584 2300 est,
2609 2243 2783 2297 ratum
2810 2249 2869 2290 se
2896 2233 3178 2292 habituros
3198 2235 3458 2306 quicquid
3485 2250 3517 2289 a
3538 2245 3693 2306 septe

2113 2328 2198 2383 nis
2229 2328 2478 2399 utrinque
2506 2327 2844 2399 coepiscopis
2871 2326 2983 2383 suis
3018 2325 3182 2383 luerit
3228 2328 3511 2384 actitatum
3531 2370 3546 2394 ,
3595 2328 3688 2397 epi-

2113 2422 2268 2480 stolis
2323 2423 2388 2478 ad
2439 2437 2614 2478 meam
2669 2422 2996 2501 dicationem
3052 2422 3404 2478 currentibus
3461 2422 3691 2492 utrinque

2111 2518 2413 2587 designent.
2447 2517 2655 2585 Quibus
2676 2517 2918 2588 epistolis
2942 2526 3122 2580 tamen
3144 2516 3311 2572 etiam
3339 2517 3689 2572 testimonium

2111 2623 2301 2666 omnes
2347 2609 2490 2681 apud
2535 2625 2623 2665 me
2645 2609 2887 2681 propriae
2920 2608 3347 2681 subscriptionis
3390 2608 3697 2690 adiungant.

2081 2699 2503 2772 -IEqnissimum
2535 2715 2771 2771 namque
2797 2707 2882 2758 est
2903 2741 2919 2767 ,
2950 2691 3009 2756 ut
3036 2715 3226 2756 eorum
3253 2701 3512 2762 universa
3540 2699 3687 2756 colla-

2113 2794 2188 2846 tio
2216 2801 2330 2847 rata
2361 2778 2542 2850 iutura
2568 2793 2914 2861 promittatur
2939 2793 3008 2848 ab
3025 2792 3301 2858 omnibus,
3324 2792 3420 2864 qui
3441 2790 3688 2861 eliguntur

2113 2886 2180 2941 ab
2211 2886 2480 2942 omnibus.
2534 2885 2725 2942 Nullus
2749 2901 2880 2958 ergo
2910 2886 2995 2942 vel
3047 2885 3216 2942 laicus'
3240 2927 3258 2954 ,
3309 2888 3398 2942 vel
3425 2887 3687 2958 episcopus

2111 2978 2250 3043 ultra
2284 2995 2566 3036 numerum
2611 2981 2973 3050 praestitutum
3023 2979 3077 3036 in
3125 2980 3280 3036 illum
3324 2980 3687 3052 tranquillissi-

2111 3086 2259 3127 mum
2290 3071 2506 3127 concilii
2537 3071 2718 3128 locum
2743 3082 2934 3129 contra
2966 3072 3298 3142 prohibitum
3336 3074 3586 3130 moliatur
3612 3089 3686 3130 ae-

405 3180 727 3250 competunt
755 3168 912 3227 nobis
936 3208 954 3237 ,
985 3175 1040 3223 et
1064 3166 1132 3222 de
1158 3179 1391 3237 persona
1418 3163 1551 3220 etin
1576 3172 1776 3230 causa,
1806 3173 2003 3232 propo-
2028 3149 2074 3213 C
2107 3162 2304 3219 cedere
2322 3203 2336 3228 ,
2365 3162 2493 3235 quin
2525 3165 2704 3233 potius
2732 3164 2895 3221 etiam
2925 3164 3116 3234 plebes
3143 3179 3273 3222 suas
3302 3166 3387 3236 pia
3421 3166 3612 3238 quietis
3635 3178 3687 3220 ac

401 3274 537 3324 nant
565 3265 613 3338 ii
652 3261 1112 3335 quiistaelicere
1156 3267 1497 3318 meruerunt.
1550 3254 1621 3311 Et
1662 3255 1772 3311 alia
1818 3269 1998 3310 manu.

402 3353 703 3419 Petilianu's
731 3342 1020 3430 episcopus
1048 3355 1367 3426 recognovi.

483 3451 825 3509 Marcellinus
840 3450 918 3523 uir
939 3446 1256 3504 clarissimus
1277 3445 1507 3502 tribuitus
1527 3453 1573 3499 et
1596 3443 1828 3509 notarius
1849 3442 2001 3498 dixit.

404 3545 583 3604 Salvis
607 3554 771 3615 atque
792 3539 1158 3598 incolumibus
1184 3539 1449 3596 universis
1470 3552 1593 3609 quae
1615 3528 1834 3620 legibus
1854 3533 2004 3592 deie-

405 3646 626 3702 runtur,
656 3633 955 3691 edictorum
984 3645 1081 3703 per
1105 3629 1375 3696 ordinem,
1407 3627 1548 3686 sicut
1571 3637 1626 3684 et
1655 3626 1810 3696 prius
1840 3625 2003 3681 statui

405 3727 598 3786 forma
612 3713 943 3782 'recitentur.
1911 3773 1914 3776 i

481 3823 572 3880 10.
605 3817 881 3892 Martialis
927 3815 1461 3892 exceptorrecitavit.
1529 3810 1844 3885 Magnitudo
1898 3809 2002 3866 bu-

406 3915 566 3986 jusce
611 3893 854 3984 negotii,
900 3908 1046 3983 quod
1084 3907 1154 3972 de
1187 3907 1431 3964 veritatis
1459 3920 1532 3970 ac.
1551 3905 1826 3977 religionis
1850 3903 2004 3974 agni-

409 4005 562 4064 tione
587 4003 904 4074 snscipitur,
925 3999 1138 4057 etiamsi
1166 4014 1354 4069 parum
1380 3997 1639 4055 momenti
1667 3996 1751 4052 sui
1779 3994 2004 4051 librare-

389 4097 495 4156 ‘tur
530 4096 781 4156 examine
803 4134 821 4160 ,
864 4100 1192 4150 convenerat
1215 4098 1395 4148 tamen
1427 4092 1543 4162 ipsa
1581 4088 2001 4174 disceptantium

405 4182 879 4264 gravitate-atque
917 4184 1239 4244 auctoritate
1279 4183 1519 4255 pensari.
1558 4175 1702 4238 Nulli
1733 4183 1876 4238 enim
1905 4179 2002 4236 ha-

401 4282 572 4339 betur
609 4279 922 4350 ambiguum
946 4318 963 4346 ,
1012 4275 1216 4348 quanti
1243 4276 1316 4332 sit
1359 4275 1612 4348 ponderis
1636 4289 1799 4330 causa
1822 4315 1837 4342 ,
1878 4288 2000 4356 qua:

385 4373 552 4449 inter
572 4371 950 4445 episcoporum
972 4377 1056 4427 est
1073 4363 1409 4424 discutienda
1434 4381 1712 4436 personas.
1745 4365 1852 4422 Sed
1874 4380 1998 4427 cum

401 4462 542 4522 mihi
581 4463 942 4534 cognitionem
982 4460 1388 4538 disceptationis
1435 4459 1662 4531 hujusce
1700 4457 1998 4538 crediderit

405 4563 630 4635 augusta
677 4553 959 4625 dignatio,
1005 4550 1203 4623 eisque
1226 4551 1463 4622 judicem
1507 4551 1755 4619 dederit,
1798 4551 1995 4624 quibus

403 4635 723 4704 inferiorem
755 4657 844 4698 me
885 4657 1007 4699 esse
1030 4681 1046 4708 ,
1093 4654 1193 4711 pro
1220 4643 1352 4696 tanti
1382 4642 1617 4698 nominis
1647 4646 1994 4701 veneratione

402 4749 696 4810 cognosco,
722 4733 852 4790 ﬁdei
877 4732 1255 4789 sollicitudinis
1284 4718 1419 4788 mea:
1441 4732 1542 4788 hac
1562 4735 1996 4792 consideratione

401 4827 704 4901 prospexi,
751 4831 812 4880 ut
841 4823 911 4880 de
938 4837 1060 4879 meo
1084 4822 1279 4878 vellem
1303 4822 1508 4891 judicio
1531 4823 1782 4894 judicari.
1826 4826 1995 4894 Hujus

405 4923 569 4994 igitur
596 4920 922 4976 auctoritate
973 4914 1234 4987 propositi
1274 4925 1462 4995 omnes
1505 4915 1788 4984 utriusque
1829 4917 1996 4985 partis

400 5017 683 5090 episcopos
713 5013 902 5071 censui
929 5009 1375 5074 commonendos,
1405 5019 1464 5064 ut
1487 5018 1614 5065 ante
1639 5018 1990 5079 cognoscant,

402 5126 511 5169 non
534 5109 768 5180 amplius
788 5100 952 5177 quam
976 5114 1234 5177 septenos
1263 5104 1541 5159 ambarum
1563 5090 1996 5174 episcopos‘par-

400 5204 538 5260 tium
565 5209 766 5257 mutua:
811 5199 955 5254 inter
993 5212 1054 5253 se
1096 5195 1508 5268 disceptationis
1555 5194 1834 5250 habiluros
1873 5209 1996 5251 esse

398 5293 754 5364 ool!oquium,
779 5297 916 5362 quos
941 5287 996 5343 in
1023 5285 1264 5344 ofﬁcium
1286 5286 1598 5359 disputandi
1626 5301 1844 5342 suarum
1871 5300 1995 5356 par-

395 5381 873 5454 tium‘subrogarit
902 5380 1138 5437 electio:
1183 5381 1449 5450 siquidem
1487 5387 1694 5436 certum
1731 5379 1895 5451 deligi
1926 5394 1992 5436 ex

398 5477 645 5548 partibus
670 5475 954 5530 numerum
988 5473 1313 5545 praeceperit
1341 5471 1638 5542 imperialis
1670 5471 1986 5528 auctoritas.

398 5567 644 5623 Aderunt
673 5565 765 5621 alii
788 5578 1005 5636 quoque
1029 5563 1265 5633 septeni,
1289 5563 1486 5620 delecti
1510 5555 1716 5636 judicio
1751 5579 1864 5620 suae
1890 5581 1986 5621 cu-

393 5658 587 5729 jusque
610 5661 774 5730 partis
793 5657 1061 5728 episcopi:
1091 5656 1184 5732 qui
1207 5668 1420 5715 servata
1441 5659 1692 5731 primitus
1712 5675 1812 5732 per
1827 5675 1987 5717 omne

399 5749 726 5819 colloquium
751 5748 1124 5829 moderatione
1147 5749 1382 5820 silentii,
1426 5750 1496 5806 ad
1543 5750 1646 5807 hoc
1674 5766 1736 5809 se
1777 5761 1983 5810 tantum

2105 3253 2386 3311 modestia:
2413 3255 2840 3313 commonitione
2867 3255 3216 3338 conveniant,
3247 3255 3356 3328 hoc
3384 3261 3486 3330 per
3513 3257 3683 3315 Eccle-

2106 3345 2217 3402 sias
2249 3348 2495 3418 proprias
2524 3356 2651 3404 ante
2686 3358 2978 3406 tractantes
3001 3392 3016 3417 ,
3049 3347 3375 3422 quatenusa
3404 3352 3496 3410 die
3518 3353 3683 3425 dispu-

2107 3440 2329 3496 tationis
2370 3455 2434 3496 ac
2478 3441 2598 3498 loco
2633 3443 2815 3509 omnis
2855 3459 2916 3500 se
2958 3444 3248 3502 multitudo
3288 3439 3600 3513 contineat,
3636 3456 3685 3501 ut

2107 3534 2362 3605 religioso
2399 3533 2672 3605 patientiae
2717 3530 3036 3606 magisterio
3061 3536 3352 3594 delinitum
3381 3539 3702 3612 Christiana.

2096 3626 2224 3697 paci
2254 3626 2519 3699 papulum
2547 3635 2759 3697 parent.
2792 3615 2909 3684 Non
2937 3629 3114 3687 solum
3141 3633 3287 3685 enim
3320 3632 3582 3702 episcopi,
3606 3645 3683 3686 ve-

2107 3734 2226 3776 rum
2258 3720 2420 3776 etiam
2469 3721 2806 3780 rationabilis
2855 3724 2911 3779 in
2941 3722 3082 3780 hanc
3102 3713 3438 3782 sententiam
3473 3727 3682 3797 populus

2104 3815 2418 3881 consentit,
2471 3815 2878 3887 disputantibus
2906 3816 3274 3888 supradictis:
3325 3831 3385 3878 et
3416 3822 3509 3878 ubi
3535 3821 3681 3893 major

2105 3909 2391 3978 occupatio
2421 3909 2682 3965 mentium
2707 3910 2881 3968 deﬁxa
2903 3912 3174 3980 consistit,
3201 3912 3271 3972 de
3297 3915 3534 3972 veritate
3557 3929 3681 3985 quae-

2105 4001 2352 4058 rentibus
2378 4045 2391 4070 ,
2446 4004 2577 4066 nihil
2605 4005 2883 4062 turbidum
2912 4047 2926 4072 ,
2977 4005 3112 4063 nihil
3140 4001 3540 4065 tumultuosum
3568 4007 3678 4064 nihil

2103 4092 2338 4165 denique
2384 4096 2821 4167 intempestivum
2850 4097 3054 4156 debere
3095 4114 3323 4171 prorsus
3361 4101 3674 4172 obstrepere-

2103 4184 2236 4242 Nam
2281 4195 2340 4243 ut
2367 4188 2508 4258 quod
2543 4175 2783 4261 omnium
2829 4189 2991 4245 saluti
3039 4191 3329 4262 proﬁciat,
3379 4192 3476 4248 ﬁat
3518 4201 3675 4264 postea

2103 4280 2412 4352 publicum,
2462 4281 2624 4339 debet
2650 4282 3066 4364 discutieutibus
3109 4285 3399 4341 veritatem
3445 4292 3674 4356 praestare

2101 4372 2230 4443 ante
2257 4365 2525 4429 secretum
2541 4393 2562 4434 _:
2590 4390 2621 4431 a
2648 4389 2736 4432 me
2762 4365 2994 4431 vero'ita
3023 4390 3122 4446 per
3141 4377 3325 4436 omnia
3355 4377 3673 4448 promulgan-

2101 4464 2170 4522 da
2206 4466 2479 4522 sententia
2518 4476 2638 4535 est,
2672 4477 2750 4524 ut
2795 4467 2850 4524 in
2901 4467 3167 4538 publicam
3199 4467 3428 4524 dimissa
3454 4468 3670 4525 notitiam

2021 4536 2076 4597 Ῑ)
2103 4559 2535 4632 totosplendidze
2551 4536 3116 4632 Carthaginis—populo
3136 4559 3322 4631 judice
3345 4561 3668 4631 ponderemr.

2097 4653 2175 4709 Ita
2203 4655 2404 4724 quippe
2433 4655 2606 4711 oculis
2650 4671 2757 4710 non
2803 4655 2980 4711 solum
3008 4653 3162 4711 urbis
3191 4654 3424 4725 hujusce
3448 4695 3464 4722 ,
3508 4657 3668 4711 verum

2069 4808 2074 4815 η
2097 4747 2260 4801 etiam
2283 4748 2551 4804 universas
2574 4736 2865 4820 provincia:
2888 4756 3033 4807 tctus
3056 4764 3296 4806 emensa:
3317 4748 3668 4822 disputationis

2101 4840 2234 4906 ordo
2260 4841 2524 4910 pandetur
2546 4884 2562 4909 ,
2616 4853 2674 4898 ut
2724 4852 2831 4897 tam
2864 4844 3275 4914 prosecutiones
3304 4841 3667 4913 disputantium

2101 4931 2477 4999 episcoporum
2524 4951 2685 5004 quam
2736 4932 3178 5007 prosecutionum
3235 4951 3484 4992 mearum
3518 4933 3668 4999 series

2103 5021 2418 5088 subsecuta,
2465 5024 2687 5095 digestis
2715 5029 2771 5083 in
2802 5029 3017 5099 publico
3048 5029 3424 5086 voluminibus
3450 5027 3665 5099 explice-

2106 5121 2211 5167 tur.
2255 5114 2380 5167 Htec
2404 5114 2547 5168 enim
2573 5117 2626 5170 in
2652 5118 2835 5187 judice
2866 5124 3132 5178 securitas
3161 5123 3291 5181 ﬁdei
3319 5130 3422 5192 est,
3451 5133 3510 5181 ut
3531 5123 3664 5179 dese

2104 5217 2210 5258 non
2249 5203 2437 5258 timeat
2462 5205 2713 5275 judicari.
2759 5209 2842 5281 Ut
2861 5211 3023 5280 igitur
3051 5215 3107 5268 in
3134 5200 3421 5273 eliciendae
3443 5214 3662 5272 veritatis

2103 5312 2330 5354 examen
2365 5313 2469 5354 non
2508 5300 2753 5371 inserpat
2778 5301 3119 5373 aliquatenus
3149 5307 3484 5365 calumniosa
3505 5305 3664 5378 suspi-

2101 5389 2189 5444 cio
2214 5433 2228 5456 ,
2280 5390 2566 5463 lucemque
2593 5393 2931 5462 perspicuam
2961 5409 3124 5465 quam
3153 5397 3428 5453 mentibus
3457 5396 3661 5468 publicis

2099 5482 2482 5553 probationum
2534 5485 2866 5541 evidentium
2917 5485 3054 5542 ﬁdes
3100 5485 3354 5544 absoluta
3389 5469 3656 5558 lpurgahit,

2095 5573 2261 5631 nullis
2303 5577 2519 5646 penitus
2546 5577 2760 5634 nebulis
2789 5579 3032 5636 causatio
3059 5578 3350 5650 cujuslibet
3387 5581 3552 5652 partis
3571 5579 3654 5634 oh-

2094 5660 2258 5724 ddcat
2283 5683 2298 5731 ;
2351 5669 2598 5726 id-etiam
2628 5680 2815 5728 contra
2852 5666 3242 5743 suspicionum
3270 5671 3426 5731 fucos
3450 5679 3506 5736 et
3525 5683 3653 5728 colll-

2091 5769 2276 5818 menta
2302 5760 2523 5820 fallendi
2553 5763 2863 5822 necessario
2883 5765 3182 5836 provisum.
3211 5759 3650 5825 Novesium-Isi
