3838 6222
203 297 340 353 1965

1161 296 1390 354 GESTA
1428 294 1889 374 (IOLLATIONIS.
1920 293 2528 371 CARTHAGINENSIS.

3341 300 3483 359 1266

196 427 304 468 non
331 413 504 468 solum
535 421 792 481 oportere
816 455 830 481 ,
862 425 1047 467 verum
1077 411 1240 468 etiam
1272 411 1531 482 expedire
1558 414 1784 480 servari,
1814 413 1864 474 A
1891 413 2033 470 sisse
2063 413 2460 484 proﬁtebuntur
2479 411 2743 481 epistolae,
2767 411 3078 483 primatium
3110 416 3482 472 tantummodo

192 505 402 561 scilicet
433 514 492 561 ut
524 507 866 563 interlatihus
895 505 1031 558 meis
1069 519 1156 558 me
1196 504 1449 574 primitus
1480 519 1578 574 per
1605 503 1785 560 omnia

1891 507 2271 578 episcoporum
2302 505 2700 576 subscriptione
2728 506 3026 576 signentur.
3078 505 3290 563 Sufﬁcit
3332 509 3478 565 enim

190 596 600 662 subscribente,
629 595 791 650 etiam
821 609 1013 650 omnes
1040 594 1376 663 disputantes
1405 594 1643 664 episcopi
1674 595 1786 650 suis
1888 599 1993 653 illis
2020 599 2264 670 epistolis
2293 597 2658 654 universalem
2692 599 2774 668 (ut
2813 599 2883 653 ita
2914 599 3170 673 dixerim)
3198 601 3478 673 subscrip-

189 687 244 742 in
275 687 474 744 scheda
503 687 970 756 prosecutionibus
1000 686 1236 741 universi
1265 686 1467 756 absque
1498 685 1604 739 ulla
1635 701 1787 755 pror-
1886 689 2088 744 tionem
2117 691 2501 760 episcoporum
2535 689 2777 744 omnium
2806 692 3081 748 cohaerere
3106 734 3120 759 ,
3163 693 3361 763 quibus
3391 703 3474 751 to-

87 814 103 818 -
185 792 286 834 sus
323 777 676 833 excusatione
711 777 1075 833 subscribant.
1119 776 1301 846 Exigit
1339 778 1482 831 enim
1529 777 1783 831 meritum

187 870 356 936 ﬁdei,
406 880 463 926 ut
487 870 748 928 adversus
777 887 901 927 eum
928 872 1020 942 qui
1053 871 1448 926 assertionibus
1475 870 1588 925 suis
1618 869 1780 939 perfi-

180 962 316 1018 dum
359 963 497 1021 forte
534 963 842 1020 subducere
871 963 1094 1019 tentarit
1143 978 1427 1019 assensum
1460 972 1514 1018 et
1551 961 1782 1016 inficiari

1889 789 1998 834 tum
2020 781 2395 851 disputationis
2417 779 2665 836 ordinem
2685 780 3079 839 conferentium
3101 793 3470 856 septenorum,

1885 885 2059 929 ratum
2087 891 2148 930 se
2180 876 2460 931 habituros
2486 891 2614 931 esse
2644 877 3010 947 promiserint.

1958 970 2044 1024 M.
2078 969 2412 1024 Marcellinus
2442 971 2519 1024 uir
2545 970 2859 1025 clarissimus
2878 971 3113 1031 tribunus
3142 981 3191 1028 et
3231 975 3465 1031 notarius

180 1072 308 1135 quae
335 1056 566 1124 dixerit,
611 1047 773 1113 etiam
802 1055 1100 1114 testimonii
1133 1056 1216 1111 sui
1247 1056 1511 1111 consistat
1540 1053 1781 1109 auctori-
1881 1061 2033 1116 dixit.
2089 1061 2200 1116 Hoc
2252 1059 2466 1132 quoque
2509 1061 2741 1117 edictum
2771 1063 3028 1133 suscipiet
3069 1078 3262 1134 corpus
3305 1078 3456 1124 acto-

182 1157 309 1215 tas;
357 1149 450 1204 ubi
478 1149 580 1205 soli
613 1149 826 1220 prolicit
852 1149 1078 1204 victoria
1107 1147 1341 1202 veritati.
1392 1147 1430 1201 li
1469 1155 1650 1200 autem
1685 1145 1777 1215 qui

178 1241 494 1312 excipiendi
525 1241 824 1314 funguntur
844 1240 1027 1298 ofﬁcio
1058 1251 1255 1312 praeter
1276 1254 1372 1295 eos
1397 1239 1487 1310 qui
1517 1237 1774 1293 dieationi

111 1332 114 1333 ⁷
177 1349 320 1390 mea:
340 1334 409 1389 de
431 1334 664 1405 publicis
691 1335 1078 1406 praestolamur
1096 1331 1312 1402 ofﬁciis,
1337 1332 1500 1388 etiam
1525 1330 1773 1401 quaterni

175 1426 250 1482 de
285 1427 513 1498 singulis
561 1430 806 1500 partibus
847 1428 1201 1486 ecclesiastici
1249 1427 1470 1482 alternis
1500 1424 1773 1481 debebunt

172 1518 395 1575 adstare
414 1521 640 1576 notarii:
663 1535 891 1592 quorum
915 1521 1049 1576 ﬁdes
1071 1536 1139 1576 ne
1159 1527 1262 1590 qua
1286 1519 1502 1574 vacillet
1521 1517 1769 1588 ambage,

171 1613 425 1681 quaterni
471 1611 714 1682 episcopi
762 1614 995 1682 partium
1043 1612 1374 1683 singularum
1407 1611 1604 1668 delecti
1645 1623 1770 1665 suo-

171 1718 296 1758 rum
325 1703 536 1774 judicio
566 1713 957 1776 prmponantur
980 1743 995 1769 ,
1024 1715 1080 1759 ut
1111 1704 1331 1761 eosdem
1357 1712 1677 1782 exeeptores
1704 1716 1768 1756 ae

1881 1168 2021 1208 rum.
2045 1152 2124 1208 Ne
2143 1153 2270 1224 quid
2302 1164 2485 1209 autem
2526 1153 2650 1209 fidei
2681 1154 2963 1226 pleuorum
2986 1155 3230 1211 videatur
3275 1158 3468 1219 deesse

1877 1254 2151 1316 gestorum
2179 1286 2193 1312 ,
2223 1246 2476 1302 universa
2498 1262 2620 1317 quae
2648 1261 2678 1301 a
2713 1247 2956 1316 partibus
3001 1245 3181 1302 medio
3227 1257 3470 1318 tempore

1876 1338 1962 1394 vel
1999 1338 2202 1410 scripta
2232 1347 2396 1406 sunt,
2423 1339 2508 1396 vel
2554 1339 2799 1395 intimata
2834 1339 3052 1410 iudiciis
3079 1351 3359 1411 percurrat
3383 1345 3463 1400 of-

1877 1430 2084 1486 ﬁcium.

1949 1520 2038 1575 12.
2066 1520 2356 1576 Ρειὶιίωιιιε
2376 1522 2646 1592 cpiscopus
2663 1521 2813 1577 dixit.
2838 1521 3010 1594 Egisti
3039 1533 3221 1594 partes
3243 1514 3360 1580 tuas
3391 1526 3472 1582 vir

1874 1614 2091 1682 nobilis,
2117 1624 2175 1669 ut
2201 1626 2256 1671 et
2285 1617 2520 1685 partibus
2545 1627 2596 1672 te
2637 1617 2838 1686 justum
2864 1618 3097 1674 futurum
3123 1633 3244 1675 esse
3269 1620 3471 1691 promi-

1872 1706 2032 1770 seris,
2067 1715 2124 1762 et
2149 1706 2368 1784 auribus
2408 1707 2637 1777 publicis
2682 1709 3018 1779 popularem.
3050 1710 3160 1767 Sed
3198 1711 3322 1782 quia
3354 1713 3470 1769 haec

171 1796 421 1851 notarios
444 1837 460 1862 ,
507 1796 751 1868 pervigili
786 1812 867 1853 'ae
907 1797 1142 1853 sollicita
1175 1797 1554 1852 observatione
1581 1804 1766 1851 custo-
1796 1793 1844 1853 B
1870 1798 2051 1853 omnia
2077 1806 2200 1853 ante
2221 1813 2440 1854 causam
2471 1806 2619 1867 sunt,
2668 1815 2778 1855 non
2818 1799 2886 1856 de
2916 1815 3098 1870 causa,
3142 1803 3198 1858 id
3227 1805 3462 1873 primum

169 1888 348 1957 diant,
372 1901 641 1961 quatenus
665 1906 786 1947 cum
817 1890 1020 1947 eisdem
1047 1891 1429 1961 exceptoribus
1451 1904 1517 1945 ac
1543 1889 1771 1945 notariis

166 1984 377 2051 egressi
412 1997 508 2053 per
538 1984 684 2040 vices
710 2025 725 2051 ,
778 1983 1012 2039 subinde
1041 1982 1250 2039 faciant
1281 1980 1564 2053 perspicua
1592 1980 1769 2054 digeri

164 2071 542 2145 descriptione
580 2092 703 2148 quae
734 2075 878 2132 dicta
907 2085 1070 2143 sunt,
1119 2084 1180 2132 ut
1208 2076 1564 2131 nihilominus
1592 2075 1768 2131 adhuc

163 2167 447 2240 episcopis
469 2168 642 2241 ’ξω
680 2170 1002 2241 supradictis
1036 2170 1094 2225 in
1123 2168 1514 2241 disceptatione
1545 2183 1766 2224 versan-

166 2262 314 2319 tibus
339 2304 354 2329 ,
403 2273 646 2320 transeat
688 2265 738 2320 in
781 2265 964 2336 apices
990 2265 1268 2321 evidentes
1306 2263 1604 2335 profligatae
1637 2279 1767 2334 pars

164 2354 354 2425 aliqua
398 2357 715 2427 quaestionis
742 2399 758 2423 ,
806 2366 864 2413 ut
909 2359 1190 2413 confesum
1219 2372 1282 2412 ea
1311 2371 1432 2412 cum
1471 2371 1501 2412 a
1528 2356 1767 2427 septenis

161 2448 442 2520 episcopis
467 2450 708 2506 subnexa
737 2449 1140 2522 subscriptione
1165 2491 1181 2517 ,
1213 2450 1450 2506 celerem
1477 2457 1768 2520 exspecta-

165 2539 303 2596 tioni
328 2543 558 2612 publica:
579 2543 818 2600 tribuant
839 2545 1136 2600 notionem.
1176 2544 1304 2598 Post
1332 2534 1560 2614 primum
1584 2550 1766 2598 autem

162 2635 476 2690 collationis
501 2636 662 2704 diem,
688 2636 1040 2707 descriptioni
1068 2635 1565 2706 subscriptionique
1583 2641 1768 2706 gesto-

165 2742 293 2784 rum
318 2770 333 2794 ,
383 2728 562 2784 locum
590 2729 696 2784 diei
728 2728 1111 2800 subsequentis
1141 2727 1340 2784 efﬁciet
1371 2728 1764 2798 procrastinata

164 2820 447 2890 cognitio,
496 2821 569 2875 ita
618 2828 679 2875 ut
721 2820 772 2876 si
799 2821 929 2892 quid
969 2821 1108 2876 forte
1133 2820 1463 2892 prtecedenti
1490 2803 1766 2876 collationi

165 2916 472 2986 supererit,
514 2914 568 2970 in
599 2914 744 2971 diem
774 2916 994 2971 tertium
1023 2922 1269 2970 recurrat
1297 2927 1544 2969 examen.
1593 2911 1765 2969 Omne

165 3007 338 3078 igitur
368 3007 602 3077 spatium
632 3005 947 3063 conferendi
977 3007 1216 3062 vicissim
1245 3006 1353 3062 diei
1384 3007 1551 3062 unius
1597 3006 1765 3060 inter-

163 3100 379 3170 capedo
407 3101 701 3170 distinguet
726 3142 743 3169 ,
799 3115 906 3172 quo
938 3102 1148 3172 possint
1192 3101 1246 3156 in
1273 3099 1455 3156 medio
1485 3107 1640 3171 gesta
1670 3114 1765 3155 su-

1874 1899 2020 1947 tuam
2047 1892 2279 1964 petimus
2309 1901 2651 1963 potestatem,
2675 1903 2730 1947 ut
2759 1894 2805 1948 is
2833 1894 2924 1964 qui
2950 1910 3037 1950 me
3059 1897 3222 1951 acciri
3249 1897 3464 1963 edictis,

1872 1969 1961 2055 qui
2003 1983 2073 2039 de
2112 1983 2247 2038 meis
2271 1983 2487 2040 sedibus
2503 1983 2757 2052 evocari,
2778 1984 2978 2062 quinte
2993 1983 3232 2047 laborem
3253 1971 3465 2044 itineris

1875 2075 1992 2148 pati
2017 2075 2356 2145 inquietavit,
2385 2075 2549 2147 petita
2573 2084 2630 2130 ut
2648 2074 2818 2131 voluit
2840 2087 3125 2146 proponat,
3154 2092 3252 2133 cur
3275 2094 3458 2135 meam

1870 2167 2190 2223 desiderarit
2207 2166 2398 2222 adesse
2427 2167 2790 2237 praesentiam,
2813 2173 2874 2220 ut
2903 2171 3143 2234 noverim
3171 2180 3349 2224 tttrum
3378 2170 3466 2226 vel

1869 2258 1996 2329 quid
2037 2256 2265 2312 debeam
2319 2255 2669 2328 respondere.
2722 2253 2790 2309 Et
2820 2256 2926 2311 alia
2952 2271 3129 2313 manu.
3162 2257 3460 2316 Petilianus

1870 2351 2160 2422 episcopus
2182 2349 2492 2422 recognovi.

1943 2442 2032 2498 15.
2067 2438 2404 2496 Marcellinus
2428 2442 2508 2496 uir
2529 2433 2843 2498 clarissimus
2880 2444 3111 2500 tribunus
3147 2454 3197 2500 et
3236 2448 3469 2503 notarius

1870 2533 2018 2588 dixit.
2044 2531 2170 2588 Haec
2195 2548 2297 2588 suo
2320 2535 2441 2589 loco
2466 2541 2522 2589 et
2550 2533 2741 2589 ordine
2771 2534 2972 2591 rectius
3001 2544 3350 2607 peragentur.
3378 2537 3463 2594 ln-

1871 2625 2027 2680 terim
2047 2625 2192 2695 quod
2223 2625 2382 2680 statui
2413 2636 2692 2695 percurrat
2716 2625 2977 2683 ofﬁcium.

1943 2716 2029 2770 Η.
2065 2715 2321 2772 Romulus
2341 2728 2584 2790 exceptat
2609 2720 2861 2774 recitavit.
2887 2720 3210 2792 Exemplum
3237 2723 3465 2779 notarius

1871 2807 2294 2865 Donatistarum.
2326 2808 2460 2866 Post
2504 2812 2843 2885 consulatum
2870 2801 3102 2868 Varan'is
3145 2814 3244 2868 viri
3275 2814 3464 2870 claris-

1869 2901 1990 2956 simi
2019 2910 2210 2958 octavo
2233 2901 2492 2978 kalendas
2525 2902 2715 2960 lunias
2763 2903 2952 2960 Flavio
2980 2905 3293 2968 Marcellino
3339 2908 3464 2963 viro

1869 2994 2170 3051 clarissimo
2207 3004 2261 3050 et
2292 2991 2571 3065 spectabili
2627 2997 2844 3053 tribuno
2896 3008 2948 3054 et
2981 2999 3212 3066 notario,
3262 2998 3465 3055 Janua-

1868 3090 2020 3154 rius,
2072 3087 2377 3145 Primianus
2423 3099 2478 3146 et
2524 3091 2709 3157 caeteri
2767 3092 2994 3148 sincerus
3039 3076 3466 3151 Christianitatis

164 3195 338 3252 binde
362 3193 752 3251 subscribeuda
783 3193 1042 3261 describi,
1074 3206 1508 3256 memoratorum,
1533 3208 1678 3264 praes

1947 3180 2110 3251 iscopi
2134 3189 2197 3249 et.
2213 3183 2496 3239 catholica:
2524 3183 2789 3239 veritatis.
2821 3183 3017 3239 Notum
3041 3184 3266 3240 facimus
3288 3186 3463 3242 since-

167 3288 322 3344 lante
342 3287 608 3351 custodia.
628 3288 718 3358 qui
743 3287 848 3344 hoc
871 3287 978 3343 ﬁne
1003 3303 1160 3342 suum
1188 3286 1480 3342 metiantur
1501 3285 1763 3354 ofﬁcium,

167 3395 282 3436 non
312 3388 370 3435 ut
394 3379 594 3450 aliquid
626 3379 826 3448 dicant,
850 3380 943 3435 sed
974 3380 1190 3435 utdicta
1217 3378 1768 3434 custodiant..Donee

165 3481 354 3527 autem
384 3485 608 3526 emenso
643 3471 791 3526 exitu
834 3472 1193 3542 qumstionum
1222 3513 1236 3539 ,
1288 3485 1480 3527 omnes
1511 3469 1766 3540 expedita

164 3564 375 3619 veritas
403 3564 603 3620 enodet
631 3565 926 3635 ambages,
978 3563 1210 3620 schedas
1257 3562 1488 3619 subinde
1536 3562 1770 3634 scriptas

169 3655 381 3726 pariter
407 3663 572 3726 atque“
597 3655 932 3726 subscriptas
949 3696 964 3721 ,
992 3663 1098 3709 tam
1128 3655 1235 3709 mei
1263 3654 1425 3724 sigilli
1458 3669 1619 3725 quam
1644 3653 1769 3710 illo-

166 3764 295 3804 rum
316 3757 439 3803 oeto
459 3747 746 3805 custodum
767 3747 1001 3816 signabit
1033 3747 1336 3816 impressio.
1361 3746 1770 3801 Maximianistis

174 3840 347 3896 etiam
370 3839 533 3895 edicti
558 3838 717 3908 hujus
745 3840 1048 3894 innoteseet
1073 3838 1391 3904 auctoritas,
1431 3853 1534 3909 qua
1563 3835 1670 3892 sibi
1701 3837 1770 3893 ab

170 3934 274 3990 illo
304 3913 539 3989 concilio
591 3931 893 4004 intelligant
939 3911 1347 4002 temperandum
1373 3975 1388 3999 ,
1437 3931 1584 4003 quod
1627 3931 1771 3987 inter

167 4023 488 4081 Catholicos
524 4024 940 4094 Donatistasque
982 4023 1248 4094 distingui
1274 4023 1339 4094 (f.
1373 4024 1668 4094 discingui,
1713 4022 1777 4077 ut

168 4116 342 4170 tertiw
361 4115 552 4188 regnit.
577 4131 625 4176 ε,
651 4112 775 4184 149)
805 4128 1020 4169 omnem
1052 4113 1441 4184 dijudicariqne
1462 4113 1770 4168 conflictum

170 4207 522 4263 clementium
551 4205 857 4278 principum
887 4205 1178 4276 praeceptio
1202 4206 1449 4276 religiosa
1472 4207 1769 4273 constituit,

170 4315 279 4359 nec
304 4301 384 4356 eis
409 4299 664 4372 opitulari
689 4300 1030 4372 aliquatenus
1056 4315 1218 4372 posse
1237 4343 1253 4367 ,
1297 4299 1440 4372 quod
1465 4301 1566 4357 sibi
1599 4302 1774 4356 Dona-

183 4397 437 4450 tistarum
465 4395 683 4450 nomine
712 4393 1058 4450 blandiuntur
1077 4435 1093 4460 ,
1137 4409 1258 4449 cum
1287 4409 1314 4446 a
1342 4394 1666 4449 Donastistis
1693 4393 1776 4450 di-

171 4495 370 4544 cantur
399 4501 519 4541 esse
547 4486 810 4542 damnati.
868 4486 923 4541 Si
958 4487 1078 4556 quis
1105 4501 1170 4541 ex
1206 4487 1336 4556 istis
1360 4485 1481 4556 qua:
1511 4484 1774 4542 adversus

1869 3273 2016 3330 ritati
2046 3283 2171 3341 tuae,
2203 3289 2301 3331 nos
2327 3274 2506 3331 edicto
2536 3284 2628 3331 tuo
2657 3285 2974 3346 eonventos,
3000 3293 3070 3333 ex
3095 3275 3323 3334 diversis
3345 3292 3493 3348 par--

1873 3367 2014 3423 tibus
2047 3366 2244 3423 Africa:
2275 3369 2650 3437 eonvolantes,
2683 3370 2960 3441 ingressos
2981 3371 3146 3428 fuisse
3183 3373 3467 3444 Carthagi-

1873 3475 1999 3515 nem
2029 3475 2098 3515 xv
2117 3459 2205 3515 die
2223 3458 2334 3515 kal.
2365 3460 2489 3517 Jun.
2516 3461 2671 3532 cujus
2706 3464 2878 3518 nostri
2903 3464 3167 3522 adventus
3195 3476 3252 3522 et
3280 3481 3470 3523 omnes

1871 3567 2009 3624 quos
2038 3552 2305 3624 Carthago
2327 3555 2570 3610 continet
2597 3565 2770 3612 testes
2797 3567 2957 3625 sunt,
2983 3569 3041 3615 et
3066 3567 3158 3616 tua
3184 3562 3469 3617 sinceritas

1874 3660 1983 3702 non
2012 3646 2243 3717 ignorat.
2275 3646 2442 3703 Tanta
2491 3648 2634 3703 enim
2660 3650 2739 3704 vis
2786 3650 3139 3722 jurisjnrandi
3180 3654 3256 3709 tui
3285 3654 3468 3712 edicto

1873 3745 1968 3792 tuo
1991 3752 2246 3807 expressa
2275 3749 2376 3807 est,
2421 3748 2478 3794 ut
2505 3741 2747 3811 exceptis
2772 3740 2856 3798 his
2883 3741 3020 3814 quos
3047 3743 3288 3801 adversa:
3313 3747 3464 3803 vale-

1873 3830 2086 3887 tudines
2111 3845 2400 3902 corporum
2433 3832 2486 3888 in
2508 3832 2729 3889 sedibus
2761 3835 3019 3904 retinent,
3066 3849 3160 3892 aut
3200 3825 3467 3910 aigritudo

1874 3925 1926 3980 in
1941 3925 2024 3980 via
2039 3924 2470 3997 comprehendit,
2491 3941 2592 3982 nec
2615 3918 2963 3998 gravissimos
2982 3945 3143 3986 senes
3161 3934 3469 3999 annositas,

1875 4018 2203 4089 necprolixi
2251 4018 2460 4075 itineris
2495 4019 2649 4076 labor
2697 4022 2936 4092 potuerit
2972 4022 3282 4092 prohibere.
3311 4025 3467 4092 Quod

1875 4126 2000 4167 cum
2027 4111 2203 4168 solum
2225 4110 2458 4168 edictum
2507 4121 2634 4188 ante
2660 4125 2878 4169 causam
2905 4113 3204 4182 sufficeret,
3235 4116 3467 4174 alterum

1875 4196 2090 4277 quoque
2139 4205 2389 4277 dignatus
2423 4222 2484 4263 es
2529 4208 2694 4264 edere
2716 4250 2731 4275 ,
2790 4208 2844 4264 in
2869 4224 2976 4280 quo
3002 4225 3125 4265 cum
3154 4210 3322 4272 multa
3367 4226 3470 4268 nos

1877 4309 2152 4368 moveant,
2179 4309 2290 4354 tum
2318 4301 2589 4372 praecipue
2617 4312 2863 4372 magnam
2880 4283 3298 4358 sollicitudinem
3321 4301 3469 4371 facit,

1877 4392 2003 4462 quia
2035 4406 2131 4448 nos
2154 4391 2303 4462 ipsos
2319 4393 2503 4448 edicto
2529 4402 2623 4448 tuo
2652 4393 2899 4464 epistolis
2928 4388 3129 4450 nostris
3146 4393 3463 4466 adstipulari

1879 4492 2131 4554 Oportere
2159 4483 2439 4550 censuisti,
2467 4499 2589 4540 cum
2618 4484 2722 4541 hoc
2748 4498 2850 4540 nee
2874 4499 2994 4541 mos
3009 4485 3259 4557 publicus
3280 4485 3484 4542 habeat

172 4593 371 4634 omnes
400 4578 705 4633 multifaria;
734 4579 1056 4649 suspicionis
1104 4578 1324 4634 insidias
1368 4579 1581 4648 provisa
1621 4577 1771 4634 solli—
1799 4575 1853 4636 D
1879 4591 1979 4630 nec
2021 4575 2264 4646 judicum
2318 4577 2671 4632 consuetudo.
2719 4577 2834 4645 Qua
2883 4577 2953 4635 de
3000 4594 3062 4635 re
3105 4580 3472 4636 sinceritatem

171 4673 321 4738 cite,
363 4676 656 4727 constituta
687 4671 1222 4737 ﬁdeliter,.ordinata
1252 4672 1574 4741 diligenter,
1620 4681 1775 4728 tenor

174 4765 342 4834 httjus
374 4765 758 4836 propositionis
788 4764 1153 4836 amplectitur,
1184 4762 1651 4835 (modo)quolibet
1678 4765 1778 4820 ob-

109 4861 113 4864 “
175 4872 405 4913 servare
437 4856 691 4922 noluerit,
727 4873 832 4912 non
861 4858 1037 4912 solum
1069 4857 1198 4925 quid
1227 4856 1295 4912 de
1325 4872 1487 4912 causa
1518 4871 1617 4913 sua
1651 4872 1776 4912 sen-

178 4954 279 5007 tiat
307 4951 595 5006 conﬁtetur
619 4991 634 5016 ,
679 4965 863 5006 verum
892 4950 1056 5006 etiam
1088 4950 1214 5021 quid
1241 4950 1492 5006 moliatur
1516 4949 1773 5005 ostendit.

181 5029 405 5102 Sufficit
445 5043 660 5098 interim
694 5030 961 5110 cognituri
1001 5040 1126 5097 talis
1166 5043 1519 5113 praerogativa
1553 5041 1795 5113 justitiaa'

177 5138 344 5208 hujus
375 5137 815 5192 commonitionis
845 5135 988 5190 circa
1038 5137 1323 5192 universos
1368 5138 1654 5206 episcOpos
1697 5135 1778 5192 fe-

176 5231 324 5287 cisse
373 5229 630 5300 populum
677 5229 779 5284 sibi
837 5227 1011 5297 plebis
1057 5225 1504 5300 Carthaginensis
1547 5237 1775 5297 testem,

179 5339 344 5394 quem
378 5337 504 5377 mox
537 5329 624 5377 est
652 5320 931 5376 habiturus
967 5319 1227 5389 iudicem.
1277 5320 1538 5390 Superest
1569 5330 1627 5376 ut
1652 5329 1780 5378 ante

180 5416 397 5474 concilii
425 5415 569 5471 diem
603 5415 921 5470 universum
955 5413 1179 5485 hujusce
1218 5414 1575 5468 ordinationis
1621 5423 1779 5471 teno-

183 5523 336 5573 rem,
408 5507 690 5578 utriusque
739 5507 906 5578 partis
955 5507 1194 5577 episcopi
1244 5516 1519 5574 amputata
1569 5507 1780 5577 penitus

184 5614 340 5656 mora
368 5599 550 5672 missis
573 5599 639 5655 ad
666 5599 992 5672 dicationem
1027 5614 1200 5654 meam
1233 5598 1428 5654 litteris
1455 5600 1566 5654 suis
1589 5600 1780 5671 imple-

185 5699 337 5745 turos
366 5705 426 5744 se
450 5671 602 5754 esse
634 5671 988 5758 promittant;
1031 5689 1135 5745 hoc
1166 5689 1436 5760 praaeipue
1480 5700 1780 5761 maturato,

186 5791 243 5837 ut
269 5779 482 5837 eaedem
512 5779 707 5852 quibus
733 5781 1005 5856 adlomnia
1035 5781 1259 5852 hujusce
1278 5780 1440 5840 edicti
1472 5796 1532 5839 se
1555 5797 1788 5840 consen-

1878 4677 2023 4723 tuam
2074 4668 2362 4738 plurimum
2405 4670 2795 4736 exhortamur,
2844 4678 2906 4726 ut
2942 4671 3141 4746 prioris
3177 4672 3338 4729 edicti
3367 4672 3475 4729 ﬁde

1878 4770 2122 4826 servata,
2177 4769 2407 4817 cunctos
2461 4775 2562 4818 nos
2597 4763 2668 4818 ad
2715 4773 2768 4818 te
2825 4763 3011 4818 venire
3057 4763 3370 4835 praecipias,
3413 4773 3476 4821 ut

1879 4855 2279 4923 quamprimum
2302 4852 2372 4910 de
2401 4868 2626 4910 numero
2652 4863 2842 4910 nostro
2859 4845 3090 4924 constet,
3124 4871 3262 4927 quos
3283 4857 3478 4913 adver-

1881 4945 2014 4999 sarii
2035 4959 2236 5016 paucos
2263 4960 2385 5002 esse
2415 4961 2561 5017 saepe
2589 4947 2798 5002 mentiti
2820 4955 2969 5012 sunt,
3001 4957 3062 5003 ut
3089 4949 3196 5004 rite
3221 4949 3475 5007 omnibus

1881 5037 2148 5115 ordinatis
2188 5055 2308 5108 qua:
2331 5039 2531 5094 nostris
2557 5039 2797 5110 partibus
2819 5049 3137 5110 competunt
3159 5081 3175 5107 ,
3204 5041 3478 5113 discepta-

1882 5133 1957 5188 tio
1983 5133 2370 5204 subsequatur;
2401 5148 2468 5189 ne
2489 5141 2585 5188 aut
2610 5132 2786 5189 edicta
2813 5147 2874 5190 se
2895 5142 3001 5190 tua:
3025 5135 3472 5191 sineeritatisim;

1874 5215 2140 5308 pugnent,
2167 5234 2260 5281 aut
2284 5226 2443 5282 nobis
2463 5228 2748 5300 quicquam
2767 5225 3104 5299 praeiudieet,
3136 5236 3194 5284 ut
3209 5244 3332 5286 enm
3357 5235 3475 5286 om-

1883 5336 1979 5377 nes
1999 5320 2184 5376 venire
2203 5321 2528 5391 praeceperis
2559 5363 2574 5386 ,
2617 5336 2819 5393 paucos
2840 5337 2987 5380 nune
3009 5322 3204 5380 adesse
3233 5323 3370 5380 velle
3397 5325 3478 5380 vi-

1883 5413 2083 5470 dearis.
2117 5412 2232 5469 Hoc
2263 5413 2407 5469 enim
2438 5413 2598 5471 decet
2643 5425 2700 5470 et
2744 5416 2964 5496 expedit
2993 5425 3052 5473 ut
3091 5417 3297 5472 cunctis
3334 5431 3475 5487 pra:-

1886 5506 2132 5564 sentibus
2158 5521 2448 5564 commune
2478 5509 2754 5581 negotium
2781 5510 2936 5581 pauci
2968 5509 3277 5580 loquantur.
3312 5510 3480 5580 Hujus

1883 5599 2120 5655 Notariae
2150 5614 2335 5670 parem
2364 5601 2506 5673 apud
2549 5617 2649 5658 nos
2697 5603 3036 5658 retinuimus.
3073 5599 3140 5654 Et
3163 5600 3270 5652 alia
3298 5616 3475 5654 uiuus.

1884 5693 2245 5751 Januarianus
2275 5692 3004 5767 episeopus_'subscripsi..Et
3024 5692 3128 5745 alia
3155 5705 3332 5746 manu.
3355 5689 3474 5745 Prié

1885 5787 2100 5844 miauus
2131 5789 2418 5859 episeOpns
2444 5787 2756 5856 subscripsi.
