3838 6222
394 212 529 266 1287

1351 209 1575 264 (ἱΕὸΐὼ
1613 204 2073 263 ωιιΑτωΝιε
2110 202 2735 261 εΑῐιτιιΑοιΝΕΝδιε.

3560 200 3691 255 Ιὲίιὸ

464 324 552 380 15.
588 322 924 377 Marcellinus
947 321 1023 374 νίν
1050 299 1368 384 clarissimus
1396 324 1631 378 tribunus
1671 332 1717 377 ct
1753 323 1992 378 notarius
2017 325 2072 383 Α
2096 335 2315 377 causam
2341 322 2613 395 superﬂue
2636 332 2691 382 et
2739 331 2863 379 ante
2910 323 3103 400 merita
3151 318 3469 390 principalis
3498 322 3689 389 negotii

388 417 540 472 dixit.
572 414 811 469 Alterius
837 426 1049 483 quoque
1078 410 1534 485 partlsr‘EGitetur
1561 414 1811 485 epistola.

465 509 552 563 16.
585 504 840 561 Romulus
860 515 1099 577 exceptor
1120 506 1373 560 recitavit:
1403 500 1718 581 Honorabili
1759 506 1823 563 ac
1856 506 1988 564 dile~

390 604 632 663 (εωεὶωο
662 601 776 657 ﬁlio
802 600 920 656 viro
941 599 1252 657 clarissimo
1281 611 1337 657 et
1363 600 1893 701 speetQilixtribuno
1937 612 1996 659 et

388 694 606 753 notario
632 691 972 759 Marcellino,
1018 692 1292 773 Aurelius,
1323 691 1629 767 Sylvanus,
1657 700 1714 751 et
1755 691 1996 755 universi

387 786 629 865 episcopi
678 784 966 842 Catholici.
987 815 1062 828 -—-
1080 784 1277 843 Edicto
1296 786 1854 858 spectabilitatism,
1878 796 1990 844 etc.

385 879 543 938 Extat
568 879 942 953 apudAugust,
971 888 1010 934 t.
1034 895 1090 946 ιι,
1122 878 1223 935 col.
1254 879 1385 948 487,
1418 879 1636 953 Ep.l28
1657 891 1844 936 nostra!
1868 878 1990 943 edit.

461 975 547 1029 17.
582 971 917 1027 Marcellinus
959 972 1123 1046 25o
1170 972 1247 1027 uir
1276 971 1596 1028 clarissimus
1625 982 1674 1027 et
1701 969 2015 1042 spectabilis

384 1064 616 1122 tribunus
638 1074 687 1119 et
709 1064 945 1119 notarius
965 1046 1120 1119 dixit.
1137 1063 1401 1133 Quoniam
1412 1064 1625 1134 justitia
1650 1063 1886 1119 dictante
1908 1060 1994 1117 vel

384 1152 496 1214 ﬁde
522 1156 695 1213 semel
713 1170 801 1212 me
824 1154 1183 1228 spepondisse
1210 1154 1580 1220 commemini,
1604 1152 1988 1226 quidquidcum

387 1249 672 1321 utriusque
693 1249 863 1322 partis
908 1249 1177 1333 episcopis
1203 1263 1428 1319 gessero
1458 1248 1512 1303 in
1542 1247 1809 1318 publicam
1822 1254 2009 1301 trans--

298 1367 300 1370 ν
391 1345 687 1400 missurum
718 1356 807 1424 me
834 1356 955 1399 esse
995 1342 1265 1407 notitiam,
1296 1355 1459 1397 causa
1501 1341 1633 1396 mihi
1661 1339 1988 1411 repetendo-

388 1454 511 1496 rum
540 1438 778 1495 nascitur
805 1435 1131 1492 edictorum.
1163 1433 1297 1490 Nam
1324 1450 1447 1491 cum
1467 1424 1796 1507 'superion’s
1816 1434 1992 1490 forma

392 1529 806 1603 programmatis
842 1543 904 1585 ea
937 1527 1145 1600 digesta
1170 1528 1446 1586 contineat
1468 1569 1485 1595 ,
1516 1528 1712 1599 quibus
1741 1526 1990 1583 ordinata

390 1624 633 1695 cognitio
672 1621 997 1698 inoffensum
1047 1629 1306 1694 sequatur
1350 1621 1622 1677 tramitem
1670 1620 1987 1692 judicandi;

2091 434 2434 489 supervacua
2464 434 2584 473 esse
2612 425 2924 484 noscuntur,
2959 430 3134 487 neque
3172 414 3305 469 mihi
3356 425 3540 473 nostra
3570 434 3690 488 pro.

2097 512 2293 581 positio
2334 529 2347 563 :
2392 524 2569 581 neque
2611 508 2828 576 illorum
2864 507 3150 581 responsio
3182 504 3409 563 ofﬁcere
3462 517 3647 578 potest
3671 552 3685 578 ,

2096 617 2243 669 cum,
2271 602 2438 659 salvis
2486 600 2739 655 munibus
2783 608 2911 654 ante
2962 611 3177 653 causam
3231 614 3379 654 nunc
3422 598 3591 657 limen
3615 602 3690 657 in-

2095 696 2268 767 gressi
2287 693 2494 765 judicii,
2526 707 2645 762 quae
2670 692 2778 747 sint
2799 690 2993 746 merita
3018 690 3217 760 negotii
3244 689 3481 748 deﬁnire
3515 694 3689 750 vales.

2093 804 2237 845 mus.
2270 787 2339 841 Et
2372 787 2478 855 alia
2499 801 2672 859 manu.
2706 784 2977 839 Emeritus
2998 783 3289 857 episcopus
3311 787 3625 858 recbgnovi.

2165 881 2257 936 2i.
2287 876 2627 933 Marcellinus
2656 877 2732 929 vir
2753 875 3073 930 clarissimus
3110 876 3349 931 tribunus
3379 887 3427 931 et
3469 880 3689 936 notarius

2048 1026 2071 1043 ,λ
2095 973 2247 1033 dixit.
2282 969 2510 1027 Constat
2528 968 2597 1025 de
2621 982 2783 1025 causa
2810 967 2943 1023 nihil
2960 968 3181 1039 penitus
3218 969 3547 1036 mutilatum,
3569 986 3688 1027 cum

2095 1076 2159 1122 ea
2180 1072 2391 1125 tantum
2419 1076 2540 1132 quae
2569 1070 2694 1115 ante
2716 1060 2917 1131 scripta
2939 1060 3025 1116 vel
3060 1071 3209 1132 gesta
3232 1071 3392 1129 sunt,
3426 1077 3690 1135 praespe-

2092 1160 2197 1216 rim
2227 1156 2468 1215 recitari.
2500 1154 2657 1213 Unde
2687 1156 2941 1227 quoniam
2970 1166 3156 1212 certus
3183 1172 3212 1212 a
3230 1156 3486 1228 partibus
3517 1173 3691 1214 nume-

2090 1266 2186 1309 rus
2235 1250 2497 1307 constitui
2543 1250 2753 1313 debere,
2782 1259 3085 1321 praeceptus
3134 1259 3264 1319 est,
3317 1262 3501 1307 utrum
3523 1252 3690 1309 edicto

2093 1343 2329 1416 paritem
2357 1343 2452 1411 sit,
2485 1342 2896 1414 sicutsnperius
2922 1344 3354 1403 lntert'atussum
3373 1385 3393 1413 ,
3424 1346 3709 1411 venerabi:
3798 1384 3802 1403 ι

2093 1436 2220 1493 litas
2246 1449 2427 1492 vestra
2462 1435 2717 1492 intimare
2739 1431 3011 1508 dignetur.
3159 1456 3205 1463 se
3538 1478 3575 1481 Α

2163 1527 2255 1583 22.
2292 1524 2552 1583 Emaitus
2578 1528 2856 1598 episcopus
2883 1528 3035 1584 dixit.
3063 1528 3344 1585 Admoniti
3374 1529 3594 1598 quidem
3616 1531 3689 1587 in-

2096 1620 2365 1692 tegritatis
2395 1620 2499 1676 tuae
2525 1619 2740 1689 edictis,
2772 1622 2953 1677 omniin
2984 1622 3192 1695 integra
3218 1632 3275 1680 et
3295 1623 3506 1679 illibata
3527 1638 3689 1680 causa:

390 1715 759 1774 necessarium
788 1730 907 1772 esse
923 1729 1267 1782 censueram,
1301 1713 1429 1785 quid
1461 1727 1625 1786 super
1649 1712 1841 1770 eodem
1868 1726 1993 1784 pars
2021 1716 2071 1778 Β
2097 1715 2455 1771 servabimus.
2490 1714 2642 1771 lianc
2668 1726 2910 1784 causam,
2937 1718 2984 1772 si
3016 1711 3250 1787 tempus,
3276 1719 3322 1773 si
3342 1718 3461 1775 dies
3484 1720 3687 1790 patitur,

387 1819 617 1882 utraque
632 1810 882 1877 sentiret,
915 1809 1092 1865 edicto
1118 1808 1477 1863 ab'universis
1527 1805 1799 1880 episcopis
1842 1805 1993 1878 ﬂagi-

402 1914 520 1959 tare
550 1920 563 1957 :
600 1901 730 1973 quid
761 1901 1019 1957 dicationi
1047 1915 1181 1955 mea;
1207 1901 1402 1969 partim
1431 1913 1528 1970 per
1555 1898 1844 1964 notoriam,
1872 1913 1995 1968 par-

396 1996 492 2051 tim
510 2010 621 2066 per
650 1993 934 2064 epistolam
962 1991 1347 2057 rescribeutes,
1380 1989 1511 2062 quid
1539 2004 1703 2062 super
1722 1988 1994 2048 conditio-

394 2087 556 2143 nibus
579 2100 751 2157 nuper
780 2084 1070 2156 propositis
1092 2083 1331 2141 sentiant
1355 2083 1693 2139 intimarent.
1718 2081 1995 2155 Cujusvel

392 2178 662 2252 epistolae,
704 2177 789 2252 vel
819 2176 1047 2233 notoria:
1073 2175 1528 2248 quemadmodum
1575 2191 1635 2234 se
1661 2175 1835 2234 forma
1861 2192 1995 2235 con-

399 2270 603 2337 tineat,
651 2267 986 2326 offerendum
1039 2268 1270 2341 publicis
1313 2268 1589 2325 obtutibus
1632 2269 1904 2340 judicavi,
1938 2279 1998 2328 ut

396 2365 525 2439 quid
553 2366 637 2422 vel
658 2364 1020 2436 pmcedentis
1050 2364 1213 2421 edicti
1237 2371 1415 2421 textus
1451 2365 1724 2437 exegerit,
1753 2364 1841 2421 vel
1882 2366 1996 2421 sin-

394 2457 643 2529 gularum
672 2456 908 2528 partium
929 2456 1286 2527 responsione
1316 2455 1549 2512 relatum
1571 2456 1682 2523 sit,
1712 2455 1801 2512 ubi
1834 2457 1997 2515 totius

396 2550 581 2623 populi
602 2549 961 2607 considerarit
985 2549 1211 2621 agnitio,
1242 2548 1476 2621 qualiter
1502 2564 1562 2606 se
1582 2547 1782 2611 habeat
1800 2550 1998 2606 exami-

396 2646 578 2701 nantis
604 2644 832 2702 intentio
847 2644 1132 2717 perspicue
1142 2643 1319 2716 possit
1340 2643 1642 2701 advertere.
1664 2643 1780 2711 Quo
1802 2645 1994 2715 indito,

395 2739 531 2794 idem
550 2740 802 2815 recitavit.
1368 2762 1373 2767 '
1854 2723 1866 2737 ‘

472 2834 563 2890 18.
594 2833 907 2892 Honorabili
935 2849 998 2891 ac
1021 2834 1376 2892 dilectissimo
1399 2834 1510 2891 ﬁlio
1548 2833 1666 2891 viro
1692 2820 2000 2893 clarissimo

397 2937 454 2983 et
480 2926 757 2996 Spectabili
782 2928 1000 2984 tribuno
1029 2936 1083 2983 et
1108 2929 1323 2984 notario
1344 2927 1681 2995 Marcellino,
1710 2928 1997 2997 Aurelius,

397 3019 650 3077 Silvanus
681 3031 737 3089 et
766 3018 1870 3092 universiepiscOpiCatholici.—Multum
1900 3037 1999 3079 nos

2095 1796 2428 1865 intimamus.
2457 1808 2670 1879 Scimus
2682 1810 2827 1865 enim
2854 1818 2911 1866 et
2934 1801 3116 1866 edicto
3133 1811 3553 1882 Spectabilitatis
3572 1822 3687 1879 tuae,

2096 1912 2151 1960 et
2178 1901 2319 1958 sacri
2350 1910 2542 1961 tenore
2572 1904 2845 1975 rescripti,
2874 1904 3017 1960 intra
3057 1913 3292 1974 quatuor
3320 1920 3543 1961 menses
3569 1920 3691 1961 cau-

2098 2009 2215 2053 sam
2245 1994 2448 2051 denere
2478 1993 2646 2052 ﬁniri.
2670 1994 2728 2052 Si
2756 1996 2858 2052 iste
2887 1983 2974 2052 εει
3001 1996 3116 2052 dies
3140 2039 3155 2064 ,
3180 1996 3467 2053 veniamus
3490 1997 3559 2052 ad
3580 2013 3693 2053 cau-

2096 2104 2235 2146 sam.
2264 2088 2381 2145 Non
2398 2103 2699 2159 possumus
2730 2071 2929 2145 etenim
2948 2085 3245 2162 quicquam
3270 2088 3342 2147 de
3370 2090 3577 2147 meritis
3593 2090 3689 2146 dis-

2098 2192 2339 2256 ceptare,
2370 2185 2472 2240 nisi
2507 2185 2686 2256 primo
2728 2185 2797 2241 de
2825 2184 2914 2241 die
2944 2183 3106 2241 fuerit
3130 2185 3455 2255 judicatum.
3499 2182 3569 2240 Et
3594 2184 3689 2238 slis

2098 2295 2280 2334 manu.
2312 2277 2590 2335 Emeritus
2613 2279 2898 2350 episcopus
2922 2279 3237 2351 recognovi.

2168 2357 2261 2429 25.
2294 2373 2631 2441 Marcellinus
2649 2373 2725 2428 uir
2763 2373 3083 2430 clarissimus
3113 2373 3349 2427 tribunus
3380 2382 3437 2428 et
3459 2376 3687 2432 molarios

2098 2467 2250 2521 dixit.
2277 2466 2356 2523 Ex
2384 2465 2563 2522 edicto
2613 2465 2852 2522 secundo
2897 2466 3041 2521 diem
3073 2479 3411 2537 cognoscere
3454 2468 3684 2538 potuisti,

2099 2559 2192 2630 qui
2244 2558 2364 2614 dies
2391 2557 2501 2613 kal.
2527 2557 2804 2615 Juniarum
2831 2558 3041 2627 videtur
3058 2574 3182 2615 esse
3207 2559 3554 2627 consumtus,
3574 2574 3683 2630 quo-

2097 2652 2246 2708 niam
2279 2652 2424 2709 hunc
2464 2666 2586 2708 esse
2611 2644 2938 2709 hodiernum
2968 2652 3130 2708 etiam
3156 2652 3429 2723 suggestio
3454 2651 3686 2722 patefecit

2096 2743 2288 2812 ofﬁcii,
2343 2752 2399 2800 et
2448 2744 2696 2800 recitatio
2752 2745 3077 2800 monstravit
3136 2743 3347 2812 edicti._
3395 2743 3682 2815 Superest,

2102 2847 2281 2893 utrum
2306 2839 2375 2893 de
2401 2837 2706 2893 ordinando
2750 2838 2968 2907 negotio
3007 2853 3037 2893 a
3084 2837 3284 2894 vestris
3332 2838 3575 2910 partibus
3597 2839 3684 2894 eli-

2098 2929 2401 3000 gendisque
2423 2928 2673 3000 personis
2697 2928 3028 2985 satisfactum
3051 2931 3143 2997 sit,
3177 2930 3481 2987 intimatur.
3522 2915 3681 3007 Siqui?-

2101 3020 2224 3077 dem
2254 3022 2309 3077 in
2330 3022 2557 3077 confusa
2580 3021 2944 3090 multitudine,
2967 3034 3116 3078 certa
3139 3039 3245 3078 non
3260 3026 3565 3093 possitesse
3581 3039 3679 3095 per-

398 3109 655 3171 sollicitos
692 3113 929 3171 reddidit
957 3114 1170 3169 notoria
1201 3113 1283 3169 vel
1314 3113 1506 3170 litterae
1529 3112 1753 3170 fratrum
1782 3126 1999 3173 nostro—
2023 3104 2071 3170 C
2102 3129 2257 3183 sona,
2280 3130 2407 3170 cum
2434 3114 2537 3171 hoc
2561 3124 2771 3171 constet
2800 3117 2962 3172 etiam
2986 3115 3192 3187 legibus
3216 3115 3520 3172 deﬁnitum.

366 3240 369 3247 ι
400 3222 517 3261 rum
540 3249 556 3275 ,
602 3216 708 3263 etc.
757 3198 917 3263 Extat
960 3206 1099 3278 apud
1131 3205 1191 3261 S.
1225 3204 1471 3278 August.,
1501 3215 1625 3262 tam.
1660 3223 1720 3277 tt,
1753 3208 1852 3265 col.
1869 3208 1997 3278 490,

400 3294 572 3366 Epist.
592 3297 711 3352 ¹119
735 3298 974 3352 editionis
994 3308 1206 3352 nostra.

473 3388 739 3463 25219.
774 3388 1113 3443 Marcellinus
1139 3391 1215 3444 τὺ·
1241 3391 1560 3447 clarissimus
1587 3393 1820 3448 tribunus
1835 3404 1885 3449 et
1918 3412 2003 3448 no-

405 3479 570 3535 tarius
590 3481 742 3534 dixit.
775 3481 1071 3535 Evidenter
1097 3482 1344 3551 apparuit
1364 3483 1542 3538 edicto
1559 3483 1842 3539 dicationis
1867 3482 2003 3540 mea:

400 3589 626 3643 numero
651 3574 893 3645 prmstito
922 3589 1081 3643 quem
1113 3590 1179 3630 ex
1207 3577 1445 3630 omnium
1473 3575 1747 3632 voluntate
1762 3578 2005 3647 suscipe-

402 3676 544 3731 rent,
578 3680 763 3722 curam
786 3662 987 3736 negotii
1031 3666 1391 3737 peragendam
1420 3668 1717 3739 ,‘quoniam
1748 3668 1800 3723 id
1838 3669 2000 3724 etiam

405 3760 821 3814 sacratissimum
842 3760 1012 3831 legem
1044 3761 1278 3816 voluisse
1315 3762 1431 3832 ejus
1461 3762 1704 3818 recitatio
1723 3761 1997 3834 patefecit.

406 3851 475 3906 Et
503 3851 628 3922 quia
668 3848 977 3908 Catholicos
1003 3853 1287 3923 episcopos
1312 3853 1381 3908 ad
1409 3854 1568 3909 edicti
1601 3866 1841 3910 tenorem
1871 3870 2000 3911 con-

406 3943 646 3999 sensisse
672 3951 1030 4009 monstratum
1055 3955 1159 4011 est,
1192 3955 1371 4000 utrum
1414 3944 1579 4001 etiam
1607 3948 1847 4016 episcopi
1878 3962 2001 4018 par-

408 4036 479 4091 tis
504 4034 725 4091 alterius
745 4034 813 4091 de
843 4034 945 4091 hac
985 4051 1045 4091 re
1092 4035 1451 4092 satisfecerint
1477 4078 1492 4105 ,
1524 4037 1610 4093 vel
1650 4048 1829 4093 utrum
1859 4054 2003 4096 nunc

406 4129 721 4186 satisfacere
744 4130 934 4197 velint,
962 4130 1213 4186 intimare
1238 4130 1545 4201 dignentur.
1986 4128 1991 4133 ’

480 4222 571 4279 20.
597 4212 854 4276 Emeritus
884 4222 1151 4293 episcopus
1180 4221 1329 4276 dixit.
1362 4225 1496 4277 Acta
1517 4231 1623 4289 est,
1646 4230 1709 4278 ut
1731 4215 2002 4290 arbitror,

412 4329 576 4371 causa
616 4322 675 4371 et
700 4314 877 4369 adhuc
905 4313 1324 4370 conﬂictantium
1356 4329 1464 4369 non
1508 4323 1593 4370 est
1630 4323 1828 4370 statuta
1882 4331 2004 4386 per-

410 4423 565 4465 sona.
600 4408 720 4464 Tibi
750 4408 916 4477 enim,
946 4407 1194 4479 judicum
1224 4408 1525 4477 verissime,
1576 4407 1709 4463 nihil
1751 4408 1894 4464 aliud
1923 4409 2005 4466 in-

2177 3208 2269 3264 24.
2300 3208 2555 3263 Emeritus
2578 3210 2849 3279 episc0pus
2882 3211 3030 3264 dixit.
3068 3210 3221 3265 Diem
3259 3210 3467 3287 negotii
3513 3196 3669 3265 utrum

2107 3286 2369 3359 terminus
2407 3300 2656 3355 edictalis
2704 3300 3007 3367 incluserit,
3058 3316 3127 3356 an
3174 3300 3351 3356 forma
3381 3290 3677 3371 ‘imperialis

2108 3394 2386 3465 praecepti,
2420 3394 2714 3451 nobilitatis
2738 3402 2845 3449 tua:
2898 3395 3063 3450 debet
3097 3394 3303 3464 judicio
3343 3395 3571 3453 deliniri.
3620 3392 3677 3447 Et

2104 3489 2211 3543 alia
2241 3504 2417 3542 manu.
2446 3486 2714 3543 Emeritus
2734 3488 3018 3557 episcopus
3046 3487 3357 3557 recognovi.

2177 3580 2268 3635 25.
2304 3579 2642 3634 Marcellinus
2664 3580 2742 3633 uir
2762 3579 3077 3633 clarissimus
3124 3579 3368 3633 tribunus
3393 3590 3441 3635 et
3468 3582 3671 3634 notarius

2102 3673 2258 3727 dixit.
2287 3671 2365 3726 Ex
2392 3673 2571 3726 edicto
2596 3670 2711 3726 dies
2741 3680 2823 3726 est
2862 3671 3188 3726 constitutus
3206 3712 3227 3738 ,
3270 3672 3559 3727 secundum
3583 3672 3672 3725 fur-

2106 3779 2248 3820 mam
2286 3762 2477 3835 judicii
2528 3761 2961 3832 principalis;,et
2991 3760 3246 3832 quoniam
3287 3776 3400 3818 non
3425 3773 3507 3818 est
3531 3763 3581 3819 in
3604 3763 3673 3818 his

2103 3854 2304 3911 diutius
2326 3846 2744 3921 immorandum,
2776 3861 3099 3922 superestut
3123 3853 3180 3909 in
3201 3852 3469 3910 electione
3495 3854 3673 3910 satiata-

2101 3945 2259 4001 ciatis
2286 3944 2595 4002 cmleslibus
2624 3945 2949 4000 constitutis.
3636 3990 3639 3991 ν

2176 4036 2265 4092 26.
2291 4034 2550 4091 Emeritus
2579 4037 2850 4108 episcopus
2879 4023 3044 4092 dixit;
3061 4037 3262 4094 Forma
3290 4039 3545 4109 praecepti
3568 4039 3670 4095 talis

2107 4139 2207 4197 est,
2237 4140 2296 4185 ut
2321 4131 2461 4186 intra
2489 4138 2724 4200 quatuor
2749 4145 2963 4187 menses
2992 4145 3154 4186 causa
3173 4130 3407 4188 dicatur.
3433 4134 3489 4190 Si
3509 4147 3673 4189 secun-

2108 4220 2233 4276 dum
2258 4221 2394 4278 hanc
2423 4220 2653 4278 formam
2675 4222 3020 4278 sublimitatis
3047 4233 3153 4280 tua:
3184 4225 3422 4298 edictum
3464 4234 3543 4281 est
3567 4241 3674 4282 cos-

2100 4315 2375 4381 «stitutum,
2403 4324 2654 4385 superest
2697 4326 2756 4370 ut
2800 4325 3120 4386 suggerente
3146 4315 3331 4371 ofﬁcio
3368 4317 3421 4371 in
3466 4317 3671 4373 medium

2086 4421 2269 4463 causa
2287 4407 2552 4463 mittatur.
2582 4404 2650 4461 Et
2678 4407 2782 4462 alia
2810 4422 2989 4461 manu.
3014 4407 3287 4464 Emeritus
3308 4409 3586 4480 episcopus
3606 4424 3671 4465 re-

409 4506 615 4561 cumbit
642 4520 803 4576 quam
837 4514 1021 4560 tenere
1050 4506 1353 4587 veritatem.
1385 4504 1445 4560 Si
1472 4506 1615 4561 enim
1644 4506 1885 4561 omnium
1914 4522 2007 4563 ne-
2030 4497 2366 4570 Dtcognovi:

409 4600 676 4669 gotiorum
700 4608 1005 4655 avertamus
1026 4598 1338 4653 instantiam
1359 4639 1373 4664 ,
1402 4598 1574 4668 primo
1615 4598 1683 4654 de
1712 4609 1954 4669 tempore
1986 4641 2003 4665 ,

408 4692 477 4749 de
500 4694 776 4759 mandato,
810 4691 879 4748 de
906 4687 1156 4761 persona,
1187 4690 1256 4747 de
1285 4706 1443 4747 causa
1467 4733 1482 4759 ,
1539 4700 1665 4747 tunc
1690 4691 1907 4747 demum
1936 4691 2004 4747 ad

409 4786 601 4842 merita
632 4785 832 4857 negotii
854 4784 1187 4844 veniendum
1216 4790 1319 4838 est.
1351 4782 1507 4850 Quod
1531 4784 1575 4839 si
1624 4785 2003 4855 praetermissis

409 4878 547 4945 istis,
589 4879 882 4934 secundum
932 4877 1178 4933 forenses
1203 4876 1377 4932 fasces
1423 4876 1835 4946 jactantiamque
1861 4876 2005 4933 illius

409 4970 792 5024 controversia:
818 4984 979 5039 quam
1009 4968 1297 5023 tribunalia
1327 4966 1430 5022 sibi
1462 4967 1756 5036 vindicant,
1782 4982 1999 5038 semper

408 5060 593 5131 legalis
627 5060 780 5117 nobis
826 5063 960 5116 ritus
988 5076 1051 5116 ac
1082 5076 1262 5117 sermo
1308 5060 1606 5129 servandus
1628 5068 1732 5127 est,
1771 5060 1951 5132 judice
1982 5102 1997 5128 ,

406 5153 491 5209 vir
516 5153 783 5220 sublimis,
812 5154 866 5209 in
892 5155 1109 5225 negotio
1136 5154 1445 5211 Christiano
1473 5169 1489 5209 :
1523 5136 1655 5222 quia
1676 5155 1801 5211 huic
1821 5170 2000 5211 causa:

401 5243 608 5313 judicat
629 5238 792 5312 Deus,
821 5246 911 5316 qui
940 5256 995 5302 et
1013 5256 1198 5304 nostra
1225 5252 1419 5306 merita
1440 5260 1496 5306 et
1516 5250 1629 5305 veri
1651 5249 2003 5320 judicis.sen-

408 5336 628 5391 tentiam
657 5352 806 5408 aequa
835 5338 1143 5408 ponderans
1172 5341 1307 5396 libra
1336 5357 1406 5397 ne
1436 5342 1679 5411 invergat
1700 5385 1715 5408 ,
1746 5342 2000 5397 attendit.

403 5426 610 5485 Edictis
635 5431 779 5485 enim
815 5432 1107 5503 propositis
1142 5434 1450 5503 praesentia:
1502 5443 1604 5489 tuae
1635 5432 1895 5504 quantum
1932 5433 1999 5488 ad

402 5521 597 5591 judicis
626 5524 959 5581 voluntatem
992 5528 1249 5596 pertinet,
1304 5528 1439 5583 nihil
1473 5539 1677 5585 temere
1706 5570 1722 5596 ,
1762 5528 1893 5583 nihil
1921 5529 2002 5582 in-

412 5627 666 5685 congrue,
694 5616 826 5673 nihil
853 5619 1111 5677 adversus
1133 5622 1369 5693 aliquem
1399 5621 1641 5679 videmus
1680 5636 1801 5678 esse
1830 5620 2003 5691 prola-

419 5713 525 5767 tum
552 5717 809 5787 quantum
837 5710 902 5772 ad
928 5714 1317 5796 responsiones
1341 5724 1580 5794 nostras,
1608 5715 1860 5803 quoniam
1880 5720 2006 5787 ante

2183 4592 2274 4646 27.
2306 4588 2643 4646 Marcellinus
2672 4592 2747 4646 uir
2794 4592 3109 4655 clarissimus
3137 4593 3372 4650 tribunus
3398 4604 3444 4650 et
3470 4594 3671 4650 notarius

2094 4680 2261 4751 ,dixit.
2316 4684 2563 4741 Ofﬁcium
2636 4685 2705 4741 ad
2754 4687 2979 4757 quresita
3033 4688 3385 4758 respondeat.
3444 4687 3668 4759 Nmupius

2109 4777 2294 4834 Scriba
2317 4778 2471 4834 dixit.
2503 4777 2811 4834 Secundum
2857 4777 3001 4835 diem
3050 4779 3215 4836 edicti
3263 4780 3552 4844 nobilitatis
3584 4788 3669 4834 tua:

2109 4882 2331 4945 quartus
2368 4873 2572 4930 mensis
2616 4872 2908 4930 conclusus
2958 4882 3064 4943 est,
3101 4874 3191 4930 die
3232 4889 3326 4930 xxv
3363 4871 3473 4929 kal.
3506 4873 3666 4929 lunia-

2108 4983 2249 5022 rum.

2176 5060 2267 5115 28.
2302 5060 2636 5118 Marcellinus
2674 5063 2750 5118 vir
2777 5062 3091 5119 clarissimus
3137 5061 3374 5117 tribunus
3392 5071 3441 5117 et
3466 5060 3664 5117 notarius

2107 5154 2258 5209 dixit.
2291 5155 2426 5212 Cum
2458 5166 2636 5227 partes
2676 5157 3060 5227 Carthaginem
3088 5162 3334 5225 utrmque
3376 5155 3624 5210 venissent
3646 5190 3660 5215 ,

2107 5251 2159 5305 in
2204 5250 2344 5306 hunc
2371 5265 2466 5306 eas
2505 5251 2650 5307 diem
2699 5252 3043 5307 consensisse
3088 5264 3196 5305 non
3226 5247 3449 5303 dubium
3475 5254 3567 5302 est.
3594 5243 3661 5300 Si-

2103 5341 2318 5411 quidem
2370 5344 2516 5398 nulla
2565 5357 2727 5412 super
2763 5342 2866 5396 hac
2914 5351 3068 5411 parte
3110 5340 3361 5397 videatur
3387 5349 3479 5395 aut
3500 5336 3659 5405 dilatio

2108 5435 2396 5505 postulata,
2428 5442 2524 5488 aut
2547 5433 2809 5504 judicium
2836 5430 3158 5504 ﬂagitatum.

2180 5526 2271 5582 29.
2300 5526 2590 5582 Petilianus
2611 5526 2880 5597 episcopus
2907 5526 3055 5582 dixit.
3086 5524 3196 5582 Nos
3241 5524 3308 5580 ad
3345 5524 3481 5581 hanc
3504 5521 3657 5581 urbem

2110 5637 2177 5678 xv
2227 5620 2453 5686 kal.,die
2479 5620 2758 5677 Juniarum
2808 5622 3046 5689 venisse,
3094 5631 3148 5680 et
3176 5625 3386 5684 notoria
3412 5630 3578 5679 nostra
3598 5617 3655 5674 si;

2113 5713 2430 5793 gnat/iuius.
2482 5721 2538 5792 et
2584 5728 2799 5787 omnem
2851 5729 2960 5791 non
3010 5715 3131 5791 dico
3172 5706 3654 5808 Carthaginem.“
