3838 6222
217 233 354 291 ηδε)

1175 237 1404 307 GESTA
1443 231 1893 292 COLLATIONIS
1930 233 2550 296 CARTHAG‘INENSIS.

3385 248 3522 305 1270

207 349 448 411 Africam
467 351 699 411 fecimus
727 362 917 410 testem
948 352 1076 424 ;qui
1099 351 1160 420 Isi
1189 366 1294 408 non
1317 337 1631 407 adessemus
1657 393 1669 417 ,
1698 351 1808 420 jam
1839 353 1892 411 Α
1917 350 2067 404 dixit.
2100 351 2177 406 Ne
2204 353 2330 421 quid
2350 352 2657 410 inordinate
2687 354 2805 411 fieri
2827 355 3101 424 videatur,
3126 359 3388 429 quoniam
3417 363 3519 421 hoc

203 459 337 517 pars
358 448 585 505 adversa
610 450 725 505 sine
757 436 1218 520 dubio-ﬂagitaret
1252 445 1319 502 'in
1355 443 1706 501 contumaces
1734 444 1814 500 di-

205 539 437 596 cendam
465 557 587 598 esse
614 542 959 608 sententiam,
992 551 1316 612 tempusque
1338 539 1448 610 jam
1488 537 1655 594 fuisse
1682 535 1813 591 deli-

207 634 408 701 nitum,
436 650 544 706 quo
568 650 666 691 nec
687 644 810 706 post
830 635 1172 691 venientibus
1201 648 1362 706 agere
1385 633 1674 705 quicquam
1721 640 1814 687 aut

205 726 544 796 respondere
587 728 850 784 licuisset.
899 728 956 784 Si
1005 729 1166 800 igitur
1213 729 1296 783 vir
1325 727 1522 784 nobilis
1577 725 1810 783 mediam

208 825 433 888 semper
454 818 648 874 libram
669 819 857 890 judicii
881 821 956 874 tui
983 835 1298 891 suspensam
1332 820 1404 876 ita
1456 830 1609 877 tenes
1629 836 1693 875 ac
1723 833 1811 874 re-

194 910 315 980 gis,
347 917 405 965 ut
433 909 633 965 nullam
667 909 719 964 in
749 921 953 981 partem
973 922 1160 980 vergat
1185 911 1385 982 aliquid
1412 913 1637 982 gratiam
1661 912 1810 968 illam

209 1017 322 1074 qua
349 1003 444 1059 tibi
472 1003 843 1074 conditionem
871 1012 1030 1069 atque
1064 1012 1391 1073 praeceptum
1425 1003 1693 1072 imperiali
1721 1019 1808 1060 au-

205 1090 460 1154 ctoritate
479 1099 763 1170 cognoscis
793 1081 914 1153 esse
937 1096 1282 1168 permissum,
1313 1105 1371 1150 ut
1391 1096 1531 1152 ferre
1551 1098 1724 1166 pomis
1755 1099 1808 1152 in

201 1192 561 1248 contumaces
587 1194 947 1248 sententiam:
982 1205 1124 1247 nunc
1162 1201 1211 1246 te
1237 1189 1480 1261 judiciali
1526 1191 1620 1247 illo
1659 1171 1809 1247 motu

200 1286 300 1342 illa
325 1303 447 1358 quae
474 1303 604 1359 pura
627 1303 843 1346 cessura
876 1286 1307 1342 animadvertere
1336 1285 1641 1354 oportebit,
1676 1300 1808 1341 con-

201 1386 289 1432 tra
313 1377 451 1434 lianc
482 1389 689 1450 partem
724 1389 776 1437 te
807 1379 952 1436 ferre
977 1379 1261 1449 judicium,
1288 1393 1408 1447 quae
1431 1376 1658 1444 destitit,
1688 1392 1808 1447 quae

200 1485 316 1526 non
345 1471 536 1539 adfuit,
567 1489 688 1544 quae
716 1473 980 1529 delectata
1003 1483 1087 1528 est
1115 1470 1396 1534 laboribus
1423 1470 1577 1535 meis,
1612 1485 1730 1540 quae
1753 1471 1808 1527 in

199 1563 311 1620 hoc
341 1579 554 1635 quoque
586 1565 719 1620 mihi
763 1550 1062 1632 insultavit,
1097 1575 1154 1620 ut
1183 1564 1276 1620 diu
1309 1564 1508 1620 chorus
1549 1563 1649 1617 iste
1684 1577 1808 1618 san-

197 1656 481 1712 ctissimus
502 1665 720 1712 senatus
740 1657 979 1714 caelestis
999 1666 1267 1728 spectaret
1284 1657 1470 1726 judicii
1488 1657 1560 1712 tui
1575 1655 1806 1712 anetori-

1915 449 1969 496 et
1997 442 2175 510 ipsum
2201 445 2448 500 veritatis
2477 447 2660 517 regula
2691 447 3027 516 continetur,
3056 456 3112 504 et
3136 449 3323 520 legum
3355 452 3522 510 dictat

1915 537 2231 603 anetoritas,
2283 538 2431 606 prius
2472 549 2555 594 est
2600 549 2660 594 ut
2687 554 3042 609 personarum
3073 555 3340 600 numerus
3375 544 3521 601 desi-

1913 639 2109 700 gnetur
2161 648 2173 684 :
2229 638 2356 686 tunc
2410 632 2624 688 demum
2679 650 2741 688 ea
2802 650 2924 701 quae
2992 636 3237 706 partibus
3293 655 3519 711 compe-

1916 730 2066 792 tunt,
2103 738 2200 793 per
2230 737 2327 779 eos
2373 724 2463 794 qui
2511 725 2708 780 ﬁrmati
2758 725 2959 783 fuerint
3004 731 3207 786 rectius
3254 747 3518 803 peragen—

1914 824 2021 870 tur.
2070 815 2148 871 Ne
2193 818 2309 871 haec
2355 816 2497 872 inter
2541 817 2779 872 incertas
2821 833 3084 888 personas
3118 822 3408 880 videantur
3439 826 3518 879 in-

1913 908 2090 964 ﬁrma.

1984 1003 2072 1059 55.
2121 1000 2378 1057 Emeritus
2403 1003 2676 1074 episcOpus
2699 1003 2848 1057 dixit.
2875 1001 3009 1060 Cum
3033 1018 3223 1062 omnes
3249 1009 3339 1078 qui
3366 1024 3520 1064 man-

1910 1097 2088 1152 daturi
2139 1106 2266 1152 sunt
2319 1097 2539 1152 adstare
2583 1096 2888 1162 videantur,
2941 1097 3221 1168 magisque
3285 1116 3521 1169 persona

1910 1192 2257 1262 praesentium
2302 1206 2463 1262 quam
2511 1206 2695 1246 sermo
2735 1200 2988 1245 teneatur
3028 1191 3359 1258 absentium,
3391 1195 3522 1262 quid

1911 1293 1995 1340 est
2022 1284 2163 1354 quod
2192 1296 2371 1355 potest
2402 1299 2624 1339 movere
2644 1283 2868 1353 judicia,
2890 1298 3011 1338 cum
3033 1285 3251 1339 statutis
3268 1286 3522 1341 omnibus

1911 1392 2034 1448 qua;
2065 1379 2240 1448 primo
2259 1394 2329 1434 ex
2363 1381 2479 1449 lege
2502 1377 2861 1444 descendunt,
2893 1394 3124 1449 quaeque
3151 1380 3366 1435 initium
3394 1396 3524 1436 cau-

1910 1484 1986 1525 sae
2019 1471 2194 1526 facere
2225 1480 2647 1538 consueverunt,
2680 1481 2807 1526 tunc
2838 1471 3056 1527 demum
3095 1471 3161 1526 ad
3192 1472 3520 1528 electionem

1910 1563 2258 1620 defensorum
2291 1564 2591 1619 secundum
2630 1564 2864 1620 edictum
2912 1564 3265 1619 sublimitatis
3297 1574 3404 1620 tua:
3433 1580 3522 1622 ar-

1911 1655 2129 1711 bitrium
2151 1654 2465 1712 veniamus?
2495 1657 2564 1712 Et
2594 1657 2701 1711 alia
2729 1673 2904 1712 manu.
2936 1657 3215 1714 Emeritus
3231 1658 3518 1729 episcopus

197 1756 393 1816 tatem,
418 1749 712 1806 excubaret
757 1765 896 1821 pene
946 1750 1206 1820 quotidie,
1259 1751 1481 1822 ipsaque
1513 1750 1627 1819 Dei,
1676 1756 1804 1820 quae
1834 1747 1884 1808 B
1911 1751 2221 1822 recognovi.

195 1858 357 1902 sacra
380 1855 526 1910 sunt,
542 1846 661 1902 sine
674 1844 1032 1902 sollicitudine
1047 1861 1152 1902 non
1171 1845 1444 1917 gessisset.
1465 1845 1630 1902 Feras
1643 1847 1805 1917 igitur

195 1955 387 2012 quaeso
425 1939 710 2011 judicium,
751 1954 1075 2017 promasque
1124 1941 1468 2008 sententiam,
1523 1955 1632 1996 non
1680 1940 1803 1996 dico

192 2039 484 2095 acriorem.
521 2053 680 2110 quam
724 2027 1032 2093 adversum
1061 2048 1150 2092 me
1188 2036 1333 2092 ferre
1362 2020 1616 2107 potueras
1639 2080 1654 2103 ,
1705 2038 1802 2093 sed

192 2146 361 2202 quam
392 2130 515 2187 tibi
543 2132 687 2201 leges
733 2139 788 2187 et
828 2128 1111 2201 imperiale
1153 2137 1484 2199 praeceptum
1525 2129 1796 2196 intimant,

192 2237 470 2296 quamque
490 2223 834 2296 praecipiunt.
859 2222 974 2277 Non
1007 2222 1150 2278 enim
1173 2220 1255 2276 fas
1282 2231 1396 2288 est,
1422 2227 1479 2276 ut
1499 2222 1590 2293 Qui
1612 2233 1801 2278 contra

194 2331 297 2373 nos
331 2330 520 2388 posses
545 2316 998 2388 ferrejudicium,
1037 2332 1180 2372 nunc
1221 2321 1408 2371 contra
1461 2314 1801 2372 adversarios

191 2425 350 2468 meos
377 2411 700 2467 sententiam
731 2411 911 2467 valeas
940 2411 1228 2487 denegare.
1259 2407 1451 2464 Elatia
1477 2426 1657 2467 manu.
1700 2407 1801 2467 Pe-

191 2507 416 2563 tilianus
432 2508 726 2577 episcopus
748 2506 1060 2577 recognovi.

268 2599 360 2657 30.
391 2597 728 2656 Marcellinus
752 2600 831 2654 vir
857 2586 1178 2654 clarissimus
1211 2598 1446 2654 tribunus
1477 2608 1527 2653 et
1566 2600 1799 2656 notarius

190 2671 353 2748 dixit.
405 2692 763 2749 Sanctitatem
789 2702 950 2764 atque
999 2694 1248 2764 peritiam
1278 2701 1428 2748 tuam
1471 2693 1642 2750 latere
1688 2708 1800 2750 non

189 2784 360 2841 credo
387 2784 438 2840 id
467 2785 735 2856 imperiali
753 2786 1115 2856 praeceptione
1142 2785 1311 2842 fuisse
1332 2786 1706 2854 constitutum,
1741 2796 1799 2842 ut

188 2893 256 2934 ea
289 2893 414 2951 pars
443 2879 706 2951 quaetrini
731 2878 1273 2936 edieticonventione
1296 2879 1489 2936 adesse
1510 2880 1794 2948 noluisset,

187 2971 514 3028 sententiam
568 2965 902 3028 contumacis
948 2973 1276 3029 incurreret.
1330 2973 1603 3043 Perpensa
1648 2973 1794 3028 enim

186 3063 649 3120 clementiSsimus
699 3064 995 3135 imperator
1022 3064 1398 3122 moderatione
1428 3065 1713 3120 constituit
1740 3075 1798 3120 ut

186 3157 236 3213 si
293 3156 695 3229 longinquitate
749 3158 962 3213 itineris
1011 3167 1207 3234 quarto
1254 3174 1444 3214 mense
1500 3168 1682 3228 partes
1724 3158 1792 3213 ad
1821 3146 1868 3214 C
1901 3145 1999 3200 1’05
2027 3145 2286 3216 denegari

185 3253 546 3307 censtitutum
589 3252 768 3308 locum
800 3252 985 3308 venire
1030 3253 1253 3308 minime
1281 3251 1613 3322 potuissent,
1655 3250 1794 3304 duo-

183 3359 308 3398 rum
365 3344 629 3399 mensium
677 3343 906 3399 indueiae
958 3351 1362 3414 praestarentur.
1399 3342 1573 3410 Quam
1623 3342 1792 3415 253

179 3437 543 3508 'quide'm‘rem
568 3451 637 3494 ne
659 3437 886 3508 alicujus
907 3439 1075 3509 partis
1105 3437 1333 3509 querela
1365 3433 1642 3493 videretur
1672 3438 1793 3492 exi-

183 3531 357 3597 stere,
387 3528 578 3585 videor
602 3529 923 3585 custodisse.
951 3529 1101 3586 Unde
1131 3529 1200 3586 de
1227 3539 1507 3600 tempore,
1537 3531 1789 3599 quoniam

182 3622 357 3692 magis
386 3621 615 3678 forensis
640 3629 736 3688 est
785 3637 943 3692 quam
998 3621 1321 3693 episcopalis
1368 3621 1790 3693 objectio,qu:e

181 3712 404 3785 quidem
429 3729 529 3770 nec
551 3715 604 3768 in
630 3714 846 3785 publico
867 3713 1072 3784 judicio
1102 3714 1396 3770 secundum
1430 3713 1656 3770 formam
1689 3714 1789 3768 im-

181 3805 406 3876 perialis
455 3806 713 3876 praecepti
755 3805 1051 3875 praevalere
1096 3806 1374 3877 potuisset,
1432 3821 1554 3862 eum
1606 3816 1788 3878 partes

180 3908 414 3968 utraque
443 3898 765 3954 observasse
792 3897 1118 3966 sat‘elareat,
1147 3899 1287 3955 sicut
1325 3899 1573 3969 superius
1620 3899 1788 3956 inter-

179 3988 324 4044 fatus
348 4005 491 4055 sum,
522 3992 702 4046 uirum
735 3991 894 4070 electi
923 3990 1138 4064 sintqui
1172 4007 1434 4063 peragere
1463 4003 1688 4064 possent
1717 4009 1783 4050 ex

179 4084 428 4138 omnium
453 4083 728 4140 voluntate
752 4085 1050 4156 negotium,
1073 4085 1322 4141 intimare
1343 4086 1657 4157 dignamini.

253 4174 344 4228 5L
389 4172 648 4229 Emeritus
695 4177 964 4248 episcopus
1010 4177 1160 4232 dixit.
1213 4177 1401 4234 Causae
1441 4179 1786 4248 praescriptio

175 4277 263 4321 est
286 4265 490 4337 judieis
530 4281 734 4334 sermo,
768 4269 973 4324 servari
1000 4268 1272 4326 forensem
1305 4283 1458 4325 usum
1491 4280 1784 4327 consuetu-

175 4360 478 4431 dinemque
498 4359 750 4432 iurgandi
780 4362 922 4419 inter
941 4364 1227 4434 episcopos
1258 4381 1366 4421 non
1395 4374 1651 4434 oportere
1682 4382 1783 4421 nu-

177 4459 296 4510 tare
318 4451 466 4509 illam
501 4455 794 4511 versutiam
837 4457 1014 4527 legum
1052 4457 1298 4528 jurisque
1326 4457 1776 4522 controversiam,

1980 1844 2069 1899 δι.
2115 1841 2453 1897 Marcellinus
2479 1843 2556 1896 vir
2587 1842 2907 1898 clarissimus
2949 1843 3183 1897 tribunus
3210 1853 3260 1899 et
3289 1845 3523 1899 notarius

1908 1934 2059 1988 dixit.
2110 1933 2415 2004 Numquam
2492 1934 2692 1990 habere
2743 1936 2920 2004 potuit
2969 1944 3176 1990 certam
3229 1936 3522 1993 multitudo
3614 1945 3616 1947 ’

1907 2042 2225 2097 personam,
2280 2042 2401 2082 cum
2457 2029 2559 2083 hoc
2605 2029 2771 2083 etiam
2819 2029 2872 2082 in
2917 2029 3154 2098 publicis
3205 2031 3515 2087 actionibus

1907 2127 2069 2192 atque
2139 2115 2465 2191 corporibus
2535 2120 2710 2176 soleat
2763 2120 3064 2188 custodiri,
3132 2129 3193 2176 ut
3259 2138 3360 2193 per
3428 2139 3520 2178 or-

1904 2211 2118 2267 dinatas
2173 2220 2335 2283 atque
2386 2211 2634 2268 ﬁrmatas
2701 2212 3061 2284 (personas)
3124 2213 3307 2270 omnia
3360 2230 3520 2286 pera-

1903 2314 2124 2377 gantur.

1976 2399 2066 2455 55.
2111 2395 2370 2454 Emeritus
2394 2399 2662 2470 episcopus
2708 2399 2859 2455 dixit.
2912 2399 3098 2457 Teneo
3136 2401 3299 2458 fidem
3347 2412 3518 2471 tuam,

1903 2492 1986 2548 vir
2015 2492 2288 2560 sublimis,
2319 2493 2459 2548 nihil
2489 2494 2622 2549 mihi
2665 2493 2733 2550 de
2756 2493 2898 2564 juris
2929 2494 3048 2566 lege
3075 2496 3383 2566 praescribi,
3427 2499 3520 2554 ubi

1903 2586 2082 2656 agitur
2111 2585 2179 2641 de
2210 2585 2336 2642 ﬁde.
2368 2584 2436 2640 Et
2459 2587 2569 2642 alia
2598 2599 2772 2640 manu.
2808 2587 3085 2644 Emeritos
3114 2589 3402 2661 episcopus
3429 2606 3517 2647 re-

1904 2680 2154 2751 cognovi

1974 2774 2062 2830 56.
2109 2772 2446 2851 Marcellinus
2485 2775 2561 2827 vir
2587 2774 2905 2829 clarissimus
2924 2774 3169 2832 tribunus
3197 2785 3246 2831 et
3284 2780 3518 2835 notarius

1903 2865 2057 2929 dixit.
2104 2865 2455 2922 Interlocutiu
2503 2881 2625 2922 mea
2659 2881 2766 2921 non
2795 2867 2886 2938 jus
2914 2877 3136 2924 cessare
3163 2869 3384 2938 debere,
3418 2872 3516 2928 sed

1901 2957 2177 3014 forensem
2229 2959 2642 3014 contentionem
2695 2944 3042 3030 apertissime
3090 2961 3354 3019 deﬁnivit.
3409 2963 3515 3020 Ne-

1901 3066 2007 3121 que
2058 3051 2478 3122 enim-possunt
2541 3051 2726 3123 aliqua
2779 3067 2901 3122 quae
2950 3062 3289 3123 “competunt
3341 3058 3515 3126 parti-

2336 3162 2350 3199 :
2393 3146 2490 3202 sed
2519 3147 2567 3202 si
2600 3148 2702 3202 Iioc
2733 3156 3089 3217 utrarumque
3116 3149 3352 3219 partium
3383 3165 3516 3206 con-

1902 3253 2094 3294 sensus
2125 3238 2310 3307 habet,
2357 3239 2601 3296 ut'nihil
2653 3241 2721 3298 de
2745 3244 2868 3315 jure
2899 3246 3141 3316 publico,
3184 3248 3280 3303 sed
3327 3250 3514 3306 omnia

1899 3332 2298 3388 Ecclesiasticis
2319 3333 2543 3405 regulis,
2591 3335 2644 3390 id
2676 3347 2760 3392 est
2813 3338 2941 3394 novi
2971 3347 3025 3394 et
3070 3341 3273 3396 veteris
3323 3342 3514 3398 Testa-

1895 3426 2062 3482 menti
2121 3427 2448 3484 testimoniis
2507 3440 2856 3503 peragantur,
2912 3448 3041 3505 pars
3090 3443 3321 3508 utraque
3365 3433 3510 3494 desi-

1893 3530 2044 3590 gneL

1963 3613 2052 3668 37.
2098 3611 2391 3668 Petilianus
2436 3615 2704 3686 episcopus
2750 3617 2902 3673 dixit.
2955 3619 3209 3690 Optimus
3251 3623 3508 3680 modera-

1895 3715 1996 3760 tor.
2045 3705 2119 3760 Et
2196 3706 2303 3761 atia
2363 3724 2543 3765 manu.
2605 3709 2910 3768 Petilianus
2974 3713 3277 3789 Episcopus
3347 3731 3511 3774 reco-

1889 3801 2072 3872 gnovi.

1962 3894 2052 3951 58.
2096 3895 2336 3951 Aurelius
2392 3898 2664 3968 episcopus
2715 3898 2962 3958 Ecclesia:
3021 3903 3292 3958 catholica:
3348 3906 3503 3961 dixit.

1889 3990 2160 4058 Quoniam
2192 3991 2491 4046 secundum
2521 4008 2572 4048 Ν.
2610 4008 2664 4047 τ.
2699 3992 2938 4050 edictum
2970 4010 3078 4052 non
3109 4011 3299 4053 omnes
3328 4002 3506 4056 nostri

1890 4085 2116 4156 collegae
2149 4086 2465 4153 adsunt,illi
2488 4086 2934 4158 obtemperantes
2959 4091 3160 4161 edicto,
3188 4093 3505 4150 etvoluntas

1888 4185 2211 4232 cunctorum
2243 4179 2500 4234 mandato
2527 4181 2858 4248 continetur,
2886 4183 3017 4252 jube
3044 4183 3150 4241 hoc
3175 4185 3320 4241 idem
3348 4200 3503 4242 man.-

1888 4267 2076 4326 datum
2109 4271 2179 4328 ab
2228 4270 2411 4330 cilicio
2440 4274 2644 4345 suscipi
2684 4286 2738 4331 et
2777 4277 3012 4333 recitari.
3063 4277 3132 4334 Et
3170 4281 3276 4336 alia
3319 4298 3496 4338 manu.

1888 4358 2230 4436 Recognovi.

1959 4459 2049 4515 '59.
2096 4459 2360 4516 Emeritus
2409 4464 2681 4535 episcopus
2723 4464 2874 4520 dixit.
2921 4464 2982 4522 Si
3017 4463 3199 4536 iubes,
3238 4469 3502 4540 competit

176 4548 270 4604 ubi
308 4547 382 4604 de
414 4548 538 4604 fidei
587 4559 732 4605 statu
764 4559 814 4604 et
856 4550 922 4606 de
952 4551 1118 4606 totius
1159 4552 1463 4606 sanctitatis
1497 4550 1780 4623 ‘discepta-
1808 4542 1862 4603 D
1887 4566 2066 4608 causa:
2081 4568 2176 4623 per
2197 4556 2566 4624 integritatem
2596 4567 2762 4612 tuam.
2790 4555 2858 4612 Et
2885 4559 2992 4613 alia
3014 4576 3194 4615 manu.
3218 4560 3498 4618 Emeritus

177 4642 326 4699 tione
351 4649 632 4698 tractatur.
666 4639 824 4712 Quod
848 4644 1065 4714 quidem
1096 4645 1259 4700 castis
1285 4655 1340 4700 et
1375 4645 1516 4703 bene
1545 4647 1784 4703 credulis

175 4736 399 4792 auribus
430 4736 745 4806 accipimus,
797 4737 878 4791 vir
906 4723 1261 4808 spectabilis:
1313 4737 1408 4793 sed
1437 4753 1504 4794 ne
1546 4739 1689 4795 forte
1728 4740 1784 4795 in

175 4829 477 4900 perniciem
519 4835 763 4885 nostram
798 4829 899 4884 ista
927 4830 1282 4899 replicentur,
1311 4831 1786 4901 jusquertranseat

173 4915 240 4977 ad
271 4921 619 4978 adversarios
665 4924 858 4977 iterum
890 4923 1246 4995 confligendi,
1271 4926 1661 4997 adseratuque
1684 4943 1782 4984 no-

173 5015 258 5072 bis
300 5011 407 5072 boc
448 5017 590 5086 juris
636 5017 909 5087 praecepto
955 5029 1209 5074 servato:
1259 5020 1313 5074 in
1363 5020 1504 5076 hane
1549 5020 1779 5078 formam

174 5110 315 5181 legis
344 5111 660 5166 consentire
698 5110 890 5177 debes,
924 5111 1027 5167 hoc
1057 5112 1231 5183 ipsum
1251 5181 1257 5192 ο
1279 5112 1565 5182 judiciaria
1596 5124 1784 5171 aucto-

173 5202 338 5260 ritate
368 5204 564 5276 defige,
601 5205 927 5277 epiSCOpalis
952 5220 1051 5261 nos
1079 5206 1249 5260 moris
1280 5206 1466 5277 regula
1507 5209 1782 5264 sanctitati

176 5295 371 5352 adesse
392 5296 612 5360 debere,
658 5308 717 5351 ut
743 5313 848 5354 non
879 5298 1166 5368 praestigiis
1183 5298 1342 5368 juris,
1379 5313 1554 5369 neque
1582 5301 1787 5372 ligami-

177 5389 335 5444 nibus
384 5391 647 5461 cujusque
694 5390 984 5458 facundiae,
1027 5385 1124 5447 sed
1154 5391 1509 5448 Testamento
1533 5410 1674 5449 novo
1716 5376 1780 5452 ac

178 5485 370 5546 veteri,
401 5481 545 5551 quod
600 5483 832 5538 instituit
863 5481 1022 5547 Deus,
1059 5484 1201 5554 quod
1239 5488 1473 5540 sacravit
1522 5485 1782 5543 Dominus

130 5611 140 5622 .
177 5574 450 5637 Christus,
483 5574 646 5630 causa
670 5577 840 5644 possit
861 5578 1055 5634 audiri.
1085 5577 1153 5633 Et
1170 5579 1275 5634 alia
1301 5597 1478 5634 manu.
1507 5580 1780 5639 Emeritus

178 5669 468 5740 episcopus
492 5670 802 5740 recognovi.

247 5763 338 5832 52.
361 5749 721 5827 Marcellinus
750 5765 827 5842 vir
853 5766 1169 5832 clarissimus
1210 5768 1445 5827 tribunus
1470 5779 1515 5827 et
1544 5772 1778 5829 notarius

1891 4647 2181 4718 episcopus
2208 4651 2518 4720 recognovi.

1961 4745 2053 4801 40.
2101 4743 2441 4800 Marcellinus
2471 4748 2548 4800 vir
2571 4748 2892 4802 clarissimus
2927 4749 3163 4804 tribunus
3192 4758 3239 4805 et
3268 4753 3500 4810 notarius

1892 4835 2042 4890 dixit.
2080 4836 2239 4892 Aliud
2268 4848 2481 4894 constat
2509 4855 2630 4896 esse
2660 4841 2948 4911 quaesitum
2983 4853 3040 4918 ut
3071 4852 3254 4898 utrum
3291 4860 3321 4899 a
3373 4845 3498 4913 jure

1886 4929 2105 5001 publico
2133 4931 2312 4986 recedi
2335 4933 2510 4988 velitis
2537 4943 2590 4988 et
2623 4942 2790 4988 totum
2816 4917 3012 4989 divinis
3041 4917 3253 5007 legibus
3280 4938 3498 5008 agitari,

1887 5026 2084 5082 vestris
2108 5026 2537 5095 professionibus
2563 5028 2970 5084 demonstretis.

1956 5117 2044 5172 4i.
2089 5119 2330 5174 Aurelius
2370 5122 2640 5192 episc0pus
2685 5122 2931 5178 Ecclesiae
2975 5125 3248 5181 catholica:
3279 5125 3500 5183 Cartha-

1886 5212 2112 5283 ginensis
2141 5213 2294 5267 dixit.
2320 5213 2562 5270 inveniet
2595 5215 2696 5272 hoc
2725 5218 2901 5288 ipsum
2924 5218 3232 5277 sublimitas
3260 5231 3348 5277 tua
3371 5237 3499 5279 cum

1888 5307 1989 5363 hoc
2018 5305 2329 5363 mandatum
2362 5308 2523 5366 fuerit
2571 5312 2881 5369 recitatum.
2917 5313 2986 5371 Et
3030 5317 3137 5371 alia
3162 5334 3340 5372 manu.
3392 5318 3500 5374 Re-

1886 5411 2134 5470 COgDOVL

1959 5493 2046 5548 42.
2098 5493 2436 5552 Marcellinus
2457 5499 2534 5552 vir
2561 5500 2881 5556 clarissimus
2905 5503 3138 5555 tribunus
3186 5512 3234 5556 et
3265 5504 3500 5557 notarius
3564 5516 3568 5517 '

1888 5587 2038 5641 dixit.
2087 5587 2153 5642 Et
2189 5588 2293 5644 hoc
2333 5592 2590 5648 mandato
2617 5594 3022 5649 evidentissime
3054 5597 3384 5662 continetur,
3433 5600 3494 5650 ut

1886 5681 2084 5736 omissa
2126 5681 2266 5752 juris
2299 5685 2497 5755 publici
2529 5685 2923 5751 controversia,
2967 5687 3149 5742 omnia
3179 5687 3376 5744 divinis
3408 5688 3494 5744 le-

1885 5774 2042 5846 gibus
2067 5787 2410 5855 peraguntur.
