3838 6222
375 294 506 351 1271

1342 291 1563 348 GESTA
1604 287 2059 345 COLLATIONIS
2096 288 2710 348 CAR'I‘HAGINENSIS.

3555 292 3684 347 137?.

372 427 393 458 i-
446 414 538 468 45.
584 411 825 467 Aurelius
865 409 1139 481 episcopus
1188 406 1440 460 Ecclesia:
1466 405 1730 459 catholica:
1764 402 1983 458 Cartha-
2007 406 2062 464 Α
2089 413 2252 473 atque
2278 405 2756 478 adstipulationem
2798 411 3378 483 laciantprmscntium
3395 419 3680 482 gestorum;

376 506 605 575 ginensis
650 506 804 558 dixit.
836 500 1106 557 Recitatio
1135 498 1375 554 mandati
1408 513 1603 554 sensus
1633 506 1756 552 tuos
1782 496 1983 567 poterit

373 595 687 650 informare.
722 593 792 646 Et
821 593 928 646 alia
957 607 1132 645 manu.
1160 589 1498 659 Recognovi.

444 689 535 742 44.
579 684 870 739 Petilianus
893 684 1165 754 episwpus
1189 682 1341 736 dixit.
1365 680 1565 752 Legem
1587 679 1682 735 Dei
1707 680 1979 750 repudiat,

372 779 462 849 qui
494 777 706 832 dubitat
734 775 862 846 quid
902 774 1099 830 debeat
1133 772 1398 843 profiteri.
1431 769 1504 826 Et
1545 771 1650 826 alia
1677 788 1853 826 manu.
1884 771 1986 828 Pe-

372 871 594 926 tilianus
616 869 905 940 episcopus
929 866 1244 939 recognovi.

442 962 534 1018 45.
579 962 917 1018 Marcellinus
947 961 1023 1014 vir
1054 958 1376 1013 clarissimus
1417 957 1655 1012 tribunus
1679 967 1724 1012 et
1751 957 1986 1024 notarius

373 1054 526 1108 dixit.
558 1054 670 1124 Ego
702 1052 818 1109 lucc
864 1053 1096 1124 partium
1141 1050 1292 1106 volui
1340 1050 1701 1121 responsione
1734 1050 1934 1104 firmari
1968 1067 1982 1104 :

375 1159 636 1205 caeterum
659 1158 870 1204 certum
900 1157 983 1205 est
1008 1146 1390 1218 me,quoniam
1421 1138 1686 1217 imperiali
1714 1153 1984 1216 prmcepto

373 1244 552 1300 omnia
585 1260 729 1300 nunc
759 1253 1016 1315 aguntur,
1045 1240 1319 1314 per‘quod
1361 1242 1487 1314 jura
1516 1243 1807 1298 constituta
1833 1253 1982 1318 sunt,

373 1338 597 1394 omnino
626 1354 732 1394 non
767 1353 949 1408 posse.

443 1431 534 1487 46.
575 1432 814 1486 Aurelius
844 1431 1118 1502 episc0pus
1146 1430 1396 1486 Ecclesia:
1416 1430 1686 1486 catholica:
1713 1430 1987 1504 carthagi-

372 1527 541 1581 nensis
586 1527 736 1580 dixit.
790 1525 992 1596 Legem
1042 1526 1138 1581 Dci
1170 1540 1278 1582 non
1324 1526 1676 1596 repudiamus
1711 1541 1834 1581 cum
1885 1527 1988 1582 hoc

375 1619 686 1675 mandatum
720 1620 1014 1690 ingerimus
1037 1619 1352 1690 legendum,
1384 1619 1437 1674 in
1466 1634 1576 1690 quo
1605 1629 1786 1690 potest
1809 1621 1987 1676 omnis

375 1727 562 1770 DOSll'a
583 1716 816 1779 assertio
839 1714 1148 1786 perdoceri.
1179 1714 1290 1770 Nec
1315 1715 1459 1771 enim
1487 1714 1673 1783 egredi
1697 1729 1987 1784 possumus

2087 507 2145 554 ut
2168 499 2212 553 si
2236 500 2372 557 forte
2395 501 2449 556 in
2483 506 2789 562 assertione
2817 507 3059 577 ejusdem
3088 521 3271 562 causa:
3291 504 3609 572 defecerint,
3636 493 3681 560 in

2087 607 2272 647 eorum
2303 608 2530 664 persona
2563 598 2650 666 qui
2693 597 2998 668 hujusmodi
3029 599 3308 671 negotium
3330 599 3678 669 susceperint,

2087 685 2292 756 abSque
2323 688 2674 745 cunctatione
2712 688 2884 747 vietos
2920 705 3017 747 eos
3058 706 3181 748 esse
3221 702 3279 748 et
3306 691 3557 748 recitatio
3595 692 3680 747 de-

2086 790 2353 835 monstret
2379 791 2650 837 actorum.
2669 783 2752 839 ‘Et
2781 784 2904 842 ideo
2932 786 3054 857 quia
3088 801 3194 842 non
3222 801 3361 856 opus
3402 795 3486 841 est
3512 785 3681 840 multi-

2088 872 2224 928 faria
2254 872 2513 930 dilatione
2557 890 2774 932 causam
2824 893 3105 950 peragere,
3149 878 3388 950 deligant
3433 893 3680 944 personas

2087 963 2385 1020 secundum
2419 969 2682 1037 propositi
2723 969 2884 1026 edicti
2924 978 3170 1027 tenorem
3219 985 3342 1042 qua:
3383 968 3678 1025 collationis

2087 1075 2309 1116 causam
2341 1064 2660 1133 suscipiant,
2692 1073 2748 1120 ut
2779 1065 3033 1120 omnibus
3063 1077 3283 1135 semper
3297 1064 3523 1135 probata
3549 1063 3678 1116 veri-

2090 1160 2174 1208 tas
2218 1154 2336 1210 luce
2362 1155 2561 1212 clarius
2587 1156 3007 1214 demonstretur.
3037 1158 3170 1213 Nam
3201 1157 3512 1212 mandatum
3558 1153 3677 1208 nihil

2085 1246 2226 1316 juris
2270 1258 2325 1303 et
2357 1249 2715 1305 cavillationis
2756 1249 2986 1308 forensis
3034 1250 3256 1314 habere,
3287 1248 3406 1318 ejus
3435 1247 3691 1308 lectionea

2091 1340 2135 1393 si
2162 1355 2286 1412 pars
2315 1343 2541 1397 adversa
2574 1346 2826 1414 patiatur,
2867 1342 3079 1398 facilius
3109 1341 3446 1398 cdocebitur.
3477 1338 3546 1394 Et
3583 1340 3676 1393 alia

2091 1454 2268 1492 manu.
2300 1438 2635 1508 Recognovi.

2163 1529 2254 1585 49.
2300 1529 2637 1585 Marcellinus
2665 1532 2743 1586 vir
2771 1530 3086 1585 clarissimus
3115 1530 3352 1583 tribunus
3377 1537 3424 1582 et
3458 1531 3674 1584 notarius

2092 1621 2241 1676 dixit.
2284 1621 2722 1678 Prosecutionem
2748 1633 2890 1677 tuam
2921 1637 3041 1676 cum
3080 1621 3351 1690 imperiali
3377 1631 3580 1678 certum
3605 1632 3677 1676 est

2092 1715 2423 1772 concordare
2449 1723 2741 1786 praecepto,
2773 1728 2878 1785 quo
2908 1714 3261 1775 constitutum
3292 1723 3377 1770 est
3427 1724 3483 1768 ut
3513 1722 3678 1769 certus

375 1806 604 1862 limitem
632 1807 790 1862 istius
816 1806 1244 1875 manda,ti,quo‘d
1279 1806 1435 1861 nobis
1466 1815 1650 1877 patres
1675 1806 1762 1861 vel
1792 1806 1985 1862 fratres
2017 1805 2064 1865 B
2090 1823 2120 1862 a
2168 1807 2394 1878 singulis
2445 1807 2685 1876 partibus
2728 1821 2986 1861 numerus
3043 1805 3338 1876 deligatur.
3397 1806 3530 1860 Nam
3577 1805 3677 1859 sive

378 1901 550 1956 nostri
597 1900 920 1955 universalis
967 1898 1188 1954 concilii
1232 1896 1491 1954 Ecclesiae
1536 1898 1851 1963 catholicae,
1898 1899 1987 1953 hic

375 1994 518 2064 apud
566 1991 952 2064 Carthaginem
1002 1991 1282 2046 constituti
1354 1989 1701 2044 mandarunt.
1763 1989 1831 2043 Et
1881 1990 1987 2043 alia

375 2102 554 2140 manu.
593 2085 924 2155 Recognovi.

445 2179 537 2235 47.
582 2178 844 2234 Emeritus
875 2178 1145 2248 epist-Opus
1167 2177 1320 2232 dixit.
1357 2175 1506 2232 Fidei
1544 2191 1705 2232 causa
1731 2184 1831 2243 est,
1864 2191 1984 2247 qua:

375 2282 431 2328 et
479 2272 598 2328 sine
644 2270 900 2327 mandato
944 2271 1064 2340 ipso
1104 2269 1231 2340 jure
1271 2269 1356 2339 agi
1389 2277 1585 2339 potest.
1619 2268 1803 2338 Neque
1838 2271 1982 2324 enim

377 2368 508 2422 alibi
539 2366 731 2422 oculos
763 2364 926 2420 habet
957 2364 1122 2427 Deus,
1162 2372 1255 2417 aut
1295 2361 1540 2417 deseruit
1582 2362 1779 2417 coelum
1807 2376 1874 2415 ne
1905 2361 1987 2415 in-

379 2459 564 2515 tendat
610 2473 833 2514 causam
874 2471 1048 2512 suam.
1092 2455 1232 2522 Quid
1276 2464 1362 2509 est
1404 2453 1546 2523 quod
1597 2452 1664 2507 de
1706 2451 1982 2517 mandato,

380 2553 463 2608 vel
520 2551 590 2607 de
634 2550 971 2621 obligatione
1019 2547 1285 2614 mandati,
1327 2546 1395 2602 de
1442 2546 1861 2616 subscriptione,
1915 2544 1984 2602 de

379 2642 560 2709 modo,
593 2641 663 2697 de
703 2639 972 2704 formulis,
1006 2637 1308 2710 quaeritur?
1339 2636 1476 2706 Quid
1507 2647 1591 2692 est
1619 2635 1763 2707 quod
1801 2636 1854 2690 in
1884 2635 1985 2692 hac

377 2753 540 2794 causa
561 2737 715 2808 quasi
741 2745 834 2791 aut
855 2733 1205 2804 refragantis,
1235 2742 1328 2787 aut
1354 2747 1462 2787 non
1494 2730 1733 2786 mandati
1756 2730 1987 2801 judicia-

377 2834 445 2888 lis
475 2830 697 2901 sponsio
728 2828 1012 2884 arbitrium
1064 2825 1313 2897 flagitat:
1361 2839 1485 2879 cum
1537 2823 1732 2894 singuli
1785 2821 1986 2893 quique

380 2926 656 2998 propriam
702 2937 942 2987 causam,
991 2929 1046 2976 et
1089 2918 1279 2974 salutis
1310 2932 1424 2974 sua:
1467 2915 1741 2987 negotium
1771 2922 1984 2986 gerant,

378 3016 824 3088 superﬂuumque
837 3017 905 3070 sit
930 3022 1252 3070 cacterorum
1283 3010 1617 3077 mandatum,
1647 3009 1837 3063 cumin
1863 3022 1972 3063 uno

378 3121 593 3169 constet
619 3110 884 3167 Ecclesiae
930 3115 1042 3163 tota
1075 3105 1347 3177 persona?
1385 3103 1668 3165 Advertat,
1700 3103 1784 3156 vir
1823 3099 1983 3156 nobi-

2087 1899 2246 1969 juris,
2277 1900 2389 1954 sive
2417 1899 2540 1954 fidei
2570 1914 2731 1955 causa
2763 1908 3044 1963 tractatur,
3076 1907 3243 1955 certr
3282 1900 3485 1956 debent
3513 1910 3676 1954 asuirc

2093 2007 2363 2062 personae,
2406 2003 2461 2047 ut
2488 1992 2742 2063 quicquid
2770 2005 2947 2049 actum
2993 1992 3176 2063 fuerit,
3225 1994 3498 2065 integrum
3531 1993 3678 2049 robur

2088 2085 2348 2142 obtineat.

2163 2178 2249 2234 50.
2261 2176 2674 2234 Fortunatianus
2711 2181 2981 2252 episcopus
3001 2179 3245 2236 Ecclesia;-
3257 2181 3529 2235 catboiirw
3543 2182 3675 2234 dixit.

2090 2272 2351 2342 Dignetur
2388 2272 2552 2345 igitur
2577 2275 2948 2344 spectabilitas
2992 2284 3081 2330 tua
3124 2276 3445 2332 mandatum
3472 2291 3676 2347 suscep-

2091 2374 2202 2420 tum
2235 2363 2416 2420 officio
2445 2365 2661 2422 tradere
2699 2376 2756 2422 et
2799 2368 3016 2423 recitari
3049 2367 3290 2440 (jubere)
3337 2377 3398 2423 ut
3428 2384 3494 2424 ex
3524 2385 3584 2424 eo
3612 2378 3675 2424 tc-

2089 2473 2222 2514 nore
2259 2473 2384 2530 pars
2421 2459 2646 2515 adversa
2689 2461 2815 2532 quia
2847 2461 3116 2533 dignatur
3157 2461 3228 2515 ab
3277 2462 3382 2519 hoc
3436 2465 3672 2517 instructa

2089 2554 2268 2610 valeat
2313 2555 2538 2630 objectis
2597 2553 2848 2611 omnibus
2904 2554 3270 2625 respondere,
3325 2554 3472 2611 unde
3526 2556 3674 2624 possit

2088 2651 2256 2706 etiam
2281 2649 2585 2706 clarescere
2613 2650 2744 2706 nihil
2761 2651 2999 2720 nosjure
3023 2650 3239 2721 publico
3259 2650 3405 2708 velle
3434 2650 3676 2719 tet-given

2088 2743 2217 2798 sari.
2253 2741 2320 2797 Et
2343 2743 2448 2798 alia
2468 2759 2645 2797 manu.
2678 2743 3004 2814 llecognovi.
3140 2736 3142 2740 ’

2161 2838 2250 2895 51.
2295 2836 2631 2892 Marcellinus
2653 2839 2729 2890 uir
2768 2837 3084 2892 clarissimus
3115 2837 3354 2892 tribunus
3381 2850 3432 2894 et
3462 2840 3671 2894 notarius

2088 2932 2243 2987 dixit.
2264 2932 2666 2990 Professionem
2684 2949 2842 3002 quam
2869 2933 3492 3002 esspectabatsanctitas
3515 2945 3670 2990 vestra

2088 3027 2367 3083 evidenter
2393 3026 2629 3096 accepit:
2664 3026 2898 3096 pstiatur
2930 3040 3062 3096 ergo
3088 3041 3230 3081 nunc
3278 3027 3498 3082 recitari
3539 3043 3671 3082 man-

2088 3121 2294 3186 datum,
2334 3119 2486 3176 salvo
2514 3133 2581 3174 eo
2615 3129 2674 3173 ut
2702 3131 2927 3188 utraque
2957 3133 3082 3189 pars
3110 3135 3195 3174 me
3224 3132 3489 3192 agnoscat
3521 3123 3670 3192 impe-

378 3208 465 3274 lis,
495 3205 775 3275 integritas
808 3185 918 3264 tua,
945 3215 1104 3270 quam
1139 3200 1189 3253 in
1219 3198 1322 3253 ista
1349 3196 1480 3253 sede
1498 3197 1609 3265 jam
1640 3194 1874 3266 quodam
1901 3195 1981 3249 lu-

2095 3212 2240 3268 rialis
2284 3211 2537 3281 praicepti
2572 3210 2796 3266 formam
2827 3185 3103 3266 custodire
3145 3185 3369 3269 debere.
3421 3185 3667 3269 Fortuna-

380 3299 525 3356 mine
545 3311 837 3354 coruscare
861 3293 1265 3365 cognoscimus,
1290 3291 1578 3346 veritatem
1603 3288 1674 3343 ita
1693 3286 1984 3358 praesidere

378 3395 596 3459 debere,
644 3402 704 3448 ut
743 3393 789 3448 si
839 3390 1073 3447 forensis
1101 3379 1385 3444 altercatio
1412 3388 1664 3457 jurisque
1699 3386 1985 3442 conflictus

377 3487 433 3542 in
479 3484 656 3542 medio
701 3484 954 3549 mittitur,
991 3490 1362 3552 proponatur:
1415 3480 1499 3533 sin
1530 3489 1709 3533 autem
1755 3478 1982 3547 simplex

377 3579 471 3634 illa
499 3579 701 3634 veritas
726 3589 829 3645 qua
861 3573 1023 3629 datur
1055 3573 1184 3637 vita,
1215 3586 1319 3642 qua
1353 3570 1656 3625 renascitur
1697 3567 1980 3632 sinculum,

375 3686 479 3743 qua
512 3671 775 3726 liberatus
805 3679 887 3723 est
918 3665 1182 3728 mundus.
1214 3665 1268 3719 in
1301 3665 1406 3720 hoc
1430 3662 1631 3732 judicio
1655 3661 1880 3731 Spiritali
1907 3661 1984 3714 al-

375 3765 673 3819 tercatione
699 3761 1064 3831 conquiritur,
1099 3773 1310 3830 quaeso,
1343 3758 1428 3812 vir
1466 3756 1733 3823 sublimis,
1767 3765 1980 3827 utrum-

374 3874 480 3929 que
510 3863 888 3928 proponantet
912 3854 979 3909 de
1007 3865 1238 3924 utroque
1266 3867 1432 3907 unum
1456 3852 1677 3922 eligant.
1708 3856 1813 3906 Aut
1834 3851 1979 3906 enim

375 3934 568 4007 merita
598 3950 738 4021 juris
765 3950 1018 4005 omittere
1050 3963 1159 4004 non
1199 3956 1452 4017 possunt,
1484 3944 1979 4016 praescriptionem-

374 4059 480 4116 que
505 4057 820 4105 causarum;
850 4048 943 4094 aut
977 4038 1021 4093 si
1066 4038 1136 4093 de
1177 4038 1283 4092 illis
1324 4035 1705 4091 sacratissimis
1743 4034 1976 4105 legibus,

374 4135 569 4207 quibus
601 4133 908 4189 communis
936 4129 1241 4185 reverentia
1274 4137 1360 4183 est
1394 4126 1697 4183 adhibenda
1742 4126 1976 4196 (pperi—

373 4226 609 4296 demus),
644 4225 901 4295 patientia
931 4224 1074 4294 ipsas
1115 4223 1285 4293 magis
1325 4222 1626 4291 amplectar
1656 4231 1708 4275 et
1743 4229 1976 4285 teneam,

372 4330 427 4375 et
462 4314 616 4388 quasi
658 4317 900 4373 ccelcstis
947 4330 1054 4370 ara:
1090 4312 1461 4382 pontificatum
1501 4314 1723 4367 adorem
1762 4326 1981 4381 semper

373 4428 437 4467 ac
480 4425 731 4474 venerer,
776 4417 835 4463 ut
880 4417 938 4463 et
985 4407 1080 4460 tibi
1122 4409 1333 4476 integro
1374 4405 1639 4474 cognitori
1682 4404 1976 4460 secundum

369 4505 682 4561 institutum
716 4502 913 4556 mentis
960 4509 1062 4554 tuae
1104 4500 1379 4567 morisque
1423 4496 1671 4552 ordinent
1718 4507 1873 4560 certa
1908 4497 1978 4552 sit

2092 3305 2261 3358 (ianus
2305 3303 2576 3373 episcOpus
2621 3300 2865 3376 Ecclesia:
2912 3302 3184 3359 catholicae
3231 3304 3381 3359 dixit.
3434 3304 3488 3362 Si
3532 3306 3669 3377 jubet

2089 3393 2458 3464 spectabilitas
2489 3403 2577 3447 tua
2609 3393 2886 3448 recitetur.

2162 3486 2252 3540 52.
2296 3484 2631 3540 Marcellinus
2657 3487 2735 3540 uir
2759 3486 3075 3541 clarissimus
3101 3488 3335 3543 tribunus
3381 3499 3428 3545 et
3455 3483 3666 3545 notarius

2089 3581 2241 3635 dixit.
2276 3578 2536 3636 Universa
2563 3594 2685 3651 qua:
2729 3595 2757 3633 a
2800 3581 3042 3650 partibus
3069 3581 3399 3649 offeruntur,
3425 3594 3484 3640 ut
3509 3585 3666 3640 omnis

2088 3681 2394 3743 amputetur
2420 3671 2668 3743 ambago.
2698 3673 2767 3729 ab
2787 3673 2964 3728 officio
2987 3676 3304 3731 recitentur.

2161 3766 2250 3820 55.
2307 3763 2598 3819 Petilianus
2650 3765 2918 3836 episc0pus
2972 3766 3122 3820 dixit.
3185 3767 3317 3823 Sine
3373 3769 3666 3839 prmjudicio

2087 3866 2275 3912 nostro
2312 3856 2473 3927 legat,
2530 3857 2684 3912 salvo
2721 3871 2806 3921 eo,
2851 3857 2974 3927 quia
3005 3857 3123 3913 lucc
3164 3862 3406 3916 causatio
3458 3861 3665 3917 forensis

2086 3959 2193 4016 est,
2217 3965 2323 4006 non
2351 3949 2555 4019 legalis.
2586 3948 2718 4004 Nam
2746 3952 2817 4004 uti
2845 3951 3118 4019 mandato,
3150 3952 3233 4007 bis
3263 3953 3514 4011 formulis
3540 3970 3662 4027 pra:-

2086 4057 2324 4107 sumere,
2377 4057 2484 4095 non
2538 4049 2622 4096 est
2672 4041 3066 4098 Ecclesiasticm
3104 4045 3536 4115 consuetudinis,
3583 4046 3662 4103 sed

2087 4133 2320 4189 forensis
2357 4133 2463 4188 ludi
2485 4143 2649 4202 atque
2670 4134 3006 4202 certaminis,
3023 4146 3077 4191 et
3105 4137 3249 4192 illius
3273 4142 3520 4194 exercitii
3538 4140 3661 4210 quod

2085 4228 2258 4296 magis
2300 4228 2629 4298 argumentis
2657 4231 2815 4296 Quam
2866 4227 2970 4283 fide
3009 4230 3185 4298 aliqua
3232 4246 3380 4301 secpe
3411 4234 3654 4288 subsistit.

2085 4320 2318 4377 Proinde
2370 4321 2665 4376 nobilitatis
2711 4330 2816 4376 tua:
2861 4323 3394 4395 spectabilitatisque
3431 4341 3658 4390 censura,

2085 4413 2246 4467 etiam
2273 4398 2434 4480 atque
2461 4413 2622 4466 etiam
2666 4413 2717 4468 in
2747 4412 2850 4467 hoc
2884 4413 3005 4468 loco
3038 4415 3238 4469 morari
3267 4414 3574 4486 dignentur,
3615 4427 3661 4470 ut

2085 4507 2303 4562 cdicant
2327 4513 2503 4560 utrum
2532 4506 2652 4575 lege
2672 4505 2850 4560 divina
2881 4520 3095 4561 causam
3123 4510 3208 4575 agi
3234 4509 3490 4575 velint,et
3511 4511 3657 4580 ipsam

369 4612 532 4655 causa
553 4583 857 4668 judic'andi,
891 4609 993 4650 nec
1017 4592 1242 4648 ﬂuctuet
1267 4592 1531 4662 judicium
1566 4602 1737 4656 tuum,
1772 4592 1840 4648 de
1869 4608 1977 4663 quo
2004 4575 2058 4636 Ῑ)
2084 4599 2531 4669 disceptationem
2559 4599 2701 4653 inter
2729 4607 2909 4667 partes
2940 4598 3219 4665 ventilari;
3249 4616 3318 4655 an
3350 4575 3564 4658 omnino
3595 4604 3660 4659 lc-

373 4700 455 4747 est
482 4691 623 4745 Deus
654 4699 710 4744 et
737 4687 968 4759 populus
991 4685 1352 4756 jndicaturus.
1381 4682 1448 4737 Et
1473 4684 1580 4738 alia
1610 4700 1784 4738 manu.
1819 4684 1977 4740 Eme-

366 4793 507 4846 ritus
533 4789 825 4860 episcopus
846 4785 1159 4856 recognovi.

438 4887 528 4942 48.
573 4884 990 4940 Fortunatianus
1021 4881 1292 4949 episcopus
1320 4876 1570 4932 Ecclesia:
1595 4878 1864 4932 catholica:
1891 4878 1973 4932 di-

365 4982 464 5035 xit.
495 4977 773 5035 Catholica
813 4976 1053 5032 Ecclesia
1083 4989 1206 5046 quae
1238 4981 1350 5026 toto
1402 4971 1542 5026 sicut
1591 4971 1854 5039 promissa
1894 4981 1979 5026 est

365 5083 633 5129 terrarum
664 5073 818 5134 orbe,
854 5069 1189 5131 diffunditur,
1226 5082 1348 5123 cum
1381 5064 1626 5120 adversus
1655 5065 1788 5133 parti
1833 5081 1973 5120 sent-

362 5182 464 5238 per
484 5167 551 5222 de
583 5167 688 5221 fide
719 5164 1004 5220 obtulisset
1031 5173 1086 5218 et
1117 5162 1186 5217 de
1217 5160 1431 5216 actione
1459 5174 1620 5228 quam
1655 5159 1810 5214 nobis
1859 5151 1990 5215 eri?

361 5265 574 5320 minose
601 5259 883 5330 objiciunt,
909 5257 1283 5318 collationem,
1315 5263 1369 5308 et
1393 5251 1610 5322 scriptis
1640 5252 1888 5321 publicis,
1914 5261 1969 5308 et

363 5354 688 5412 testimoniis
717 5351 1030 5414 multorum,
1065 5358 1120 5403 et
1161 5346 1523 5403 conventione
1554 5345 1964 5414 magistratuum

362 5447 572 5502 facilius
595 5442 930 5498 edocebitnr.
957 5439 1064 5497 Sed
1095 5448 1152 5494 ut
1176 5437 1325 5493 omni
1352 5451 1418 5492 ex
1450 5445 1602 5506 parte
1633 5444 1745 5490 tuta
1774 5436 1842 5490 sit
1866 5437 1968 5517 ip-

359 5540 472 5593 sius
499 5537 804 5593 collationis
834 5549 1019 5596 causa,
1055 5530 1280 5587 confusa
1331 5545 1436 5589 non
1489 5528 1616 5583 facit
1646 5528 1958 5582 multitudo.

364 5630 524 5702 254
540 5632 782 5698 Deligant
813 5630 973 5699 igitur
989 5636 1289 5695 praesentes
1302 5622 1498 5678 fratres
1523 5622 1697 5679 uestri
1725 5622 1848 5692 quia
1871 5637 1965 5677 vo-

358 5723 474 5775 lunt
492 5741 555 5778 ex
582 5725 807 5778 adverso
831 5723 1085 5777 sistentcs
1107 5720 1318 5789 aliquos
1348 5717 1428 5771 sui
1453 5717 1659 5771 ordinis
1680 5716 1968 5785 primarios

364 5815 532 5879 viros,
566 5817 759 5883 quibus
809 5824 974 5869 totam
1024 5811 1256 5869 actionis
1289 5825 1554 5864 summam
1599 5809 1962 5874 committant,

2083 4692 2237 4763 gibus
2277 4691 2505 4761 publicis
2539 4692 2615 4745 uti
2649 4690 2815 4746 velint
2845 4708 2860 4747 :
2889 4691 3143 4761 quoniam
3177 4692 3230 4747 in
3272 4705 3502 4767 utroque
3544 4697 3657 4752 mihi

2082 4785 2310 4856 plurima
2343 4793 2688 4853 competunt;
2722 4793 2776 4839 ut
2804 4785 2850 4840 si
2885 4799 2915 4839 a
2961 4785 3076 4856 lege
3103 4786 3442 4857 discesserit,
3471 4792 3655 4860 episco-

2081 4891 2207 4947 pum
2241 4892 2299 4933 se
2327 4893 2431 4931 non
2466 4890 2587 4930 esse
2614 4875 2982 4939 demonstret;
3030 4876 3074 4930 si
3106 4893 3238 4933 vero
3287 4880 3459 4952 legem
3491 4877 3658 4938 tenue?

2079 4971 2170 5035 rit,
2213 4979 2340 5023 tunc
2391 4969 2440 5022 ei
2482 4980 2538 5020 ut
2569 4966 2644 5021 illi
2684 4967 2774 5037 qui
2817 4964 3154 5024 Christianus
3207 4985 3333 5027 esse
3405 4973 3653 5029 desiderat

2080 5062 2304 5117 debeam
2336 5059 2684 5127 respondere.
2719 5057 2785 5113 Et
2811 5060 2914 5113 alia
2934 5077 3110 5114 manu.
3145 5061 3440 5140 Petilianus
3460 5067 3648 5138 episco-

2081 5169 2181 5224 pus
2209 5152 2522 5222 recognovi.
2915 5201 2922 5207 .
3073 5205 3075 5207 .

2149 5247 2238 5302 5i.
2284 5244 2621 5300 Marcellinus
2647 5247 2720 5300 vir
2746 5248 3063 5303 clarissimus
3098 5250 3335 5305 tribunus
3371 5261 3420 5306 et
3446 5251 3642 5306 notarius

2075 5341 2226 5395 dixit.
2270 5338 2327 5394 Si
2374 5338 2524 5393 nullo
2561 5342 2840 5407 potestatis
2869 5341 3143 5396 saecularis
3177 5342 3361 5411 judice
3405 5341 3640 5398 residente

2073 5435 2213 5488 inter
2259 5433 2544 5502 episcopos
2583 5440 2786 5486 tantum
2844 5432 2957 5488 haec
3001 5436 3278 5490 contentio
3323 5443 3635 5499 tractaretur,

2075 5533 2203 5579 tunc
2233 5524 2449 5579 demum
2477 5539 2661 5578 eorum
2687 5533 2804 5578 erat
2833 5513 3146 5590 arbitriifét
3176 5526 3398 5581 forsitan
3425 5526 3563 5596 justi,
3589 5531 3636 5577 ut

2073 5616 2207 5673 nihil
2257 5617 2471 5686 publico
2514 5616 2676 5672 velint
2703 5617 2823 5685 jure
2862 5619 3121 5673 tractari:
3170 5623 3259 5675 me
3307 5631 3502 5682 autem.
3530 5628 3632 5673 cum

2073 5710 2454 5779 legumlatores
2503 5709 2534 5762 ii
2581 5710 2687 5764 sint
2714 5710 2803 5778 qui
2851 5725 2937 5765 me
2976 5709 3214 5779 judicem
3261 5710 3628 5781 delegeruiit,a

2075 5802 2280 5871 legibus
2307 5812 2512 5859 certum
2541 5811 2624 5858 est
2654 5801 2872 5859 deviare
2900 5818 3006 5859 non
3039 5817 3197 5874 posse
3227 5821 3240 5859 :
3273 5789 3510 5874 quamvis
3527 5811 3627 5871 pto-
