3838 6222
191 301 220 354 ‘I
237 303 354 355 275

1167 302 1396 357 CESTA
1436 300 1886 360 COLLATIONIS
1924 304 2544 366 CARTHAGINENSIS.

3381 305 3514 362 12ῗ4

190 414 507 473 fessionem
539 417 706 488 partis
733 431 763 473 e
785 415 1006 474 diverso
1030 416 1298 499 venientis
1329 404 1674 487 apertissime
1700 430 1822 471 sus-
1847 421 1903 482 Α
1998 421 2088 479 60.
2134 403 2686 495 Aui’elius’episeopus
2737 421 2986 478 Ecclesia:
3045 417 3314 474 catholica:
3364 419 3514 474 dixit.

189 509 419 579 ceperit
445 509 704 565 sanctitas
748 517 948 575 vestra,
978 510 1031 564 in
1049 523 1154 576 qua
1183 507 1233 572 id
1260 504 1598 578 expressisse
1618 521 1818 577 cogno-

189 603 402 671 scitur,
431 602 573 672 quod
603 609 782 657 vestra
805 600 1113 672 prosecutio
1138 601 1453 673 postulavit.
1486 598 1636 657 Unde
1663 615 1818 656 man-

187 695 398 753 d‘atutn
428 713 525 768 per
552 696 785 753 officium
813 699 1093 753 recitetur.
1619 749 1622 752 .
1655 762 1657 764 η

286 791 374 847 55.
410 790 700 846 Petilianus
729 793 996 863 episcopus
1013 791 1166 848 dixit.
1199 791 1479 863 Legat.’Et
1505 793 1611 847 alia
1632 807 1810 845 manu.

190 881 509 937 Petilianus
535 883 829 953 epiSCOpllS
852 885 1168 955 recognovi.
1200 882 1452 938 Romulus
1475 893 1716 954 exceptor
1735 897 1816 937 re-

188 975 400 1029 citauit.
444 974 570 1030 Post
616 975 956 1031 consulatum
990 975 1215 1032 Varanis
1260 975 1362 1032 viri
1408 975 1725 1041 clarissimi,
1754 989 1812 1029 ttt

190 1065 429 1123 kalend.
464 1066 588 1121 Jun.
632 1066 939 1122 Mandatum
990 1069 1186 1124 factum
1216 1068 1271 1123 in
1306 1068 1566 1125 Ecclesia.
1600 1067 1669 1122 Et
1698 1068 1814 1121 cunt

190 1163 468 1227 recitaret,
496 1161 789 1216 Adeodatus
833 1164 1101 1234 cpiscopus
1141 1164 1290 1220 dixit.
1337 1164 1465 1220 Sine
1503 1164 1813 1236 prtejudicio

192 1265 401 1313 nostro
446 1256 656 1312 recitet.
703 1242 1050 1314 Marcellinus
1105 1261 1182 1315 vir
1224 1261 1540 1316 clarissimus
1579 1261 1814 1315 tribunus

192 1361 254 1405 et
295 1351 527 1404 notarius
556 1350 704 1404 dixit.
743 1352 948 1423 Saepius
981 1354 1264 1409 interfatus
1292 1369 1432 1422 sum,
1453 1356 1644 1426 (omnia
1677 1357 1814 1412 inte-

192 1443 322 1513 gris
353 1445 797 1513 responsionibus
829 1448 1062 1501 recitari.
1105 1447 1357 1502 Romulus
1386 1457 1626 1518 exceptor
1670 1448 1805 1502 reci-

194 1538 352 1592 tavit.
383 1537 687 1593 Mandatum
717 1538 914 1592 factum
945 1539 998 1593 in
1027 1525 1266 1595 Ecclesia
1295 1540 1713 1611 Carthaginensi
1742 1540 1814 1594 ah'

195 1631 466 1688 universo
496 1632 726 1687 concilio
752 1632 1127 1703 episcoporum
1155 1633 1544 1689 catholicorum
1571 1651 1584 1686 :
1620 1635 1810 1704 praesi-

191 1713 370 1779 dente
407 1722 631 1778 Aurelio
666 1724 921 1792 episeopo
961 1723 1218 1778 Ecclesiae
1261 1723 1568 1795 Carthagin.
1622 1732 1678 1779 et
1714 1706 1812 1780 Sil-

1923 514 2070 585 Opus
2120 526 2204 572 est
2243 519 2362 583 hoc,
2409 518 2610 589 eligant
2641 519 2710 574 de
2739 518 2851 574 suis
2898 523 3128 587 septem,
3162 522 3217 570 et
3247 521 3376 569 eant
3424 511 3516 567 ubi
3584 546 3588 548 -

1873 653 1876 655 .
1923 610 2204 666 constituti
2255 621 2383 667 sunt
2419 612 2474 668 in
2504 612 2756 679 ecclesia,
2787 621 2839 670 et
2863 611 3079 670 videant
3109 609 3250 672 illos.
3296 610 3366 666 Et
3413 596 3520 664 alia

1922 721 2100 759 manu.
2136 692 2464 776 Redoguovi.
3059 713 3066 719 '
3496 746 3500 750 ι

1995 799 2084 856 61.
2129 797 2420 854 Petilianus
2457 799 2725 870 episcopus
2756 797 2902 853 dixit.
2948 797 3172 854 Subtilis
3215 795 3517 869 argumenti

1924 907 2009 947 res
2037 901 2141 957 est,
2177 899 2234 945 ut
2274 889 2514 962 judicem
2559 889 2801 945 facerent
2829 898 3041 944 testem.
3073 889 3370 945 Potuerunt
3399 896 3514 945 ete-

1920 984 2030 1039 nim
2058 983 2221 1038 etiam
2269 997 2642 1053 quoscumque
2679 980 2907 1036 clericos
2949 979 3173 1034 minoris
3202 979 3305 1035 loci
3348 995 3516 1050 appo-

1919 1090 2050 1132 nere
2080 1074 2389 1132 nominibus
2429 1075 2562 1141 suis,
2596 1085 2650 1129 et
2680 1072 2883 1149 lingere
2911 1072 3065 1128 illum
3088 1072 3353 1128 honorem
3383 1088 3506 1129 esse

1918 1183 2078 1240 quem
2111 1152 2273 1238 apud.
2293 1182 2353 1224 se
2382 1183 2652 1224 summum
2682 1165 3016 1234 existimant,
3045 1167 3166 1220 cum
3196 1163 3323 1220 hinc
3345 1166 3516 1236 potis-

1917 1251 2112 1318 simum
2137 1262 2429 1318 dubitetur.
2453 1260 2686 1317 Proinde
2703 1260 2921 1316 veniant
2948 1259 2999 1314 in
3023 1257 3288 1329 judicium
3317 1257 3511 1312 notarii

1916 1373 1947 1413 a
1975 1357 2131 1413 nobis
2157 1357 2351 1428 singuli
2383 1363 2800 1428 cognoscantur.
2835 1353 3101 1409 Veremur
3129 1350 3328 1408 etenim
3359 1365 3520 1421 argu-

1916 1460 2096 1507 menta
2123 1465 2266 1520 saepe
2293 1448 2494 1505 diutius
2517 1448 2795 1519 requisita,
2830 1462 2947 1517 quae
2979 1447 3033 1502 in
3063 1445 3360 1518 perniciem
3385 1444 3511 1499 sim~

1911 1543 2172 1614 'plicitatis
2217 1553 2415 1597 nostra:
2454 1541 2695 1612 quotidie
2727 1541 3123 1597 machinantur.
3180 1538 3308 1595 Hace
3351 1538 3513 1608 igitur

1915 1638 2083 1705 prima
2118 1652 2205 1692 res
2224 1645 2331 1700 est,
2361 1634 2429 1690 de
2457 1650 2560 1706 qua
2594 1651 2688 1704 per
2711 1634 2972 1690 notariatn
3002 1642 3242 1688 nostram
3264 1631 3511 1687 sublimi-

1919 1730 2014 1784 tati
2060 1739 2166 1786 tuae
2210 1728 2463 1783 intimare
2496 1728 2824 1795 curavimus,
2856 1740 3038 1797 neque
3078 1724 3413 1796 cessavimus
3451 1733 3510 1780 ut

190 1832 348 1874 vano
402 1818 631 1889 primatc
671 1816 957 1873 Numidia).
1019 1819 1280 1886 Quamvis
1332 1833 1492 1874 causa
1551 1819 1812 1897 Ecclesia;
1847 1833 1888 1891 Β
1919 1822 1985 1878 de
2013 1836 2240 1878 numero
2281 1821 2456 1892 primo
2483 1820 2669 1876 nostro
2699 1827 2994 1886 constaret,
3038 1832 3198 1888 quem
3239 1830 3358 1872 esse
3382 1830 3506 1887 par-

193 1910 490 1967 catbolicaa
528 1911 791 1968 adversus
817 1908 1007 1967 omnes
1032 1911 1192 1968 falsas
1222 1913 1660 1979 criminationes,
1702 1924 1806 1969 etc.
1847 1962 1850 1964 _

202 2003 335 2059 Vid.
362 2003 503 2072 apud
526 2003 744 2077 August.
773 1993 895 2057 tarn.
942 2019 1016 2072 ix,
1051 2000 1152 2060 col.
1186 2004 1424 2060 822827
1460 2015 1647 2061 nostrae
1683 2006 1807 2061 edit.

277 2099 438 2172 257
461 2099 546 2154 56.
571 2097 910 2154 Marcellinus
939 2100 1016 2152 vir
1047 2100 1367 2154 clarissimus
1391 2099 1621 2155 tribunus
1643 2113 1688 2156 et
1711 2119 1803 2156 no-

194 2193 371 2247 tarius
397 2192 552 2245 dixit.
580 2190 843 2259 Quoniam
895 2207 959 2247 ex
1009 2193 1326 2248 recitatione
1367 2194 1603 2249 mandati
1663 2197 1806 2266 quod

192 2286 370 2356 gestis
385 2285 740 2354 prasseutibus
754 2284 1267 2351 adhzcrehit,ciaruit
1280 2287 1456 2348 divina
1474 2289 1643 2358 magis
1655 2291 1807 2345 testi-

193 2381 384 2434 monia
418 2394 576 2449 quam
624 2377 859 2433 forensia
890 2379 1104 2434 vincula
1137 2395 1258 2435 esse
1293 2382 1527 2452 prolata,
1562 2391 1616 2438 et
1645 2384 1805 2439 edicti

195 2473 408 2544 pariter
436 2473 543 2527 mei
564 2480 806 2527 tenorem
831 2471 998 2528 fuisse
1028 2483 1329 2543 servatum,
1360 2479 1414 2530 in
1446 2493 1673 2533 numero
1694 2479 1802 2535 sei-

196 2565 334 2621 licet
359 2564 671 2634 deligendo,
704 2575 758 2621 et
802 2567 1098 2635 imperialis
1143 2550 1545 2636 constitutionis
1573 2569 1801 2626 formam

195 2661 558 2717 nihilominus
599 2660 963 2716 custoditam:
999 2661 1249 2733 ideoque,
1298 2665 1550 2734 quoniam
1577 2665 1802 2735 justitia:
1847 2736 1852 2742 .

194 2756 340 2812 ordo
371 2755 474 2811 hoc
499 2755 758 2826 postulat,
793 2755 954 2810 etiam
989 2756 1418 2828 subscriptiones
1444 2759 1689 2814 omnium
1718 2775 1804 2816 re-

194 2850 459 2907 citentur.
1536 2900 1548 2906 _

273 2941 364 3018 57.
411 2941 666 2996 Romulus
685 2952 927 3012 exceptor
955 2944 1206 2998 recitavit.
1226 2943 1482 2998 Aurelius
1513 2945 1800 3016 episcopus

165 3034 462 3096 Ecclesiae
514 3033 795 3089 catholicae
824 3033 1268 3104 Carthagiuensis
1314 3036 1624 3105 Carthagini
1658 3052 1796 3092 con-

191 3127 420 3182 stitutus
447 3137 716 3198 praisente
741 3126 801 3182 V.
832 3127 893 3183 C.
923 3127 1140 3184 tribuno
1163 3139 1215 3184 et
1247 3129 1459 3184 notario
1483 3131 1797 3186 Marcellino

1922 1916 2097 1972 vulum
2145 1931 2361 1985 semper
2410 1913 2787 1987 imperialibus
2833 1912 3056 1969 auribus
3110 1911 3448 1966 mentiuntur
3493 1952 3507 1966 .

1914 2010 2171 2081 quidquid
2222 2011 2364 2064 enim
2411 2019 2597 2076 contra
2654 2022 2752 2064 nos
2794 2022 3011 2076 semper
3055 2006 3295 2071 elicitur,-
3355 2004 3509 2077 quasi

1911 2115 2100 2161 contra
2147 2102 2502 2174 paucissimos
2533 2102 2868 2171 impetratur.
2899 2097 2970 2154 Et
3008 2098 3113 2154 alia
3141 2115 3331 2155 manu.
3358 2095 3507 2154 Peti-

1912 2194 2088 2250 lianus
2119 2195 2405 2265 episcOpus
2447 2192 2758 2263 recognovi.
3288 2264 3297 2272 _
3410 2249 3416 2257 ,

1981 2289 2145 2362 258
2168 2287 2257 2343 62.
2302 2287 2633 2342 Marcellinus
2647 2287 2722 2340 vir
2743 2285 3058 2340 clarissimus
3081 2279 3317 2341 tribunus
3334 2292 3385 2362 et
3415 2300 3507 2340 no.
3537 2274 3539 2276 ’

1910 2361 2071 2438 torius
2092 2383 2243 2438 dixit.
2277 2381 2420 2438 Faisi
2443 2382 2649 2437 crimen
2669 2395 2771 2438 nec
2791 2379 3028 2451 objicere
3044 2378 3305 2435 condecet
3324 2361 3508 2435 sacer-

1908 2479 2111 2540 dotem.
2138 2493 2237 2534 nec
2267 2477 2608 2532 committere
2638 2474 2877 2544 potuisse
2892 2472 3223 2528 credendum
3246 2469 3504 2528 est.lllud

1908 2581 2086 2625 autem
2116 2579 2196 2625 est
2229 2568 2369 2640 quod
2403 2584 2497 2639 per
2521 2563 3232 2622 vestramvenerabilitatem
3257 2562 3395 2619 scire
3410 2562 3505 2619 de-

1906 2665 2111 2730 sidero,
2161 2673 2342 2717 utrum
2390 2676 2578 2717 omnes
2606 2659 2891 2731 episc0pos
2928 2668 3119 2714 contra
3158 2671 3292 2726 quos
3323 2664 3504 2724 vestra

1907 2757 2082 2828 pergit
2121 2755 2381 2817 intentio.
2424 2767 2653 2824 quorum
2701 2752 2862 2808 ctiant
2907 2748 3234 2820 subscriptio
3279 2746 3500 2804 recitata
3551 2748 3554 2752 ’

1906 2860 2009 2920 est,
2041 2849 2257 2920 possitis
2285 2861 2604 2918 agnoscere.
3239 2845 3242 2848 ’

1978 2943 2070 2998 65.
2112 2940 2402 2996 Petilianus
2447 2940 2712 3012 episc0pus
2751 2939 2901 2993 dixit.
2944 2922 3380 3007 Singuii‘quique
3407 2945 3497 2990 seo'

1905 3037 2054 3093 dium
2113 3045 2418 3092 nostrarum
2447 3033 2790 3090 adversarios
2821 3031 2979 3088 facile
3005 3043 3294 3108 possumus
3327 3042 3500 3099 agno-

1903 3147 2078 3188 scere.
2097 3130 2238 3187 Sane
2252 3144 2360 3185 non
2383 3129 2576 3184 falsum
2601 3127 2923 3198 objecimus,
2947 3124 3042 3180 sed
3066 3123 3361 3194 diligentia:
3379 3137 3496 3179 ma-

191 3218 304 3275 hoc
329 3219 637 3274 mandatum
661 3220 875 3290 suscepi
906 3230 962 3273 et
989 3221 1307 3292 subscripsi.
1336 3221 1466 3276 Item
1496 3225 1792 3280 aliamamt.
1827 3228 1870 3292 C
1903 3226 2061 3281 ximae
2092 3233 2174 3280 est
2205 3222 2345 3293 quod
2388 3222 2636 3277 volumus
2667 3230 2722 3276 et
2760 3210 3008 3290 probare.
3062 3216 3132 3273 Et,
3171 3217 3281 3271 alia
3318 3232 3492 3271 manu.

192 3310 451 3366 Silvanus
484 3311 668 3379 primm
718 3310 863 3366 sedis
895 3311 1191 3379 provinci-.1!
1237 3314 1502 3372 Numidia:
1535 3327 1798 3384 prmsentc

196 3403 262 3459 ν.
299 3403 361 3460 C.
394 3404 717 3458 Marcellino
743 3404 958 3459 tribuno
983 3415 1037 3459 et
1070 3408 1280 3462 notario
1307 3406 1622 3478 Carthagini
1668 3425 1797 3466 con-

191 3499 416 3554 stitutus
441 3497 696 3552 mandato
724 3513 752 3551 a
785 3497 941 3552 nobis
971 3498 1114 3553 facto
1139 3499 1392 3555 consensi
1413 3502 1793 3572 etsubscripsi.

190 3590 330 3646 Item
357 3591 462 3644 alia
491 3607 662 3645 manu.
689 3590 1006 3647 Valentinus
1033 3593 1320 3662 episcopus
1345 3594 1603 3651 Ecclesiae
1641 3595 1796 3652 Vaia-

192 3684 380 3740 ncnsis
428 3683 507 3756 (9)
549 3682 865 3755 Carthagini
908 3684 1251 3750 constitutus,
1303 3671 1566 3757 praisente
1620 3688 1681 3742 V.
1729 3689 1791 3744 C.

190 3775 511 3832 Marcellino
527 3774 769 3830 Tribuno
791 3787 841 3829 et
868 3775 1091 3831 Notario
1115 3778 1360 3832 mandavi
1390 3788 1443 3834 et
1473 3780 1789 3849 subscripsi.

189 3869 264 3925 Et
316 3869 526 3938 reliquae
571 3867 971 3938 subscriptiones
1022 3885 1239 3940 quorum
1294 3872 1501 3925 nomina
1549 3872 1790 3926 mandato

187 3963 542 4018 continentur.

261 4053 354 4109 58.
400 4051 736 4108 Marcellinus
763 4053 838 4106 vir
861 4053 1182 4108 clarissimus
1221 4057 1456 4111 tribunus
1480 4067 1528 4111 et
1556 4061 1789 4114 notarius

188 4145 346 4200 dixit.
381 4143 487 4199 Has
513 4157 728 4214 quoque
753 4142 1178 4214 subscriptiones
1205 4161 1326 4217 cum
1359 4148 1612 4204 mandato
1636 4162 1786 4220 gesta

187 4237 507 4309 suscipient.
530 4235 597 4290 Et
619 4238 829 4309 adjecit.
851 4236 1116 4293 Numerus
1142 4243 1304 4294 etiam
1328 4241 1782 4299 subscribentinm

185 4331 519 4402 designetur.
574 4328 834 4383 Martialis
873 4341 1112 4399 'ext'eptor
1152 4332 1305 4387 dixit.
1352 4333 1574 4390 Ducenti
1622 4350 1788 4391 sexa-

185 4425 336 4496 ginta
367 4437 461 4478 sex
491 4430 633 4476 sunt.

258 4518 350 4575 59.
397 4516 684 4572 Petilianus
708 4518 980 4586 episcopus
1001 4517 1150 4571 dixit.
1185 4516 1284 4593 Ubi
1306 4526 1430 4573 sunt
1452 4520 1783 4591 quimanda-
1831 4570 1837 4575 .

1903 3317 2199 3374 Petilianus
2229 3317 2515 3388 episcopus
2543 3313 2852 3386 recognovi.
3284 3371 3289 3376 δ

1971 3411 2061 3466 64.
2105 3409 2438 3464 Marcellinus
2466 3409 2542 3463 vir
2572 3407 2886 3462 clarissimus
2918 3405 3151 3459 tribunus
3179 3413 3227 3459 et
3265 3404 3495 3460 notarius

1899 3504 2048 3558 dixit.
2080 3502 2195 3557 lloc
2220 3499 2389 3573 magis
2417 3504 2484 3555 de
2510 3509 2686 3555 vestra
2713 3498 2897 3568 judico
2925 3497 3234 3563 sanctitate,
3268 3495 3493 3566 diligen-

1898 3597 1986 3652 tiae
2017 3596 2194 3666 potius
2220 3593 2341 3650 esse
2370 3592 2529 3664 quam
2560 3591 2718 3646 uilius
2745 3587 2943 3659 objecti
2968 3587 3234 3654 criminis,
3267 3587 3409 3657 quod
3435 3587 3486 3642 in

1896 3671 2275 3759 prosecutione
2321 3684 2605 3740 dicendum
2639 3696 2760 3737 esse
2805 3680 3030 3736 credidit
3068 3677 3324 3733 sanctitas
3372 3680 3482 3732 tua.
3532 3724 3534 3726 .

1894 3781 2002 3836 Sed
2034 3779 2165 3834 illud
2194 3793 2398 3850 quaero,
2433 3785 2608 3831 utrum
2642 3775 2694 3829 in
2724 3773 2974 3828 omnibus
3003 3771 3135 3826 locis
3163 3780 3216 3826 et
3252 3769 3484 3826 civitati-

1893 3872 1991 3928 bus
2023 3871 2300 3941 utriusque
2348 3870 2515 3939 partis
2545 3865 2655 3923 bini
2699 3881 2820 3923 esse
2867 3866 3072 3936 possint
3101 3862 3372 3935 episcopi;
3403 3863 3483 3920 sic

1891 3964 2032 4019 enim
2059 3974 2280 4032 possunt
2303 3976 2360 4017 se
2389 3962 2708 4016 alterutrum
2731 3959 2888 4030 plene
2911 3972 3258 4029 cognoscere.
3289 3953 3296 3960 “
3465 4019 3468 4021 ε

1963 4057 2052 4112 65.
2097 4051 2385 4112 Ρειὶιὶαήιιδ
2429 4056 2698 4128 episcopus
2745 4054 2895 4108 dixit.
2954 4051 3363 4124 Sapientissime
3419 4064 3483 4105 ac

1890 4150 2114 4221 praescie
2143 4150 2322 4206 omnia
2355 4148 2670 4219 prmvidisti,
2706 4146 2787 4200 vir
2809 4144 3036 4210 nobilis;
3082 4159 3202 4199 nam
3243 4144 3295 4198 in
3325 4142 3483 4213 plebe

1889 4259 2029 4309 mea,
2075 4243 2124 4296 id
2178 4251 2282 4308 est,
2320 4223 2550 4297 civitate
2594 4233 3054 4303 Constantinensi,
3115 4235 3480 4290 adversarium

1838 4319 1858 4337 ’
1890 4339 2060 4400 habeo
2090 4335 2464 4397 Fortunatam.
2496 4333 2549 4388 ln
2598 4332 2776 4388 medio
2811 4340 2989 4401 autem
3022 4329 3274 4384 dicecesis
3313 4343 3469 4393 meas,

1889 4447 2032 4487 nunc
2079 4430 2384 4486 institutum
2437 4428 2632 4493 habeo,
2682 4411 2792 4481 iiuo
2841 4427 2940 4496 ipsi
2990 4424 3213 4488 habent,
3260 4423 3498 4508 nomine

1889 4519 2213 4596 Delphinum
2254 4522 2392 4596 (lO).
2425 4521 2676 4577 Pervidet
2715 4521 2824 4591 jam
2859 4520 2985 4574 hinc
3029 4520 3332 4588 prmstantia
3366 4526 3504 4583 tua,

183 4611 401 4668 verint?
422 4609 483 4665 Et
506 4611 615 4665 alia
636 4626 811 4665 manu.
838 4610 1130 4666 Petilianus
1155 4603 1442 4682 episcopus
1473 4617 1779 4686 recognovi.
1811 4607 1861 4666 D
1891 4616 2027 4672 duos
2062 4616 2115 4672 in
2148 4617 2307 4670 unius
2348 4614 2503 4686 plebe
2532 4613 2699 4669 fuisse
2724 4611 3041 4682 imaginarie
3076 4610 3188 4681 (11)
3214 4608 3478 4664 constitu-

258 4750 339 4823 (9)
385 4748 713 4823 Vraianensis,
752 4762 847 4803 seu
875 4747 1306 4823 Baianensis,_u_t_i
1331 4749 1590 4823 scrip-tuin
1617 4759 1700 4804 est
1729 4750 1781 4805 in

185 4819 352 4878 veteri
385 4822 541 4876 libro.
569 4819 707 4875 Infra
731 4834 886 4890 capp.
913 4819 1002 4884 99,
1040 4821 1160 4884 H5,
1206 4819 1328 4886 155,
1361 4820 1612 4875 scribitur
1634 4835 1782 4875 seiu-

187 4911 286 4965 per
317 4891 582 4965 Vaiensis,
615 4891 708 4946 sed
758 4906 856 4944 nos
889 4890 1086 4965 ubique
1140 4892 1478 4958 reposuimus
1527 4890 1780 4965 Vaianen-

185 4962 292 5029 sis,-
322 4964 446 5033 quia
487 4970 698 5033 constat
738 4963 1178 5033 emendationem
1208 4977 1330 5017 esse
1373 4971 1596 5033 certam.
1649 4962 1779 5015 Nam

187 5031 351 5090 Felix
371 5036 639 5106 episcopus
665 5031 986 5106 Baianensis
1014 5031 1263 5106 interfuit
1295 5034 1526 5106 concilio
1552 5032 1782 5088 Cartha-

185 5101 407 5176 ginensi
445 5101 552 5160 sub
583 5104 770 5176 Grato.
814 5113 867 5158 et
895 5101 1122 5176 Beianus
1167 5103 1469 5176 Baianensis
1499 5105 1784 5159 damnatus

187 5173 287 5234 fuit
336 5191 478 5232 anno
527 5177 649 5242 594,
701 5174 754 5230 in
798 5175 1024 5230 concilio
1056 5173 1356 5245 Bagaiensi.
1398 5175 1623 5231 Animus
1664 5186 1783 5230 erat

187 5251 326 5305 hanc
373 5247 556 5303 sedem
603 5245 805 5301 referre
844 5245 909 5298 ad
957 5245 1327 5300 Mauritaniam
1367 5245 1777 5313 Caesariensem,

184 5322 307 5391 quia
358 5321 498 5372 inter
526 5317 812 5391 episcopos
843 5316 987 5370 illius
1017 5317 1536 5391 pro‘vincimejectos
1574 5320 1640 5391 ab
1671 5317 1781 5371 Hu-

185 5387 372 5446 tierico
402 5404 528 5456 rege
556 5387 915 5441 Vandalorum
946 5387 1161 5454 reperio
1189 5387 1463 5441 Caecilium
1499 5387 1778 5442 Belianen-

183 5477 320 5516 sein.
360 5460 551 5513 Verqu
581 5457 706 5511 huic
748 5457 1060 5527 cogitationi
1099 5458 1312 5511 obstant
1359 5457 1777 5527 subscriptiones

185 5530 399 5585 concilii
427 5527 880 5596 CabarSitssitani,
914 5525 1000 5579 ubi
1052 5526 1245 5596 legitur
1275 5542 1468 5582 nomen
1510 5525 1775 5583 Pancratii

183 5598 539 5655 Balianensis.
573 5595 707 5650 Cum
751 5597 892 5649 enim
934 5595 1169 5664 synodus
1213 5597 1299 5650 illa
1330 5597 1508 5650 habita
1556 5598 1627 5652 sit
1668 5615 1775 5654 uno

181 5686 327 5725 anno
357 5677 484 5722 ante
507 5665 855 5734 Bagaiensem
900 5666 950 5717 in
984 5681 1085 5732 qua
1117 5667 1401 5722 damnatus
1428 5679 1511 5721 est
1546 5668 1773 5724 Beianus

180 5737 500 5796 Baianensis
538 5737 832 5802 Donatista,
873 5736 1012 5790 istud
1051 5737 1300 5792 evincere
1331 5736 1539 5792 videtur
1579 5738 1768 5794 Eccle-

176 5813 312 5871 siam
345 5810 716 5870 Balianenscm
745 5804 909 5866 fuisse
931 5806 1199 5865 diversam
1239 5822 1269 5862 a
1291 5807 1604 5878 Baiancnsi;
1636 5809 1770 5868 duos

1888 4751 2084 4821 quippe
2122 4750 2410 4820 episcopos
2452 4746 2839 4821 Donatistasuin
2873 4759 2974 4821 una
3031 4742 3267 4821 Ecclesia
3295 4739 3476 4821 fuisse

1886 4813 2208 4878 c'on's'titutos
2258 4813 2364 4875 non
2404 4830 2487 4875 est
2539 4815 2847 4877 verisimile.
2899 4817 3164 4871 BALUZIUS
3200 4813 3365 4867 addit.
3414 4813 3472 4868 ln

1886 4894 2077 4949 eodem
2127 4892 2354 4946 concilio
2401 4890 2848 4945 Cabarsussitano
2897 4895 3091 4955 praeter
3138 4884 3472 4938 Pancratium

1887 4964 2259 5019 Balianensem
2285 4973 2370 5018 est
2393 4963 2626 5016 Donatus
2639 4960 2918 5029 episcopus
2944 4955 3296 5029 Belianensis,
3332 4955 3473 5010 unde

1888 5036 2263 5090 Balianensem
2293 5044 2348 5090 et
2378 5027 2748 5090 Bclianensém
2774 5027 2907 5085 duas
2934 5027 3092 5084 sedes
3120 5040 3241 5080 esse
3263 5036 3470 5081 certum

1886 5117 1989 5162 est.
3023 5120 3029 5130 '

1960 5177 2078 5246 (l0)
2110 5173 2446 5245 Delphinum.
2494 5175 2683 5228 Missus
2736 5171 2781 5226 is
2811 5168 3065 5246 fueratjn
3090 5167 3392 5246 Numidian}
3439 5183 3470 5221 τι

1886 5238 2224 5318 coepisc0pis
2246 5248 2359 5318 suis
2382 5256 2605 5318 proliter
2626 5244 2974 5318 necessitates
2995 5239 3269 5318 Ecclesize,
3286 5249 3346 5318 ut
3374 5238 3467 5318 ha-

1884 5309 2252 5388 bet-Augfep.
2282 5317 2346 5369 ad
2378 5309 2608 5388 Marcell.
2640 5315 2766 5388 olim
2800 5314 2921 5388 1358,
2957 5326 3097 5388 nunc
3146 5310 3267 5365 159.
3301 5309 3467 5388 Hujus

1882 5391 2044 5446 etiam
2074 5381 2130 5441 tit
2160 5381 2361 5442 mentio
2403 5385 2540 5440 infra
2571 5401 2619 5440 c.
2650 5385 2776 5452 215.
2815 5384 2938 5438 Erat
2964 5385 3248 5452 episeopus
3269 5381 3467 5434 consti-

1879 5469 2024 5515 tutus
2051 5459 2117 5512 de
2142 5475 2277 5512 novo
2307 5459 2374 5510 oh
2400 5458 2652 5512 Ecclesia:
2683 5451 3030 5527 necessitates
3056 5454 3109 5508 iit
3134 5451 3309 5523 aliqua
3333 5452 3480 5525 urbe.

1877 5531 2240 5586 Constantina:
2269 5529 2458 5583 vicina.
3404 5564 3413 5572 .

1958 5597 2062 5670 [11)
2103 5599 2436 5670 Imaginarie.
2485 5597 2605 5670 Sub,
2620 5596 2778 5670 titulo
2808 5595 2932 5650 lieto
2961 5603 3014 5648 et
3035 5593 3312 5670 supposito
3341 5610 3355 5646 :
3386 5593 3466 5670 sic

1974 5617 2062 5669 11)
2103 5617 2436 5670 tmagmarte.
2485 5617 2598 5653 Sun
2624 5617 2778 5650 tumo
2808 5617 2932 5650 Ilcw
2961 5617 3014 5648 es
3035 5617 3312 5663 supposito
3342 5617 3355 5646 :
3386 5617 3466 5647 διυ

1875 5617 2154 5727 Coituthus
2181 5671 2322 5738 apud
2345 5669 2544 5726 Athan.
2577 5668 2772 5737 dicitur
2798 5682 2902 5724 non
2929 5680 3110 5734 verus,
3137 5665 3234 5721 sed
3277 5663 3468 5734 imagi-

1874 5744 2056 5800 narius
2083 5743 2388 5815 episcopus.
