3838 6222
296 193 300 197 ’
384 220 525 282 i275

1328 225 1552 284 essm
1591 227 2045 292 COLLATIONIS
2085 219 2703 298 CARTHA‘GINENSlS.

3532 239 3657 296 ητα

383 341 505 410 tos,
541 352 597 400 ut
630 350 692 400 ἐι
731 351 1009 397 numerum
1038 351 1287 414 augeant,
1317 352 1371 398 et
1397 354 1577 401 tamen
1607 345 1856 417 plebium
1876 365 1963 406 nu-

2080 355 2415 420 Splendidam
2448 356 2822 428 Carthaginem
2851 356 3177 422 constitutus
3198 365 3282 412 est
3314 352 3500 411 verum
3546 373 3656 413 esse

383 447 567 490 merus
587 447 697 489 non
728 432 869 488 idem
896 433 986 498 sit,
1019 435 1108 504 qui
1142 435 1212 489 sit
1237 435 1450 491 illarum
1477 437 1687 493 scilicet
1716 432 1963 509 persona-

379 539 518 582 rum.
548 518 617 579 Et
642 523 746 578 hoc
772 526 1073 594 argumenti
1103 537 1185 582 est
1209 528 1455 595 maximi,
1489 521 1848 587 ntvldean'tur
1870 547 1974 589 nos

381 621 483 674 ltoc
511 633 710 690 genere
739 634 1021 690 superare,
1075 623 1118 676 si
1144 622 1252 678 duo
1279 634 1466 679 contra
1501 641 1665 681 unum
1699 628 1808 683 sint
1844 640 1974 685 con-

377 710 548 766 stitnti
573 711 660 766 vel
693 720 823 768 tres.
875 711 1006 768 Nam
1040 715 1200 771 etiam
1239 716 1290 771 in
1322 717 1489 786 plebe
1505 721 1798 788 rpraesentis
1840 736 1970 777 san-

377 803 602 858 ctissimi
632 804 852 875 collegae
899 815 962 861 ac
1006 805 1188 863 fratris
1234 807 1344 863 mel
1368 807 1662 876 Adeoda‘ti,
1700 813 1750 867 id
1781 823 1884 878 est,
1917 815 1970 870 in

378 891 599 951 civitate
634 891 964 965 Milevitana,
1006 897 1394 970 itacommissa
1440 917 1526 956 res
1557 912 1642 959 est
1669 945 1683 970 ,
1719 913 1776 958 ut
1803 914 1970 957 unum

379 989 577 1046 ibidem
616 989 816 1048 habeat
861 991 1229 1048 adversarium
1283 992 1422 1066 (12),
1460 995 1687 1051 alterum
1733 997 1784 1051 in
1833 993 1972 1051 Tuc-

377 1082 526 1143 censi
551 1088 667 1160 (15)
699 1087 936 1154 civitate,
963 1103 1081 1159 quae
1111 1089 1179 1143 ad
1224 1089 1382 1158 hujus
1410 1088 1618 1153 scilicet
1636 1087 1972 1160 plebem‘an-

379 1180 602 1250 tiquitus
626 1183 886 1252 pertinet,
909 1190 965 1236 et
988 1189 1114 1235 ante
1141 1181 1415 1235 biennium
1439 1193 1558 1234 esse
1589 1179 1797 1234 videtur
1839 1192 1966 1236 con-

376 1273 630 1340 stitutus;
674 1274 871 1330 tertius
900 1289 1027 1328 vero
1070 1273 1140 1328 sit
1180 1274 1233 1327 in
1282 1274 1403 1328 loco
1443 1273 1530 1338 qui
1562 1272 1759 1327 dicitur
1799 1261 1966 1330 Cera-

295 1415 301 1423 .
377 1382 581 1427 mussa.
620 1369 762 1439 Ergo
783 1379 910 1424 cum
951 1383 1092 1422 unus
1141 1367 1215 1421 sit
1242 1367 1478 1422 civitatis
1502 1365 1758 1425 Mnevi'ta'
1783 1383 1827 1423 .e
1857 1367 1969 1438 epi-

355 1454 573 1532 scopus
595 1473 622 1513 a
653 1461 892 1530 partibus
915 1459 1132 1525 nostris,
1161 1468 1270 1515 tres
1293 1447 1544 1516 videntur
1567 1459 1630 1513 ab
1659 1462 1739 1514 uis
1766 1462 1970 1539 consti-

372 1555 468 1609 tuti
493 1554 678 1616 fuisse.
709 1561 762 1608 u‘t
787 1553 1001 1608 illorum
1032 1559 1286 1608 numerus
1317 1563 1620 1624 augeretur,
1649 1563 1741 1608 aut
1769 1559 1964 1609 fortas-

370 1647 445 1702 sis
473 1647 762 1703 excederet
797 1661 1084 1702 numerum
1131 1631 1391 1702 veritatis.
1444 1645 1847 1717 Requirendum
1885 1656 1968 1702 est

2077 448 2250 504 credit
2278 443 2659 506 venerabilitas
2703 453 2810 518 tua,
2857 442 2969 521 jam
3002 464 3146 505 nunc
3192 450 3444 505 intimare
3482 449 3655 521 digne-

2080 549 2186 597 tur.

2148 634 2235 690 70.
2279 633 2571 688 Pctilianus
2599 634 2866 704 episcopus
2897 633 3044 688 dixit.
3077 633 3195 689 Non
3227 633 3491 690 intellexit
3518 651 3547 691 e
3584 636 3653 691 di-

2074 741 2232 782 verso
2263 726 2586 790 consistens,
2618 727 2744 797 quid
2787 725 2977 784 fuerim
3006 739 3347 799 prosccutus,
3395 745 3516 786 nam
3546 746 3652 788 cum

2074 817 2140 876 de
2163 835 2388 875 numero
2412 814 2779 876 mandantium
2810 831 2952 878 ntmc
2980 832 3188 893 agatur,
3217 823 3508 894 diligentia:
3532 840 3652 881 mea

2076 912 2313 968 maxime
2357 912 2452 967 fuit
2485 915 2782 983 requirere,
2814 915 2902 970 ubi
2931 925 3056 971 sunt
3085 915 3160 971 ΠΙῙ
3192 918 3279 988 qui
3313 920 3652 987 prtesentibus

2072 1006 2464 1063 mandaverunt
2489 1026 2500 1062 :
2545 1008 2740 1064 deinde
2765 1004 3016 1067 constare
3062 1027 3168 1066 non
3211 1011 3281 1067 ab
3308 1028 3370 1068 re
3397 1023 3500 1078 est,
3524 1015 3652 1086 quod

2072 1117 2188 1156 sum
2215 1102 2268 1155 in
2288 1106 2384 1156 'tuo
2406 1103 2633 1172 judicio,
2662 1103 2742 1158 vir
2771 1103 2987 1170 nobilis,
3029 1115 3373 1178 prosecutus.
3402 1105 3650 1175 QuOniam

2036 1253 2040 1258 ,
2072 1197 2232 1266 igitur
2264 1209 2315 1253 et
2341 1198 2607 1268 jacturam
2640 1199 2881 1255 fecerunt
2903 1216 3088 1256 carum
3120 1217 3298 1257 rerum
3329 1217 3461 1272 quas
3491 1201 3654 1258 foren-

2071 1285 2218 1344 sibus
2240 1290 2494 1346 cancellis
2539 1305 2601 1345 ac
2643 1290 2849 1362 legibus
2872 1293 2944 1346 uti
2979 1301 3289 1362 potuerant,
3319 1303 3376 1349 et
3404 1296 3653 1350 recitave-

2071 1393 2194 1436 runt
2227 1380 2538 1438 mandatum
2566 1381 2709 1452 quod
2750 1385 3055 1455 nonmagis
3084 1383 3300 1440 forense
3330 1386 3419 1449 sit,
3457 1387 3546 1442 sed
3578 1387 3645 1443 le-

2069 1479 2209 1550 gale,
2241 1479 2368 1534 hinc
2395 1493 2630 1550 agnosco
2669 1478 2868 1535 debere
2907 1495 2991 1534 me
3022 1480 3126 1534 illis
3157 1479 3280 1550 lege
3307 1479 3490 1535 divina
3516 1496 3651 1536 com-

2071 1579 2321 1641 petenter
2358 1563 2709 1641 respondere.
2745 1570 2880 1645 Sed,
2907 1583 2962 1627 ut
3003 1573 3154 1643 prius
3189 1573 3258 1628 de
3289 1571 3648 1628 mandatorum

2073 1665 2546 1730 numero'constct,
2575 1671 2631 1745 et
2657 1663 2723 1719 de
2753 1664 2994 1735 partibus
3020 1667 3358 1736 meisquanti
3381 1666 3652 1722 mandave-

370 1741 534 1812 igimr
557 1741 772 1812 quando
798 1750 985 1814 auctus
1012 1741 1084 1796 sit
1108 1740 1324 1796 illorum
1351 1755 1637 1818 numerus,
1665 1754 1825 1810 quam
1859 1739 1963 1794 ori-

2080 1756 2181 1811 rinl
2219 1756 2301 1811 vel
2330 1757 2514 1827 quanti
2551 1739 2658 1812 sint
2698 1756 3023 1826 n'tandaturi,
3071 1758 3123 1812 id
3166 1760 3396 1828 primum
3441 1769 3559 1828 peto
3594 1759 3652 1815 de

355 1836 547 1906 ‘ginem
580 1832 850 1900 habuerit,
882 1844 1058 1887 utrum
1086 1832 1188 1886 hoc
1219 1833 1429 1888 novitas
1459 1831 1673 1897 fecerit,
1707 1847 1773 1884 an
1804 1830 1966 1885 dede-

365 1928 766 1998 ritantiquitas‘,
784 1936 984 1991 utrum,
1005 1907 1146 1978 utita
1164 1923 1413 1986 dixerim,
1436 1931 1620 1978 contra
1644 1931 1963 1977 vetustatem

365 2029 578 2086 canam,
611 2021 798 2076 vitium
851 2019 954 2074 hoc
1001 2017 1161 2075 fuerit
1202 2017 1476 2074 novitatis.
1526 2015 1596 2072 Et
1637 2017 1742 2072 alia
1784 2033 1962 2072 manu.

368 2113 665 2171 Pctilianus
693 2105 981 2184 episcOpus
1009 2112 1322 2184 recognovi.

437 2206 528 2265 66.
573 2205 977 2264 Fortunatianus
1015 2206 1283 2276 epi‘swpus
1310 2203 1557 2260 Ecclesia:
1582 2201 1846 2260 catholica
1877 2205 1962 2259 di-

367 2299 463 2354 xit.
515 2297 1154 2369 MultiloquioEcclesim
1201 2311 1418 2352 causam
1459 2299 1544 2370 agi
1603 2303 1708 2354 n‘on
1765 2297 1964 2354 debere

364 2392 623 2464 perspicit
667 2398 880 2448 mecum
936 2400 1038 2445 tua:
1087 2390 1414 2461 dignationis
1487 2405 1701 2456 sensus,
1759 2388 1963 2460 Optime

365 2485 721 2558 COgnitorum.
767 2484 834 2541 Et
882 2488 996 2540 cum
1023 2485 1229 2540 diceret.
1282 2483 1348 2540 Et
1399 2485 1504 2540 alia
1553 2502 1732 2540 manu.
1785 2484 1962 2542 Reco-

363 2581 545 2653 gnovi.

435 2673 524 2754 67.
595 2672 892 2749 Pctilianus
952 2673 1224 2744 episcopus
1287 2673 1438 2728 dixit.
1501 2671 1631 2730 Plus
1699 2674 1962 2746 scripsisti

361 2783 522 2838 quam
563 2766 695 2824 dixi.
746 2767 815 2822 Et
850 2767 955 2822 alia
997 2783 1172 2823 manu.
1216 2766 1512 2824 Pctilianus
1537 2767 1829 2840 episcopus
1869 2773 1961 2825 re-

362 2861 609 2933 cOgn'ovi.

414 2955 526 3022 158.
569 2951 977 3010 For'tunatianus
1015 2955 1287 3026 episcopus
1317 2954 1852 3011 Ecclesiarcatltoticce
1881 2955 1965 3010 di-

364 3049 460 3105 xit.
493 3048 690 3105 Verum
723 3048 804 3103 vir
821 3040 1173 3121 gravissimus
1198 3047 1492 3104 Pctilianus
1507 3053 1633 3104 cum
1660 3052 1788 3104 ante
1829 3057 1963 3119 pau-

2070 1849 2348 1906 nobilitate
2399 1861 2505 1916 tua,
2555 1859 2611 1904 ut
2659 1852 2989 1920 superfluum
3036 1866 3141 1905 non
3182 1853 3272 1917 sit,
3326 1851 3396 1906 de
3445 1867 3652 1907 numero

2068 1943 2346 2012 utriusque
2387 1945 2553 2013 partis
2594 1943 2736 1998 ferre
2770 1944 2968 2000 debere
2995 1944 3258 2014 judicium
3291 1945 3651 2001 celsitudinem

2065 2033 2233 2090 tuam.
2290 2027 2358 2089 Et
2423 2034 2529 2090 alia
2569 2041 2744 2091 manu.
2797 2035 3090 2093 Pctilianus
3148 2037 3446 2109 episcopus
3508 2053 3650 2094 reco-

2063 2129 2244 2199 gnovi

2139 2222 2226 2278 71.
2272 2221 2609 2288 Marcellinus
2635 2226 2713 2280 vir
2733 2225 3049 2280 clarissimus
3084 2225 3319 2281 tribunus
3349 2236 3396 2279 et
3442 2228 3652 2280 notarius

2066 2314 2217 2370 dixit.
2252 2315 2534 2372 EVllal’ldtB
2576 2318 2792 2389 quidem
2835 2319 3195 2388 multitudinis
3225 2333 3391 2374 causa
3433 2317 3496 2374 ad
3527 2320 3651 2375 hunc

2064 2411 2240 2467 locum
2273 2411 2340 2468 de
2369 2422 2599 2482 quurum
2633 2428 2858 2469 numero
2893 2413 3187 2476 dubitatur,
3218 2413 3442 2468 minime
3463 2429 3644 2469 conve-

2064 2505 2208 2561 nisse
2249 2498 2524 2573 dicuntur,
2575 2507 2876 2576 praesertim
2921 2522 3040 2561 cum
3083 2505 3364 2562 suilecerit
3410 2522 3504 2561 cos
3533 2522 3648 2577 pra:-

2063 2597 2305 2654 sebtibus
2335 2613 2495 2655 omne
2539 2599 2818 2672 delegasse
2857 2601 3165 2671 negotium;
3218 2598 3316 2654 sed
3356 2601 3402 2653 si
3434 2601 3554 2671 quid
3582 2615 3653 2654 su-

2064 2707 2162 2763 per
2206 2689 2309 2747 bac
2369 2702 2518 2763 parte
2568 2692 2921 2749 dubitationis
2973 2687 3221 2758 affertur,
3274 2691 3492 2761 judiciis
3545 2693 3651 2746 inti-

2065 2794 2262 2840 metttr.

2133 2874 2222 2932 72.
2266 2877 2502 2932 Aurelius
2533 2878 2801 2949 episcopus
2823 2876 3066 2932 Ecclesia:
3087 2877 3363 2930 catholica
3392 2875 3645 2948 Cari/iugi.

2062 2970 2231 3024 nensis
2273 2966 2421 3023 dixit.
2474 2969 2582 3024 Nos
2636 2970 2900 3024 evitamus
2945 2969 3267 3035 tumultum;
3321 2969 3518 3024 idcirco
3553 2985 3646 3025 non

2061 3069 2362 3127 venerunt;
2400 3061 2493 3116 sed
2519 3061 2829 3116 mandatum
2859 3058 3234 3116 ﬁrmissimum
3258 3073 3364 3128 est,
3389 3062 3523 3132 quod
3554 3055 3647 3117 luc-

369 3141 533 3196 lulum
557 3141 819 3198 Ecclesia:
849 3155 1064 3196 causam
1094 3141 1288 3197 divinis
1315 3139 1613 3212 Scripturis
1641 3141 1957 3198 {irruandam

2080 3168 2176 3208 .um
2207 3163 2292 3209 est
2317 3153 2586 3208 nobilitati
2621 3163 2742 3207 line.
2772 3153 2828 3209 Si
2855 3152 2924 3208 d'e
2953 3165 3178 3208 numero
3219 3152 3510 3216 dubitatur,
3541 3159 3648 3208 eant

365 3249 488 3291 esse
520 3235 793 3306 professus
834 3234 1022 3301 fuerit;
1054 3243 1211 3305 atque
1241 3246 1358 3290 eam
1401 3234 1597 3290 divinis
1638 3236 1962 3292 testimoniis

365 3329 534 3400 quaeri
583 3328 786 3386 debere
838 3328 1224 3396 constituerit,
1284 3334 1429 3383 [tunc
1471 3343 1601 3384 eum
1629 3335 1727 3398 per
1751 3329 1962 3384 diversa

366 3423 547 3492 vagari
594 3425 646 3477 in
679 3425 928 3494 personis
965 3424 1365 3490 ordinatorum,
1419 3425 1804 3493 pt‘osecutione
1847 3424 1965 3494 ejus

363 3513 686 3574 ostenditur.
724 3517 900 3586 Atque
935 3512 1078 3582 ideo,
1110 3532 1177 3572 ne
1203 3516 1278 3572 illi
1306 3517 1511 3572 similes
1537 3513 1838 3582 videamur,
1871 3516 1968 3572 d'c-

361 3611 492 3667 cre‘ti
517 3616 758 3666 tenorem
781 3612 989 3682 accepit
1012 3610 1319 3666 sublimitas
1347 3619 1470 3676 tua;
1501 3620 1554 3666 et
1580 3610 1708 3680 quid
1742 3609 1962 3666 Patrum

359 3709 560 3760 statuta
581 3705 872 3771 voluerint,
902 3706 1019 3776 ejus
1038 3705 1272 3760 lectione
1305 3709 1661 3760 monstratum
1689 3711 1793 3760 est.
1821 3702 1961 3759 Con-

361 3799 508 3855 venit
559 3803 877 3869 p'rarsentes,
913 3799 1222 3853 moraloriis
1251 3798 1504 3854 omnibus
1533 3798 1838 3853 actionibus
1876 3813 1960 3853 re-

363 3891 534 3964 pulsis
573 3890 736 3962 a'tque
791 3891 1100 3962 prostratis,
1135 3891 1336 3963 eligere
1377 3905 1520 3946 nunc
1567 3907 1633 3946 ex
1672 3902 1823 3962 parte
1862 3907 1960 3946 sua

2065 3239 2420 3318 provinciales
2446 3248 2509 3302 ad
2559 3248 2793 3311 Mauros,
2827 3257 2952 3303 eant
2980 3247 3344 3317 provinciales
3387 3247 3452 3303 ad
3480 3245 3646 3303 Numi-

2061 3339 2181 3410 das,
2215 3342 2338 3398 ean't
2369 3323 2723 3412 provinciales
2750 3341 2815 3396 ad
2844 3342 3177 3414 Byzaccnos.
3213 3352 3340 3398 eant
3362 3354 3564 3415 quoque
3589 3341 3644 3396 ad

2063 3432 2448 3506 Tripolitanos,
2483 3445 2609 3491 eant
2655 3436 2721 3490 ad
2770 3435 3059 3505 provincim
3106 3436 3531 3506 proconsularis,
3569 3435 3642 3506 qui

2066 3515 2369 3601 praesentes
2407 3540 2542 3586 sunt
2577 3546 2640 3586 ex
2691 3543 2917 3586 numero
2945 3521 3212 3600 ipsorum,
3241 3527 3302 3586 ἐὶ
3345 3534 3646 3602 cognoscant

2065 3634 2282 3680 nostros
2339 3622 2427 3693 qui
2467 3623 2594 3678 huic
2640 3619 2896 3679 mandato
2942 3621 3406 3693 subscripserunt.
3453 3621 3516 3679 Et
3559 3623 3647 3678 alia

2064 3729 2240 3774 manu.
2275 3719 2601 3788 RcCognovi.

2133 3813 2222 3867 73.
2267 3812 2605 3867 Marcellinus
2633 3813 2710 3866 vir
2737 3811 3054 3866 clarissimus
3082 3809 3321 3866 tribunus
3365 3822 3413 3866 et
3441 3811 3645 3865 notarius

2064 3907 2217 3960 dixit.
2251 3905 2367 3960 Non
2403 3906 2575 3974 patiar
2605 3919 2716 3960 rem
2757 3904 3082 3973 superfluam
3113 3904 3272 3974 longa
3311 3893 3544 3975 partium
3566 3901 3647 3958 ὀὓς

360 3984 589 4043 idoneos
619 3987 709 4057 qui
755 3987 966 4058 possint
995 3987 1253 4043 institutae
1281 3999 1459 4042 causae
1492 3994 1748 4056 prmstare
1796 3986 1962 4042 ratio-
2057 3993 2356 4054 ιυριειιίοιιε
2384 3987 2614 4064 uinciri,
2641 3995 2783 4051 unde
2809 3996 3026 4052 veniant
3050 3997 3310 4052 universi.

363 4083 510 4148 nem,
557 4083 904 4152 omniumque
933 4094 1255 4135 consensum
1308 4078 1392 4134 bis
1437 4080 1571 4135 actis
1611 4079 1955 4150 depromere,

361 4183 439 4241 nt,
461 4161 821 4230 dilucescentc
848 4174 1100 4240 veritate,
1128 4171 1262 4226 nulli
1288 4171 1457 4242 possit
1483 4185 1603 4227 esse
1623 4172 1958 4243 ambiguum.

361 4267 642 4337 Siquidem
689 4265 1022 4322 confirmatis
1072 4267 1327 4338 personis
1382 4266 1526 4321 nulla
1572 4279 1694 4335 pars
1743 4265 1961 4321 audebit

363 4360 566 4427 dicere,
599 4361 925 4417 sententiam
955 4370 1062 4416 non
1092 4374 1250 4432 posse
1278 4359 1422 4432 (nec)
1457 4357 1656 4416 debere
1695 4361 1960 4416 consiste-

361 4471 441 4519 re.
477 4454 911 4529 quandoquidem
941 4470 1127 4510 eorum
1159 4463 1455 4513 consensus
1497 4457 1631 4510 actis
1677 4455 1836 4511 fuerit
1866 4455 1960 4512 de-

2135 4091 2222 4146 74.
2267 4092 2507 4146 Aurelius
2560 4092 2828 4160 episwpus
2887 4089 3138 4144 Ecclesia:
3181 4090 3450 4145 catholica:
3512 4087 3642 4143 diril.

2062 4183 2199 4254 Quid
2229 4199 2366 4254 opus
2394 4195 2475 4238 est
2509 4164 2724 4237 turbis?
2757 4182 2823 4237 Et
2852 4196 2947 4236 nos
2976 4182 3028 4236 in
3059 4181 3284 4236 civitate
3336 4182 3425 4235 diu
3466 4182 3644 4236 versati

2063 4284 2270 4347 sumus,
2305 4285 2359 4332 et
2381 4275 2549 4330 nostri
2576 4273 2818 4345 collegae.
2845 4269 2885 4327 Ii
2909 4287 3122 4343 quoque
3149 4271 3202 4352 in
3232 4273 3469 4336 civitate,
3502 4284 3552 4327 ut
3579 4270 3648 4327 di«

2062 4378 2208 4436 cunt,
2272 4385 2378 4424 non
2435 4367 2614 4438 hodie,
2668 4366 2762 4422 sed
2817 4366 3108 4437 aliquantis
3160 4363 3352 4421 diebus
3408 4364 3644 4422 demorati

2064 4470 2207 4516 sunt.
2252 4459 2523 4530 Legantur
2571 4453 3024 4528 subscriptiones,
3063 4467 3117 4513 et
3155 4456 3224 4512 de
3254 4458 3410 4528 Cujus
3454 4459 3646 4514 nomine

362 4557 676 4618 promptus;
705 4557 759 4604 et
805 4548 926 4604 ideo
953 4555 1043 4602 aut
1069 4547 1561 4618 s‘ubscriptionibus
1584 4559 1703 4620 quze
1725 4551 1961 4620 gerimus
1989 4537 2038 4604 D
2066 4553 2336 4618 dubitant,
2371 4553 2487 4623 ipse
2513 4551 2713 4606 veniat.
2754 4550 2816 4604 Et
2845 4546 2952 4606 alia
2981 4567 3160 4604 manu.
3191 4546 3520 4621 Rccoguovi.

363 4658 424 4699 se
450 4643 678 4699 doceant
707 4644 1057 4706 confirmare,
1089 4651 1181 4696 aut
1220 4657 1546 4698 consensum
1575 4658 1730 4698 suum
1761 4643 1960 4714 singuli

361 4737 704 4808 patefaciant,
752 4747 806 4794 nt
834 4739 979 4793 actio
1023 4737 1282 4793 Ecclesiae
1329 4737 1500 4808 possit
1526 4752 1625 4792 suo
1651 4737 1846 4792 ordine
1886 4737 1963 4792 in-

361 4828 566 4885 cboari.
596 4829 660 4884 Et
691 4831 794 4886 alia
827 4847 1006 4885 manu.
1040 4828 1374 4899 Recognovi.

429 4924 523 4980 69.
566 4923 898 4980 Marcellinus
925 4925 1003 4979 vir
1030 4923 1352 4978 clarissimus
1392 4921 1628 4977 tribunus
1658 4932 1704 4977 et
1734 4925 1963 4978 notarius

361 5019 511 5074 dixit.
546 5018 621 5072 De
648 5023 1075 5088 lncompetenter
1101 5017 1366 5072 ordinatis
1393 5031 1530 5087 quos
1562 5016 1858 5072 Pctilianus
1885 5016 1966 5072 vir

359 5111 739 5167 sanctissimus
770 5109 1204 5178 comprehendit,
1255 5125 1343 5165 me
1379 5120 1588 5165 certum
1637 5118 1721 5166 εει
1763 5109 1854 5181 qui
1898 5109 1966 5165 ad

358 5205 518 5260 aliam
575 5215 782 5275 partem
837 5202 1116 5274 principali
1169 5205 1497 5259 auctoritate
1561 5203 1726 5274 judex
1779 5204 1968 5260 videor

359 5299 708 5363 constitutus,
743 5313 849 5352 non
896 5311 1056 5366 posse
1099 5310 1449 5369 cognoscere.
1481 5298 1738 5368 Superest
1787 5307 1865 5363 ut,
1919 5299 1965 5353 si

359 5402 644 5448 numerum
694 5389 1077 5462 episcoporum
1103 5389 1218 5459 -qni
1266 5390 1335 5445 ab
1399 5390 1581 5447 officio
1632 5393 1771 5447 intra
1824 5394 1966 5447 hanc

435 5535 966 5622 (12)_Aduersariunt.
1011 5545 1273 5622 Severum
1302 5559 1503 5622 nempe
1528 5547 1620 5622 qui
1657 5549 1814 5617 paulo
1838 5557 1964 5622 ante

369 5615 681 5682 infirmitate
711 5625 992 5685 correptus
1023 5617 1375 5681 discesserat,
1407 5624 1465 5672 'ut
1495 5615 1722 5675 habetur
1749 5635 1798 5674 c.
1829 5617 1961 5679 215.

372 5687 555 5765 Exstat
567 5689 680 5765 ejus
694 5691 916 5765 epistola
939 5691 1001 5765 ad
1016 5690 1375 5765 Augustinum
1398 5691 1538 5765 inter
1553 5693 1966 5765 Augustinianas

2139 4647 2302 4720 259
2315 4649 2398 4702 75x
2420 4645 2755 4700 Marcellinus
2779 4644 2853 4698 vir
2872 4645 3191 4698 clarissimus
3205 4643 3438 4698 tribunus
3460 4653 3502 4698 et
3521 4654 3647 4695 nota.

2070 4741 2182 4794 rius
2212 4740 2361 4793 dixit.
2390 4737 2446 4792 In
2474 4751 2581 4792 uno
2603 4737 2723 4792 loco
2749 4744 2877 4791 sunt
2905 4749 3094 4791 omnes
3119 4776 3132 4801 ,
3163 4745 3256 4790 aut
3279 4734 3334 4790 id
3365 4748 3468 4791 non
3496 4742 3648 4807 potest

2072 4831 2277 4902 liquido
2299 4830 2608 4899 designari?

2144 4923 2234 4979 76.
2265 4924 2501 4977 Aurelius
2529 4924 2800 4994 episcopus
2823 4913 3070 4976 Ecclesia:
3094 4919 3362 4976 ca'thalicw
3391 4922 3532 4975 dixit.
3560 4917 3646 4973 Neo

2072 5017 2274 5072 scimus
2265 5026 2480 5115 mustea
2512 5025 2670 5086 quam
2723 5015 3116 5069 mandavarunt
3143 5015 3272 5085 quid
3305 5030 3441 5084 Opus
3469 5020 3645 5068 eratut

2070 5106 2547 5166 concluderentur.
2579 5107 2645 5163 Et
2673 5107 2778 5162 alia
2801 5124 2977 5161 manu.
3002 5106 3336 5178 Recugnuvi.
3365 5107 3644 5180 Augustinus

2069 5206 2342 5277 episwpus
2403 5201 2648 5258 Ecclesia:
2673 5197 2941 5255 catholica:
2993 5201 3142 5255 dixit.
3193 5200 3268 5257 De
3293 5215 3513 5270 quorum
3561 5213 3641 5250 no-

2070 5299 2213 5354 mine
2252 5297 2547 5368 dubitatur,
2583 5294 2682 5366 ipsi
2717 5294 2954 5350 veniant.
2995 5291 3062 5348 lit
3120 5291 3230 5348 alia
3277 5309 3450 5347 manu.
3497 5291 3643 5346 Recit-

2068 5393 2251 5464 gnovL

2069 5529 2346 5605 editionis.
2367 5537 2498 5601 Ibid.
2520 5557 2608 5614 ep.
2624 5543 2714 5607 54,
2733 5541 3012 5613 Augustini
3029 5539 3436 5614 condiscipulus
3451 5533 3635 5614 dicitur.

2148 5619 2262 5691 (i3)
2305 5619 2535 5691 Alterum
2559 5611 2614 5670 in
2650 5611 2898 5691 Tuccensi
2919 5615 3150 5691 civitate.
3183 5611 3438 5691 Sabinum
3466 5611 3636 5691 deum}

2077 5706 2127 5752 ο.
2152 5674 2279 5758 isti,
2319 5689 2629 5764 episcopum
2661 5685 2894 5764 civitatis
2919 5685 3079 5764 liuius
3110 5687 3164 5740 in
3205 5683 3468 5744 Numidia.
3506 5674 3634 5751 "and

377 5757 502 5830 109.
526 5770 580 5830 et
597 5756 1032 5844 'duae'Augustini
1064 5756 1130 5829 ad
1165 5756 1340 5848 ipsum
1371 5763 1474 5836 110
1493 5775 1548 5832 et
1569 5756 1665 5846 6ῦῖ
1688 5773 1977 5848 postremae
2084 5767 2157 5831 ita
2185 5756 2392 5844 pridem
2419 5756 2742 5846 episcopalis
2769 5757 2909 5832 tacta
2935 5756 3133 5824 iuerat.
