3838 6222
185 246 327 301 1277

1152 244 1377 304 "essm
1410 192 1864 301 consumis
1902 234 2517 303 canrttacmmsm.

3333 242 3476 310 1978

256 358 349 413 Π.
378 356 639 413 Emeritus
666 358 935 429 cpiscopus
982 356 1135 411 dixit.
1194 356 1475 428 lmpognat
1517 368 1578 411 se
1626 356 1788 423 aetio,
1813 362 1875 426 Α
1899 356 1979 412 Ad
2000 355 2173 413 multa
2192 359 2373 415 fratris
2390 360 2501 416 mei
2536 359 2983 423 videatn'obilitas
3004 366 3097 422 'tua
3126 366 3285 439 quam
3312 382 3479 439 pauca

181 457 239 506 ct
295 466 361 507 ex
410 466 512 506 una
546 457 699 521 parte
726 450 938 505 diversa
980 450 1286 515 contentio;
1323 446 1463 503 unus
1512 448 1791 519 prosequi-

176 550 275 599 tur
317 538 503 601 venire
544 543 765 611 debere,
811 544 949 599 alter
1001 544 1213 611 nescire
1236 536 1522 600 scutram
1577 544 1789 611 possint

180 633 402 690 adesse.
434 635 778 690 Concordem
825 635 967 690 inter
1009 650 1069 691 se
1090 634 1372 693 sententiis
1393 635 1524 703 suis,
1546 642 1601 691 et
1624 631 1789 691 'arbi—
1830 647 1833 651 ‘

177 732 331 781 tratu
359 712 576 798 praprio
598 736 758 799 atque
780 738 989 783 secreto
1003 728 1130 799 quid
1149 729 1325 800 magis
1346 729 1567 801 eligant,
1583 728 1783 784 dicant.

181 817 511 889 Opperimur
538 819 682 875 enim
711 835 811 892 pro
846 820 1053 878 meritis
1076 822 1184 879 tuis
1216 822 1469 894 quicquid
1508 821 1595 878 isti
1636 822 1788 879 dixe-

180 913 301 968 rint
325 953 341 978 ,
374 912 519 985 quod
560 914 731 986 magis
780 917 1085 985 putaverint
1124 916 1457 988 eligendum.
1489 916 1785 972 Nonenim

163 1020 291 1065 nos
326 1004 578 1061 falsitatis
612 1006 817 1063 crimen
846 991 1171 1079 obiecimus,
1225 1008 1325 1066 sed
1354 1008 1457 1066 hoc
1494 1008 1788 1079 insuavia-

182 1103 338 1151 ctum
363 1096 611 1153 volumus
643 1099 861 1169 iudiciis
890 1101 1198 1171 approbari.
1220 1100 1412 1158 Melior
1426 1102 1669 1175 estenim
1691 1102 1787 1158 ad-

187 1187 1051 1263 stipulatiourqute’prtesentibes
1077 1193 1209 1249 actis
1242 1193 1461 1265 inditur,
1485 1203 1540 1251 et
1586 1194 1786 1251 verita-

184 1281 264 1336 tis
318 1282 475 1341 ﬁdes
504 1282 988 1343 instrumentorum
1030 1289 1262 1345 veritate
1295 1288 1553 1345 ﬁrmatur.
1594 1288 1786 1361 Agitur

180 1372 336 1430 enim
364 1391 452 1432 res
477 1377 545 1433 de
580 1394 682 1450 qua
706 1380 825 1451 quis
853 1395 1063 1452 negare
1093 1381 1289 1452 poterit
1321 1399 1334 1437 :
1368 1380 1492 1437 Non
1520 1382 1781 1450 mandavi,

184 1481 290 1521 non
313 1466 548 1539 interfui,
598 1474 789 1526 nescio.
815 1472 932 1529 Non
959 1474 1103 1530 enim
1133 1489 1201 1530 ex
1224 1484 1315 1531 me
1330 1475 1433 1531 ista
1453 1476 1781 1547 procedunt,

180 1558 289 1616 sed
313 1574 383 1616 ex
404 1561 537 1631 ipsis
568 1564 746 1632 potius
768 1566 860 1635 qui
885 1566 985 1619 ista
1012 1566 1347 1637 conﬁngunt.
1377 1567 1618 1623 Habeant
1646 1569 1786 1624 inter

162 1669 251 1711 ~se
296 1656 584 1712 consilium
628 1672 822 1725 suum,
852 1658 1179 1730 arbitrioque
1225 1675 1323 1717 suo
1352 1661 1617 1717 deﬁniant
1667 1662 1788 1719 uni-

1885 450 2270 521 respondeam.
2354 450 2515 521 Quod
2578 455 2624 510 si
2675 456 2831 514 nobis
2896 455 3169 516 voluerint
3250 465 3478 531 rcSpc'n-

1890 545 2023 602 dere
2054 588 2068 613 ,
2100 557 2261 602 causa
2310 555 2419 603 tota
2462 549 2569 605 cito
2617 550 2839 607 forsitan
2881 560 3200 626 peragetur;
3233 564 3481 612 metuen-

1892 639 2018 697 dum
2049 636 2165 710 est,
2217 656 2286 698 ne
2322 641 2443 700 ideo
2487 653 2592 701 non
2635 644 2727 701 ﬁat
2774 640 3039 704 tumultus
3074 648 3142 706 ab
3188 634 3295 706 bac
3328 640 3515 728 turba

1892 749 2013 806 qua:
2038 746 2279 807 prmsens
2301 745 2416 805 est,
2445 737 2570 809 quia
2600 754 2706 795 non
2738 738 2826 797 hic
2846 754 2930 797 est
2957 733 3067 798 alia
3082 744 3369 800 multitudo
3387 788 3401 811 ,
3420 746 3479 802 in

1886 845 2051 904 quam
2092 832 2268 905 possit
2312 831 2503 890 referri
2548 834 2807 892 causatio.
2840 828 2909 891 Et
2935 835 3040 892 alia
3082 832 3259 893 manu.
3294 828 3477 896 Reco-

1888 922 2083 999 gnovi.
2548 924 2551 925 ⁷
2636 937 2639 940 ’

1957 1021 2050 1077 82.
2076 1017 2370 1077 Petiliuntts
2386 1021 2450 1095 (ί.
2468 1016 2753 1097 Emeritus)
2772 1022 3044 1097 episcopus
3064 1018 3213 1081 dixit.
3228 1016 3478 1099 Conﬁte-

1887 1112 1965 1171 ris
1986 1116 2110 1171 itlos
2135 1126 2261 1170 cum
2278 1116 2520 1189 tumultu
2550 1131 2673 1174 esse
2704 1124 2981 1175 venturos.
3007 1113 3139 1173 Nam
3168 1116 3258 1172 Iiic
3283 1118 3483 1173 tumul-

1887 1217 1973 1264 tus
2000 1217 2100 1265 nec
2129 1207 2243 1264 fuit
2255 1216 2355 1265 nec
2382 1209 2489 1265 erit
2508 1227 2537 1265 a
2562 1211 2806 1281 partibus
2830 1210 3057 1266 nostris.
3078 1200 3147 1264 Et
3172 1208 3278 1265 alia
3304 1226 3479 1267 manu.

1882 1300 2157 1361 Emeritus
2185 1304 2475 1375 episcopus
2498 1306 2805 1376 recognovi.

1956 1395 2046 1451 85.
2079 1396 2399 1468 Augustinus
2446 1398 2710 1470 episcopus
2756 1395 3005 1453 Ecclesia
3041 1395 3285 1454 caholica:
3326 1394 3476 1454 dixit.

1881 1483 2001 1542 Non
2028 1485 2296 1543 conﬁteor
2319 1503 2441 1551 cum
2468 1487 2700 1544 tumultu
2724 1486 2846 1545 esse
2866 1486 3165 1555 venturos}
3190 1488 3287 1545 sed
3315 1490 3500 1546 timeo.

1882 1591 1959 1634 ne
1989 1578 2113 1635 ideo
2137 1568 2313 1635 adhuc
2337 1581 2581 1651 quiescat
2601 1581 2896 1638 ‘m‘ultitudo
2919 1586 3162 1652 praesens
3186 1583 3349 1653 ,quia
3372 1597 3479 1637 non

1887 1679 1971 1727 est
1995 1673 2050 1727 in
2078 1682 2237 1743 quem
2262 1671 2460 1728 referat
2482 1673 2530 1727 ἐἰ
2553 1667 2680 1744 quid
2719 1673 2861 1753 [orte
2892 1673 3229 1729 turbulenter
3254 1662 3477 1752 exstite-

188 1760 387 1814 Versa;
423 1737 478 1802 ὺι
504 1749 550 1803 εί
578 1748 764 1805 νοιυηι
811 1749 863 1805 in
890 1752 1142 1821 Praesenti
1184 1752 1442 1830 mandate
1460 1786 1476 1819 δ
1502 1753 1661 1831 Siculi
1690 1766 1788 1810 "05
1819 1760 1866 1821 B
1892 1765 1965 1820 rit
1988 1807 2001 1831 ,
2027 1737 2153 1820 du‘m
2181 1773 2413 1837 utraque
2439 1737 2683 1837 przrseti‘s
2719 1742 2880 1821 fuerit
2904 1765 3211 1821 multitudo.
3236 1740 3481 1823 Petimus

183 1853 453 1911 personas
480 1841 847 1897 mandantium
888 1843 1026 1897 actis
1054 1843 1401 1920 sublimitatis
1435 1854 1537 1900 tua!
1566 1857 1705 1900 nunc
1732 1845 1785 1901 in

180 1933 445 2003 praesenti
467 1931 805 1989 insinuamus
828 1976 843 2001 ,
888 1934 1120 1991 habeant
1156 1937 1208 1992 in
1254 1935 1576 2005 compendio
1600 1980 1615 2006 ,
1650 1938 1787 1994 tule-

175 2025 299 2080 rint
327 2023 397 2081 de
443 2025 624 2081 medio
666 2025 998 2097 falsitatem,
1052 2027 1318 2083 diluamus
1371 2028 1478 2085 illis
1530 2028 1785 2087 universa

180 2133 307 2190 quae
326 2126 618 2189 potuerant
647 2112 1107 2192 dé’przeceptione
1127 2121 1404 2191 depromi,
1434 2129 1492 2176 ut
1538 2122 1785 2177 sublimi-

182 2213 317 2269 tatis
350 2223 453 2268 tuat
476 2211 678 2283 judicio
709 2214 878 2284 possit
907 2229 971 2270 ex
997 2213 1215 2271 illorum
1231 2222 1289 2270 et
1307 2228 1374 2271 ex
1400 2216 1601 2271 nostris
1625 2216 1786 2284 parti-

180 2304 288 2360 bus
314 2312 614 2376 apparere,
646 2305 792 2377 quod
844 2308 1164 2378 possitesse
1206 2306 1537 2363 mandatum.
1584 2306 1649 2363 Et
1678 2309 1784 2364 alia

124 2408 128 2411 '
181 2419 363 2458 inanti.
396 2402 667 2459 Emeritos
694 2406 981 2476 episcopus
1006 2402 1318 2476 recognovi.

259 2496 352 2553 78.
382 2498 699 2570 Augustinus
747 2499 1020 2571 episcopus
1050 2496 1298 2553 Ecclesiae
1325 2497 1593 2555 catholica:
1632 2500 1781 2557 dixit.

182 2587 477 2646 Tumultus
519 2604 591 2646 ne
632 2589 809 2647 ﬁeret’
811 2590 1111 2647 cavendum
1131 2588 1261 2657 fuit,
1291 2601 1345 2647 et
1366 2590 1472 2649 hoc
1498 2590 1784 2649 salubriter

184 2684 589 2757 prudenterque
612 2686 911 2758 pr'ovidisti.
943 2687 1014 2742 Et
1033 2690 1285 2759 quoniam
1308 2686 1654 2745 metuendum
1676 2695 1778 2756 est,

171 2774 258 2835 "ne
280 2815 297 2847 ,
337 2792 461 2835 cum
494 2778 658 2835 fuerit
674 2791 864 2838 exorta
894 2781 1069 2852 aliqua
1094 2768 1463 2852 perturbatio,
1497 2781 1653 2837 nobis
1686 2790 1784 2851 ροι-

185 2874 298 2927 tius
325 2872 608 2941 tribuatur,
638 2874 1015 2946 incertumque
1037 2874 1108 2929 sit
1137 2873 1448 2950 hominibus
1463 2917 1479 2942 ,
1502 2888 1533 2929 a
1556 2890 1780 2946 quorum

180 2975 339 3037 parte
389 2967 569 3037 petius
616 2966 922 3034 exstiterit,
951 2967 1085 3023 nibil
1113 2968 1311 3022 melius
1333 2977 1388 3025 et
1436 2955 1780 3039 tranquillius

184 3065 439 3129 putamus
468 3058 763 3116 decernere
816 3060 1150 3115 nobilitatem
1192 3069 1336 3116 tuam
1358 3103 1373 3128 ,
1403 3061 1511 3127 nisi
1557 3070 1613 3117 ut
1641 3063 1779 3118 reci-

1888 1870 1950 1914 ut
1981 1859 2125 1931 quod
2154 1860 2357 1936 dictum
2388 1872 2500 1928 est,
2528 1859 2648 1929 ﬁat;
2680 1858 2749 1918 de
2797 1877 3138 1932 quocumque
3184 1856 3480 1931 dubitatur,

1886 1959 2268 2021 prmsen'tetur.
2306 1952 2372 2008 Et
2400 1955 2503 2009 alia
2534 1971 2708 2009 manu.
2743 1952 3079 2024 Recognovi.

1954 2040 2049 2099 ⁷84.
2075 2045 2366 2100 Adeodatus
2395 2047 2666 2118 episcbpus
2692 2047 2844 2101 dixit.
2878 2044 2933 2102 Si
2964 2045 3020 2101 in
3051 2058 3251 2117 paucos
3276 2030 3482 2102 'tumu‘l-

1888 2144 1975 2191 tus
1999 2135 2115 2192 ﬁeri
2147 2152 2251 2192 non
2281 2147 2482 2208 potest,
2512 2139 2561 2192 in
2589 2138 2852 2208 plurimos
2879 2137 2995 2193 ﬁeri
3025 2128 3478 2206 quemadmodum

1890 2230 2107 2298 potest?
2136 2226 2204 2284 Et
2229 2228 2331 2287 alia
2353 2243 2534 2287 manu.
2563 2224 2901 2303 Recogn‘Ovi.
2954 2229 3191 2285 Aurelius
3216 2230 3481 2303 episcbpus

1889 2324 2136 2382 Ecclesia:
2155 2323 2421 2383 catholica:
2457 2326 2609 2383 dixit.
2632 2322 2844 2383 Judica.
2879 2319 2948 2382 Et
2973 2324 3079 2381 alia
3092 2340 3278 2382 .manu.
3306 2316 3484 2383 Reco-

1885 2416 2069 2491 gnovi.
2888 2450 2889 2453 η
3052 2486 3055 2487 ν

1957 2513 2046 2571 85.
2075 2512 2414 2570 Marcellinus
2435 2515 2519 2569 ‘v‘ir
2546 2505 2866 2571 clarissimus
2898 2515 3130 2571 tribunus
3158 2526 3209 2572 et
3250 2516 3481 2572 notarius

1886 2605 2035 2661 dixit.
2062 2607 2247 2664 Potest
2278 2607 2495 2680 quidem
2526 2607 2882 2666 sacerdotalis
2921 2605 3210 2666 multitudo
3237 2606 3477 2666 divinam

1884 2702 2237 2759 considerans
2272 2704 2560 2775 utrobique
2602 2705 2957 2781 sententiam,
2988 2705 3148 2783 etiam
3193 2704 3246 2758 in
3286 2706 3478 2775 quavis

1884 2793 2251 2866 p0pnl05itate
2296 2806 2557 2867 praestare
2595 2797 2903 2864 silentium,
2954 2797 3051 2853 sed
3093 2795 3227 2851 illud
3272 2802 3478 2852 certum

1884 2898 1997 2957 est,
2027 2896 2083 2945 et
2126 2889 2327 2961 ambigi
2374 2890 2681 2947 nullatenus
2712 2900 2925 2963 potest,
2958 2890 3283 2969 paucitatem
3307 2889 3478 2962 magis

1884 2983 2102 3039 silentio
2129 2998 2290 3055 posse
2328 2987 2574 3055 praebere
2612 2999 2959 3040 consensum.
2994 2978 3150 3041 Unde
3179 2996 3249 3041 ne
3287 2998 3477 3054 super-

1882 3073 2005 3131 ﬂuis
2060 3077 2435 3142 immorcmur,
2468 3077 2514 3132 si
2564 3073 2633 3133 de
2663 3076 3153 3148 subscriptionibus
3173 3076 3353 3147 aliqua
3394 3084 3477 3132 est

178 3154 309 3208 tatis
330 3153 582 3209 omnibus
628 3154 958 3223 nominibus,
1010 3154 1077 3210 de
1107 3168 1214 3226 quo
1243 3154 1527 3226 dubitant,
1570 3154 1849 3219 veniat..C
1882 3164 2179 3238 dubitatio,
2232 3185 2499 3241 eosquos
2543 3186 2643 3226 nec
2683 3177 2979 3241 praesentes
3026 3177 3182 3235 esse,
3210 3158 3309 3225 πῖαρ
3346 3168 3473 3223 sub.

183 3242 255 3298 Et
293 3246 398 3299 alia
419 3262 594 3305 manu.
627 3245 950 3318 Recognovi.

254 3335 345 3392 79.
379 3335 720 3392 Marcellinus
756 3340 833 3394 vir
857 3337 1175 3393 clarissimus
1204 3340 1435 3395 tribunus
1460 3350 1506 3395 et
1551 3342 1779 3398 netarius

177 3429 334 3485 dixit.
363 3427 662 3502 Accepistis
701 3430 1090 3503 professionem
1136 3432 1302 3503 partis
1339 3433 1601 3492 adversae.
1644 3434 1777 3507 Quae

178 3528 498 3588 competunt
521 3562 537 3587 ,
570 3532 910 3593 peragantur.
1408 3524 1409 3527 “
1760 3567 1772 3573 -

255 3612 349 3669 80.
380 3611 642 3671 Emerita:
680 3615 948 3686 episcOpu‘a
978 3614 1131 3672 dixit.
1174 3617 1439 3674 Patientia
1480 3618 1777 3676 nobilitatis

180 3712 287 3760 tua:
312 3704 672 3776 intimumque
702 3716 972 3764 secretum
992 3750 1006 3775 ,
1030 3710 1172 3781 quod
1204 3712 1452 3767 omnibus
1482 3721 1771 3781 monstras,

178 3805 500 3852 cunctorum
530 3798 699 3853 oculis
724 3800 930 3869 patuit,
961 3810 1117 3857 teneo
1143 3802 1328 3871 judicii
1357 3803 1432 3859 tui
1464 3803 1625 3877 ﬁdem
1648 3845 1665 3872 ,
1695 3814 1775 3862 te-

178 3900 312 3942 neo'
335 3887 722 3944 testimonium.
767 3889 913 3972 Pene
940 3892 1045 3961 iam
1074 3903 1292 3963 peracto
1345 3896 1477 3951 solis
1502 3898 1773 3953 curriculo

179 3987 330 4033 t0tus
352 3987 435 4033 est
460 3987 766 4035 transactus
792 3982 935 4052 dies,
964 3992 1019 4038 et
1046 3984 1226 4040 nullus
1251 3984 1427 4042 adhuc
1455 3996 1676 4043 exortus
1700 3999 1774 4047 tu-

177 4069 386 4125 multus
407 4111 420 4136 ,
445 4085 566 4126 cum
591 4080 733 4127 tanta
774 4073 1113 4131 sacerdotum
1142 4076 1238 4132 Dei
1279 4078 1564 4135 multitudo
1590 4081 1771 4136 consi-

176 4170 308 4217 stat.
341 4161 471 4231 Quis
490 4163 634 4218 enim
657 4176 855 4235 praeter
884 4182 981 4223 eos
1013 4182 1150 4239 quos
1174 4168 1363 4239 judicii
1388 4171 1587 4226 veritas
1615 4171 1771 4228 ades-

176 4269 241 4311 se
289 4256 574 4326 prmcepit;
625 4258 710 4329 vel
742 4252 1018 4316 muticndo
1049 4250 1312 4331 inter.se,
1345 4264 1432 4319 vel
1473 4262 1632 4320 balbo
1653 4279 1770 4320 ser-

177 4360 342 4401 mone
389 4347 711 4417 respondit?
736 4349 922 4408 Tacito
973 4352 1173 4422 lingua:
1210 4347 1770 4426 silentio‘exspcctant

176 4439 403 4496 veridici
426 4442 717 4513 cognitoris
746 4443 1009 4515 integram
1031 4459 1385 4517 severamque
1406 4446 1763 4518 sententiam,

1879 3252 2120 3319 scribere
2150 3263 2393 3334 potuisse
2419 3263 2594 3334 credit
2621 3264 2880 3319 sanctitas
2918 3271 3132 3328 vestra,
3165 3261 3356 3317 iaciam
3404 3260 3472 3317 ad

1874 3356 2134 3433 judicium
2163 3370 2290 3427 mox
2315 3356 2521 3423 venire,
2547 3366 2603 3410 ut
2622 3355 2839 3412 tandem
2869 3354 3159 3427 aliquando
3186 3353 3473 3410 conﬁrma-

1870 3448 1949 3503 tis
1977 3446 2274 3504 secundum
2301 3442 2583 3518 imperiale
2606 3457 2936 3519 prmceptum
2970 3463 3038 3504 ex
3066 3456 3291 3521 utraque
3317 3454 3471 3517 parte

1880 3540 2155 3611 personis.
2181 3536 2247 3595 ad
2276 3538 2473 3611 negotii
2508 3541 2695 3594 merita
2730 3539 2990 3593 veniatur.
3357 3589 3363 3596 ,

1949 3633 2041 3688 86.
2074 3631 2332 3686 Emeritus
2353 3628 2620 3703 e’piswpus
2641 3629 2791 3683 dixit.
2826 3628 2902 3683 Ex
2927 3638 3031 3682 una
3053 3636 3206 3699 parte
3232 3627 3464 3683 diversa:

1877 3723 2160 3779 sententiae
2190 3721 2523 3779 concordare
2548 3720 2767 3777 debent.
2791 3719 2899 3777 Aut
2919 3721 3061 3776 enim
3087 3720 3172 3775 liic
3198 3734 3318 3776 esse
3338 3735 3466 3777 suos

1876 3813 2091 3882 dicunt,
2138 3823 2193 3870 et
2235 3814 2426 3869 adesse
2474 3812 2782 3879 debebunt;
2831 3823 2923 3868 ant
2958 3812 3004 3868 si
3052 3812 3306 3868 absentes
3343 3828 3465 3868 esse

1875 3907 2221 3978 proﬁtentur,
2278 3907 2458 3961 videat
2487 3907 2736 3962 nobilitas
2778 3916 2864 3961 tua
2894 3905 3022 3977 quid
3049 3907 3118 3963 d'e
3143 3906 3464 3962 absentibus

1874 3996 2067 4057 debeat
2106 3997 2369 4068 judicare.
2422 3994 2491 4053 Et
2534 3999 2639 4053 alia
2665 4014 2841 4053 manu.
2872 3998 3147 4054 Emeritus
3173 3994 3461 4070 cpiscopus

1872 4093 2182 4163 recognovi.
2842 4148 2849 4154 .
2884 4098 2887 4101 ’

1942 4185 2031 4243 87.
2066 4178 2405 4253 Marcellinus
2433 4188 2511 4242 vir
2540 4174 2859 4244 clarissimus
2890 4188 3121 4243 tribunus
3154 4196 3202 4244 ct
3230 4190 3464 4244 notarius

1871 4270 2022 4332 dixit.
2075 4276 2229 4346 Quod
2284 4289 2578 4349 prazsentes
2622 4279 2977 4350 praesentibus
3028 4278 3457 4346 mandaverunt,

1873 4370 2247 4439 prosecutione
2298 4370 2712 4441 spectabilitatis
2738 4378 2936 4427 vestras
2979 4378 3194 4426 tenetur
3238 4385 3463 4441 expres-

1869 4477 2021 4528 sum,
2055 4477 2129 4531 eo
2172 4462 2314 4534 quod
2341 4478 2531 4520 omnes
2557 4464 2647 4535 qui
2670 4463 3138 4534 subscripserunt,
3169 4478 3198 4516 a
3226 4461 3379 4517 vobis
3406 4470 3464 4517 et

173 4541 233 4589 et
257 4533 585 4601 acclinibus,
626 4546 682 4590 ut
705 4536 869 4602 dixit,
919 4538 1057 4608 pene
1083 4540 1417 4608 cervicibus,
1451 4542 1506 4597 in
1537 4544 1764 4615 teipsnm

1895 4574 1903 4607 l
1935 4553 2132 4609 vestris
2171 4555 2426 4611 omnibus
2458 4533 2612 4611 facile
2641 4556 2851 4625 possint
2874 4533 3113 4626 agnosci.
3162 4551 3313 4609 Unde
3335 4569 3458 4608 cum

175 4635 291 4682 toto
312 4643 407 4682 ore
430 4628 727 4698 pendentes
746 4670 760 4693 ,
785 4630 912 4700 quid
938 4633 1006 4687 de
1045 4633 1139 4688 Dei
1170 4640 1335 4689 causa
1379 4637 1591 4705 judices
1616 4639 1768 4695 solli-

172 4718 280 4774 cite
318 4718 611 4773 rimantur.
643 4718 830 4775 Nullus
869 4723 1163 4793 strepitus,
1198 4738 1378 4782 sermo
1417 4729 1631 4797 nullus,
1657 4730 1767 4787 itno

171 4809 239 4864 ad
268 4811 437 4865 Deum
480 4812 735 4867 continua
765 4817 939 4871 oratio
958 4857 972 4882 ,
1000 4826 1054 4871 et
1080 4817 1148 4873 ad
1174 4821 1370 4875 coelum
1404 4823 1609 4891 privata
1639 4840 1762 4883 vox.

174 4899 330 4957 Unde
387 4902 475 4956 hic
516 4905 776 4959 tumultus
807 4907 1054 4976 publicus
1086 4909 1154 4966 de
1185 4912 1407 4981 privatis
1425 4918 1768 4977 scurrilibus-

170 5007 275 5063 que
295 4995 675 5065 sermonibus,
705 4988 900 5067 quibus
947 5009 1041 5055 aut
1066 5000 1222 5075 tacite
1256 5013 1497 5077 strepere
1519 5051 1534 5075 ,
1566 5020 1658 5065 aut
1698 5024 1764 5069 ex

169 5082 289 5154 ipso
324 5100 431 5144 usu
458 5087 582 5141 rixa
634 5089 947 5158 quotidiana
994 5102 1173 5149 metus
1204 5095 1528 5165 iudiciorum
1560 5117 1664 5158 non
1700 5104 1767 5159 ti-

169 5193 357 5263 mens,
409 5180 586 5251 possit
610 5184 1013 5254 exurgereiAd
1067 5188 1169 5243 hoc
1196 5188 1293 5244 Dei
1330 5191 1640 5251 sacerdotes
1688 5202 1766 5253 tot

166 5264 473 5345 antistites,
495 5279 690 5335 animae
720 5295 834 5336 sua:
855 5295 1073 5337 causam
1103 5291 1159 5339 et
1180 5284 1305 5342 ﬁdei
1335 5303 1447 5343 sure
1498 5293 1762 5349 rationem

167 5371 357 5427 audire
386 5373 666 5441 cupientes
688 5414 703 5439 ,
732 5375 962 5431 tumultu
992 5378 1265 5446 superfluo
1291 5390 1343 5435 et
1373 5382 1603 5452 quadam
1646 5387 1761 5443 rixa

171 5463 487 5528 turbantes,
516 5463 583 5518 ad
605 5462 791 5532 judicii
828 5468 1106 5522 veritatem
1134 5471 1379 5537 nolentes
1408 5473 1763 5547 descendere,

165 5561 413 5619 quaerunt
443 5552 739 5615 immissam
772 5556 1039 5612 actionem
1088 5561 1398 5630 turpissime
1420 5567 1756 5635 perturbare,

164 5641 232 5704 Et
258 5645 368 5701 alia
393 5662 571 5703 mnu.
604 5646 876 5705 Emeritus
902 5650 1193 5724 episcopus
1219 5658 1529 5729 recognovi.

1870 4646 2299 4718 subscriptiones
2323 4662 2420 4719 per
2448 4647 2923 4729 ordinem-iuerint
2947 4643 3184 4703 recitata:
3207 4686 3223 4714 ,
3253 4645 3322 4702 de
3351 4660 3459 4717 quo

1870 4739 2166 4807 dubitatur,
2196 4742 2392 4811 poterit
2415 4753 2538 4797 mox
2567 4743 2769 4798 venire.
3269 4806 3274 4811 ,

1941 4832 2031 4887 88.
2066 4833 2360 4890 Adeodatus
2388 4835 2655 4907 episcopus
2681 4830 3037 4890 dixitIAﬂ'ero
3074 4827 3454 4899 compendium

1871 4924 2103 4983 diversa:
2130 4927 2298 4997 parti,
2328 4943 2395 4983 ne
2428 4928 2687 4983 tumultus
2716 4941 2874 4998 posse
2916 4925 3029 4980 ﬁeri
3055 4925 3299 4997 utrisque
3328 4940 3454 4994 par.

1869 5019 2011 5075 tibus
2052 5022 2409 5090 praesentibus
2462 5031 2666 5093 putent.
2717 5020 2773 5075 In
2806 5033 2915 5074 uno
2966 5018 3116 5072 loco.
3143 5018 3455 5089 coepiscopi

1868 5113 2038 5167 nostri
2095 5115 2428 5183 consistant,
2458 5114 2538 5169 ad
2587 5115 2819 5169 alterum
2849 5098 2974 5165 item
3012 5108 3188 5166 locum
3221 5125 3349 5166 suos
3376 5113 3456 5164 la-

1870 5205 2020 5260 ciant
2076 5208 2283 5263 venire.
2346 5195 2413 5263 Et
2457 5223 2575 5263 cum
2606 5207 2822 5261 recitata
2852 5203 3052 5260 fuerint
3102 5219 3456 5275 quaecumque

1866 5295 2018 5365 loca,
2058 5297 2169 5353 bini
2212 5300 2516 5366 mittantur,
2566 5313 2671 5367 quo
2722 5296 2892 5367 possit
2944 5297 3123 5352 omnis
3166 5296 3445 5363 causatio,

1868 5391 2044 5444 omnis
2068 5391 2326 5448 tumultus
2367 5390 2649 5467 amputari.
2682 5384 2749 5445 Et
2776 5390 2883 5445 alia
2929 5405 3104 5444 manu.
3138 5387 3453 5445 Adeodatus

1865 5485 2152 5555 episcopus
2182 5485 2487 5561 recognovi.

1935 5574 2026 5631 89.
2059 5577 2278 5649 Alypius
2304 5576 2571 5655 episcopus
2604 5574 2850 5654 Ecclesia:
2875 5574 3141 5643 catholica:
3161 5572 3314 5627 dixit.
3342 5570 3451 5627 No-
3490 5632 3495 5637 ,

1862 5682 1925 5722 va
1954 5684 2042 5726 ros
2061 5686 2204 5728 nunc
2230 5682 2261 5727 a
2284 5670 2495 5739 diversa
2523 5682 2675 5746 parte
2699 5669 2987 5747 llagitatur.
3022 5666 3157 5729 Nam
3197 5679 3296 5725 nos
3316 5664 3450 5720 obc-

219 5738 328 5834 ,θιι
352 5736 675 5831 Nimim“
713 5741 982 5829 ’Piml’“
1013 5738 1259 5816 Ecclesia
1298 5750 1564 5823 catholica
1588 5746 1759 5832 dixit.
1859 5755 2068 5828 dientes
2096 5736 2407 5829 edietalibus
2443 5736 2864 5861 precanum-tot
2888 5762 3137 5851 venimus
3167 5768 3297 5844 quot
3324 5756 3445 5822 lues
