3838 6222
343 260 348 262 “
409 273 551 330 me
595 280 600 284 κ

1193 229 1195 232 ’
1266 254 1270 258 ’
1372 269 1599 326 casm
1637 265 2086 329 COLLATIONIS
2123 237 2747 361 eAnrttActNENsts.

3546 273 3678 330 liii)

405 396 533 460 rant
557 385 736 445 edicto
758 385 983 441 deflniti.
1009 383 1118 440 Sed
1147 384 1271 454 quia
1321 393 1377 440 et
1403 384 1509 441 hoc
1535 399 1644 441 non
1674 396 1760 441 est
1793 401 1993 457 negan-
2017 388 2072 450 Α
2095 390 2321 460 singulis
2359 394 2780 464 subscriptiones
2816 394 3050 466 propria:
3086 392 3422 464 relegantur,
3453 401 3513 452 ut
3537 394 3682 464 agni-

404 477 540 539 dum
567 477 911 545 sollicitudini
940 478 1286 547 praesentium
1305 519 1321 544 ,
1363 493 1690 551 quamquam
1718 478 1785 534 de
1807 494 1995 535 nume-

408 589 472 631 ro
495 585 736 642 quaerere
768 582 875 623 non
906 568 976 623 sit
997 577 1199 650 nostra:
1225 570 1511 639 praesentis
1539 569 1787 637 actionis,
1814 578 1993 626 tamen

409 666 500 737 qui
529 662 690 720 modo
717 670 1015 735 praesentes
1042 662 1237 721 fratres
1258 665 1430 720 nostri
1443 666 1667 736 reperiri
1683 673 1994 736 potuerunt,

402 757 534 827 iube
563 764 621 811 ut
647 753 1052 826 ingrediantur;
1080 755 1126 812 si
1157 756 1245 826 qui
1298 754 1432 813 forte
1466 758 1722 814 absentes
1759 755 1994 823 fuerint,

407 850 644 907 crastino
688 858 883 906 eorum
908 850 1208 920 praesentia:
1231 851 1335 905 tuis
1354 851 1514 906 etiam
1545 851 1819 907 obtutibus
1841 865 1996 905 mon-

390 941 740 1010 strabuntur,
765 940 897 997 dum‘
925 949 1108 1014 tamen
1139 957 1206 998 ne
1235 942 1343 996 ulla
1374 942 1563 1022 dilatio
1600 957 1777 998 causae
1806 956 1995 996 nasca-

407 1043 522 1102 tur,
555 1036 698 1090 sicut
738 1051 840 1092 nos
877 1036 1013 1092 certi
1059 1051 1285 1092 numero
1315 1035 1571 1091 adsumus
1598 1035 1754 1090 electi
1775 1035 1844 1089 ab
1874 1034 1994 1087 uni-

379 1126 606 1184 ‘versali
636 1129 906 1184 catholico
927 1128 1193 1195 concilio,
1222 1129 1382 1182 etiam
1414 1127 1515 1196 ipsi
1545 1127 1611 1180 ad
1639 1124 1990 1181 asserendum

406 1219 708 1276 conﬁrmati
746 1221 858 1291 jam
903 1219 1201 1289 suscipiant
1240 1232 1455 1272 omnem
1479 1216 1743 1271 sarcinam
1775 1230 1988 1282 causae,

404 1318 467 1367 ut
486 1312 628 1386 nulla
643 1311 830 1366 dilatio
854 1310 1135 1384 quaestioni
1157 1310 1327 1381 possit
1353 1308 1574 1380 opponi.
1591 1307 1660 1362 Et
1675 1308 1784 1362 alia
1809 1323 2008 1363 manu-

408 1405 735 1477 Rccognovi.

477 1499 565 1555 90.
609 1499 902 1553 Adeodatus
929 1497 1198 1570 episcOpus
1219 1495 1368 1551 dixit.
1402 1493 1640 1565 Prmeipe
1661 1493 1816 1550 nobis
1842 1505 1995 1547 man-

300 1581 304 1584 ’
360 1652 361 1655 η
403 1591 1098 1666 ἀειυῐηξωεοτυωόθιη
1138 1591 1353 1648 ostendi
1401 1591 1496 1646 ubi
1533 1590 1991 1660 subscripserunt,

404 1685 548 1759 quod
573 1701 714 1742 nunc
743 1685 941 1742 lectum
969 1693 1052 1741 est
1073 1685 1141 1741 ab
1169 1683 1372 1741 officio.
1399 1681 1469 1738 Et
1497 1683 1602 1738 alia
1621 1697 1796 1738 manu.
1819 1680 1999 1738 Adeo-

408 1777 566 1834 datus
605 1778 893 1849 episcopus
918 1777 1229 1847 recognovi.

479 1871 570 1926 91.
605 1869 940 1925 Marcellinus
970 1871 1046 1924 vir
1080 1869 1395 1924 clarissimus
1422 1869 1652 1923 tribunus
1682 1875 1729 1922 et
1764 1868 1994 1922 notarius

404 1964 556 2018 dixit.
587 1961 896 2017 Mandatum
930 1962 1070 2032 quod
1098 1976 1238 2016 nunc
1261 1962 1328 2015 ab
1352 1960 1532 2015 ofﬁcio
1566 1961 1850 2015 recitatum
1879 1967 1992 2026 est,

407 2056 461 2113 in
504 2071 611 2127 quo
659 2058 899 2110 omnium
939 2053 1366 2124 subscriptiones
1405 2046 1771 2122 continentur,
1808 2063 1995 2125 postu-

405 2149 644 2206 lantibus
663 2148 994 2205 ostendatur.
1930 2197 1935 2201 .

477 2243 568 2299 9'2.
605 2242 892 2298 Petilianus
915 2244 1181 2314 episcOpus
1213 2241 1364 2298 dixit.
1397 2242 1642 2313 Magnam
1674 2240 1830 2298 nobis
1849 2241 1996 2298 solli-

405 2335 698 2391 citudinem
752 2334 878 2390 facit
923 2335 1024 2390 ista
1055 2337 1327 2390 varietas:
1369 2344 1463 2390 aut
1511 2333 1671 2390 hodie
1697 2330 1994 2406 reprtesen-

374 2480 378 2490 ,
407 2436 814 2484 tentnumerum
839 2443 1022 2484 eorum
1044 2443 1179 2500 quos
1203 2427 1305 2484 sibi
1331 2428 1516 2484 dicunt
1540 2428 1824 2484 mandasse
1850 2428 1995 2498 quod

405 2528 601 2589 agant,
634 2517 730 2574 aut
751 2519 848 2590 ipsi
899 2535 1115 2576 causam
1145 2521 1196 2576 in
1218 2520 1515 2576 crastinum
1547 2519 1897 2596 distulerunt.
1931 2520 1996 2576 Et

403 2610 509 2665 alia
531 2599 706 2666 manu.
741 2610 1032 2667 Petilianus
1055 2612 1344 2682 episcOpus
1367 2612 1677 2681 recognovi.
1750 2615 1752 2617 ’

478 2703 570 2760 9'5.
599 2704 816 2777 Alypius
841 2702 1110 2776 episcopus
1141 2703 1385 2758 Ecclesia:
1409 2703 1674 2758 catholica:
1694 2702 1846 2758 dixit.
1876 2701 1993 2757 Non

404 2803 489 2852 est
517 2793 678 2849 dilata
723 2811 915 2861 causa;
961 2795 1122 2851 hodie
1151 2797 1357 2867 agenda
1407 2805 1509 2850 est.
1543 2792 1613 2848 Et
1655 2797 1759 2849 alia
1812 2811 1992 2849 manu.

405 2885 735 2958 Recognovi.
771 2888 1082 2961 Augustinus
1134 2889 1400 2959 episcopus
1431 2887 1584 2942 dixit.
1638 2886 1993 2960 (Mandatum)

404 2982 541 3034 actis
566 2978 844 3046 offeratur,
866 2981 934 3036 ab
964 2979 1142 3035 officio
1179 2979 1459 3037 offeratur.

392 3097 394 3099 ·
478 3073 567 3129 91.
593 3074 884 3130 Adeodatus
914 3076 1182 3146 episcopus
1214 3075 1365 3130 dixit.
1397 3075 1507 3131 Hoc
1535 3077 1992 3147 exspectavimus,

2099 482 2168 538 tis
2192 485 2384 541 iisdem
2410 487 2561 541 exire
2590 486 2894 557 dignentur.

2168 579 2257 634 99.
2291 578 2554 634 Martialis
2579 589 2812 649 exceptor
2838 595 2902 634 ex
2944 580 3187 634 mandato
3209 580 3483 639 recitavit.
3515 581 3677 639 Aure-

2099 668 2208 725 lius
2263 671 2549 745 episcopus
2599 669 2854 725 Ecclesia;
2904 669 3201 725 catholicae
3233 669 3668 743 Carthaginensis

2097 761 2406 832 Carthagini
2433 761 2790 826 constitutus,
2823 771 3090 832 praesente
3115 763 3237 819 v’iro
3267 764 3568 822 clarissimo
3592 769 3676 822 tri-

2096 852 2240 907 buno
2271 862 2324 906 et
2353 853 2566 907 notario
2608 852 2924 909 Marcellino
2945 893 2961 920 ,
2991 853 3098 910 hoc
3122 855 3438 913 mandatum
3471 861 3673 931 suscepi

2095 954 2149 997 et
2179 944 2490 1012 subscripsi.
2529 943 2642 998 Hoc
2669 945 2822 1000 modo
2844 961 3016 1003 omnes
3045 950 3229 1022 reliqui
3256 951 3672 1022 subscripserunt.

2103 1033 2230 1089 Item
2258 1035 2508 1090 recitavit.
2538 1025 2787 1091 Silvanus
2814 1030 3102 1110 episcopus
3129 1041 3472 1098 Summensis
3501 1043 3676 1100 Eccle-

2093 1126 2188 1180 sia:
2231 1127 2534 1183 catholicae.
2585 1127 2735 1182 Idem
2763 1130 2912 1185 dixit.
2938 1131 3144 1189 Prmsto
3179 1149 3322 1190 sum.
3351 1135 3675 1191 Marcellinus

2092 1217 2169 1270 uir
2192 1218 2506 1274 clarissimus
2535 1219 2769 1274 tribunus
2796 1231 2843 1276 et
2867 1224 3096 1279 notarius
3131 1226 3284 1281 dixit.
3312 1226 3573 1283 Silvanus.
3591 1229 3672 1298 qui

2093 1325 2200 1376 non
2232 1313 2472 1381 suscepit
2497 1313 2840 1370 collationem
2862 1327 3038 1372 exeat.
3069 1316 3183 1382 Quo
3210 1334 3414 1387 egresso
3440 1319 3574 1374 idem
3602 1337 3676 1387 re-

2092 1403 2282 1458 citavit.
2297 1402 2617 1461 Valentinus
2628 1406 2918 1477 episcopus
2930 1404 3190 1465 Ecclesia:
3212 1408 3530 1468 Vaianensis
3549 1410 3673 1483 (14).

2097 1493 2242 1549 Idem
2264 1495 2418 1550 dixit.
2453 1496 2660 1553 Prtesto
2687 1511 2830 1554 sum.

2167 1585 2291 1644 100.
2345 1588 2566 1660 Alypius
2617 1591 2884 1660 episcopus
2933 1590 3182 1647 Ecclesia:
3228 1594 3501 1649 catholica
3535 1595 3673 1649 dixit.

2097 1678 2469 1737 Reddiderunt
2494 1694 2592 1736 nos
2619 1681 2886 1753 sollicitos
2906 1723 2922 1750 ,
2954 1681 3288 1754 diligentiam
3317 1685 3476 1740 nobis
3509 1686 3676 1754 primi-

2027 1771 2075 1831 B
2104 1780 2189 1827 tus
2234 1771 2335 1840 ipsi
2375 1772 2719 1832 incusserunt
2747 1791 2759 1827 :
2804 1775 3078 1846 quomodo
3107 1777 3455 1832 neminantur
3477 1779 3672 1845 nostri,

2099 1862 2178 1917 sic
2222 1864 2384 1918 etiam
2437 1863 2507 1920 de
2560 1865 2799 1935 ipsorum
2851 1881 3079 1922 numero
3124 1868 3559 1924 dubitamus..b't
3585 1871 3675 1925 alia

2099 1971 2275 2011 manu.
2302 1956 2631 2028 Recognovi.

2172 2048 2292 2103 101.
2326 2047 2662 2104 Marcellinus
2691 2050 2767 2103 vir
2796 2051 3112 2108 clarissimus
3133 2054 3372 2121 tribunus
3392 2064 3438 2109 et
3459 2058 3674 2110 notarius

2101 2138 2249 2194 dixit.
2286 2139 2362 2195 ita
2394 2140 2485 2197 flet
2507 2183 2521 2208 ,
2549 2143 2822 2200 consentit
2863 2149 3050 2201 tamen
3074 2151 3204 2217 pars
3242 2145 3456 2201 diversa
3481 2189 3494 2213 ,
3535 2157 3590 2203 ut
3615 2148 3676 2204 si-

2074 2262 2075 2265 η
2099 2229 2209 2285 mul
2238 2231 2401 2302 agniti
2428 2224 2645 2317 creant:

2175 2324 2299 2381 102.
2328 2325 2569 2382 Aurelius
2611 2329 2876 2402 episcopus
2921 2329 3174 2387 Ecclesia:
3223 2332 3493 2389 catholica
3540 2335 3672 2389 dixit.

2101 2417 2206 2476 Sed
2233 2420 2413 2490 primo
2441 2420 2699 2477 mandare
2725 2421 2924 2478 habent
2961 2436 3017 2480 et
3040 2425 3176 2496 ipsi,
3209 2434 3270 2499 ut
3295 2437 3551 2498 appareat
3570 2427 3672 2499 quia

2100 2511 2187 2568 hic
2212 2521 2355 2569 sunt.
2391 2513 2457 2568 Et
2485 2515 2590 2570 alia
2619 2531 2795 2572 ntanu.
2831 2517 3165 2588 Recognovi.
3208 2548 3221 2554 -

2173 2605 2294 2662 105.
2330 2606 2669 2663 Marcellinus
2692 2610 2769 2663 uir
2791 2611 3111 2669 clarissimus
3133 2613 3371 2670 tribunus
3391 2625 3441 2670 et
3465 2596 3674 2669 notariss

2099 2697 2250 2752 dixit.
2276 2698 2419 2769 Ergo
2439 2699 2614 2770 placet
2640 2702 2914 2757 sanctitati
2943 2714 3159 2772 vestrae,
3185 2714 3244 2760 ut
3270 2714 3400 2777 post
3420 2705 3673 2776 impletum

2100 2790 2411 2846 mandatum
2437 2834 2451 2858 ,
2480 2801 2709 2859 exeant,
2736 2795 2901 2848 etiam
2939 2796 3109 2865 partis
3138 2805 3337 2852 vestrae
3360 2797 3674 2854 venerabiles

2101 2884 2200 2951 viri
2227 2886 2468 2956 episcopi
2495 2895 2513 2952 ,'
2543 2896 2598 2942 et
2625 2888 2768 2942 inter
2800 2903 3003 2958 paucos
3023 2905 3184 2945 causa
3208 2899 3516 2963 peragatur,
3542 2900 3594 2946 et
3617 2890 3672 2945 ad

2099 2977 2241 3048 quod
2271 2978 2556 3048 quaesitum
2580 2987 2664 3033 est
2689 2979 3020 3050 respondere
3045 2980 3371 3053 dignemini.

2174 3069 2298 3125 104.
2355 3068 2659 3124 Printianus
2684 3071 2952 3144 episcOpus
2979 3071 3228 3128 Ecclesiae
3276 3073 3673 3145 Carthaginensis

407 3163 511 3221 hoc
539 3165 964 3240 desideravimus
982 3177 1088 3251 ,nt
1115 3168 1302 3224 eadem
1327 3179 1477 3240 gesta
1503 3170 1696 3239 quibus
1722 3170 1992 3241 subscrip-
2020 3161 2065 3224 C
2099 3161 2246 3218 dixit.
2277 3161 2414 3218 Cum
2443 3172 2496 3218 et
2519 3177 2621 3219 nos
2648 3165 2788 3235 apud
2815 3175 2937 3221 acta
2979 3167 3424 3223 mandaverimus
3465 3184 3673 3238 praesen-

406 3269 589 3314 serunt
637 3259 691 3314 in
733 3261 1160 3331 prtesentiarum'
1188 3251 1297 3336 sint
1348 3263 1521 3319 donec
1541 3263 1884 3330 mandatores
1906 3279 1996 3319 ve-

406 3350 576 3404 niant.
600 3349 668 3404 Et
696 3352 802 3405 alia
827 3369 1003 3408 manu.
1029 3353 1345 3411 Adeodatus
1371 3357 1656 3425 episcopus
1684 3358 1995 3426 recognovi.

479 3440 570 3496 95.
617 3441 948 3500 Marcellinus
972 3445 1050 3499 uir
1077 3446 1397 3500 clarissimus
1421 3446 1653 3501 tribunus
1683 3458 1730 3502 et
1769 3449 2000 3502 notarius

2100 3266 2182 3313 tes
2206 3298 2220 3323 ,
2250 3259 2494 3324 eximus,
2521 3258 2716 3314 damus
2751 3258 2931 3316 lucum
2963 3262 3240 3316 actoribus
3273 3280 3288 3317 :
3323 3261 3412 3317 llic
3440 3270 3604 3317 tamen
3628 3263 3670 3315 in

2100 3350 2348 3421 proximo
2369 3352 2594 3408 erimus.
2627 3351 2696 3407 Et
2736 3354 2840 3408 alia
2867 3370 3048 3409 manu.
3078 3353 3390 3410 Primianus
3414 3356 3672 3426 episcopus

2101 3446 2416 3516 recognovi.

2173 3538 2298 3594 105.
2329 3534 2668 3599 Marcellinus
2687 3540 2764 3595 vir
2785 3540 3110 3597 clarissimus
3132 3543 3371 3598 tribunus
3397 3553 3444 3598 et
3467 3544 3670 3598 notarius

2104 3623 2256 3686 dixit.
2287 3631 2430 3702 Ergo
2467 3641 2662 3704 vestrae
2684 3648 2899 3704 quoque
2923 3634 3583 3705 subscriptionesjudiciis
3606 3633 3673 3688 in-

2106 3724 2388 3792 timentur,
2418 3733 2478 3779 ut
2529 3725 2745 3782 illorum
2798 3741 3013 3798 quoque
3044 3726 3414 3798 professiones
3465 3741 3673 3798 prasen-

2107 3815 2238 3872 tiunt
2262 3818 2627 3888 requiruntur.
2960 3868 2966 3873 .
3077 3818 3081 3821 ’
3494 3891 3499 3894 _

2178 3910 2303 3966 106.
2335 3908 2624 3965 Petilianus
2667 3911 2938 3984 episcopus
2966 3912 3119 3967 dixit.
3152 3911 3312 3983 Apud
3345 3921 3467 3967 acta
3514 3909 3674 3966 volunt

2069 4065 2074 4070 ,
2106 4003 2392 4060 mandare.
2416 4003 2494 4058 Et
2519 4005 2625 4058 alia
2650 4022 2830 4061 manu.
2858 4005 3153 4061 Petilianus
3185 4006 3498 4077 recognovi.

2185 4095 2311 4150 107.
2347 4094 2685 4150 Marcellinus
2709 4098 2785 4150 uir
2812 4097 3125 4171 clarissimus
3148 4099 3386 4153 tribunus
3407 4108 3454 4153 et
3478 4097 3672 4152 notarius

2107 4188 2258 4243 dixit.
2287 4176 2444 4257 Apud
2470 4196 2592 4258 quin
2617 4196 2736 4243 aeta
2757 4187 3017 4244 sanctitas
3043 4200 3223 4245 vestra
3246 4204 3308 4246 se
3332 4189 3528 4246 asserit
3548 4202 3673 4244 man-

2107 4280 2399 4338 daturam?
2429 4333 2434 4338 .
2657 4277 2680 4295 ⁶

2182 4376 2306 4433 108.
2333 4374 2595 4432 Emeritus
2629 4376 2902 4449 episcopus
2927 4375 3079 4432 dixit.
3108 4375 3163 4432 In
3211 4375 3418 4447 judicio
3445 4384 3674 4448 praestan-

2108 4469 2202 4524 tiae
2233 4477 2342 4524 tuae
2371 4469 2618 4524 voluntas
2641 4478 2724 4524 est
2747 4478 2930 4524 nostra
2951 4469 3032 4536 ,~si
3060 4469 3222 4540 jubes
3259 4477 3320 4524 ut
3345 4469 3509 4538 gestis
3527 4466 3674 4522 mutii-

2027 4551 2086 4618 D.
2107 4562 2373 4633 cipalibus
2408 4561 2509 4617 hoc
2541 4561 2751 4630 judicio
2782 4561 3077 4618 nobilitatis
3104 4571 3210 4616 tua:
3243 4561 3481 4618 finiatur.
3506 4557 3566 4614 Et
3585 4559 3674 4613 alia

453 4690 455 4692 η
482 4648 572 4704 98.
609 4649 949 4705 Marcellinus
976 4650 1054 4705 vir
1079 4651 1398 4706 clarissimus
1441 4652 1673 4710 tribunus
1701 4665 1748 4712 et
1778 4657 2008 4722 notarius
2109 4676 2289 4714 manu.
2326 4658 2598 4715 Emeritos
2626 4659 2916 4729 episcOpus
2946 4659 3262 4729 recognovi.

410 4741 560 4800 dixit.
594 4738 657 4797 lli
706 4744 1048 4800 venerabiles
1079 4745 1392 4802 sacerdotes
1430 4748 1522 4816 qui
1554 4758 1852 4818 praesentes
1890 4765 2012 4806 esse
2184 4753 2306 4809 109.
2342 4750 2677 4808 Marcellinus
2703 4753 2780 4806 vir
2803 4747 3118 4808 clarissimus
3140 4751 3381 4805 tribunus
3406 4759 3455 4805 et
3477 4747 3674 4805 notarius

411 4833 682 4904 dicuntur,
713 4838 901 4893 venire
926 4837 1239 4909 dignentur.
1289 4838 1356 4893 Et
1393 4834 1632 4912 ingressis
1656 4842 1905 4913 episcopis
1927 4860 2012 4898 ca-
2112 4844 2263 4898 dixit.
2317 4843 2452 4898 Illud
2501 4859 2644 4899 nunc
2691 4852 2806 4910 est,
2837 4843 2980 4914 quod
3022 4859 3052 4898 a
3102 4852 3283 4899 vestra
3331 4842 3601 4898 sanctitate
3619 4835 3674 4892 ad

413 4927 640 4983 tltolicis.
734 5006 737 5008 Ι
2110 4936 2467 5006 amputandas
2499 4951 2689 5002 omnes
2716 4938 2970 5008 ambages
3018 4937 3329 4993 necessario
3376 4933 3670 5007 postulatur.

489 5017 819 5075 Marcellinus
845 5023 922 5081 uir
959 5023 1277 5083 clarissimus
1323 5024 1556 5078 tribunus
1597 5033 1644 5079 et
1672 5026 1905 5078 notarius
1932 5025 2012 5078 di-
2094 5038 2171 5089 ,ut
2193 5026 2534 5095 apertissime
2563 5026 2856 5097 designatis
2901 5036 3078 5082 utrum
3107 5027 3263 5082 vobis
3288 5025 3516 5097 epistola
3550 5036 3672 5079 man-

411 5111 506 5167 xit.
555 5111 608 5165 In
639 5115 785 5168 omni
811 5107 1089 5189 'Ipetitioni
1125 5127 1318 5172 vestra:
1368 5117 1708 5173 satisfactum
1758 5134 1879 5173 esse
1919 5135 2011 5174 co—
2113 5118 2229 5173 dati
2257 5132 2379 5182 cum
2409 5118 2900 5187 subseriptionibus
2921 5120 3146 5174 recitata
3172 5119 3431 5188 sufficiat,
3452 5134 3518 5174 an
3538 5115 3669 5173 etiam

414 5221 641 5277 gnosco.
675 5207 741 5260 Et
765 5208 973 5282 adjecit.
1001 5210 1304 5267 Prmsentcs
1334 5223 1459 5267 sunt
1502 5213 1741 5283 episcOpi
1769 5204 1904 5284 quos
1932 5214 2013 5267 in-
2051 5242 2053 5245 ι
2115 5211 2261 5282 ipsos
2292 5209 2532 5281 quaeritis
2559 5209 2698 5280 apud
2722 5203 3147 5266 acta'mandare.

413 5300 563 5372 gredi
608 5300 890 5367 voluistis;
922 5303 1011 5373 qui
1057 5305 1351 5359 secundum
1404 5285 1700 5377 imperialis
1757 5307 2010 5376 praecepti
2194 5303 2313 5358 110.
2341 5300 2640 5360 Petilianus
2669 5303 2939 5374 episwpus
2986 5303 3140 5356 dixit.
3185 5303 3305 5358 Non
3338 5312 3398 5358 ut
3427 5301 3668 5374 profitean-

411 5394 643 5450 formam
670 5404 726 5450 et
755 5395 920 5450 edicti
948 5407 1217 5464 tenorem,
1241 5410 1448 5453 eertum
1478 5414 1761 5455 numerum
1795 5397 1861 5452 ad
1892 5413 2012 5467 per-
2120 5403 2209 5451 tur
2262 5394 2508 5451 volumus
2534 5436 2548 5461 ,
2581 5394 2675 5449 sed
2723 5405 2783 5447 ut
2837 5403 3300 5466 recognoscantur
3328 5411 3361 5451 a
3405 5393 3578 5460 nobis,
3599 5388 3665 5461 qui

414 5489 678 5561 agendam
717 5506 938 5547 causam
984 5491 1215 5562 elegisse
1244 5501 1565 5547 noscuntur.
1594 5492 1747 5550 Unde
1767 5534 1781 5559 ,
1820 5506 1888 5548 ne
1909 5506 2013 5562 qua
2121 5488 2407 5545 mandasse
2446 5486 2724 5542 dicuntur.
2761 5485 2830 5540 Et
2859 5487 2962 5541 alia
2984 5503 3162 5543 manu.
3192 5487 3266 5546 Ut
3293 5502 3473 5560 supra.

417 5582 643 5642 ulterius
686 5587 862 5659 possit
917 5600 1040 5643 esse
1085 5584 1354 5641 dubitatio
1377 5627 1393 5654 ,
1429 5584 1513 5641 vel
1553 5586 1692 5643 forte
1731 5584 1976 5642 confusio
1997 5626 2012 5652 ,
2198 5583 2323 5639 111.
2355 5579 2794 5636 Marcellinus‘vir
2819 5579 3134 5636 clarissimus
3165 5571 3401 5637 tribunus
3423 5577 3666 5637 etth

404 3535 560 3590 dixit.
597 3536 708 3592 Hoc
733 3552 960 3595 necesse
989 3546 1072 3594 est
1104 3546 1165 3594 ut
1215 3540 1307 3593 flat
1331 3537 1436 3603 ita,
1466 3548 1525 3593 ut
1550 3538 1594 3592 si
1621 3538 2003 3594 sollicitudinis

356 3674 362 3679 .
405 3628 606 3698 aliquid
632 3629 851 3700 geritis,
879 3646 908 3685 a
932 3631 1087 3686 vobis
1110 3631 1389 3703 obsignata
1418 3642 1726 3688 serventur.

479 3723 568 3804 96.
628 3722 916 3779 Petilianus
959 3727 1245 3796 episcOpus‘
1282 3725 1433 3781 dixit.
1465 3725 1682 3780 Illorum
1714 3728 2002 3794 prassentia

411 3818 568 3873 nobis
595 3817 904 3873 necessaria
933 3829 1016 3874 est
1034 3861 1049 3887 ,
1090 3830 1197 3875 nan
1226 3821 1561 3876 mandatum.
1592 3819 1661 3875 Et
1687 3821 1794 3876 alia
1821 3837 1999 3877 manu.

409 3907 709 3965 Petilianus
731 3898 1016 3981 episcopus
1040 3913 1351 3983 recognovi.

479 4000 568 4056 97.
613 3998 1020 4057 Fcrtunatianus
1059 4005 1332 4075 episcopus
1368 4004 1616 4060 Ecclesia:
1635 4006 1904 4062 catholicae
1925 4005 2003 4062 di-

408 4094 505 4148 xit.
531 4093 648 4149 Jam
692 4096 1079 4165 pestulavimus
1105 4095 1301 4154 fratres
1339 4107 1394 4154 et
1438 4099 1859 4155 consacerdotes
1903 4117 2002 4156 no-

410 4193 554 4239 stros
596 4185 878 4241 intromitti
923 4187 1153 4252 debere.
1187 4191 1275 4260 qui
1319 4195 1618 4262 praesentes
1647 4192 1880 4248 inveniri
1911 4208 2007 4263 po-

413 4283 649 4332 tuerunt.
680 4277 968 4349 Praecipiat
1009 4280 1263 4337 nobilitas
1288 4292 1407 4350 tua,
1441 4285 1774 4354 superfluum
1804 4285 2002 4341 nodum

410 4371 680 4440 amputari
717 4371 1036 4442 quaestionis
1058 4414 1072 4439 ,
1108 4381 1167 4428 ut
1195 4373 1488 4430 intromissi
1515 4377 1707 4433 saltem
1741 4377 1822 4433 vel
1851 4377 2005 4433 obtuo

413 4462 556 4517 tibus
579 4479 769 4520 eorum
802 4463 961 4520 (idem
991 4465 1227 4521 debitam
1255 4466 1448 4523 ferant.
1477 4467 1543 4523 Et
1568 4471 1672 4524 alia
1701 4486 1878 4525 manu.
1906 4470 2006 4527 Re-

412 4570 671 4626 cognovi.

493 5763 616 5840 (1·1)
652 5767 957 5827 Valentinus
1018 5771 1344 5830 Vaitmensis.
1400 5770 1608 5829 Primas
1654 5767 1752 5826 fuit
1778 5768 2022 5825 Numidae
2131 5781 2277 5826 anno
2295 5766 2425 5837 119,
2457 5780 2566 5840 quo
2595 5764 2826 5823 concilio
2852 5764 3268 5856 Carthaginensi
3298 5756 3560 5823 interfuit:
