3838 6222
410 303 550 362 1295

1376 288 1597 350 GESTA
1632 280 2076 344 COLLATIONIS
2112 276 2725 338 CARTIIAGINENSIS.
2820 304 2827 311 ~

3531 268 3668 327 1296

407 418 692 488 cpiscopus
744 412 912 483 plebis
959 407 1311 467 Uzittarensis
1369 404 1565 479 (126).
1629 404 1777 459 Idem
1830 402 2016 461 dixit..

2124 422 2258 502 lebis
2302 418 2794 476 Bazarididacensis
2843 414 3011 488 (156).
3065 412 3210 467 Idem
3263 412 3415 466 dixit.
3466 410 3668 465 Prcesto

410 508 615 563 Praesto
654 520 791 568 sum,
827 519 929 558 non
977 502 1148 556 habeo
1196 515 1262 555 ex
1316 498 1407 553 illa
1458 506 1629 568 parte.
1688 493 1981 549 Habetdens

410 600 650 653 diaconus
679 595 824 650 dixit.
861 594 1039 649 Exivit
1070 592 1139 647 de
1162 605 1405 661 corpore.
1444 588 1574 643 Item
1609 588 1855 645 recitavit.
1895 584 1985 640 Ja-

409 692 627 748 nuarius
657 694 938 760 episcopus
965 687 1131 757 plebis
1156 685 1474 755 Aptucensis
1495 682 1668 753 (127).
1688 680 1987 734 Dominicus

414 785 679 855 episcoyus
706 782 951 836 Ecclesia:
979 780 1240 835 catholica:
1262 778 1408 832 dixit.
1440 776 1537 831 Hic
1564 783 1667 840 est,
1690 783 1989 830 commotus

414 884 498 932 est
525 875 763 945 corporis
791 872 1117 928 inﬁrmitate.
1147 869 1277 923 Item
1301 869 1543 923 recitavit.
1576 867 1755 922 Victor
1783 866 1993 935 episco-

415 981 516 1038 pus
548 966 810 1049 .Ecelesire
851 964 1118 1022 Uticensis
1163 962 1332 1034 (128).
1393 959 1538 1015 Idem
1587 960 1734 1014 dixit.
1789 959 1993 1013 Praesto

417 1048 559 1115 sum.
601 1056 825 1123 Gedulus
863 1056 1126 1129 cpiscopus
1172 1053 1388 1107 civitatis
1439 1051 1799 1121 suprascripta:
1842 1048 1992 1103 dixit.

420 1153 668 1221 Agnosco
707 1149 875 1204 illum.
901 1146 1033 1200 Item
1051 1146 1298 1201 recitavit.
1331 1143 1435 1211 Qui
1464 1159 1623 1213 supra
1653 1158 1749 1213 pro
1784 1141 1995 1197 Cericio

426 1241 578 1314 (129)
602 1241 853 1312 episcopo
875 1240 1045 1311 plebis
1063 1236 1345 1294 Uculensis
1363 1236 1533 1307 (150).
1571 1235 1680 1303 Quo
1705 1235 1992 1302 accedente,

423 1336 557 1390 idem
585 1334 735 1390 dixit.
784 1333 987 1388 Prmsto
1024 1346 1172 1396 sum;
1203 1330 1378 1384 omnis
1406 1327 1677 1383 Catholica
1722 1335 1820 1382 est.
1869 1325 1998 1379 Item

425 1431 670 1487 recitavit.
687 1429 914 1484 Basilius
939 1428 1224 1497 episcopus
1245 1424 1412 1492 plebis
1434 1421 1805 1477 Altiburitanrc
1821 1421 1993 1491 (151).

431 1526 579 1581 Idem
613 1526 759 1579 dixit.
804 1523 1007 1577 Praesto
1046 1535 1187 1576 sum.
1230 1516 1543 1589 Augustialis
1583 1516 1849 1585 episcopus
1877 1512 2001 1584 [loci

428 1618 784 1690 suprascripti]
841 1617 988 1671 dixit.
1037 1617 1283 1685 Agnosco
1338 1612 1503 1667 illum.
1564 1609 1692 1664 Item
1752 1610 1995 1662 recitavit.

429 1711 614 1766 Victor
653 1710 939 1780 episcopus
981 1708 1149 1777 plebis
1183 1704 1432 1760 Vinensis
1463 1703 1633 1774 (152).
1666 1701 1811 1757 Idem
1846 1692 1994 1755 dixit.

2085 529 2224 577 sum,
2264 512 2441 568 unitas
2470 519 2574 567 est.
2619 508 2747 563 Item
2786 508 3032 562 recitavit.
3062 504 3356 560 Cassianus
3385 503 3667 574 episcOpus

2087 604 2257 677 plebis
2280 595 2717 659 Bantaccorensis
2746 600 2913 673 (157).
2945 598 3089 653 Idem
3119 597 3268 651 dixit.
3302 596 3663 657 Przestosutn.

2091 694 2327 751 Donatus
2353 695 2616 765 episcopus
2650 692 2868 747 civitatis
2911 688 3275 759 suprascripta
3298 686 3453 741 dixit.
3493 684 3666 755 Agno—

2092 802 2185 843 sco
2207 787 2354 842 illum
2378 803 2392 851 ;
2422 785 2701 856 presbyter
2721 771 3011 838 tneuseiuit.
3035 779 3166 834 Item
3188 779 3436 833 recitavit.
3450 776 3667 832 Cresco-

2094 880 2214 934 nius
2242 878 2524 949 episcOpus
2554 876 2724 946 plebis
2761 873 3087 928 Zaraitensis
3114 869 3289 942 (158).
3333 867 3482 922 Idem
3518 866 3663 920 dixit.

2096 971 2297 1028 Praesto
2317 985 2454 1025 sum.
2487 969 2713 1038 Rogatus
2741 967 3007 1035 episcopus
3036 963 3137 1017 loci
3156 960 3498 1031 suprascripti
3518 959 3664 1012 dixit.

2096 1067 2340 1136 Agnosco
2372 1064 2540 1118 illum.
2569 1060 2701 1115 Item
2723 1060 2971 1136 recitavit.
3010 1055 3168 1112 Felix
3192 1054 3483 1125 episcopus
3514 1053 3671 1107 Villa-

2097 1161 2337 1230 regensis
2377 1155 2548 1231 (159).
2581 1154 2727 1210 Idem
2760 1150 2919 1231 dixit.
2946 1152 3151 1207 Praesto
3188 1164 3330 1215 sum,
3373 1163 3479 1202 non
3506 1147 3673 1203 habeo

2098 1260 2287 1308 contra
2307 1266 2392 1306 me
2417 1249 2750 1321 episcopum.
2794 1244 2947 1300 Modo
2976 1240 3149 1297 e‘xivit
3185 1239 3253 1295 de
3292 1254 3543 1309 corpore.
3583 1238 3669 1291 Vi-

2099 1354 2205 1399 ctor
2247 1344 2511 1415 episcopus
2554 1339 2680 1412 [loci
2716 1332 3073 1411 suprascripti]
3123 1332 3273 1387 dixit.
3325 1328 3549 1386 Constat
3593 1344 3674 1385 me

2100 1434 2260 1490 modo
2291 1432 2455 1489 fuisse
2494 1430 2821 1486 ordinatum.
2840 1425 2971 1481 Item
2998 1423 3247 1478 recitavit.
3272 1421 3541 1476 Primulus
3568 1422 3677 1489 epi-

2101 1542 2293 1597 scopus
2322 1524 2490 1597 plebis
2508 1519 2958 1593 Tama‘gristensis
2987 1515 3161 1589 (140).
3188 1514 3337 1570 Idem
3364 1516 3515 1568 dixit.
3537 1513 3676 1568 Prae-

2101 1629 2184 1675 sto
2206 1634 2345 1674 sum.
2376 1616 2652 1674 Saturnius
2681 1615 2945 1684 episcopus
2971 1600 3190 1664 civitatis
3210 1608 3580 1679 suprascripta
3603 1607 3679 1660 di-

2101 1712 2191 1765 xit.
2210 1710 2457 1779 Agnosco
2474 1707 2646 1761 illum.
2666 1704 2796 1762 Ite’m
2812 1702 3060 1757 recitavit.
3076 1698 3390 1754 Adeodatus
3402 1699 3679 1767 episcopus

435 1804 641 1859 Praesto
664 1775 803 1857 sum.
832 1775 1123 1853 IIabetdeus
1144 1799 1386 1852 diaconus
1406 1798 1554 1850 dixit.
1582 1795 1695 1850 Non
1722 1796 1999 1862 habemus,
2031 1775 2077 1835 Β
2105 1775 2453 1874 2ω’ριθὺίε
2474 1797 2768 1853 satarensis
2796 1792 2969 1867 (141),
2989 1790 3138 1846 Idem
3159 1791 3310 1845 dixit.
3330 1790 3537 1845 Praesto
3548 1803 3675 1843 sum.

433 1894 596 1949 exivit
621 1892 688 1947 de
712 1906 936 1958 corpore
957 1899 1081 1943 ante
1111 1900 1280 1943 annos
1316 1890 1568 1959 quinque.
1599 1886 1729 1942 Item
1752 1888 2000 1942 recitavit.

438 1986 767 2042 Fructuosus
788 1982 1068 2051 episcopus
1090 1980 1263 2050 plebis
1287 1979 1635 2036 Abziritensis
1667 1980 1839 2050 (155).
1880 1978 2006 2032 Vin-

438 2077 632 2132 centius
682 2076 948 2145 episcOpus
993 2072 1231 2127 Ecclesiae
1275 2072 1535 2126 catholica:
1578 2072 1726 2127 dixit.
1786 2072 1882 2127 llic
1925 2082 2009 2128 est

439 2168 768 2237 Carthagini,
796 2156 964 2221 sensit
982 2164 1082 2218 sibi
1115 2164 1286 2242 (liii).
1311 2164 1601 2217 Adeodatus
1629 2165 1892 2233 episcopus
1922 2164 2007 2219 di-

438 2260 534 2314 xit.
559 2256 812 2312 Dioacesis
838 2263 919 2310 est
947 2252 1197 2308 Feliciaui
1226 2252 1500 2308 Utinensis
1522 2253 1692 2326 (155),
1719 2254 2004 2326 Presbyte-

440 2363 559 2405 rum
607 2346 679 2403 ibi
726 2347 903 2402 habet.
956 2343 1086 2399 Item
1128 2344 1371 2399 recitavit.
1401 2344 1688 2400 Publiauus
1730 2347 2010 2418 episcopus

515 2504 665 2579 (126)
692 2504 1069 2579 rUzittarensis.
1093 2502 1206 2579 _Est
1240 2502 1505 2579 inAnotitia
1542 2503 1826 2579 provinciae
1878 2521 2002 2575 pro—

438 2573 733 2635 consularis
761 2578 1041 2645 episc0pus
1089 2573 1368 2638 Usitensis,
1425 2589 1580 2645 quam
1627 2574 1807 2630 sedem
1852 2573 1999 2629 eam-

442 2650 563 2705 dem
612 2656 704 2716 put
738 2657 757 2699 t
796 2643 915 2701 esse
946 2645 1185 2698 Baluzius
1231 2659 1349 2699 cum
1383 2646 1501 2713 ista.
1538 2643 1695 2699 Usita:
1733 2647 1785 2700 in
1826 2646 2000 2701 Africa

444 2719 686 2771 meminit
706 2663 912 2771 ilirtius
947 2717 997 2771 in
1028 2715 1163 2769 libro
1189 2715 1254 2768 de
1283 2716 1427 2769 Bello
1451 2714 1703 2770 Africano
1722 2757 1736 2771 .
1767 2718 1860 2771 sed
1892 2718 2000 2771 haec

444 2714 686 2775 meminit
712 2714 912 2771 llirtius
947 2717 997 2771 in
1028 2715 1163 2769 libro
1189 2715 1254 2768 de
1283 2716 1427 2769 Bello
1451 2714 1703 2770 Africano
1722 2757 1736 2777 ,
1767 2718 1860 2772 sed
1892 2718 2004 2771 haec

442 2791 543 2845 sita
583 2797 697 2843 erat
732 2791 784 2840 iu
828 2787 1094 2854 provincia
1141 2785 1441 2855 Byzacena,
1466 2795 1524 2839 ut
1551 2794 1669 2853 post
1708 2785 1998 2850 Norisium,

446 2861 693 2913 observat
733 2856 1093 2910 Theodericus
1123 2856 1386 2918 Rninart;
1419 2872 1539 2909 nam
1581 2856 1771 2909 dicitur
1810 2857 1895 2911 illa
1936 2858 2002 2912 ab

446 2930 620 2984 Hirtio
657 2944 686 2980 a
718 2934 871 2997 portu
897 2926 1077 2994 Leptis
1106 2940 1282 2997 parva:
1313 2925 1476 2979 millia
1506 2940 1598 2979 sex
1625 2940 1876 2997 passuum
1898 2928 1999 2997 rab-

447 3000 631 3054 fuisse.
663 2998 841 3065 Leptis
876 3008 1051 3050 autem
1081 3005 1196 3050 erat
1234 2996 1286 3050 in
1330 2997 1599 3065 Byzacena
1629 3009 1785 3063 supra
1828 2996 2004 3051 Adru-

445 3078 646 3125 metum
693 3083 877 3122 versus
923 3066 1178 3134 Tripolim
1224 3066 1385 3118 millia
1433 3080 1677 3134 paSsuuzn
1723 3065 1905 3120 decem
1952 3077 2006 3121 et.

2110 1894 2344 1950 Urbanus
2371 1892 2638 1962 episcopus
2683 1888 2782 1942 loci
2824 1885 3155 1958 suprascripti
3179 1883 3328 1937 dixit.
3353 1882 3601 1952 AgnoSro
3626 1881 3681 1934 il-

2105 1985 2235 2040 lum.
2277 1982 2407 2038 Item
2436 1982 2684 2036 recitavit.
2707 1976 3080 2034 Faustinianus
3102 1976 3387 2045 episcopus
3410 1974 3577 2043 plebis
3590 1970 3682 2026 Ta-

2114 2074 2451 2146 ntogadensis
2470 2072 2641 2145 (142).
2664 2069 2809 2124 Idem
2827 2069 2977 2123 dixit.
2999 2067 3203 2122 Praesto
3215 2079 3356 2119 sum.
3378 2063 3681 2119 Gaudentius

2110 2171 2375 2239 episcopus
2411 2167 2506 2221 loci
2528 2163 2860 2235 suprascripti
2880 2162 3029 2215 dixit.
3075 2160 3324 2229 Agnosco
3362 2158 3530 2212 illum.
3563 2153 3682 2208 Itan

2116 2259 2361 2314 recitavit.
2389 2257 2577 2311 Avitus
2606 2254 2887 2323 cpiscopus
2909 2240 3078 2321 plebis
3106 2250 3486 2305 Lamasuensis
3510 2245 3675 2318 (H3).

2118 2350 2267 2407 Idem
2296 2350 2447 2404 dixit.
2477 2349 2680 2403 Praesto
2704 2362 2840 2401 sum.
2866 2345 3156 2399 Ianuarius
3181 2345 3451 2413 episcnpru
3476 2337 3678 2394 ciuitatis

2106 2503 2232 2559 Non
2269 2503 2537 2571 habemus,
2567 2503 2716 2556 exivit
2742 2500 2806 2556 de
2821 2516 3034 2572 corpore
3078 2507 3198 2553 ante
3237 2514 3401 2553 annos
3446 2497 3672 2584 quinque.

2180 2595 2328 2677 (155)
2366 2593 2694 2677 dbziri-tcnsis
2714 2607 2806 2646 seu
2834 2588 3662 2677 ditairitanusﬁelﬁbd‘erit‘anus.

2105 2656 2235 2720 Nam
2266 2656 2442 2719 Victor
2464 2666 2745 2730 episeonus
2767 2663 2854 2728 qui
2884 2661 3124 2715 interfuit
3151 2659 3383 2730 concilio
3400 2656 3667 2725 Carthagi-

2108 2737 2256 2791 neusi
2286 2753 2409 2790 ann.
2443 2729 2571 2797 597,
2601 2737 2649 2786 in
2674 2732 2897 2799 vulgatis
2926 2730 3262 2789 Abderitauus
3290 2729 3591 2799 episcopus,
3610 2730 3669 2799 in

2090 2808 2476 2861 vetustissimo
2504 2804 2692 2859 codice
2718 2797 2816 2855 vus.
2847 2800 3191 2855 bibliOtltecm
3219 2797 3562 2861 Colbertiuc,
3592 2797 3665 2850 di-

2106 2878 2244 2931 citur
2269 2877 2307 2928 Α
2317 2871 2790 2930 bziritanus.-Foﬂe
2805 2870 2958 2938 hujus
2979 2869 3121 2923 sedis
3142 2870 3427 2935 episcotius
3453 2877 3537 2923 est
3554 2866 3668 2921 Vic-

2106 2949 2338 2999 torianus
2370 2946 2698 2997 Auziritanus
2723 2984 2736 3004 ,
2766 2941 2851 3010 qui
2894 2939 3211 3008 subscripsit
3238 2938 3479 3010 epistola:
3518 2953 3671 3009 syno-

2108 3016 2242 3070 dicae
2296 3016 2506 3069 Patrum
2567 3009 2854 3081 provincia:
2892 3010 3303 3081 proconsularis
3352 3009 3404 3063 in
3454 3010 3671 3063 concilio

2110 3087 2455 3141 Lateraneusi
2478 3078 2579 3139 sub
2605 3082 2848 3137 Martino.
2877 3078 3019 3136 Cave
3041 3089 3220 3135 tamen
3252 3095 3322 3135 ne
3344 3095 3461 3135 eam
3495 3080 3667 3135 sedem

446 3151 590 3224 octo,
619 3148 675 3191 ut
700 3146 923 3217 testatur
950 3124 1249 3216 {\n'ton'nms
1280 3135 1331 3224 in
1358 3124 1648 3224 ititlerario,
1676 3136 2000 3205 proindeque

2121 3173 2229 3212 :um
2254 3157 2545 3216 Aburitaua,
2570 3170 2689 3224 quae
2711 3152 2944 3208 secunda
2971 3159 3055 3207 est
3079 3153 3130 3206 in
3160 3153 3348 3207 notitia
3395 3151 3670 3205 provincia:

447 3210 656 3277 longius
685 3223 713 3259 a
741 3207 1011 3277 provincia
1038 3204 1401 3277 proconsulari
1427 3204 1610 3277 dissita
1636 3246 1669 3277 ,Α
1695 3222 1850 3274 quam
1876 3216 1935 3260 ut
1958 3208 2008 3261 ei

447 3274 665 3335 attribui
698 3274 896 3347 posset.
951 3276 1083 3329 Huic
1131 3275 1291 3347 etiam
1327 3276 1604 3347 sententiae
1648 3274 1787 3331 favet
1831 3277 2010 3347 Ptole-

445 3364 634 3414 maeus,
658 3349 744 3418 qui
765 3348 899 3418 libro
921 3361 994 3412 tv,
1019 3361 1136 3414 cap.
1161 3346 1215 3410 5,
1248 3346 1382 3398 inter
1402 3346 1562 3401 urbes
1583 3348 1818 3416 quassub
1841 3346 2011 3402 Adru-

446 3431 591 3476 meto
616 3415 769 3473 erant
798 3415 994 3471 Usitam
1018 3423 1415 3469 commemorat.

518 3519 668 3592 (127)
722 3517 1035 3592 Aptucensis.
1085 3515 1225 3592 Cave
1275 3531 1341 3568 ne
1392 3515 1673 3592 Apta_cam_
1719 3518 2010 3592 confundas

447 3586 569 3650 eum
601 3586 835 3662 Aptunga
865 3587 1147 3662 provincias
1178 3588 1569 3656 proconsularis
1595 3586 1743 3643 urbe.
1786 3588 1885 3644 Ubi
1912 3591 2011 3645 sita

446 3663 607 3720 fuerit
636 3659 853 3728 Aptuca,
881 3659 1163 3728 incertum.

518 3726 689 3803 (128)
726 3729 994 3803 Uticensis.
1051 3727 1187 3803 _Urhs
1234 3726 1503 3803 notissima
1550 3728 1835 3803 provincia:
1887 3744 2012 3798 pro-

449 3796 769 3866 consularis,
800 3810 854 3854 et
879 3796 1096 3853 Catonis
1124 3805 1293 3851 morte
1320 3796 1618 3865 nobilitata,
1649 3808 1705 3853 ut
1730 3796 2014 3866 observant

449 3864 773 3943 Pomponius
791 3870 923 3924 Mela
939 3879 993 3923 et
1013 3867 1238 3921 Plinius.
1887 3864 1893 3871 '

518 3971 665 4042 (129)
727 3970 826 4036 Qui
870 3984 1026 4042 supra
1071 3981 1163 4034 pro
1212 3963 1437 4042 C3ricio.
1475 3966 1643 4042 Antea
1689 3969 2009 4042 legebatur:

449 4034 581 4095 Item
621 4034 844 4095 recitavit
874 4034 958 4105 qui
1001 4053 1177 4107 supra.
1228 4034 1516 4090 Procericio
1554 4034 1821 4107 episcopus
1853 4040 2014 4105 plebis

453 4111 737 4166 Uculensis.
767 4110 870 4165 Sed
921 4109 1059 4162 hunc
1110 4109 1280 4160 l0cum
1323 4107 1623 4160 emendavit
1674 4108 1918 4163 Balnzius
1962 4121 2015 4165 et

447 4189 612 4237 recte.
638 4183 947 4243 Sensusest,
971 4176 1583 4247 episcopus_Catholicus
1609 4179 1696 4247 qui
1717 4180 1874 4234 modo
1886 4181 2012 4235 sub-

447 4252 752 4318 scripserat,
787 4238 977 4319 nempe
1007 4238 1182 4303 Victor
1210 4238 1496 4319 Uiicensis,
1544 4238 1641 4316 pro
1675 4249 1881 4304 Cericio
1906 4253 2018 4319 cpi-

447 4336 613 4389 scopo
646 4321 810 4389 plebis
829 4318 1111 4375 Uculcnsis
1135 4329 1256 4372 tunc
1285 4318 1524 4389 absente,
1552 4320 1710 4372 etiam
1734 4318 2014 4389 subscrip-

446 4401 593 4446 serat
635 4388 655 4442 :'
686 4391 778 4444 sed
823 4400 949 4444 tunc
995 4404 1230 4457 przesens
1273 4388 1510 4443 Cericius
1566 4390 2014 4460 subscriptionem

450 4461 709 4531 approbat
734 4470 787 4514 et
810 4460 1117 4530 respondet.

517 4553 664 4622 (150i
688 4549 975 4615 Ucalensis,
997 4552 1237 4607 diversus
1258 4551 1324 4605 ab
1350 4550 1613 4622 Uzulensi.
1630 4550 1695 4604 de
1712 4566 1814 4611 ouo
1835 4566 2015 4617 supra,

446 4620 563 4692 cap.
594 4622 691 4676 120
710 4663 723 4687 ,
754 4623 1037 4691 provincia:
1060 4623 1453 4691 proconsularis
1484 4620 1642 4674 fuisse
1665 4622 1928 4692 colligitur
1950 4638 2017 4677 ex

447 4691 672 4762 cpistola
703 4694 1070 4763 episcoporum
1100 4693 1257 4763 hujus
1281 4692 1563 4760 provincia:
1592 4694 1643 4744 in
1669 4693 1893 4745 concilio
1916 4691 2017 4763 lia-

450 4760 719 4832 teraneusi
747 4762 847 4823 sub
878 4762 1128 4825 Martino,
1164 4760 1247 4817 cui
1279 4763 1577 4817 Cresconius
1616 4763 1882 4832 episcopus
1914 4760 2015 4815 Ec-

448 4835 612 4887 clesia:
637 4831 902 4885 Ucalensis
928 4832 1305 4901 subscripsisse
1329 4834 1537 4902 legitur.

514 4922 661 4991 (151)
731 4919 1082 4993 Altiburitana:
1126 4938 1218 4976 seu
1258 4924 1630 4977 Altuburitanw
1658 4923 1707 4975 in
1740 4922 2011 4993 provincia

446 4992 832 5059 proconsulari,
867 5000 924 5062 ut
949 4992 1101 5062 docet
1135 4994 1338 5046 notitia.
1384 4993 1555 5046 Victor
1578 4992 1843 5062 episcopus
1874 4997 2010 5047 Alti-

448 5064 709 5115 buritanus
744 5060 970 5114 Concilio
996 5060 1434 5117 Cabarsussitauo
1466 5060 1756 5129 interfuit,
1789 5074 1843 5116 et
1878 5062 2011 5118 Cou-

448 5133 699 5186 stantinus
738 5133 1002 5203 episcopus
1038 5129 1293 5203 Ecclesia:
1336 5135 1701 5187 Altoburittma:
1743 5134 2012 5203 synodica:

448 5203 661 5255 Patrqu
692 5201 1141 5271 proconsularium
1170 5202 1484 5271 subscripsit
1522 5205 1572 5257 in
1596 5201 1822 5259 concilio
1855 5203 2011 5258 Late-

456 5274 667 5326 rauensi
696 5274 793 5325 sub
822 5270 1061 5324 Martino.

525 5361 671 5429 (152)
712 5362 963 5435 l’inensis.
1004 5360 1055 5413 In
1108 5360 1291 5435 eadem
1324 5363 1589 5430 provincia
1622 5367 2003 5435 proconsulari,

450 5442 506 5483 ut
541 5444 679 5498 patet
729 5449 789 5484 ex
831 5432 1014 5500 callent
1045 5432 1267 5499 cpistola
1322 5432 1724 5500 synodimfcui
1779 5438 2010 5491 δηιιμςγὶ-

449 5504 551 5568 psit
608 5501 916 5553 Fructuosus
972 5499 1201 5552 Viucnsis
1251 5499 1532 5566 epis’comts.
1596 5506 1733 5559 Inter
1804 5510 2011 5571 episco—

451 5588 542 5638 pos
573 5572 777 5646 Colltjllt
811 5572 1234 5646 (labarsussuani
1282 5573 1539 5641 reperitur
1590 5574 1861 5630 Faustinus
1898 5580 2010 5646 cpi-

442 5659 622 5707 scopus
674 5642 903 5696 Biucnsis
978 5643 1289 5707 Donatista,
1342 5658 1497 5712 quem
1551 5659 1671 5697 eum
1721 5661 1840 5700 esse
1899 5642 2013 5701 cxi—

438 5715 618 5766 suniat
646 5713 911 5782 Baluzius,
929 5713 996 5769 de
1022 5729 1127 5785 quo
1148 5714 1234 5769 hic
1247 5714 1375 5769 dicit
1392 5713 1695 5772 Habetdeus
1713 5713 1967 5773 diaconus
1998 5735 2009 5769 :

2112 3226 2506 3299 proconsularis
2532 3223 2843 3280 confundas.

2184 3320 2331 3390 (151)
2381 3317 2711 3390 δεηδὶιῌεὶὁὶ.
2753 3315 3037 3390 Mendosus
3062 3315 3213 3390 locus
3241 3328 3456 3390 ecquo
3490 3314 3667 3368 tamen

2116 3386 2293 3460 colligi
2314 3386 2519 3457 potest.
2552 3388 2905 3442 Fructuostnn
2936 3387 3071 3442 male
3096 3402 3155 3441 se
3183 3386 3453 3441 habuisse.

2185 3482 2350 3554 (155)
2399 3480 2674 3554 Utineusis.
2709 3480 2763 3533 In
2796 3478 3477 3554 provincia_procon§t_tlari.
3512 3475 3668 3546 Hujus

2114 3549 2366 3609 Feliciani
2388 3554 2445 3605 lit
2467 3553 2631 3605 etiam
2655 3552 2855 3605 mentio
2881 3566 2997 3618 cap.
3032 3551 3133 3605 155
3169 3560 3224 3603 et
3254 3549 3374 3618 187.

2184 3620 2336 3695 (156)
2404 3622 2899 3677 Bazarididacensis.
2939 3617 3104 3691 Cujus
3137 3617 3428 3690 provincias
3455 3618 3554 3684 sit,
3582 3618 3657 3672 in-

2113 3706 2339 3749 certum.

2186 3763 2333 3834 (157)
2367 3763 2900 3834 Βαιηαεεονεηεὶδείη
2932 3760 3121 3816 notitia
3147 3759 3665 3834 Numidi:e__corrupte

2116 3829 2892 3905 legitur'Damatcorensisaﬂic
2929 3834 2981 3886 in
3025 3832 3197 3905 veleri
3407 3829 3663 3905 Vernacu-

2114 3899 2319 3969 reusis;
2351 3916 2405 3958 at
2446 3920 2565 3973 cap.
2600 3905 2722 3968 187,
2768 3903 3201 3956 anaccarensis.
3231 3900 3455 3973 Plinius,
3502 3899 3585 3953 lib.
3613 3914 3658 3973 ξ’,

2114 3992 2232 4044 cap.
2267 3968 2322 4041 li,
2360 3968 2621 4031 memorat
2652 3976 2703 4028 in
2744 3974 2920 4028 Africa
2958 3974 3230 4044 civitatem
3271 3970 3582 4044 ναυτικαί-εί.
3605 3968 3659 4044 _l_n

2115 4037 2342 4100 concilio
2381 4045 2785 4114 Carthaginensi
2816 4043 2917 4098 sub
2947 4043 3215 4113 Cypriano
3239 4042 3487 4114 occurrit.
3527 4037 3661 4091 Felix

2115 4116 2175 4168 ob
2208 4117 2488 4169 Amoccura
2512 4112 2601 4169 aut
2621 4116 2966 4183 (Antachorra,
2996 4112 3101 4181 pro
3128 4127 3235 4181 quo
3259 4112 3532 4183 legendum
3549 4122 3660 4162 con-

2113 4186 2303 4255 jiciunt
2323 4186 2520 4241 eruditi
2553 4201 2580 4237 a
2602 4179 2939 4255 Bamaccura.

2189 4256 2338 4325 (158)
2370 4256 2682 4310 Zaruitensis
2718 4270 2811 4311 seu
2871 4252 3188 4307 Zaratteusis
3229 4254 3282 4307 iu
3313 4250 3541 4307 Numidia
3563 4289 3576 4315 ,
3609 4258 3658 4302 ut

2118 4327 2275 4381 docet
2307 4328 2511 4381 u0titia.

2220 4416 2339 4487 159)
2405 4416 2775 4488 Villaregensis.
2807 4414 3028 4488 Male‘in‘
3065 4412 3532 4488 n9titia_Numidi:e
3559 4409 3652 4488 fit.

2042 4493 2097 4553 D
2121 4482 2424 4558 ladegensis.
2464 4482 2683 4556 ϐίῳ.ᾋὸ
2714 4496 2768 4541 et
2804 4487 2892 4558 7].
2919 4484 3052 4558 Cod.
3081 4485 3217 4558 Can.
3247 4484 3391 4539 Eccl.
3420 4484 3522 4538 Afr.
3551 4482 3653 4558 _Cre-

2122 4553 2321 4611 sconius
2363 4553 2717 4625 Villaregensis
2743 4558 2794 4608 in
2821 4553 3382 4625 Numidiaﬁepiscomts
3412 4554 3655 4625 reprelien-

2119 4628 2281 4691 ditur,
2298 4627 2435 4696 quod
2461 4624 2672 4695 propria
2694 4625 2821 4696 sede
2845 4626 3026 4696 relicta
3050 4624 3373 4680 Tubiensem
3394 4624 3647 4680 Ecclesiam

2118 4694 2419 4753 invasisset.
2438 4694 2725 4751 Candidum
2755 4694 3167 4766 Villaregiensem
3193 4697 3494 4766 episcopum,
3507 4697 3577 4749 cui
3594 4707 3654 4747 ex

2120 4768 2389 4821 Donatista
2418 4768 2557 4821 facto
2582 4766 2862 4821 Catholiro
2894 4764 3062 4816 honor
3101 4764 3419 4836 episcopalis
3445 4774 3649 4821 senatus

2116 4848 2215 4901 est,
2236 4833 3554 4908 laudatAugustinus,lib."contraCrescouium,c.
3571 4836 3643 4889 10.

2117 4977 2147 5029 ὁ
2185 4909 2331 5029 (ιέξυ)
2388 4903 2824 4990 ’I‘mnagristensis.
2871 4906 2923 4958 lu
2966 4903 3281 4961 Mauritania
3318 4906 3565 4969 Sititensi,
3591 4910 3642 4958 ut

2157 4993 2249 5029 oce
2307 4990 2511 5029 ιιοιιιιτι.

2157 4988 2275 5032 ocet
2307 4981 2511 5031 tmtitia.

2189 5070 2335 5139 (141)
2363 5067 2664 5139 Sotalensis.
2688 5064 2888 5139 Ibidem
2920 5075 3003 5119 est
3027 5066 3315 5135 Satafensis
3340 5070 3390 5124 in
3412 5064 3643 5139 Sitifenai.

2119 5133 2264 5191 num.
2290 5133 2343 5202 li,
2372 5150 2424 5193 et
2451 5133 2501 5192 iri
2532 5136 2877 5197 Cmsarecnsi,
2909 5152 3031 5189 num
3062 5133 3183 5192 116.
3206 5139 3513 5195 Alterutrius
3526 5133 3647 5191 sedis

2119 5208 2333 5262 fuerunt
2363 5209 2619 5274 ClﬁsCﬂlii,
2649 5221 2871 5275 quorum
2905 5204 2987 5258 hic
3025 5207 3082 5260 iit
3113 5213 3334 5265 mentio.

2193 5280 2340 5349 (142)
2393 5271 2789 5344 Tumoaadénsis
2832 5289 2925 5349 seu
2956 5275 3379 5349 _Tumugadensis
3419 5280 3465 5331 in
3502 5271 3650 5349 Nurni-

2121 5343 2226 5420 dia.
2262 5343 2333 5403 lie
2365 5366 2463 5417 qua
2499 5343 2617 5400 vide
2666 5357 2842 5420 notam
2877 5346 3076 5402 Baluzii
3102 5343 3167 5403 ad
3198 5364 3315 5405 acta
3361 5343 3649 5420 purgationis

2115 5418 2402 5483 Cmciliani,
2434 5434 2611 5486 supra.
2644 5432 2694 5484 p.
2734 5417 2857 5482 1ὶ1.

2193 5509 2341 5575 (145)
2394 5508 2765 5561 Lumosuensis.
2798 5508 2924 5563 Item
2954 5512 3004 5563 in
3030 5508 3315 5574 Numidia,
3346 5518 3399 5563 ut
3424 5508 3648 5563 docete:-

2123 5578 2243 5632 detn
2290 5579 2501 5633 notitia.
2558 5578 2752 5631 Dicitur
2799 5590 2978 5645 postea
3022 5581 3307 5634 Januarius
3358 5578 3645 5635 adversarius

2122 5647 2281 5714 Aviti,
2302 5665 2420 5717 cap.
2458 5649 2578 5702 187.
2611 5646 2981 5714 Lttttmsbettsis,
3006 5661 3056 5704 ct
3088 5649 3142 5702 ira
3162 5650 3387 5705 concilio
3416 5645 3644 5717 Cartth

2123 5722 2271 5775 neusi
2297 5714 2394 5775 sub
2414 5718 2677 5790 Cypriane
2722 5721 3042 5775 sententiam
3086 5720 3227 5775 dixit
3272 5714 3639 5777 PusilluseLo—

3266 6056 3273 6065 .
3362 6030 3407 6065 ἓν
