3838 6222
493 270 628 325 1511

1436 262 1659 320 casn
1693 259 2143 320 COLIATIONIS
2180 228 2791 341 oaurhacrnpusrs.

3603 266 3737 319 1519

480 386 677 456 scripta
707 384 953 440 mandavi
991 365 1364 452 et‘subscripsi
1390 380 1733 450 Carthagine.
1769 378 1879 444 Quo
1923 378 2045 432 reci-
2078 380 2128 440 Α
2155 378 2301 433 dente
2329 362 2499 434 Felice
2534 381 2803 451 episcopo,
2834 379 2967 434 idem
2994 380 3145 435 dixit.
3175 380 3430 452 Agnosco
3466 379 3644 435 illum.
3676 378 3744 434 Et

485 486 588 531 tato
606 517 621 544 ,
648 476 783 531 idem
808 476 955 531 dixit.
987 474 1029 530 E
1053 474 1262 529 diverso
1286 472 1458 528 habeo
1482 469 1795 543 netninem.]
1824 469 1892 524 Et
1916 485 2059 524 acce-

484 567 628 622 dente
668 566 1182 637 VictoreepiscOpo,
1210 565 1346 620 idem
1390 564 1538 618 dixit.
1591 561 1745 617 Modo
1788 576 1907 616 sum
1950 558 2060 615 illic

485 658 781 724 ordinatus,
812 672 915 712 non
946 672 1031 712 me
1052 655 1217 711 novit.
1253 654 1556 709 Hitarianus
1582 655 1844 723 episcOpus
1884 650 2062 705 Eccle-

484 751 574 805 sia:
600 748 876 805 Catholica:
896 750 1046 804 dixit.
1067 748 1182 804 Non
1213 746 1391 803 habet.
1421 745 1488 799 Et
1511 745 1757 799 recitavit.
1777 744 2060 800 Januarius

487 845 768 913 episcopus
788 843 1040 899 Ecclesiae
1058 841 1167 898 Gisi
1176 840 1355 913 pensis
1374 838 1524 910 (331)
1545 837 1761 907 majoris
1784 851 1964 891 coram
1995 834 2058 890 V.

491 933 571 991 Cl.
604 934 818 990 tribuno
846 945 898 989 et
927 933 1139 988 notario
1181 920 1490 987 Marcellino
1519 927 1878 998 suprascripta
1912 940 2064 979 man-

489 1027 607 1082 davi
635 1037 690 1082 et
716 1026 1004 1095 subscripsi
1023 1014 1484 1093 Carlltagine.Quo
1510 1020 1739 1099 recitato,
1758 1018 1886 1072 idem
1912 1017 2059 1070 dixit.

488 1119 606 1174 Non
655 1118 931 1174 habemus.
985 1116 1057 1171 Et
1101 1116 1350 1170 recitavit.
1398 1113 1724 1170 Severianus
1780 1111 2063 1179 episcopus

489 1211 901 1274 Ceramuneusis
928 1210 1075 1281 (232)
1099 1223 1277 1263 coram
1307 1206 1370 1261 V.
1398 1204 1483 1262 Cl.
1514 1205 1725 1260 tribuno
1770 1212 1825 1258 et
1853 1201 2063 1256 notario

495 1302 803 1358 Marcellino
845 1301 1203 1372 suprascripta
1234 1297 1477 1353 mandavi
1508 1306 1563 1352 et
1610 1294 1900 1364 subscripsi
1929 1291 2062 1348 Car-

495 1395 728 1465 thagine.
765 1395 879 1463 Quo
896 1396 1124 1459 recitato,
1144 1393 1276 1446 idem
1300 1392 1449 1445 dixit.
1476 1388 1743 1445 Catholica
1763 1395 1845 1442 est
1865 1386 2062 1441 omnis.

2158 470 2407 523 recitavit.
2434 468 2749 525 Valentinus
2791 472 3073 540 episcopus
3106 470 3425 527 Vaianensis
3469 486 3569 542 pro
3609 486 3741 526 con-

2159 562 2441 617 sacerdote
2467 578 2586 617 meo
2615 563 2821 634 Regino
2849 563 3105 618 Ecclesiae
3128 562 3518 633 Vegeselitanx
3552 560 3740 634 (23b),

2160 654 2249 722 qui
2276 653 2362 708 hic
2399 654 2536 723 apud
2562 653 2937 724 Carthaginem
2968 654 3297 711 inﬁrmitatis
3336 670 3497 710 causa
3528 655 3742 710 detine-

2163 753 2278 812 tur,
2317 756 2581 816 prtesente
2612 744 2674 801 V.
2720 746 2801 801 Cl.
2846 747 3060 802 tribuno
3107 742 3401 817 etnotario
3427 748 3739 804 Marcellino

2160 836 2476 906 subscripsi.
2531 838 2643 902 Quo
2691 839 3155 909 recitatojAlypius
3188 840 3454 911 episcOpus
3493 839 3753 897 Ecclesia.

2163 928 2424 996 catholij
2450 922 2599 983 dixit.
2633 929 2766 985 Male
2786 930 2966 985 habet.
2990 929 3295 1000 Habetdeus
3316 931 3564 985 diaconus
3588 930 3735 985 dixit.

2163 1017 2396 1073 Gavinus
2445 1018 2594 1088 (235)
2643 1029 2837 1089 praesto
2885 1027 2986 1074 est.
3034 1018 3098 1072 Et
3146 1020 3391 1074 recitavit.
3436 1020 3740 1088 Reparatus

2163 1110 2445 1179 episcopus
2466 1109 2636 1179 plebis
2665 1108 3210 1182 Sulasaritanteﬁztfi)
3229 1124 3407 1163 coram
3436 1110 3502 1165 Υ.
3533 1109 3621 1164 Cl.
3647 1110 3740 1164 tri.

2165 1206 2305 1261 buuo
2333 1215 2387 1261 et
2424 1207 2633 1261 notario
2662 1205 2967 1261 Marcellino
3008 1206 3373 1275 suprascripta
3397 1205 3645 1260 mandavi
3674 1218 3729 1261 et

2164 1298 2452 1367 subscripsi
2491 1297 2831 1368 Carthagine.
2863 1298 2975 1364 Quo
3001 1299 3211 1352 recitato
3231 1339 3247 1363 ,
3279 1298 3412 1352 idem
3438 1299 3593 1352 dixit.
3621 1298 3735 1353 Non

2168 1390 2324 1445 habet
2349 1432 2361 1453 ,
2396 1378 2492 1444 luit
2536 1390 2628 1444 ibi.
2666 1390 2959 1445 llabetdeus
2994 1390 3240 1444 diaconus
3269 1391 3420 1445 dixit.
3453 1390 3625 1457 Modo,
3652 1407 3739 1446 re-

497 1487 792 1543 Ilubetdeus
815 1486 1061 1540 diaconus
1090 1484 1314 1554 episcopi
1343 1481 1594 1536 Primiani
1627 1481 1774 1534 dixit.
1801 1479 2066 1534 Habemus
2167 1485 2347 1539 cessit.
2390 1484 2454 1538 Et
2492 1485 2740 1538 recitavit.
2786 1484 3048 1538 Proculus
3093 1485 3379 1553 episcopus
3425 1484 3597 1553 plebis
3638 1484 3740 1539 loci

496 1593 680 1635 senem
732 1577 1088 1634 Adeodatum.
1145 1574 1450 1631 Severianus
1503 1573 1781 1645 episcopus
1824 1569 2069 1624 Ecclesia?
2170 1574 2449 1631 Serrensis
2481 1575 2631 1647 (257)
2659 1590 2842 1631 coram
2875 1574 3286 1629 V.Cl.tribuno
3310 1570 3741 1629 etnotarioMar-

497 1672 760 1725 catholica:
783 1670 929 1725 dixit.
984 1667 1243 1723 Ostendat
1272 1666 1444 1721 illum.
1476 1664 1765 1718 Adeodatus
1805 1661 2068 1733 episwpus
2168 1666 2363 1721 cellino
2402 1664 2757 1737 suprascripta
2801 1663 3043 1717 mandavi
3083 1672 3138 1717 et
3181 1664 3472 1734 subscripsi
3512 1662 3738 1717 cartha.

497 1762 647 1816 dixit.
677 1762 732 1816 In
766 1762 921 1830 plebe
944 1774 1064 1815 mea
1094 1768 1177 1814 est
1198 1759 1493 1814 Milevitana
1516 1756 1854 1813 Ceramussa.

569 1854 690 1908 154.
726 1853 1030 1907 Severianus
1057 1852 1323 1923 episwpus
1348 1849 1593 1905 Ecclesiw
1627 1848 1892 1904 catholicta
1914 1849 2061 1904 dixit.

495 1944 680 1998 Omnis
727 1943 792 1998 ab
835 1942 1040 2012 origine
1087 1942 1349 1997 catholica
1379 1951 1463 1998 est
1509 1942 1609 2008 ibi,
1663 1956 1949 2010 numquam
1995 1941 2065 1996 ibi

493 2037 707 2093 luerunt
724 2037 1032 2093 Donatistte.
1059 2036 1348 2089 Adeodattts
1369 2036 1641 2107 episeOpus.
1656 2034 1807 2090 dixit.
1832 2034 1889 2089 In
1913 2035 2067 2105 plebe

496 2148 614 2188 mea
644 2141 743 2187 est.
795 2131 896 2187 Per
926 2130 1230 2185 violentiam
1256 2129 1379 2183 inde
1407 2129 1631 2183 exclusit
1658 2142 1845 2183 omnes
1888 2128 2069 2199 [cleri-

494 2221 613 2295 cos]
658 2231 710 2277 et
748 2221 1116 2292 presbyteros.
1167 2219 1469 2275 Severianus
1514 2220 1777 2289 episcopus
1824 2217 2071 2272 Ecclesia:

495 2314 759 2368 catholica
787 2313 933 2367 dixit.
986 2311 1236 2368 Mentitur
1265 2320 1401 2368 teste
1442 2311 1571 2365 Deo.
1620 2308 1950 2364 Marcellinus
1995 2310 2069 2363 vir

496 2406 809 2460 clarissimus
848 2404 1079 2458 tribunus
1108 2413 1153 2457 et
1199 2405 1425 2458 notarius
1459 2402 1609 2457 dixit.
1655 2401 1785 2457 Illud
1815 2401 2068 2457 sanctitas

498 2508 584 2554 tua
613 2499 925 2568 simpliciter
953 2496 1201 2567 dignetur
1241 2496 1487 2561 edicere,
1526 2506 1703 2551 utrum
1736 2496 1788 2550 in
1819 2510 1880 2550 ea
1914 2494 2068 2564 plebe

498 2594 780 2661 episcopus
830 2606 971 2647 nunc
1017 2591 1105 2663 sit,
1154 2591 1445 2646 Adeodatus
1491 2590 1758 2659 episcopus
1804 2589 1953 2643 dixit.
2009 2586 2067 2641 In

498 2683 651 2752 plebe
675 2699 791 2739 mea
820 2692 933 2751 est,
965 2684 1166 2739 circum
1194 2684 1331 2738 circa
1364 2698 1538 2738 meum
1566 2691 1648 2737 est
1676 2690 1863 2737 totum.
1894 2680 2065 2735 Etiam

499 2776 601 2830 mei
633 2778 836 2831 terrore
875 2776 1265 2832 succubuerunt
1305 2759 1510 2843 omnes,
1545 2776 1629 2845 qui
1656 2776 1706 2829 in
1731 2774 1920 2829 eodem
1950 2774 2067 2827 loco

496 2868 770 2922 constituti
800 2878 969 2923 erant.
1002 2868 1302 2927 Severianus
1322 2870 1586 2939 episcopus
1623 2865 1866 2921 Ecclesiae
1896 2864 2069 2920 catho-

498 2959 612 3013 lica:
632 2959 784 3013 dixit.
816 2959 1086 3014 Mentitur.
1121 2958 1187 3012 Et
1221 2961 1464 3015 recitavit.

567 3049 723 3120 273
754 3049 875 3103 155.
910 3049 1210 3103 Dominicus
1232 3050 1510 3119 episcopus
1540 3049 1709 3120 plebis
1736 3048 2059 3104 Bullensium

2095 1755 2143 1817 Β
2169 1759 2307 1829 gine.
2345 1758 2455 1822 Quo
2480 1758 2716 1822 recitato,
2752 1756 2885 1809 idem
2914 1755 3064 1808 dixit.
3102 1753 3371 1811 Unitatem
3403 1754 3599 1809 habeo.
3636 1755 3738 1809 Ya-

2169 1848 2475 1902 lentinianus
2520 1847 2763 1901 diaconus
2790 1846 2935 1900 dixit.
2963 1844 3078 1899 Non
3120 1845 3398 1900 habemus.
3442 1844 3512 1898 Et
3550 1847 3734 1899 recita.

2169 1940 2258 1993 vit.
2314 1938 2587 1995 Publicius
2643 1938 2924 2007 episcopus
2997 1934 3509 2021 Gratianopolitante
3574 1936 3737 2006 plebis

2172 2029 2320 2103 (258)
2364 2046 2546 2086 coram
2603 2028 2668 2085 ν.
2708 2027 2793 2083 Cl.
2845 2029 3063 2084 tribuno
3115 2036 3171 2083 et
3197 2029 3406 2082 notario
3436 2029 3737 2083 Marcellino

2168 2122 2526 2192 suprascripta
2570 2120 2813 2176 mandavi
2845 2130 2899 2174 ct
2927 2118 3223 2189 subscripsi
3250 2117 3597 2190 Carthagine.
3634 2118 3736 2187 Quo

2168 2216 2378 2270 recitato
2402 2255 2418 2281 ,
2449 2216 2583 2277 idem
2626 2214 2778 2268 dixit.
2808 2213 2849 2269 E
2891 2212 3109 2267 diverso
3138 2212 3421 2267 Deuterius
3447 2221 3564 2278 est,
3603 2213 3741 2268 solus

2170 2306 2287 2361 sine
2325 2306 2499 2376 plebe.
2538 2305 2801 2361 Deuterius
2844 2306 3111 2375 episcopus
3138 2305 3287 2359 dixit.
3318 2304 3453 2373 Quia
3478 2316 3530 2360 et
3555 2304 3738 2361 domos

2170 2397 2409 2468 dejecisti
2431 2438 2444 2464 ,
2475 2406 2526 2451 et
2559 2396 2983 2467 persecutionem
3011 2395 3143 2451 mihi
3174 2394 3367 2449 fecisti.
3392 2394 3463 2448 Et
3493 2397 3735 2449 recitent.

2170 2490 2521 2567 Maximianus
2568 2488 2850 2559 episcopus
2894 2487 3061 2557 plebis
3107 2485 3549 2557 Sngabbaritana:
3592 2485 3734 2556 (239)

2170 2596 2347 2647 coram
2383 2580 2447 2635 V.
2493 2579 2581 2636 Cl.
2629 2580 2840 2635 tribuno
2886 2589 2937 2633 et
2978 2579 3191 2633 notario
3214 2578 3519 2634 Marcellino
3561 2592 3738 2647 supra-

2170 2640 2365 2746 scripta
2393 2675 2640 2730 mandavi
2673 2683 2726 2728 et
2754 2672 3047 2741 subscripsi
3089 2670 3435 2740 Carthagine.
3476 2668 3588 2737 Quo
3618 2640 3739 2723 reci-

2171 2778 2275 2823 tato
2300 2809 2313 2833 ,
2348 2766 2479 2820 idem
2506 2767 2655 2820 dixit.
2687 2764 2727 2818 E
2759 2750 2970 2819 diverso
3003 2761 3173 2817 habeo
3202 2761 3545 2816 Germanum.
3571 2759 3639 2813 Et
3658 2777 3737 2813 ac-

2171 2860 2372 2914 cedente
2400 2859 2648 2913 Germano
2671 2859 2933 2930 episc0po,
2964 2856 3094 2910 idem
3115 2855 3270 2909 dixit.
3299 2854 3545 2925 Agnosco
3567 2854 3731 2907 illum.

2170 2952 2237 3007 Et
2267 2954 2512 3008 recitavit.
2536 2953 2891 3022 Pompeianus
2913 2950 3195 3021 episcopus
3219 2948 3573 3004 Sucardensis
3595 2947 3735 3020 (240)

2169 3063 2351 3104 coram
2391 3048 2452 3103 V.
2498 3046 2582 3102 Cl.
2620 3030 2831 3125 tribuno
2858 3053 2912 3099 ct
2960 3042 3171 3099 notario
3221 3042 3529 3097 Marcellino
3556 3056 3735 3111 supra-

498 3139 779 3209 Rt-giorum
823 3139 1005 3211 (933),
1045 3150 1310 3221 praisente
1331 3140 1397 3196 Υ.
1421 3140 1502 3197 Cl.
1535 3142 1747 3195 tribuno
1774 3150 1829 3195 et
1858 3142 2063 3195 notario
2092 3125 2139 3188 C
2168 3142 2363 3210 scripta
2392 3139 2638 3195 mandavi
2673 3126 2727 3194 et
2767 3137 3054 3207 subscripsi
3085 3135 3427 3204 Carthagine.
3462 3133 3572 3200 Quo
3616 3134 3735 3186 reci-

502 3230 809 3284 Marcellino
846 3232 1204 3301 suprascripta
1242 3216 1489 3286 niandavi
1523 3242 1577 3287 et
1604 3232 1904 3309 subscripsi
1936 3231 2063 3287 Car-

496 3322 718 3391 thagini.
758 3324 871 3389 Quo
899 3324 1106 3376 recitato
1127 3363 1141 3389 ,
1173 3324 1304 3376 idem
1332 3324 1480 3377 dixit.
1510 3323 1552 3377 E
1576 3324 1790 3378 diverso
1818 3324 1949 3377 mihi
1980 3333 2065 3378 est

496 3412 683 3484 Feliit,
718 3416 812 3471 sed
852 3431 989 3472 unus
1029 3424 1144 3481 est,
1181 3417 1271 3488 qui
1300 3416 1379 3471 illi
1407 3417 1785 3471 communicat.
1824 3414 1889 3468 Et
1919 3431 2059 3470 acceo

566 3591 712 3664 (ΞΜ)
747 3590 1025 3664 Gisipensis
1053 3592 1283 3664 majoris.
1312 3590 1366 3646 ln
1391 3593 1660 3664 provincia
1680 3576 2067 3664 proconsulari,

500 3671 560 3715 ut
589 3663 741 3715 docet
773 3662 959 3714 notitia
984 3662 1234 3723 numiﬁb,
1264 3662 1491 3717 concilio
1517 3662 1916 3731 Carthaginensi
1940 3678 2066 3717 ann.

502 3732 754 3805 525,_sub
786 3731 1052 3805 Bonil'ac'to
1082 3733 1315 3805 interluit
1340 3733 1652 3805 Redemptus
1684 3732 1983 3805 Gisipensis,
2017 3743 2073 3787 et

502 3800 739 3867 ejusdem
770 3800 910 3854 sedis
936 3803 1213 3870 cpiscopus
1242 3803 1484 3857 Mellosus
1515 3800 1805 3859 subscribit
1830 3806 2071 3871 epistola:

499 3872 869 3944 episcoporum
930 3874 1211 3944 provinciae
1286 3875 1678 3944 proconsularis
1734 3876 1787 3929 in
1842 3875 2070 3931 concilio

504 3941 844 3995 Lateranensi
874 3942 971 3994 sub
1009 3943 1248 3995 Martino.
1288 3941 1305 3944 ”
1912 3974 1915 3975 ν

577 4008 1145 4084 (252)6eratnunensis.
1174 4012 1338 4079 Supra
1354 4014 1405 4067 in
1433 4013 1603 4068 indice
1617 4015 1995 4084 capitulorum,
2019 4026 2072 4069 ct

502 4079 661 4151 patilo
707 4079 1305 4151 rposthcramussensis.
1356 4084 1571 4137 Constat
1616 4079 1695 4138 ex-
1730 4086 2071 4140 contentione

504 4150 621 4222 qua:
667 4150 752 4222 hic
794 4150 1016 4222 refertur
1052 4154 1188 4222 inter
1227 4152 1557 4207 Adeodatum
1605 4163 1659 4209 et
1695 4155 2066 4219 Severianum,

502 4220 676 4345 incitam
696 4220 835 4343 liniue
858 4220 1085 4273 vicinum
1109 4220 1271 4275 fuisse
1288 4223 1600 4279 Milevitana
1625 4226 1738 4280 urbi
1762 4240 1824 4281 ac
1846 4226 2069 4295 proinde

502 4306 555 4345 tn
637 4306 740 4344 umt
783 4304 849 4343 ta.
1512 4326 1515 4331 .

502 4306 555 4346 111
588 4304 849 4345 Νιιῐηιαιει.
1512 4326 1515 4331 .

581 4358 729 4431 (255)
760 4360 1067 4433 [ludentium
1113 4359 1407 4433 Regiorum.
1456 4363 1658 4431 Duplex
1704 4366 1753 4419 in
1798 4366 2067 4433 provincia

502 4428 877 4555 Broctin'sulari
910 4428 1163 4483 Bullensis
1193 4428 1403 4494 sedes;
1456 4428 1557 4486 una
1582 4448 1700 4502 qua:
1757 4428 2070 4498 simpliciter

552 4502 758 4554 ullensis
801 4501 992 4554 dicitur
1028 4499 1079 4553 in
1125 4501 1331 4555 notitia.
1358 4517 1501 4555 num.
1526 4502 1625 4555 5L
1653 4503 1815 4555 altera
1858 4504 2070 4555 Bullen-

552 4502 758 4554 ullensis
801 4501 992 4554 dicitur
1028 4499 1079 4553 in
1125 4501 1331 4566 notitia,
1358 4517 1501 4555 num.
1526 4499 1625 4565 δῖ,
1653 4503 1815 4557 altera
1858 4504 2071 4560 Bullen-

506 4573 638 4625 sium
671 4571 943 4641 regiorum,
993 4570 1210 4635 ibidem,
1239 4586 1385 4625 num.
1414 4572 1482 4625 50
1506 4613 1520 4638 ,
1569 4573 1721 4640 hujus
1761 4576 2068 4629 celebrioris

505 4643 707 4696 mentio
732 4640 798 4693 lit
842 4642 1114 4694 itinerario
1144 4641 1418 4706 Antonini,
1444 4642 1579 4709 apud
1620 4642 1985 4708 Ptolemaeum,
2017 4658 2071 4698 et

508 4714 561 4765 in
613 4711 805 4764 tabulis
834 4710 1271 4782 Peutingerianis.
1306 4710 1370 4782 lu
1401 4712 1628 4765 concilio
1644 4712 2097 4782 _Cartltagincnsi.

508 4780 921 4835 sub'Geuethlio
949 4787 1277 4852 memoratur
1320 4779 1607 4852 ‘Epigonius
1635 4778 1945 4837 Bullensium
1991 4800 2072 4838 re-

508 4853 705 4922 giorttm
734 4852 1018 4922 episcopus.
1062 4851 1116 4904 In
1154 4850 1815 4922 Synodicajepiscnporutn
1848 4868 2072 4918 procon-

509 4920 703 4975 Sularis
732 4920 1019 4989 provincia:
1062 4922 1111 4975 in
1158 4920 1384 4974 concilio
1416 4920 1755 4975 Lateranensi
1800 4924 1897 4975 sub
1929 4923 2063 4977 Mar-

506 4995 617 5045 tino
650 4991 911 5060 ,Mellosus
942 4992 1205 5060 episcopus
1258 4990 1586 5044 Bulleriensis
1616 4993 1930 5059 subscribit,
1970 5008 2069 5048 nec

514 5078 617 5116 non
653 5061 821 5114 Victor
850 5059 1149 5124 Bulnensis,
1178 5059 1314 5115 forte
1341 5060 1615 5115 Bullensis.
2019 5077 2022 5079 λ

584 5131 734 5203 (254)
774 5131 1261 5203 Vegeselitattaz._ltt
1290 5131 1530 5203 Numidia
1555 5170 1570 5195 ,
1607 5146 1725 5186 nam
1766 5132 2074 5189 Vaianensis

511 5199 788 5327 gpi'isggpus
815 5199 931 5256 erat
958 5202 1118 5255 etiam
1149 5199 1390 5255 Numida.
1418 5200 1550 5255 Vide
1582 5211 1732 5256 notas
1760 5203 1824 5257 ad
1853 5218 1971 5273 cap.
2004 5205 2070 5260 99

507 5280 563 5326 et
592 5276 712 5327 153.

580 5343 728 5412 (255)
761 5342 1003 5397 Gavinus.
1038 5340 1222 5396 Gabini
1264 5341 1498 5410 episcopi
1549 5340 1837 5412 Donatista:
1867 5343 1956 5412 qui
2003 5344 2069 5398 ad

508 5410 820 5480 catholicam
850 5414 1105 5469 unitatem
1137 5415 1420 5467 transierat
1462 5410 1699 5465 meminit
1730 5410 2065 5480 Augustinus,

507 5478 579 5533 lib
619 5497 635 5535 ι
682 5494 865 5538 contra
909 5483 1261 5540 Gaudentium
1304 5496 1423 5552 cap.
1482 5481 1546 5535 η
1574 5489 1628 5535 et
1671 5478 1884 5552 15,ᾁυί
1933 5483 2068 5540 forte

510 5564 614 5603 non
643 5562 726 5607 est
746 5556 987 5611 diversus
1012 5558 1081 5613 ab
1104 5559 1222 5612 isto.
1485 5585 1489 5589 -

534 5688 545 5699 .
580 5619 729 5701 (2736)
762 5623 1147 5701 Snj‘asaritame.
1192 5627 1251 5682 In
1294 5624 1496 5701 notitia
1530 5624 1857 5701 Mauritania:
1893 5624 2067 5681 Cmsa-

503 5692 695 5745 ricnsis
751 5706 1038 5752 occurrunt
1089 5698 1194 5752 duo
1261 5695 1499 5767 epiSCOpi
1556 5692 1878 5765 Sufaritani,
1928 5711 2063 5752 unus

2167 3244 2271 3289 tato
2292 3275 2307 3299 ,
2341 3234 2554 3305 Alypius
2592 3232 2856 3301 episcopus
2908 3222 3150 3283 Ecclesia:
3177 3227 3439 3281 catholicm
3467 3226 3616 3279 dixit.
3645 3224 3732 3278 Hic

2165 3335 2282 3390 est,
2315 3324 2408 3379 scd
2440 3331 2680 3393 :cgromt.
2717 3319 2781 3374 Et
2824 3318 3072 3373 recitavit.
3101 3316 3429 3373 Fortunatus
3465 3318 3732 3385 episcopus

2166 3418 2339 3487 plebis
2369 3413 2835 3471 Rusuccurritante
2858 3407 3007 3483 (2M)
3037 3422 3222 3465 coram
3251 3407 3316 3462 ν.
3338 3408 3420 3462 Cl.
3455 3406 3663 3462 tribuno
3686 3414 3732 3460 et

2176 3608 2327 3647 num.
2362 3592 2424 3652 5,
2454 3602 2507 3645 et
2535 3590 2670 3644 alter
2690 3604 2835 3644 num.
2862 3587 2927 3642 87
2950 3628 2965 3652 ,
2996 3600 3220 3658 quorum
3255 3596 3429 3658 tamen
3461 3584 3655 3658 primus
3685 3586 3728 3638 iu

2176 3663 2361 3717 codice
2408 3661 2603 3716 Halleri
2643 3661 2834 3726 dicitur
2860 3655 3213 3715 Susaritanus.
3254 3658 3306 3709 ln
3332 3657 3605 3726 itinerario
3628 3655 3729 3709 An-

2177 3735 2343 3787 tonini
2396 3736 2534 3787 inter
2574 3724 2900 3785 Mauritaniae
2946 3729 3106 3784 urbes
3152 3738 3480 3782 memoratur
3522 3724 3730 3791 Sufasar

2177 3820 2295 3869 qua!
2320 3803 2509 3857 civitas
2535 3803 2599 3856 ab
2640 3815 2907 3871 anonymo
2935 3799 3278 3855 Ravennensi
3310 3796 3505 3865 Snfasa
3531 3796 3725 3851 dicitur.

2177 3874 2233 3927 In
2267 3873 2453 3927 notitia
2482 3873 2675 3927 Leonis
2705 3871 2920 3941 Suram.

2250 3944 2402 4013 (25⁸7)
2438 3944 2714 3999 Serrensis.
2758 3938 2813 3995 lu
2854 3940 3164 4013 Mauritania
3194 3938 3510 4013 Cgcsariensj
3532 3981 3546 4004 ,
3578 3947 3632 3990 ut
3669 3952 3725 4013 ex

2180 4009 2625 4077 notitia'constat,
2685 4028 2832 4066 num.
2886 4012 3026 4075 H7,
3080 4012 3165 4065 ubi
3217 4010 3413 4067 dicitur
3470 4009 3724 4065 Sertensis.

2179 4085 2506 4153 Quamquam
2542 4093 2734 4151 praeter
2762 4083 2902 4139 hunc
2942 4082 3050 4136 duo
3079 4091 3369 4135 occurrunt
3409 4083 3459 4135 in
3494 4081 3587 4153 hac
3625 4079 3724 4153 cul-

2183 4147 2382 4210 latioue
2426 4147 2707 4209 Zeti-enses
2735 4155 2969 4225 episcopi
3004 4147 3718 4225 Donatistarunusﬁauden-

2178 4226 2297 4290 tius,
2328 4240 2447 4294 cap.
2483 4226 2579 4281 187
2602 4266 2616 4289 ,
2652 4236 2704 4279 et
2747 4219 2881 4279 a'lter
2901 4219 3019 4292 cap.
3047 4223 3173 4294 201.
3203 4222 3422 4294 nomine
3466 4219 3719 4294 Salustius.

2176 4294 2306 4349 Cum
2348 4291 2520 4349 tamen
2573 4296 2614 4347 is
2650 4295 2717 4349 de
2738 4309 2850 4363 nuo
2890 4291 2979 4350 hic
3015 4293 3213 4349 mentio
3244 4291 3604 4363 adversarium
3632 4302 3721 4363 non

2176 4365 2389 4420 habeat.
2424 4367 2550 4420 Erat
2588 4364 2739 4418 Zerta
2766 4358 2816 4418 in
2848 4364 3123 4429 Numidia,
3159 4363 3245 4417 ubi
3291 4360 3533 4415 Zertensc
3564 4358 3726 4429 conci.

2178 4438 2304 4493 liutu
2339 4446 2457 4504 post
2478 4437 2818 4491 collationem
2850 4436 3086 4490 habitum
3111 4426 3224 4501 est,
3253 4433 3408 4504 cujus
3430 4431 3648 4504 epistola
3664 4426 3717 4481 ad

2176 4497 2476 4562 Donat'istas
2504 4514 2587 4560 est
2627 4506 2763 4577 inter
2788 4506 3065 4577 Augustini
3092 4497 3251 4577 epist.
3295 4497 3429 4577 [41,
3454 4497 3717 4577 altenler:

2175 4579 2347 4641 tensis,
2366 4577 2501 4631 forte
2516 4578 2559 4629 is
2583 4586 2664 4631 est
2679 4568 2932 4631 Senensis
2951 4568 3283 4631 Mauritania:
3302 4571 3634 4627 Caesariensis
3648 4568 3718 4641 vel

2175 4648 2474 4710 Zemtensis,
2509 4646 2647 4713 quod
2680 4648 2722 4700 si
2751 4649 2977 4709 dicatur,
2999 4648 3155 4713 hujus
3186 4644 3450 4701 Serrensis
3476 4642 3624 4696 sedes
3650 4640 3719 4691 iu-

2171 4729 2315 4774 ccrta
2337 4720 2433 4770 erit
2454 4754 2467 4779 ,
2494 4718 2572 4769 sin
2597 4716 2769 4770 minus
2798 4718 2931 4771 alter
2957 4715 3211 4771 Zertensis
3235 4716 3376 4769 idem
3407 4714 3594 4781 poterit
3616 4724 3717 4781 esse

2172 4803 2289 4856 cum
2340 4786 2590 4868 lemtensi
2619 4787 2906 4868 provincia}
2962 4780 3570 4868 proconsularis,'_cujns

2175 4850 2370 4912 nomen
2403 4856 2599 4923 legitur
2618 4850 2671 4924 in
2702 4856 2923 4923 epistola
2942 4850 3313 4924 episcoporum
3344 4850 3503 4923 hujus
3529 4850 3715 4923 provino

2170 4929 2268 4982 Cll!)
2300 4926 2351 4979 in
2381 4925 2610 4978 concilio
2640 4923 2984 4979 Lateranensi
3016 4926 3115 4979 sub
3132 4923 3391 4978 Martiuo.

2244 4992 2397 5061 (258)
2426 4993 2916 5059 GratianOpoIitante
2943 4993 3122 5059 plebis.
3151 4996 3203 5047 ln
3227 4992 3543 5047 Mauritania
3559 4990 3713 5045 Casa.

2170 5066 2365 5125 riemi,
2396 5072 2455 5116 ut
2482 5063 2636 5116 docet
2668 5064 2873 5127 notitia,
2900 5079 3045 5115 num.
3078 5062 3170 5116 8!.

2244 5132 2394 5204 (259)
2426 5131 2865 5204 Sttgabbaritante.
2898 5130 2959 5204 ln_
2974 5132 3186 5204 eadem
3210 5131 3482 5204 provincia
3507 5146 3568 5185 ex
3592 5128 3709 5204 noli-

2175 5197 2269 5268 tia,
2302 5197 2445 5275 num.
2471 5197 2574 5275 20;
2599 5202 2912 5275 Ammianus
2942 5197 3303 5275 Marcellinus,
3326 5201 3423 5275 liti.
3444 5197 3711 5275 “nulla.

2177 5267 2418 5341 nicipium
2438 5313 2452 5337 ,
2484 5274 2684 5341 inquit,
2719 5271 3151 5342 Sugabaritanum
3181 5267 3339 5342 inanti
3377 5267 3708 5342 Transcellensi

2173 5337 2395 5399 adolinc.
2424 5337 2769 5413 Prolemaeus,
2797 5337 2897 5398 lib.
2920 5357 2971 5396 tv
2990 5383 3003 5405 ,
3034 5357 3154 5413 cap.
3184 5341 3437 5410 2,,babet
3461 5356 3525 5396 ex
3548 5337 3705 5394 codice

2172 5414 2411 5468 Palatino
2440 5410 2749 5467 Zuchabari.
2942 5434 2943 5437 η

2244 5484 2782 5609 (ἑάφῦειιεανάεηεὶδ.
2814 5482 2872 5539 In
2896 5483 3082 5559 eadem
3126 5483 3398 5553 provincia
3432 5496 3493 5539 ex
3520 5478 3699 5543 uetitis,

2246 5572 2316 5609 m.
2426 5596 2437 5609 .
2944 5586 2947 5591 -

2170 5570 2316 5610 num.
2352 5570 2437 5609 13.
2944 5586 2947 5591 ·

2227 5625 2859 5699 (24lt‘Rttsuccurritanw.
2880 5626 2936 5699 l_n
2954 5624 3141 5699 eadem
3155 5627 3434 5699 provincia

2167 5694 2313 5751 num.
2330 5695 2415 5751 54.
2435 5696 2489 5750 In
2515 5695 2740 5752 concilio
2761 5694 3316 5771 Carthaginensi'ann.
3341 5696 3476 5761 M9,
3496 5694 3696 5750 occurrit
