3838 6222
193 282 330 338 1515

1137 280 1359 339 GESTA
1394 277 1844 343 COLLATIONIS
1880 278 2498 340 CARTHAGINENSIS.

3308 291 3444 349 εδει

190 394 404 449 notario
459 380 766 448 Marcellino
815 393 1174 465 suprascripta
1231 395 1477 451 mandavi
1530 405 1584 451 et
1636 396 1762 452 sub-
1792 403 1837 462 Α
1866 410 2036 465 scopo,
2064 394 2197 448 idem
2223 394 2371 447 dixit.
2400 394 2647 464 Agnosco
2680 392 2853 450 illum.
2891 395 2955 450 Et
2987 397 3234 455 recitavit.
3264 400 3451 462 Victor

189 485 386 554 scripsi
409 473 757 554 Carthagine.
791 482 904 550 Quo
934 486 1163 551 recitato,
1194 486 1331 541 idem
1353 488 1501 541 dixit.
1534 488 1572 542 E
1594 487 1770 542 diver-

187 592 253 633 so
291 577 423 632 mihi
474 586 554 633 est
598 579 843 648 Optatus.
880 577 945 633 Et
967 579 1232 633 accedente
1262 579 1449 650 Optato
1493 582 1766 650 episcopo.

186 669 329 723 idem
379 669 527 722 dixit.
558 669 805 738 Agnosco
846 668 1015 723 illum.
1050 668 1115 722 Et
1144 670 1389 724 recitavit.
1421 670 1601 725 Victor
1655 670 1769 736 epi-

187 774 391 830 scopus
413 762 581 832 plebis
608 760 1022 820 Bartimisiensis
1053 761 1202 832 (262)
1233 776 1410 834 coram
1454 760 1512 815 V.
1545 759 1627 816 Cl.
1674 761 1769 815 tri-

187 853 339 909 buno
366 860 421 909 et
449 853 655 908 notario
684 852 992 909 Marcellino
1030 853 1387 923 suprascripta
1439 851 1684 907 mandavi
1715 862 1769 907 et

186 944 487 1025 subscripsi
518 942 857 1013 Carthagine.
896 944 1009 1010 Quo
1034 946 1270 1009 recitato,
1312 944 1448 997 idem
1484 944 1633 998 dixit.
1664 944 1766 999 Ca-

188 1038 393 1094 tholica
423 1049 525 1095 est.
566 1038 853 1093 Habetdetts
883 1039 1125 1091 diaconus
1155 1037 1306 1091 dixit.
1336 1036 1452 1091 Non
1485 1037 1787 1094 habemus-

186 1129 264 1186 Et
306 1133 555 1187 recitavit.
588 1131 975 1188 Resdtutianus
1014 1129 1296 1198 episcopus
1327 1128 1497 1199 plebis
1544 1130 1770 1187 Sulnlit—

188 1233 337 1287 tante
359 1206 703 1296 (2i3)coram
727 1224 791 1278 V.
815 1222 895 1277 Cl.
922 1222 1136 1306 tribuno
1156 1231 1208 1277 et
1231 1222 1440 1277 notario
1455 1224 1767 1281 Marcellino

184 1315 558 1383 suprascripta
592 1314 835 1369 mandavi
879 1321 932 1367 et
958 1312 1248 1381 subscripsi
1278 1311 1627 1385 Carthagine.
1655 1315 1766 1382 Quo

187 1410 438 1475 recitato,
469 1409 599 1461 idem
644 1406 789 1459 dixit.
833 1405 1017 1459 Omnis
1057 1403 1334 1471 Catholica
1362 1446 1377 1471 ,
1419 1414 1534 1473 est,
1582 1422 1768 1462 omnes

184 1496 499 1554 Catholicos
553 1495 832 1551 habemus.
885 1494 1271 1548 Valentinianus
1322 1496 1568 1551 diaconus
1616 1497 1763 1551 dixit.

185 1590 310 1645 Non
345 1590 621 1645 habemus.
664 1587 733 1642 Et
763 1589 1007 1643 recitavit.
1040 1586 1315 1657 Helpidius
1337 1588 1619 1659 episcopus
1650 1590 1765 1659 ple-

186 1683 275 1738 bis
305 1685 566 1755 Aquensis
600 1681 752 1757 (2H)
778 1697 956 1737 coram
1002 1680 1064 1734 V.
1096 1680 1175 1735 Cl.
1220 1682 1433 1737 tribuno
1460 1692 1514 1737 et
1558 1683 1766 1736 notario

184 1774 501 1829 Marcellino
546 1773 904 1842 suprascripta
953 1770 1198 1825 mandavi
1230 1779 1284 1825 et
1322 1771 1612 1841 subscripsi
1640 1772 1769 1825 Car-

184 1867 426 1937 thagine.
461 1866 573 1931 Quo
598 1866 834 1930 recitato,
868 1863 999 1918 idem
1026 1864 1174 1917 dixit.
1203 1864 1244 1919 E
1276 1864 1488 1920 diverso
1528 1864 1658 1919 mihi
1687 1874 1769 1921 est

185 1958 493 2026 Reparatus
542 1958 844 2027 episcopus.
897 1953 964 2008 Et
1015 1952 1317 2009 accendente
1358 1955 1612 2026 Reparato
1660 1958 1769 2028 epi-

180 2064 369 2117 scopo,
396 2047 530 2102 idem
559 2048 705 2100 dixit.
741 2045 859 2116 ipse
893 2054 995 2111 est,
1026 2061 1257 2118 agnosco
1288 2047 1459 2103 illum.
1491 2048 1559 2104 Et
1586 2052 1764 2105 recita-

180 2141 278 2194 vit.
312 2138 500 2194 Victor
525 2137 807 2209 episcopus
833 2137 1005 2209 plebis
1034 2138 1375 2194 Malianensis
1402 2139 1554 2210 (245)
1585 2155 1765 2195 coram

181 2231 253 2287 V.
274 2230 357 2286 Cl.
381 2231 593 2286 tribuno
616 2230 893 2285 etnotario
914 2229 1225 2286 Marcellino
1248 2234 1609 2303 suprascripta
1624 2249 1769 2287 man-

179 2322 315 2377 davi
364 2331 419 2377 et
462 2322 755 2393 subscripsi
792 2322 1135 2394 Carthagine.
1181 2323 1290 2390 Quo
1329 2326 1575 2392 recitato,
1630 2328 1766 2382 idem

181 2411 341 2468 dixit.
392 2414 434 2469 E
478 2414 687 2471 diverso
717 2415 847 2468 mihi
877 2424 960 2469 est
996 2414 1294 2470 Nestorius.
1336 2414 1404 2469 Et
1453 2419 1766 2489 accendente

182 2504 433 2561 Nestorio
464 2506 727 2578 episc0po,
754 2506 890 2561 idem
919 2507 1068 2561 dixit.
1102 2510 1350 2578 Agnosco
1382 2509 1551 2563 illum.
1588 2508 1655 2562 Et
1685 2525 1768 2563 re-

181 2599 379 2653 citavit.
414 2599 522 2669 Ego
563 2600 856 2654 Restitutus
895 2600 1177 2669 episcopus
1209 2600 1427 2670 petitum
1472 2616 1557 2656 me
1600 2616 1628 2654 a
1675 2600 1765 2655 Vi-

180 2702 340 2747 ctore
369 2694 622 2762 episcopo
653 2690 1027 2746 Mainmillensi
1052 2689 1202 2761 (246)
1236 2705 1416 2746 coram
1443 2690 1508 2744 V.
1557 2688 1635 2746 Cl.
1671 2693 1766 2747 tri-

181 2784 336 2839 buno
372 2791 424 2839 et
466 2784 676 2839 notario
720 2783 1029 2839 Marcellino
1072 2783 1366 2849 subscripsi
1409 2799 1530 2838 eum
1573 2776 1761 2853 supra-

181 2877 386 2945 scripta
426 2876 553 2930 mibi
596 2877 899 2931 mandasse.
935 2876 1048 2943 Quo
1083 2876 1319 2941 recitato,
1350 2876 1486 2930 idem
1526 2876 1675 2931 dixit.
1724 2879 1762 2930 Ε

180 2968 404 3022 diverso
426 2977 506 3022 est
535 2968 879 3023 Serenianus.
908 2966 974 3020 Et
998 2968 1294 3021 accendente
1319 2967 1600 3022 Sereniano
1657 2969 1765 3036 epi-

179 3075 365 3128 scOpo,
399 3058 533 3112 idem
558 3058 712 3112 dixit.
742 3058 1177 3127 Agnoscoillum.
1210 3058 1275 3110 Et
1301 3058 1543 3111 recitavit.
1578 3057 1762 3113 Victor

180 3150 471 3218 cpiscOpus
498 3147 667 3217 plebis
686 3146 1112 3202 Tabaicaricnsis
1158 3146 1306 3216 (247)
1350 3162 1528 3199 coram
1578 3147 1641 3201 V.
1676 3148 1753 3200 Ci.

183 3242 407 3296 tribuno
442 3252 495 3297 et
526 3240 734 3295 notario
774 3240 1078 3295 Marcellino
1109 3239 1467 3308 suprascripta
1512 3239 1757 3293 mandavi

180 3345 240 3391 et
272 3335 560 3403 subscripsi
590 3332 915 3403 Carthagini.
951 3330 1063 3397 Quo
1100 3334 1307 3385 recitato
1330 3373 1343 3397 ,
1373 3330 1504 3384 idem
1532 3332 1681 3385 dixit.
1717 3331 1759 3386 E

187 3426 407 3480 diverso
433 3432 516 3480 est
542 3424 856 3479 Marcianus.
901 3421 969 3477 Et
999 3424 1300 3477 accendente
1352 3421 1621 3478 Marciano
1653 3425 1762 3493 epi-

184 3538 425 3593 Nicellus
471 3539 805 3594 Rusurrensis
834 3546 925 3593 aut
966 3538 1384 3593 Rusurrianensis
1422 3539 1751 3593 Mauritania:

182 3609 535 3665 Caesariensis
566 3612 892 3680 legatus.qui
926 3611 977 3663 in
1000 3609 1295 3680 Labbmana
1309 3608 1544 3664 editione
1562 3610 1754 3665 dicitur

182 3681 580 3744 Ruscuriensis,
608 3678 661 3735 et
710 3682 761 3735 iu
793 3678 1029 3749 margine
1055 3678 1509 3745 Rusuccurrensis,
1536 3682 1617 3735 vel
1648 3682 1757 3735 Rn-

180 3752 492 3805 socorensis.
524 3751 1067 3813 Cmterum,‘Plinius,
1096 3751 1185 3802 lib.
1211 3766 1262 3815 v,
1295 3764 1410 3816 cap.
1446 3751 1499 3811 2.
1542 3754 1615 3804 ait
1646 3751 1759 3805 Ru-

178 3823 449 3874 sn‘cnrinm
489 3823 708 3874 civitate
741 3822 1057 3873 honoratum
1097 3834 1216 3873 esse
1255 3835 1285 3872 a
1316 3820 1560 3875 Claudio.
1598 3822 1759 3877 Colo-

181 3896 331 3947 niam
372 3892 638 3957 appellant
682 3889 982 3944 Antoninus
1044 3890 1097 3943 in
1142 3889 1424 3945 Itinerario
1465 3900 1519 3946 et
1563 3894 1759 3948 tabulae

181 3960 634 4031 l‘cutingerianze.
670 3960 819 4031 Apud
852 3961 1216 4023 Ptolemaeum,
1252 3961 1344 4014 lib.
1374 3977 1445 4027 ιν,
1469 3979 1517 4017 c.
1546 3964 1581 4016 2
1603 4006 1615 4028 ,
1650 3965 1763 4019 Ru-

179 4046 396 4085 sttccore
420 4030 633 4083 dicitur.

267 4100 418 4169 (242)
450 4100 862 4155 Bartimisiensis.
897 4102 951 4155 ln
989 4101 1175 4156 eadem
1210 4103 1478 4171 provincia
1512 4104 1761 4158 Maurita-

182 4172 696 4242 niaiCmsaiicnsis,
728 4173 780 4225 in
820 4172 972 4241 cujus
1017 4173 1226 4237 notitia,
1260 4190 1406 4227 num.
1438 4175 1543 4242 45,
1574 4191 1762 4231 occur-

182 4246 260 4296 rit
302 4241 733 4296 Vardimissensis.

263 4312 413 4382 (245)
469 4310 813 4367 Sululittante.
869 4311 1063 4367 lterum
1111 4329 1228 4381 cap.
1287 4315 1383 4369 20!
1458 4315 1517 4369 iit
1560 4318 1761 4371 mentio

182 4384 427 4454 episcopi
482 4382 649 4437 Hilari
708 4384 971 4438 Sallitani.
1025 4383 1222 4439 Neuter
1268 4387 1414 4440 locus
1463 4388 1516 4440 in
1569 4390 1759 4442 notitia

1797 1815 1847 1876 B

1874 487 2152 555 episcopus
2166 486 2331 555 plebis
2344 484 2675 541 Timicitante
2692 486 2841 557 (248)
2857 502 3037 543 coram
3055 490 3117 545 V.
3134 490 3192 547 Cl
3203 535 3216 548 .
3234 494 3448 552 tribuno

1870 585 1924 631 et
1962 576 2169 632 notario
2199 576 2505 632 Marcellino
2550 580 2911 651 suprascripta
2947 582 3194 637 mandavi
3235 595 3288 641 ct
3326 587 3449 643 sub-

1871 669 2059 739 scripsi
2090 668 2432 740 Carthagine.
2459 668 2572 737 Quo
2617 672 2828 727 recitato
2849 712 2865 738 ,
2909 674 3043 730 idem
3085 676 3233 730 dixit.
3265 678 3448 735 Habeo

1869 760 2117 829 Optatum
2145 776 2174 816 e
2204 760 2438 817 diverso.
2464 760 2533 815 Et
2560 765 2826 819 accedente
2858 765 3076 835 Optato,
3126 768 3257 822 idem
3293 770 3445 824 dixit.

1870 852 1989 921 Ipse
2024 861 2125 908 est.
2178 852 2245 907 Et
2294 854 2536 908 recitavit.
2586 855 2893 913 Bonifacius
2945 859 3248 930 episcopus}-
3272 861 3448 930 plebis

1869 943 2033 1016 274
2060 944 2334 999 Vallitanaa
2363 945 2515 1017 (249)
2541 961 2720 1002 coram
2748 948 2808 1001 V.
2836 946 2896 1002 C.
2938 949 3151 1005 tribuno
3195 961 3248 1005 et
3292 964 3447 1009 nota-

1869 1036 1952 1090 rio
1998 1036 2305 1091 Marcellino
2346 1038 2705 1107 suprascripta
2754 1038 2999 1094 mandavi
3047 1049 3105 1094 et
3148 1041 3447 1111 subscripsi

1870 1125 2210 1197 Carthagine.
2241 1126 2353 1194 Quo
2377 1129 2615 1194 recitato,
2638 1128 2771 1181 idem
2797 1128 2944 1182 dixit.
2973 1128 3089 1185 Non
3121 1130 3310 1188 habeo.
3347 1133 3450 1187 Va-

1871 1219 2181 1274 lentinianus
2210 1219 2456 1273 diaconus
2485 1219 2635 1275 dixit.
2672 1218 2963 1275 Defunctus
3002 1232 3084 1277 est
3110 1235 3235 1279 ante
3275 1240 3449 1282 annos

1870 1319 2095 1380 septem.
2128 1309 2427 1366 Restitutus
2453 1310 2627 1366 dietus
2649 1321 2751 1366 est.
2780 1310 2848 1365 Et
2876 1314 3126 1369 recitavit.
3157 1316 3256 1383 Qui
3286 1332 3449 1386 supra

1871 1416 1968 1472 pro
1994 1401 2304 1456 Limeniano
2325 1402 2577 1471 episcopo
2609 1400 2779 1471 plebis
2804 1403 3156 1472 Taprurensis
3184 1406 3450 1478 (250)‘co-

1872 1508 1983 1548 ram
2022 1492 2085 1547 V.
2119 1491 2179 1547 C.
2213 1492 2428 1547 tribuno
2461 1501 2514 1547 et
2550 1493 2759 1548 notario
2799 1494 3107 1552 Marcellino
3145 1498 3441 1568 subscripsi

1870 1599 1989 1640 eum
2022 1593 2337 1653 przesentem
2365 1581 2687 1654 Carthagine
2714 1586 3019 1642 mandasse.
3055 1586 3167 1652 Quo
3197 1590 3405 1645 recitato
3428 1632 3443 1659 ,

1870 1678 2000 1732 idem
2030 1676 2176 1730 dixit.
2207 1674 2484 1731 Catholica
2527 1684 2627 1731 est.
2680 1675 2967 1733 Habetdeus
3011 1680 3255 1735 diaconus
3298 1682 3447 1737 dixit.

1872 1768 2066 1825 Contra
2100 1784 2203 1824 non
2238 1768 2517 1823 habemus.
2567 1766 2633 1821 Et
2677 1770 2922 1824 recitavit.
2957 1770 3214 1827 Proculus
3243 1774 3450 1842 episco-

1873 1879 1970 1933 pus
2009 1865 2181 1934 plebis
2228 1862 2574 1924 Giutsitcnsis
2605 1862 2824 1921 Salaria:
2864 1862 3015 1933 (25l)
3065 1879 3244 1919 coram
3278 1865 3337 1919 V.
3384 1866 3441 1921 C.

1870 1957 2086 2011 tribuno
2113 1967 2167 2011 et
2206 1960 2417 2015 notario
2455 1961 2766 2015 Marcellino
2804 1960 3164 2028 suprascripta
3198 1957 3443 2012 mandavi

1868 2057 1922 2103 et
1962 2050 2252 2121 subscripsi
2297 2050 2627 2123 Carthagini.
2668 2053 2779 2117 Quo
2825 2054 3036 2107 recitato
3062 2093 3075 2114 .
3119 2052 3252 2104 idem
3290 2050 3441 2103 dixit.

1866 2141 2139 2197 Catholica
2170 2152 2272 2200 est.
2304 2143 2593 2200 Habetdeus
2625 2146 2871 2199 diaconus
2911 2145 3060 2197 dixit.
3096 2142 3262 2196 Habet
3296 2156 3443 2208 prcs-

1868 2233 2110 2305 byterum
2150 2234 2456 2307 Lillybium.
2494 2236 2563 2291 Et
2603 2238 2853 2291 recitavit.
2883 2234 3125 2289 Auxilius
3163 2233 3448 2301 episcopus

1868 2325 2039 2394 plebis
2066 2325 2427 2383 Nurconensis
2454 2326 2603 2398 (252)
2633 2342 2811 2382 coram
2841 2326 2901 2379 V.
2933 2326 2990 2379 (ἐ.
3024 2324 3233 2378 tribuno
3264 2333 3318 2379 et
3345 2340 3440 2378 no-

1867 2419 2002 2473 tario
2040 2418 2347 2474 Marcellino
2377 2420 2743 2489 suprascripta
2776 2417 3016 2471 mandavi
3049 2425 3102 2470 et
3140 2416 3439 2486 subscripsi

1867 2509 2204 2580 Carthagine.
2240 2512 2359 2577 Quo
2382 2512 2621 2573 recitato,
2653 2510 2783 2562 idem
2822 2509 2969 2561 dixit.
3013 2507 3279 2563 Unitatem
3315 2524 3439 2577 pos-

1866 2603 2134 2666 sidemus,
2178 2604 2318 2673 quod
2366 2618 2554 2659 omnes
2598 2604 2773 2656 sciunt
2813 2601 3191 2659 Caesarienses.
3229 2604 3325 2659 llic
3355 2616 3439 2659 cst

1868 2694 2154 2748 Severinus
2199 2692 2386 2764 (255),
2440 2694 2600 2748 dicat.
2648 2694 2920 2748 Severinus
2972 2697 3238 2766 cpiscomts
3285 2696 3436 2751 dixit.

1863 2784 2159 2854 Numquam
2191 2784 2397 2838 habuit.
2424 2782 2494 2837 Et
2528 2786 2774 2839 recitavit.
2810 2787 3111 2843 Mensurius
3152 2790 3437 2858 episcopus

1864 2878 2035 2948 plebis
2077 2876 2498 2933 Medcfessitante
2551 2878 2700 2950 (25i)
2732 2895 2911 2934 coram
2946 2883 3009 2936 V.
3042 2883 3103 2937 C.
3142 2885 3355 2940 tribuno
3386 2894 3440 2940 et

1865 2967 2078 3022 notario
2132 2968 2438 3023 Marcellino
2484 2973 2847 3042 suprascripta
2906 2975 3154 3029 mandavi
3206 2984 3256 3029 et
3314 2977 3442 3030 sub-

1863 3060 2050 3129 scripsi
2089 3059 2433 3131 Carthagine.
2470 3061 2582 3129 Quo
2612 3066 2820 3118 recitato
2846 3108 2858 3131 ,
2892 3065 3043 3136 [idem
3078 3068 3224 3122 dixit.
3255 3068 3437 3124 Nemi-

1865 3166 1983 3206 nem
2013 3150 2184 3206 habeo
2222 3162 2407 3207 contra
2440 3155 2570 3226 me.]
2612 3155 2995 3213 Valentinianus
3026 3160 3264 3213 diaconus
3286 3161 3434 3213 dixit.

1866 3242 2022 3297 Modo
2051 3243 2213 3297 exivit
2243 3244 2312 3300 de
2340 3261 2588 3316 corpore.
2625 3248 2685 3301 Et
2716 3252 2960 3305 recitavit.
3008 3253 3274 3306 Honorius
3326 3251 3440 3320 epi-

1864 3349 2058 3404 scopus
2091 3352 2183 3405 pro
2210 3336 2463 3393 Januario
2490 3338 2655 3395 fratre
2682 3352 2734 3397 et
2758 3344 3074 3413 coepiscopo
3123 3359 3240 3398 meo
3268 3343 3441 3411 plebis

1866 3425 2120 3483 Casarnm
2157 3430 2576 3488 Mcdianeusium
2601 3434 2749 3505 (255)
2776 3434 3079 3505 Carthagini
3112 3435 3435 3489 constitutus

1859 3544 1980 3599 dem
2024 3558 2390 3613 monumento,
2416 3564 2560 3605 num.
2599 3548 2732 3615 105,
2764 3551 2849 3603 ubi
2886 3550 3279 3604 Tabadcarensis
3308 3550 3440 3621 legi-

1862 3623 1964 3669 llll‘.

1933 3686 2081 3754 (248)
2103 3687 2435 3745 Tiinicitanw.
2455 3690 2508 3745 In
2530 3690 2711 3745 eadem
2733 3690 3020 3757 provincia,
3047 3690 3262 3748 ibidem.
3285 3707 3437 3751 num.

1863 3755 1915 3811 6.
1948 3757 2171 3823 Plinius,
2201 3761 2292 3815 lib.
2325 3778 2385 3827 v,
2410 3776 2528 3829 cap.
2553 3761 2607 3824 2,
2645 3755 2821 3812 Tiniici
2864 3760 3000 3812 inter
3040 3762 3283 3818 civitates
3325 3781 3438 3821 mc-

1866 3836 2061 3882 morat.
2093 3830 2439 3895 Ptolemmus,
2471 3832 2562 3885 lib.
2594 3845 2797 3897 tv,cap.
2828 3830 2861 3881 2
2884 3868 2899 3894 ,
2935 3829 3122 3883 Tiinice
3152 3848 3283 3887 cum
3318 3838 3437 3892 aliis

1866 3897 2194 3954 Mauritaniae
2226 3903 2444 3956 urbibus
2473 3908 2726 3954 recenset.

1937 3968 2086 4039 (249)
2126 3971 2417 4024 Val/inmte.
2448 3971 2598 4038 Apud
2630 3967 2899 4037 Optatum,
2928 3970 3019 4024 lib.
3050 3988 3119 4038 ιι,
3151 3975 3207 4029 iit
3239 3982 3440 4035 mentio

1866 4038 2118 4109 Bonifacii
2173 4039 2417 4094 Ballitani
2460 4040 2707 4109 iepisc0pi
2770 4039 3164 4098 Donatistarum
3228 4049 3430 4103 limine.

1876 4108 2063 4163 Vallim
2098 4112 2148 4164 in
2191 4108 2551 4175 proconsulari
2604 4110 2779 4161 locant
2812 4110 3149 4170 ltinerarium
3180 4118 3437 4176 Antonini

1865 4191 1917 4233 et
1963 4182 2153 4260 tabulae
2182 4178 2619 4260 Pqutingeriai_i:u.
2660 4179 2713 4260 l_n
2754 4182 2983 4260 concilio
3027 4184 3439 4260 Carthagincnsi

1866 4265 1989 4302 ann.
2140 4291 2151 4313 ,
2176 4246 2583 4332 subiboiiifacio
2610 4252 2893 4306 subscribit
2926 4253 3208 4313 Restitutus
3226 4246 3434 4332 cpisco-

1866 4336 1960 4389 pus
1987 4320 2155 4389 plebis
2182 4318 2468 4372 Vallititntv.

1936 4387 2477 4465 (2§0)“Tnp_ruren_sis._
2501 4389 2607 4465 llic
2624 4391 2771 4447 locus
2822 4394 3089 4465 'l'aparura
3118 4410 3337 4457 vocatur
3382 4404 3437 4459 in

184 4454 385 4542 Africa:
418 4456 698 4536 reperitur,
730 4456 827 4509 nisi
857 4456 1355 4542 forteisittnlittanns
1378 4456 1520 4542 hient
1550 4460 1755 4542 sitcum
1784 4477 1836 4535 Ι)
1868 4454 2839 4542 ιηΙᾞΙὶείΙΡειιιίρὶεβνιίίιηξξ.,-ΤμρΙινωτι
2883 4454 3021 4537 apud
3052 4454 3431 4542 Ptolovmteuni:

185 4524 485 4577 tjiilnlitano
506 4566 519 4589 ,
551 4526 638 4595 qui
672 4534 845 4580 tamen
892 4526 1222 4595 probabilius
1253 4536 1332 4581 est
1373 4526 1660 4581 Cttllitdnus
1692 4528 1759 4581 de

182 4610 295 4663 quo
325 4608 506 4659 supra.

262 4663 417 4735 (ΞΜ)
448 4666 710 4735 Aquensis.
743 4666 798 4720 In
826 4666 1134 4720 Mauritania
1173 4666 1488 4721 Caesariensi
1530 4682 1592 4720 ex
1622 4666 1758 4719 noti-

188 4734 446 4787 tianum.
475 4734 562 4787 21s.
603 4735 854 4803 Ejusdem
898 4738 1039 4791 sedis
1080 4737 1284 4791 videtur
1323 4738 1484 4791 fuisse
1524 4737 1757 4791 Crescens

188 4805 633 4876 Metropolitanus
684 4808 969 4876 Aquitania:
1012 4809 1277 4871 civitatis,
1322 4808 1470 4875 cujus
1515 4808 1755 4858 meminit

188 4874 376 4926 Victor
409 4874 658 4935 Vitensis.
694 4874 784 4930 lib.
810 4893 847 4942 ι,
872 4895 1015 4930 unm.
1053 4881 1101 4931 7.
1144 4878 1246 4931 Alii
1293 4885 1653 4930 tnemorautur
1703 4876 1753 4927 iu

188 4945 290 4997 hac
320 4944 604 5015 collatione
628 4947 876 5007 .lquenses
902 4949 1167 5015 episcopi,
1192 4949 1257 5000 de
1283 4947 1468 5014 quibus
1486 4960 1588 5015 suo
1615 4945 1752 4997 loco.

266 5012 419 5083 (iiii)
456 5013 804 5068 Malianensis.
831 5018 883 5070 In
914 5012 1099 5071 notitia
1124 5012 1445 5070 Mauritanire
1469 5014 1757 5071 Caesarien-

190 5085 289 5148 sis,
326 5100 471 5135 lllllll.
504 5084 555 5145 8,
579 5087 810 5137 occurrit
843 5088 1200 5144 Melinncnsis.
1245 5084 1521 5152 legendum
1567 5084 1758 5135 Maiia-

190 5155 385 5206 mnsis.
420 5154 547 5206 Nam
572 5153 874 5208 Mallianant
900 5158 1059 5209 habet
1081 5156 1374 5209 Antoninus
1406 5157 1453 5205 in
1484 5154 1761 5207 llinerario

193 5226 335 5277 inter
386 5224 609 5291 Sufasur
656 5235 709 5277 et
758 5224 1174 5294 Tigavascastra,
1227 5224 1548 5294 Mauritania:
1590 5224 1765 5277 (la-sa-

193 5294 583 5347 riensisnrbcs.
610 5294 663 5346 In
688 5293 961 5360 Augustini
986 5297 1202 5361 epistola
1224 5308 1466 5353 ccxxxvt,
1484 5293 1546 5345 ad
1573 5294 1766 5349 Dente-

192 5366 356 5425 rinm,
381 5364 436 5415 lit
465 5364 663 5417 mentio
692 5363 931 5418 Victorini
956 5365 1223 5433 cujusdam
1264 5362 1610 5415 Uallianensis
1636 5367 1765 5418 sub-

192 5433 408 5485 iliai-oni
457 5450 518 5487 ex
567 5436 977 5489 .\l.inicli;rorum
1030 5445 1167 5487 secta
1197 5473 1209 5497 ,
1249 5448 1451 5485 necnon
1499 5433 1767 5490 Maliianw

194 5504 368 5553 urbis.

269 5570 421 5641 (246)
461 5570 840 5627 Mammillensi.
868 5576 920 5628 ln
967 5572 1271 5628 Mamitania
1313 5573 1630 5630 Cmsariensi
1655 5618 1667 5640 ,
1710 5585 1771 5631 ut

193 5642 351 5695 dot-et
382 5642 499 5706 ejus
526 5643 734 5701 notitia,
772 5662 917 5698 unm.
951 5646 1035 5697 78.

265 5711 422 5780 (247)
461 5709 887 5769 Tnbaicnriensis.
920 5716 976 5771 ln
1018 5713 1201 5771 eadem
1252 5716 1522 5784 provincia
1562 5735 1631 5775 ex
1674 5732 1766 5774 eo-

1861 4537 1913 4611 et
1955 4526 2211 4611 Top/tria
2245 4526 2433 4611 Plinio.
2468 4531 2563 4611 llic
2605 4526 2655 4587 in
2698 4552 2796 4611 ms.
2822 4526 3030 4611 codice
3058 4526 3437 4611 Ταρτηνέὴεὶξὲ

1859 4604 1913 4680 at
1945 4611 2058 4663 cap.
2091 4598 2451 4680 1877,.di‘eitur
2480 4601 2733 4680 Tlaprura.
2777 4609 2921 4664 Silus
2962 4621 3041 4663 est
3079 4598 3146 4665 in.
3164 4616 3437 4680 provincia

1861 4666 2128 4750 pyzacena
2152 4679 2215 4750 et.
2232 4669 2477 4750 inlimite
2502 4666 2818 4750 Numidico,
2850 4691 2900 4732 ut
2929 4666 3199 4750 colligitur
3224 4698 3288 4737 ex
3311 4666 3439 4740 Pio:

1859 4735 2123 4814 lcu’ireo‘et
2140 4738 2338 4814 tabulis
2366 4742 2736 4814 Peulingcrian
2749 4753 2806 4803 is.

1860 4806 2080 4892 (25d)
2131 4808 2450 4867 Giutsitensis
2501 4806 2740 4873 Stilaria'.
2789 4821 2948 4888 Cujus
2992 4823 3282 4891 provincia:
3325 4825 3394 4879 sit
3421 4868 3434 4892 ,

1858 4886 2140 4932 incertum.

1934 4947 2083 5019 (952)
2115 4951 2485 5025 Nai-canensis.
2529 4958 2585 5011 In
2631 4960 2938 5013 Mauritania
2987 4961 3304 5019 Cii‘Sﬂl‘it‘nSi
3335 5008 3346 5025 ,
3382 4976 3439 5019 ut

1861 5016 2016 5072 docet
2044 5016 2230 5078 notitia
2261 5043 2405 5080 num.
2435 5028 2535 5085 102
2558 5070 2571 5089 ,
2599 5030 2685 5083 ubi
2708 5030 2902 5083 dicitur
2931 5016 3304 5087 Mnrwncnsis:
3336 5016 3441 5089 i’a;

1867 5098 1939 5169 tet
1968 5106 2045 5169 ex"
2068 5096 2244 5169 verbis
2290 5098 2634 5167 sequentibus
2665 5100 2804 5153 hunc
2835 5100 3005 5155 locum
3040 5119 3157 5159 esse
3185 5106 3439 5159 Maurita-

1867 5160 1969 5212 nia:
2008 5159 2371 5221 Caesariensis;

2132 5235 2423 5312 Severinus.
2473 5238 2768 5308 Episcopus
2797 5239 3117 5297 Castellamts
3146 5243 3197 5297 in
3242 5245 3439 5298 Mauri-

1875 5303 2013 5355 tania
2045 5302 2379 5359 Cmsariensi.

1946 5372 2091 5443 (255i)
2118 5374 2539 5453 Medefessitante:
2566 5375 2619 5428 lu
2641 5380 2917 5453 provincia
2945 5382 3236 5453 Byzacena,
3268 5393 3324 5436 ut
3347 5400 3441 5453 pa-

1874 5450 1948 5495 tet
1978 5460 2039 5496 ex
2070 5444 2275 5503 nutiIia,
2300 5462 2443 5521 num.
2475 5446 2571 5521 57‘,
2602 5448 2688 5501 ubi
2711 5444 3131 5521 Menefessiianns
3158 5444 3445 5521 episcopus

1872 5524 2336 5588 commemoratur.
2370 5514 2686 5588 genefeseos
2718 5521 2766 5569 in
2795 5514 3020 5588 Byzacio
3040 5514 3276 5576 meminit
3304 5514 3441 5579 Pro-

1874 5583 2086 5658 Copias.
2108 5584 2174 5658 die
2201 5582 2339 5634 bello
2370 5582 2591 5658 Vandal.
2626 5587 2715 5640 lib.
2752 5603 2786 5639 ιι
2806 5628 2819 5649 .
2838 5582 2966 5656 'cap.
2993 5591 3084 5645 25.

1945 5650 2093 5723 (2.55)
2130 5650 2370 5723 (fasarum
2390 5652 2808 5711 Medianensium.
2846 5650 2988 5713 Casa:
3009 5661 3363 5721 .lledt'attCttscs
3390 5666 3443 5723 in

1873 5718 2148 5788 Numidia,
2185 5731 2238 5775 ut
2264 5722 2643 5792 docetuotitia,
2682 5744 2827 5783 num.
2856 5730 2942 5785 29.
