3838 6222
442 313 576 365 1511)

1348 303 1564 363 GESTA
1607 301 2059 361 COLLATIONIS
2095 300 2713 363 CARTIIAGINENSIS.

3591 303 3730 357 15-20

434 422 793 493 suprascripta
838 416 1079 473 mandavi
1115 418 1188 489 [et
1232 417 1570 487 subscripsi.]
1617 417 1728 484 Quo
1756 417 1969 469 recitato
1998 456 2011 476 ,
2040 430 2095 489 Α
2119 415 2367 485 expedit.
2404 415 2454 469 id
2486 430 2707 471 necesse
2749 423 2832 471 est
2858 456 2871 482 ,
2916 422 2973 470 ut
3019 428 3141 469 cum
3184 428 3349 469 causa
3386 425 3686 482 peroratur
3712 456 3730 479 ,

436 514 843 569 Fortunatianus
910 512 1177 580 episcopus
1236 507 1481 563 Ecclesia:
1547 507 1810 561 cat/toliqu
1863 506 2011 559 dixit.

436 605 631 661 Custos
682 612 762 658 est
801 602 1116 656 tabularum.
1186 599 1572 654 Valentinianus
1618 598 1865 651 diaconus
1913 596 2017 666 cpi-

432 696 572 763 sc0pi
605 695 853 748 Primiani
880 693 1031 761 dixit.
1075 691 1342 746 Emeritus
1376 700 1460 746 est
1490 690 1621 745 illic.
1652 688 1715 743 Et
1752 687 2021 742 accedente

442 789 698 855 Emerita,
747 788 881 841 idem
937 787 1087 840 dixit.
1139 787 1388 856 Agnosco
1437 800 1578 839 eum.
1644 781 1711 836 Et
1766 783 2016 836 recitavit.

438 879 733 936 Restitutus
784 878 1067 949 episc0pus
1115 877 1439 944 Tagoreusis
1502 875 1653 946 (275)
1711 870 2018 942 Carthagini

437 973 755 1027 constitutus
799 978 1063 1039 przcsente
1103 968 1217 1022 viro
1264 966 1564 1021 clarissimo
1606 965 1817 1020 tribuno
1844 976 1890 1017 et
1928 977 2023 1017 noc

441 1067 575 1120 tario
594 1060 1292 1131 Marcellino,suprascripta
1314 1057 1560 1111 mandavi
1588 1050 2021 1128 [etsubscripsL]

446 1158 558 1223 Quo
592 1158 820 1217 recitato,
847 1152 1256 1207 Fortunatiauus
1281 1150 1553 1219 episcopus
1576 1146 1824 1201 Ecclesiw
1851 1145 2027 1198 catho-

442 1250 553 1302 lica:
592 1248 740 1301 dixit.
783 1248 951 1301 Etiam
991 1246 1103 1314 ipse
1132 1252 1312 1299 custos
1339 1252 1423 1297 est
1464 1241 1785 1295 tabularum.
1840 1235 2025 1289 Valen-

444 1341 666 1394 tinianus
705 1339 947 1391 diaconu.
982 1336 1213 1406 episwpi
1262 1333 1517 1387 Primiani
1566 1332 1716 1386 dixit.
1775 1329 1893 1383 Non
1931 1326 2025 1380 Ita—

444 1432 650 1488 bemns.
684 1429 748 1484 Et
784 1431 1028 1484 recitauit.
1066 1429 1173 1483 Leo
1214 1428 1498 1496 episcomts
1543 1423 1819 1493 municipii
1872 1421 2022 1490 Mop-

447 1524 611 1580 tensis
646 1521 793 1594 (276)
834 1522 1154 1589 Carthagine
1187 1520 1509 1574 constitutus
1549 1523 1816 1587 prmsente
1857 1513 1920 1567 V.
1960 1512 2025 1566 C.

448 1617 659 1671 tribuno
688 1623 742 1669 et
772 1613 979 1668 notario
1019 1612 1326 1667 Marcellino
1368 1611 1730 1679 suprascripta
1776 1606 2027 1661 mandavi

447 1720 502 1764 et
542 1705 849 1774 subscripsi.
888 1704 1001 1768 Quo
1037 1704 1281 1767 recitato,
1323 1702 1455 1754 idem
1501 1701 1647 1753 dixit.
1698 1698 1878 1752 Habeo
1924 1695 2028 1750 Fe-

451 1801 625 1853 licem.
674 1797 741 1851 Et
789 1795 1053 1849 accedente
1082 1792 1254 1845 Felice
1282 1834 1294 1855 ,
1322 1792 1456 1844 idem
1486 1791 1635 1844 dixit.
1679 1790 1924 1860 Agnosco
1966 1780 2029 1841 il-

457 1889 583 1943 lum.
620 1886 687 1940 Et
713 1886 956 1940 recitavit.
990 1884 1233 1937 Asterius
1267 1882 1551 1951 episcopus
1579 1880 1745 1950 plebis
1784 1878 2029 1933 Vicensis

455 1982 604 2052 (277)
630 1979 947 2049 Carthagine
974 1978 1294 2033 constitutus
1315 1990 1495 2031 coram
1525 1974 1588 2029 V.
1616 1974 1697 2029 Cl.
1737 1973 1950 2027 tribuno
1976 1980 2032 2026 et

455 2076 663 2128 notario
698 2072 1002 2127 Marcellino
1051 2066 1477 2141 [suprascripta]
1524 2065 1769 2122 mandavi
1804 2074 1859 2121 et
1903 2064 2031 2120 sub-

456 2167 664 2236 scripsi.
703 2166 813 2231 Quo
844 2164 1071 2229 recitato,
1101 2163 1232 2216 idem
1264 2162 1410 2215 dixit.
1443 2162 1500 2215 In
1532 2161 1651 2230 ipso
1676 2160 1794 2214 solo
1822 2173 2030 2214 mecum

458 2258 596 2312 alius
621 2258 902 2326 episc0pns
940 2271 1044 2308 non
1109 2263 1211 2309 est.
1258 2254 1322 2306 Et
1359 2240 1625 2306 accedente
1670 2251 1877 2307 Urbano
1925 2252 2035 2319 epi-

458 2367 630 2422 πονο,
672 2350 806 2402 idem
834 2348 980 2401 dixit.
1026 2347 1166 2401 Deus
1195 2346 1374 2413 videt,
1405 2346 1529 2416 quia
1575 2359 1679 2399 non
1710 2344 1857 2398 illum
1889 2342 2033 2396 novi.

538 2442 656 2497 1M.
694 2439 1021 2495 Marcellinus
1037 2440 1111 2492 vir
1140 2438 1455 2492 clarissimus
1476 2437 1706 2491 tribunus
1727 2444 1774 2489 et
1802 2435 2037 2489 notarius

381 2562 387 2569 -
458 2536 609 2591 dixit.
651 2534 968 2589 Jamdudum
998 2546 1081 2586 me
1120 2530 1376 2585 obtulisse
1414 2529 1677 2583 sanctitati
1724 2536 1922 2582 vestrze
1953 2532 2039 2579 sat

458 2639 662 2685 certum
719 2637 836 2694 est,
893 2636 950 2681 ut
1002 2625 1325 2694 competenti
1390 2623 1727 2688 reverentia,
1788 2621 2040 2677 sedentes

459 2721 636 2777 omnia
667 2720 966 2776 tractarctis
994 2734 1008 2772 :
1037 2718 1300 2788 siquidem
1328 2716 1458 2772 mihi
1479 2730 1766 2771 onerosum
1789 2728 1909 2768 esse
1933 2726 2041 2767 non

463 2814 678 2879 nescio,
731 2821 810 2867 tot
848 2810 1242 2867 venerabilibus
1296 2808 1425 2863 viris
1475 2806 1736 2862 stantibus
1780 2804 2039 2859 residere.

462 2906 618 2962 Unde
647 2904 731 2960 vel
761 2918 902 2959 nunc
942 2900 1278 2957 multitudine
1316 2908 1646 2969 sequestrata
1674 2937 1688 2957 .
1729 2896 1918 2951 sedere
1954 2893 2042 2948 di-

466 3013 1003 3132 gnfitiiini’etilianus
1054 3061 1314 3142 episcopus
1367 3069 1519 3123 dixit.
1574 3066 1794 3137 Agimus
1846 3066 2044 3137 gratias

2121 522 2241 561 cum
2299 509 2449 577 prius
2496 507 2768 577 incipitur,
2816 517 2870 562 ut
2915 509 3074 585 etiam
3122 523 3374 578 persona:
3418 518 3725 571 constent,

2120 611 2263 657 stare
2313 601 2552 671 singulos
2607 601 2832 667 deceat,
2876 603 3067 671 quibus
3093 604 3277 659 subire
3307 601 3583 671 contingit
3613 601 3727 655 dis—

2121 694 2438 763 ceptationis
2467 708 2713 749 examen.
2765 692 2833 748 Et
2884 696 2990 749 alia
3026 712 3201 749 manu.
3270 695 3576 751 Petilianus
3607 695 3727 764 epi-

2122 801 2320 855 sc0pus
2359 788 2671 857 recognovi.

2196 866 2318 921 ηδ.
2351 867 2689 921 Marcellinus
2712 867 2787 919 vir
2802 866 3117 921 clarissimus
3143 866 3379 922 tribunus
3400 876 3449 921 et
3478 866 3721 920 notarius

2124 957 2273 1011 dixit.
2306 956 2566 1024 Quoniam
2597 958 2769 1012 oblata
2811 967 3022 1012 recusat
3062 960 3320 1013 sanctitas
3346 967 3523 1014 vestra
3548 1000 3565 1025 ,
3599 972 3725 1026 pars

2124 1050 2211 1104 illa
2244 1052 2518 1106 tractanda
2546 1061 2660 1119 est,
2692 1063 2748 1107 ut
2774 1054 2894 1124 quia
2925 1054 3066 1109 sicut
3094 1055 3264 1109 voluit
3289 1066 3467 1111 vestra
3498 1056 3721 1125 religio,

2127 1143 2500 1199 universorum
2548 1146 2635 1215 qui
2685 1147 3121 1216 subscripserunt
3158 1147 3521 1204 demensttata
3579 1165 3721 1218 pra:-

2126 1234 2297 1288 sentia
2319 1243 2421 1300 est,
2443 1236 2734 1292 secundum
2764 1237 2987 1293 formam
3016 1239 3254 1294 c-mlestis
3285 1242 3521 1305 oraculi,
3550 1257 3721 1310 spon-

2127 1326 2293 1383 sionis
2348 1344 2559 1400 quoque
2605 1340 2796 1386 vestra:
2847 1347 3155 1398 memores,
3197 1332 3443 1402 deligatis
3488 1333 3723 1389 idoneos

2127 1429 2323 1475 vestrae
2369 1422 2573 1477 scilicet
2624 1423 2933 1477 assertionis
2978 1435 3230 1490 actores,
3290 1424 3481 1495 quibus
3530 1424 3721 1492 dispu-

2131 1514 2362 1568 tantihus
2394 1555 2407 1577 ,
2437 1526 2596 1585 atque
2626 1517 2983 1571 multitudinis
3013 1518 3153 1572 sicut
3191 1528 3319 1574 ante
3355 1518 3552 1588 placuit
3584 1532 3715 1571 con-

2130 1602 2338 1659 fusione
2367 1608 2572 1661 seclusa
2600 1649 2613 1673 ,
2643 1608 2800 1677 plene
2832 1609 3039 1677 possint
3071 1610 3317 1665 universa
3346 1612 3622 1681 cognosci.

2203 1696 2326 1750 147.
2378 1696 2635 1751 Emeritus
2666 1700 2933 1768 episcopus
2968 1700 3122 1755 dixit.
3162 1700 3272 1756 Res
3318 1702 3370 1755 in
3410 1702 3552 1756 vado
3595 1712 3675 1757 est
3701 1742 3717 1765 ,

2057 1810 2105 1869 Β
2135 1786 2497 1840 mandantium
2525 1804 2746 1857 persona
2772 1804 3006 1859 praesens
3029 1801 3133 1858 est,
3160 1791 3475 1846 mandatum
3507 1808 3720 1861 quoque

2134 1876 2386 1941 ferimus;
2439 1879 2529 1933 sed
2588 1890 2645 1932 ut
2689 1891 2927 1935 actorum
2985 1882 3115 1937 ﬁdes
3159 1882 3321 1937 etiam
3367 1898 3487 1937 cum
3536 1894 3719 1937 nostra

2133 1968 2526 2038 subscriptione
2565 1971 2916 2042 adstipuletur
2942 2014 2956 2040 ,
2991 1984 3043 2027 et
3076 1974 3339 2044 professio
3366 1975 3681 2029 recitabitur
3702 2017 3717 2037 ,

2135 2073 2190 2118 et
2229 2079 2347 2134 qua:
2384 2065 2434 2117 in
2470 2066 2663 2134 placito
2691 2067 2991 2138 subscripta
3037 2078 3204 2136 sunt,
3253 2070 3390 2124 actis
3419 2071 3716 2125 haerebunt.

2139 2154 2205 2208 Et
2230 2156 2332 2208 alia
2367 2172 2539 2209 manu.
2573 2158 2841 2213 Emeritus
2868 2160 3153 2229 episcopus
3181 2163 3495 2231 recognovi.

2212 2247 2332 2301 148.
2366 2246 2695 2303 Marcellinus
2723 2252 2797 2303 vir
2821 2252 3142 2307 clarissimus
3170 2254 3401 2309 tribunus
3421 2264 3471 2309 et
3496 2258 3723 2311 notarius

2141 2337 2289 2391 dixit.
2336 2338 2654 2408 Susceptum
2698 2344 3004 2398 mandatum
3042 2346 3110 2401 ab
3146 2346 3327 2402 ofﬁcio
3353 2351 3629 2405 recitetur.
3661 2351 3722 2404 lit

2142 2445 2257 2482 cum
2304 2431 2663 2499 tradidissent,
2696 2432 3006 2504 Ruﬁnianus
3028 2438 3291 2492 stt'bseriba
3316 2443 3569 2496 recitavit.
3603 2444 3721 2497 Peat

2145 2522 2483 2577 consulatum
2535 2522 2762 2579 Varanis
2818 2526 2915 2581 viri
2965 2528 3257 2584 clarissimi
3307 2542 3501 2587 octavo
3546 2534 3721 2588 kalen-

2142 2614 2329 2668 darum
2361 2614 2637 2669 Iuniarum
2658 2617 3371 2689 CarthaginiJunuarianus,
3404 2616 3719 2689 Primianus,

2146 2709 2295 2765 Felix
2322 2750 2336 2775 ,
2369 2710 2606 2764 Donatus
2632 2751 2646 2775 ,
2690 2708 2986 2766 Candorius
3010 2752 3024 2777 ,
3062 2712 3287 2782 Optatus
3308 2757 3324 2781 ,
3367 2716 3719 2780 Donatianus,

2147 2802 2512 2865 Antonianus,
2570 2802 2944 2867 Victorianus,
3002 2802 3178 2858 Fortis
3237 2815 3294 2860 et
3348 2809 3561 2872 exteri,
3612 2808 3720 2862 Pri—

2148 2894 2358 2956 miano,
2415 2890 2706 2957 Petiliano,
2760 2891 3034 2958 Emerito,
3096 2893 3380 2961 Protasio,
3440 2897 3717 2960 Montano,

2148 2983 2450 3039 Gaudentio
2473 3024 2486 3047 ,
2520 2982 2796 3038 Adeodato
2820 2985 3155 3055 coepiscopis
3200 2986 3400 3041 nostris
3439 2999 3719 3057 prmsentes

2149 3077 2501 3148 praesentibus
2539 3076 2787 3132 salutem.
2817 3076 3130 3133 Mandamus
3159 3077 3315 3134 vobis
3359 3078 3605 3135 Ecclesiae
3636 3080 3717 3134 Dei

468 3166 886 3223 honoriﬁcentia:
918 3172 1020 3217 tua:
1047 3204 1060 3223 ,
1091 3161 1171 3215 vir
1199 3158 1390 3215 nobilis
1417 3200 1431 3223 ,
1460 3158 1601 3229 quod
1638 3159 1761 3213 talis
1801 3172 1862 3211 ac
1902 3166 2044 3211 tanta
2073 3185 2117 3248 ε
2148 3186 2396 3238 causam,
2441 3169 2857 3239 defensoresque
2901 3185 2996 3225 vos
3047 3169 3273 3224 facimus
3324 3170 3579 3225 adversus
3623 3180 3719 3223 ιη.-

466 3271 549 3317 est
586 3270 671 3313 tua
707 3259 877 3329 pietas
898 3299 910 3321 ,
938 3265 993 3311 ut
1017 3255 1362 3311 benemeritis
1394 3254 1523 3308 viris
1548 3252 2046 3323 antiquissimisque

465 3352 833 3408 sacerdotibus
860 3359 913 3403 et
954 3357 1031 3401 tot
1056 3346 1481 3413 persecutionum
1502 3344 1693 3413 palmis
1711 3342 2046 3407 ﬂorentibus,

470 3442 607 3496 hanc
638 3439 1017 3509 benignitatem
1057 3426 1312 3505 praestare
1361 3433 1598 3503 digneris
1634 3442 1693 3487 ut
1737 3432 2049 3502 gravissima

468 3544 719 3591 senectus
745 3575 757 3600 ,
785 3548 903 3603 qua:
932 3537 1118 3586 ornata
1159 3535 1243 3582 est
1278 3526 1434 3580 annis
1460 3536 1515 3581 et
1558 3526 1760 3579 meritis
1785 3524 1897 3579 suis
1917 3564 1931 3590 ,
1964 3538 2052 3576 se-

466 3626 642 3682 dendo
692 3640 812 3681 sese
854 3623 1055 3679 reliciat
1082 3665 1096 3688 ,
1132 3637 1197 3675 nc
1232 3620 1424 3673 stando
1452 3618 1653 3672 diutius
1692 3616 1939 3671 laborare
1980 3614 2053 3669 vi-

469 3720 689 3785 deatur,
738 3732 804 3772 ne
849 3716 934 3771 hic
970 3729 1179 3784 quoque
1218 3713 1368 3767 labor
1412 3718 1602 3766 oneret
1632 3708 1870 3764 modicas
1908 3707 2051 3763 vires

470 3811 780 3867 senectutis.
809 3807 914 3863 Sed
942 3808 1192 3877 quoniam
1218 3805 1358 3859 vires
1381 3803 1635 3859 Dominus
1655 3800 2050 3863 subministrat,

469 3904 744 3972 ipsamque
792 3898 1146 3955 reverendam
1202 3904 1538 3952 senectutem
1590 3894 1715 3948 facit
1770 3907 1888 3947 esse
1946 3890 2053 3944 for-

471 3997 661 4049 tiorem
684 4035 698 4057 ,
753 4008 855 4047 non
896 3990 1291 4055 erubescimus,
1330 4004 1436 4042 non
1466 4000 1729 4051 ,veremur
1753 4026 1767 4051 ,
1806 3998 1911 4037 non
1948 3981 2054 4035 evi-

475 4098 647 4141 tamus
680 4095 728 4139 te
758 4085 1021 4139 residente
1056 4124 1072 4149 ,
1100 4083 1182 4136 vir
1223 4080 1448 4145 nobilis,
1498 4078 1725 4132 libenter
1762 4076 2048 4131 adsistere.

472 4176 741 4245 Siquidem
773 4177 870 4229 hoc
898 4168 1000 4229 nec
1019 4174 1265 4228 Christus
1296 4172 1575 4238 Dominus,
1598 4177 1779 4224 uoster
1806 4167 2053 4222 vitaverit

478 4282 598 4322 cum
645 4274 767 4319 ante
811 4266 1089 4335 prresidem
1140 4264 1356 4320 stetisse
1402 4263 1650 4333 dignatus
1688 4271 1768 4314 est
1795 4303 1808 4325 ,
1853 4270 2052 4330 quanto

480 4360 649 4428 inagis
688 4373 783 4412 nos
823 4375 925 4411 non
963 4369 1271 4411 recusamus
1298 4395 1310 4416 .
1355 4370 1473 4409 cum
1515 4363 1571 4407 tu
1601 4352 1961 4418 honoriﬁcus,
1998 4361 2051 4405 tu

474 4453 648 4521 justus
675 4492 687 4514 ,
737 4460 789 4503 tu
825 4462 1108 4513 reverens,
1145 4458 1198 4499 tu
1231 4447 1486 4515 benignus
1514 4487 1525 4507 ,
1554 4445 1690 4499 hanc
1713 4444 1904 4498 oﬁ'eras
1932 4458 2055 4512 gra-

2152 3263 2354 3317 ditores
2385 3269 2863 3329 persecutoresque
2895 3270 3110 3315 nostros
3134 3300 3149 3326 ,
3186 3262 3275 3329 qui
3321 3274 3418 3313 nos
3448 3258 3501 3313 in
3523 3259 3716 3327 judicio

2151 3351 2253 3405 viri
2297 3348 2580 3404 clarissimi
2621 3350 2930 3418 spectabilis
2961 3351 3159 3404 tribuni
3190 3359 3245 3404 et
3281 3352 3471 3404 notarii
3506 3350 3714 3404 Marcel-

2154 3441 2289 3507 lini,
2321 3455 2416 3509 per
2447 3440 2887 3508 supplicationem
2930 3454 3079 3493 suam
3127 3441 3402 3510 proposito
3431 3442 3603 3496 edicto
3645 3440 3718 3492 in-

2152 3531 2390 3600 quietare
2414 3529 2697 3583 voluerunt
2726 3569 2741 3593 ,
2766 3540 2824 3583 ut
2848 3544 3029 3581 eorum
3064 3530 3453 3586 intentionibus
3507 3546 3713 3598 respou-

2152 3621 2341 3676 deatis.
2371 3619 2631 3689 Quicquid
2675 3618 2890 3688 egeritis
2920 3633 3015 3688 pro
3041 3627 3182 3673 statu
3206 3629 3407 3674 sancta:
3436 3620 3675 3675 Ecclesiae
3695 3660 3708 3681 ,

2152 3720 2322 3767 ratum
2376 3726 2472 3765 nos
2521 3709 2831 3776 habituros,
2888 3722 3067 3764 nostra
3122 3711 3517 3780 subscriptione
3565 3714 3710 3780 proli‘

2155 3815 2347 3860 temur.
2380 3802 2444 3857 Et
2475 3803 2579 3856 alia
2610 3819 2781 3863 manu,
2826 3802 3085 3872 Optamus
3123 3818 3215 3857 vos
3256 3805 3307 3857 in
3343 3804 3562 3858 Domino
3588 3804 3709 3858 bene

2153 3897 2331 3950 valere
2360 3904 2411 3948 et
2434 3892 2605 3948 nostri
2633 3908 2898 3948 memores
2924 3908 3065 3948 esse.
3100 3894 3213 3961 Quo
3242 3897 3469 3949 recitato.

2226 3985 2346 4040 149.
2404 3984 2736 4040 Marcellinus
2781 3987 2855 4039 vir
2893 3986 3211 4040 clarissimus
3250 3987 3481 4041 tribunus
3509 3997 3551 4043 et
3576 3998 3704 4040 nota—

2150 4079 2257 4131 rius
2283 4078 2432 4131 dixit.
2481 4077 2915 4147 Subseriptiones
2954 4079 3112 4148 hujus
3142 4096 3354 4149 quoque
3383 4083 3606 4135 mandati
3635 4097 3705 4133 re-

2152 4154 2417 4239 legantur.
2485 4169 2794 4237 Ruﬁnianus
2858 4169 3021 4222 scriba
3082 4172 3329 4223 recitavit.
3380 4171 3703 4225 Januarianns

2153 4264 2434 4333 episcopus
2484 4260 2799 4317 Cascnsium
2837 4261 3173 4331 Nigreusium
3224 4262 3374 4333 (278)
3423 4264 3540 4317 huic
3575 4279 3701 4316 man-

2153 4356 2279 4411 dato
2311 4365 2495 4411 nostro
2523 4356 2837 4425 subscripsi.
2884 4355 3014 4411 Item
3056 4356 3164 4409 alia
3207 4372 3381 4411 manu.
3433 4357 3698 4412 Priniianus

2155 4447 2437 4515 episcOpus
2467 4445 2905 4515 Carthaginiensis
2948 4448 3069 4501 huic
3119 4448 3372 4504 mandato
3419 4449 3693 4512 subscripsi.

482 4544 608 4597 tiam
658 4556 774 4611 qua:
812 4540 905 4593 tibi
973 4528 1007 4591 a'
1049 4538 1272 4591 Domino
1303 4545 1699 4590 remuneratore
1730 4533 2053 4603 dignissimis
2082 4550 2129 4607 ι)
2158 4536 2287 4589 Item
2319 4537 2422 4590 alia
2469 4554 2643 4591 manu.
2677 4536 2821 4591 Felix
2854 4538 2997 4593 urbis
3034 4537 3217 4593 Romae
3260 4540 3537 4610 episcopus
3570 4538 3692 4610 (279)

481 4632 715 4701 pranniis
761 4629 1188 4698 frequentissime
1234 4627 1528 4681 referatur?
1578 4625 1631 4679 Id
1674 4634 1848 4679 autem
1894 4625 2049 4680 nobis

482 4768 621 4807 mare
663 4751 937 4821 aliquando
966 4748 1199 4821 ignobilis
1225 4789 1237 4811 ,
1259 4764 1397 4821 nunc
1424 4748 1540 4821 quia
1566 4742 1717 4821 iuba:
1744 4746 1879 4821 regia
1912 4746 2007 4821 [uit
2029 4785 2042 4810 ,

484 4833 528 4876 et
557 4822 688 4884 quod
716 4813 943 4875 thsarea
975 4813 1221 4872 uocitatur
1252 4817 1484 4869 illustris.
1510 4813 1723 4884 Stultius
1754 4813 1894 4884 regis
1918 4815 2046 4865 Boc-

485 4881 578 4947 chi
624 4893 818 4961 regiam
868 4890 1210 4961 postmodum
1252 4886 1402 4940 Juba}
1430 4924 1442 4948 ,
1481 4881 1820 4961 indulgentia
1870 4883 2049 4951 populi

486 4951 710 5017 Boinani
748 4951 889 5015 dono
935 4962 1108 5015 datam
1164 4958 1429 5012 observat.
1481 4951 1629 5006 Nunc
1682 4960 1891 5021 putatur
1934 4966 2053 5004 esse

486 5032 685 5101 Algerii
730 5035 931 5088 civitas.
993 5031 1258 5085 Emeritus
1304 5028 1419 5095 ejus
1465 5024 1752 5101 episcopus
1782 5023 2051 5101 Donatista

487 5093 625 5158 Unius
654 5103 748 5156 luit
774 5121 803 5157 e
850 5114 1049 5173 septeni
1084 5093 1350 5154 actoribus
1379 5096 1541 5173 partis
1568 5093 1758 5173 Donati
1787 5136 1803 5173 ι
1834 5102 1887 5146 ct
1921 5094 2057 5144 Deu-

488 5175 651 5228 terius
701 5164 991 5228 catholicus
1043 5188 1179 5227 unus
1222 5188 1250 5225 e
1300 5164 1611 5223 custodibus
1664 5164 1959 5219 tabularum
1990 5178 2055 5215 ex

489 5256 636 5313 parte
672 5246 961 5299 Catholicou
980 5260 1085 5298 um.

559 5316 705 5384 (iiii)
764 5316 1082 5383 Tttgorcttsis.
1117 5310 1523 5384 Iinjnsangora'
1568 5324 1685 5384 qua:
1726 5306 1775 5359 in
1827 5319 2051 5384 procon-

489 5380 645 5439 sulari
674 5380 697 5449 ,⁷
744 5380 848 5439 non
876 5388 1014 5439 illius
1044 5401 1161 5455 qua:
1192 5380 1243 5437 in
1278 5381 1541 5436 Numidia.
1578 5380 1702 5455 [ille
1730 5393 1905 5455 supra,
1942 5382 2050 5426 not.

487 5456 610 5509 QUI.
650 5448 926 5511 Restitutus
958 5461 1001 5511 is
1039 5448 1133 5510 luit
1177 5470 1310 5508 unus
1344 5469 1373 5507 c
1416 5450 1722 5504 cnsmdibus
1752 5448 2051 5501 chartarum

488 5529 1165 5593 exparteCatholicoruut.
1388 5595 1397 5597 4
1500 5593 1509 5597 _
1596 5590 1715 5597 -ιη
1816 5589 1823 5597 ,

556 5587 704 5667 (Ξὶῖϋ)
762 5598 1055 5667 Moytensis.
1107 5597 1162 5650 In
1236 5593 1545 5649 Mauritania
1594 5589 1862 5667 Sitilensi‘.‘
1896 5587 2057 5667 Cujus

493 5660 774 5736 provincia:
828 5660 1029 5736 legatus
1082 5669 1167 5721 hic
1196 5668 1301 5720 Leo
1347 5666 1538 5736 adluit
1568 5660 2052 5736 conciliatiartha»

495 5728 696 5796 gincnsi
727 5756 849 5795 ann.
882 5728 1005 5796 ἶΗυ.
1035 5739 1259 5805 Quidam
1289 5736 1499 5791 codices
1530 5734 1725 5789 habent
1758 5728 2052 5783 .Iloctcnsis.

2160 4630 2282 4683 huic
2313 4627 2561 4682 mandato
2602 4629 2912 4697 subscripsi.
2946 4628 3077 4683 Item
3113 4633 3219 4684 alia
3270 4649 3441 4686 manu.
3494 4632 3695 4684 Donatus

2156 4746 2317 4819 .Ilopti
2347 4746 2688 4815 municipium
2719 4748 2944 4819 habetur
2992 4751 3043 4804 in
3089 4752 3285 4805 tabulis
3313 4752 3548 4819 Pcuting.
3573 4751 3690 4805 Idem

2153 4818 2363 4892 videtur
2404 4830 2517 4892 esse
2557 4832 2675 4892 cum
2721 4818 3001 4892 .Ilogotensi
3025 4861 3039 4884 ,
3070 4821 3135 4875 de
3165 4837 3272 4892 quo
3305 4825 3355 4876 in
3386 4818 3558 4878 notitia
3592 4823 3692 4876 Siti-

2155 4884 2319 4937 fensis
2352 4883 2653 4949 provincia',
2688 4901 2741 4937 n.
2774 4888 2861 4940 3').

2229 4953 2398 5029 (277).
2441 4951 2688 5005 I’icensis.
2737 4954 2895 5029 Forte
2937 4956 3054 5029 Vico
3086 4957 3335 5014 Pacensis
3359 4962 3412 5015 in
3457 4962 3684 5022 Numidia,

2158 5022 2489 5092 quuultitna
2537 5031 2619 5092 est
2649 5023 2824 5092 .sedes
2858 5024 2909 5075 in
2954 5026 3069 5092 ejus
3099 5033 3307 5081 notitia.
3340 5032 3563 5085 Concilio
3587 5033 3687 5082 (Iar-

2162 5090 2455 5153 thagiuensi
2499 5090 2594 5142 sub
2638 5088 2902 5158 Cypriane
2942 5088 3185 5147 interfuit
3226 5096 3501 5151 Ianuarius
3534 5118 3563 5152 a
3592 5100 3686 5151 Vico

2166 5160 2377 5212 Caesaris
2402 5160 2579 5230 ,rctuin
2610 5161 2835 5212 eunetlio
2878 5162 3281 5230 Cartltagincnsi
3326 5169 3427 5221 sub
3461 5168 3686 5221 Bottilacio

2165 5248 2303 5284 anno
2334 5229 2455 5299 5257,
2488 5226 2847 5299 Florentianus
2880 5226 3312 5299 Vic0pacatensis.

2236 5302 2381 5368 (278)
2410 5298 3083 5368 Casensitun-Nigt'ensium.
3144 5303 3197 5355 In
3225 5302 3469 5358 Numidia
3498 5310 3688 5359 famosus

2164 5383 2244 5426 cst
2277 5372 2505 5423 Donatus
2538 5388 2565 5421 ιι
2584 5368 2723 5422 Casis
2761 5370 2936 5441 Nigris
2964 5382 3150 5426 auctor
3178 5374 3498 5430 schismatis.
3526 5375 3687 5430 Janua-

2164 5444 2346 5517 rianus
2389 5441 2586 5517 primas
2631 5453 2757 5517 erat
2788 5444 3158 5517 episcoporum
3188 5444 3529 5517 biumidarum
3555 5447 3688 5517 partis

2167 5514 2384 5575 Donati,
2441 5523 2497 5563 ut
2541 5512 2697 5566 docet
2747 5513 3008 5567 iudiculus
3048 5515 3274 5570 Possidii
3318 5516 3370 5573 in
3400 5512 3568 5574 codice
3588 5518 3687 5572 Col-

2166 5583 2401 5659 bertino,
2446 5581 3041 5659 §l_i_0lni_lla‘§p._l.Xt'lll
3072 5585 3129 5659 ξ.
3160 5586 3299 5659 Aug.

2234 5654 2385 5732 (erui
2439 5650 2585 5732 Felix
2647 5650 3576 5732 llrtvi-s'_itornw.-mendo-episcopus
3596 5660 3680 5715 sci-

2164 5724 2288 5779 licet
2313 5724 2660 5779 Montcusium
2691 5724 2780 5794 qui
2809 5724 2992 5781 Reum
3026 5725 3311 5797 degebant.
