3838 6222
173 178 313 236 1521

1080 250 1085 255 1
1129 179 1355 237 GESTA
1394 178 1843 237 COLLATIONIS
1882 173 2503 235 CARTIIAGINENSIS.

3332 174 3469 232 1522

172 297 473 368 episcopus
524 294 896 358 Botrianensis
944 295 1094 366 (280)
1147 296 1270 349 huic
1320 274 1572 349 mandato
1644 297 1768 349 sub-
1801 299 1848 355 A
1883 273 2061 349 Ronue
2116 294 2266 348 dixit.
2321 294 2387 347 Et
2428 290 2678 346 mandavi
2729 300 2782 346 et
2833 290 3152 357 subscripsi.
3200 288 3469 343 Possidius

174 391 398 460 scripsi.
434 389 566 444 Item
594 391 698 443 alia
738 405 915 442 manu.
964 386 1247 441 Florianus
1294 389 1578 456 epierpus
1621 388 1769 442 Puti-

154 476 378 540 Eiensis
406 481 558 555 (281)
590 479 904 552 subscripsi.
952 478 1086 533 Item
1114 480 1221 533 alia
1257 495 1434 532 manu.
1473 476 1772 553 Candorius

172 575 468 646 episcopus
522 574 882 646 Aggeritanus
926 572 1240 641 subscripsi.
1275 569 1407 625 Item
1450 572 1556 625 alia
1593 589 1770 627 manu.

176 667 520 723 Antonianus
547 668 831 739 episcopus
851 665 1250 729 Lamsorteusis
1271 662 1423 737 (282)
1454 663 1776 734 subscripsi.

179 760 305 828 Quo
332 760 564 814 recitato.

258 852 385 907 150.
419 849 692 906 Possidius
734 848 1003 921 episcOpus
1045 847 1291 903 Ecclesia:
1319 847 1587 902 catholicae
1625 846 1778 902 dixit.

174 942 505 999 Noverimus
578 941 743 998 etiam
796 928 1048 1012 ipsorum
1101 940 1468 1013 praesentiam.
1519 937 1611 1012 [Et
1678 938 1787 993 alia

178 1034 365 1105 ntanu]
407 1034 738 1105 Recognovi.
838 1072 841 1073 ν

264 1126 389 1182 151.
447 1110 783 1180 Marcellinus
832 1126 908 1180 vir
947 1126 1263 1181 clarissimus
1316 1125 1554 1179 tribunus
1601 1132 1649 1179 et
1696 1139 1791 1177 no-

179 1220 351 1274 tarius
396 1219 544 1275 dixit.
601 1218 733 1275 Tam
779 1219 1090 1275 mandatum
1147 1223 1307 1291 quam
1364 1217 1793 1287 subscriptiones

184 1310 366 1366 eidem
396 1309 732 1366 cohaerentes
759 1312 927 1381 gestis
954 1311 1315 1381 prxsentibus
1347 1310 1676 1365 inserantur.
1714 1308 1794 1363 Ad

156 1464 167 1473 ,
171 1402 491 1476 pleniorem
517 1412 696 1458 autem
728 1401 887 1458 Iidem
913 1411 1038 1472 pars
1054 1411 1281 1472 utraque
1310 1384 1591 1471 designet,
1615 1410 1794 1456 utrum

187 1491 332 1547 nihil
357 1492 426 1549 de
450 1495 652 1549 mutuis
682 1493 949 1548 mandatis
982 1502 1202 1548 vocetur
1226 1493 1281 1551 in
1307 1492 1552 1550 dubium.

273 1584 399 1639 152.
457 1583 703 1638 Aurelius
748 1585 1016 1655 episcopus
1064 1583 1313 1638 Ecclesia:
1354 1583 1621 1638 catholica:
1671 1582 1801 1638 Car-

1872 389 2151 457 episcopus
2178 385 2431 440 Ecclesia:
2454 382 2724 438 catholica:
2752 384 2904 438 dixit.
2936 383 3039 440 Ubi
3071 391 3155 438 cst
3183 381 3371 447 Felix?
3412 379 3476 433 Et

1875 480 1979 533 alia
2026 496 2207 531 manu.
2238 477 2579 549 Recognovi.

1954 572 2074 625 158.
2120 560 2361 626 Aurelius
2411 572 2685 641 episcopus
2740 568 2990 623 Ecclesia:
3030 568 3297 623 calholicx
3325 566 3478 622 dixit.

1882 664 2054 730 Esto,
2086 666 2208 735 quia
2241 665 2389 719 urbis
2430 661 2617 719 Romae
2660 662 2975 731 episcopum
3006 676 3065 716 se
3094 661 3244 716 dicit.
3304 659 3487 727 Quare

1885 756 2270 826 praejudicatur
2301 757 2514 813 absenti
2547 754 2746 829 (285)?
2776 752 2843 808 Et
2887 753 2995 807 alia
3038 769 3216 806 manu.
3270 752 3482 821 Recog-

1889 865 2035 905 ιιονι.

1963 941 2085 996 159.
2132 940 2425 996 Petilianus
2467 942 2741 1011 episwpus
2792 940 2944 994 dixit.
2997 938 3129 1005 Qua:
3160 937 3297 992 ratio
3342 934 3496 1007 (281)

1893 1030 1999 1085 huc
2040 1047 2164 1086 eum
2195 1032 2453 1088 detulerit
2483 1035 2666 1089 nu|lus
2707 1033 2941 1103 ignorat.
2976 1030 3326 1085 Nobilitatem
3376 1046 3496 1083 om—

1895 1140 2018 1180 nem
2053 1125 2141 1179 hic
2187 1140 2314 1182 esse
2360 1125 2660 1181 Romanam
2714 1141 2814 1181 nec
2864 1127 2963 1197 ipsi
3048 1123 3293 1178 nescitis.
3350 1121 3495 1176 Idem

1895 1217 2059 1288 igitur
2084 1218 2242 1272 turbo
2268 1260 2282 1283 ,
2320 1219 2622 1290 eademque
2652 1220 2952 1274 necessitas
2998 1234 3124 1274 eum
3155 1219 3258 1272 huc
3289 1215 3503 1271 detulit.

1898 1309 1971 1368 Ut
2013 1326 2120 1365 non
2173 1310 2471 1366 dissentire
2519 1310 2796 1367 videretur
2825 1326 2852 1364 a
2884 1310 3038 1365 nobis
3064 1350 3079 1376 ,
3123 1320 3177 1365 et
3206 1309 3322 1378 ipse
3353 1321 3503 1361 man-

1897 1404 2069 1461 davit.
2099 1402 2167 1458 Et
2193 1403 2302 1457 alia
2333 1420 2512 1456 manu.
2542 1403 2841 1458 Petilianus
2867 1404 3155 1473 episcopus
3185 1401 3509 1472 recognOVi.

1971 1494 2097 1551 160.
2142 1495 2380 1549 Aurelius
2404 1494 2674 1565 episcopus
2703 1493 2946 1549 Ecclesia
2976 1494 3245 1549 catholica:
3277 1491 3501 1547 Cartha-

1901 1589 2036 1661 ginis
2062 1588 2216 1643 dixit.
2246 1587 2527 1642 Potuimus
2548 1595 2605 1641 et
2633 1601 2731 1642 nos
2754 1589 3148 1642 transmarinos
3169 1587 3499 1652 conducere,

190 1675 421 1747 tltaginis
474 1675 626 1730 dixit.
680 1674 988 1731 Secundum
1058 1675 1486 1745 subscriptiones
1556 1674 1795 1730 mandati
1825 1683 1873 1743 B
1899 1695 2130 1751 quorum
2158 1680 2381 1736 nomina
2405 1679 2735 1736 addet-emus
2782 1681 3059 1754 mandato.
3094 1680 3160 1734 Et
3189 1681 3297 1757 alia
3326 1696 3505 1734 manu.

191 1769 391 1839 singuli
470 1776 817 1824 accesserunt
883 1779 1190 1823 neStrorum
1219 1809 1232 1834 ,
1278 1777 1331 1822 et
1364 1763 1614 1836 professi
1674 1777 1799 1823 sunt

196 1863 488 1918 mandasse
517 1876 578 1918 se
616 1861 794 1917 nobis.
826 1860 1003 1915 Etiam
1034 1860 1133 1931 ipsi
1164 1860 1266 1915 hoc
1303 1858 1533 1926 faciant,
1568 1869 1624 1915 ut
1674 1860 1801 1915 snb—

195 1955 591 2027 scriptionibus
617 1954 881 2021 recitatis,
934 1954 1129 2026 singuli
1178 1952 1529 2024 proﬁteantur
1577 1954 1805 2008 manda-

194 2048 346 2104 visse
390 2063 450 2102 se
504 2047 735 2117 huicque
783 2045 1037 2100 mandato
1085 2044 1489 2116 subscripsisse.
1570 2044 1637 2098 Et
1698 2044 1805 2099 alia

196 2157 381 2195 manu.
414 2139 745 2209 Recognovi.

276 2234 401 2288 153.
434 2231 770 2287 Marcellinus
813 2231 890 2286 uir
927 2231 1245 2286 clarissimus
1289 2231 1526 2285 tribunus
1565 2230 1615 2287 et
1658 2240 1808 2285 nota-

198 2323 313 2379 rius
328 2324 486 2396 277
515 2323 667 2394 dixit.
690 2322 815 2377 Ideo
843 2323 1075 2378 transire
1098 2322 1234 2392 jussi
1248 2331 1373 2377 sunt
1398 2323 1592 2393 singuli
1620 2363 1635 2387 ,
1661 2332 1718 2377 ut
1738 2322 1809 2379 de

200 2418 494 2487 praesentia
514 2457 530 2482 ,
585 2407 692 2469 non
722 2413 793 2470 de
832 2413 1169 2486 professione
1196 2421 1490 2470 constaret.
1521 2412 1811 2490 Subscrip-

203 2510 386 2565 tiones
423 2508 567 2563 enim
620 2515 827 2561 tantum
870 2521 1031 2577 posse
1060 2503 1311 2562 sufhcere
1340 2505 1471 2562 nulli
1501 2514 1726 2561 vocatur
1752 2506 1812 2561 in

203 2599 452 2657 dubium.
503 2597 662 2655 Unde
716 2614 861 2654 nunc
910 2597 1041 2653 illud
1088 2598 1389 2667 quairitur,
1441 2604 1621 2653 utrum
1662 2609 1810 2653 utra-

205 2708 440 2764 rumque
486 2692 719 2762 partium
772 2690 1027 2747 mandata
1056 2692 1299 2762 utrisque
1331 2690 1573 2762 partibus
1602 2690 1817 2761 placere

206 2785 519 2843 videantur.

284 2880 408 2941 154.
450 2878 692 2934 Aurelius
721 2879 991 2949 episcopus
1017 2876 1265 2933 Ecclesia
1284 2874 1565 2932 Catholica:
1591 2854 1814 2930 Cartha-

210 2971 354 3044 ginis
370 2970 520 3025 dixit.
547 2969 657 3026 Sed
687 2969 938 3025 volumus
962 2977 1023 3023 ut
1068 2968 1184 3025 suis
1219 2966 1712 3038 subscriptionibus
1735 2979 1826 3022 re-

1904 1768 2243 1842 Recognovi.

1982 1863 2105 1919 161.
2148 1864 2489 1921 Marcellinus
2511 1866 2588 1919 vir
2607 1864 2932 1921 clarissimus
2951 1865 3188 1920 tribunus
3209 1876 3256 1920 et
3284 1864 3518 1919 notarius

1907 1958 2059 2012 dixit.
2109 1956 2258 2023 Licet
2290 1968 2344 2015 et
2365 1959 2629 2014 sanctitas
2659 1966 2838 2013 vestra
2872 1958 3086 2028 plenius
3112 1966 3512 2029 recognoscat,

1907 2060 1964 2106 et
2000 2050 2270 2119 imperiali
2292 2050 2365 2105 sit
2394 2050 2716 2105 auctoritate
2746 2049 3027 2103 deﬁnitum
3066 2050 3208 2104 inter
3233 2048 3520 2104 Africana—

1906 2159 2030 2199 rum
2058 2142 2461 2212 provinciarum
2492 2142 2781 2211 episcopos
2811 2155 2900 2195 me
2930 2139 3361 2194 tantumdeber‘e
3392 2154 3519 2208 cog-

1909 2249 2179 2299 noscere;
2232 2244 2412 2289 tamen
2460 2232 2565 2288 hoc
2617 2247 2834 2302 quoque
2873 2232 2990 2286 sine
3033 2231 3351 2300 praejudieio
3402 2232 3519 2299 epi-

1914 2326 2062 2395 scopi
2093 2326 2249 2380 urbis
2291 2324 2482 2380 Romte
2506 2366 2522 2392 ,
2554 2324 2682 2379 licet
2709 2339 2773 2379 ex
2807 2322 3082 2395 superﬂuo
3113 2364 3127 2386 .
3177 2324 3411 2381 libenter
3442 2326 3526 2378 in-

1915 2418 2136 2487 dulgeo.

1988 2510 2116 2565 162.
2158 2510 2400 2565 Aurelius
2428 2511 2698 2581 episcopus
2731 2507 2980 2563 Ecclesia:
3008 2509 3277 2563 catholicae
3306 2507 3528 2562 Cartim-

1918 2603 2054 2675 ginis
2078 2603 2227 2657 dixit.
2261 2603 2517 2659 Abundat
2544 2618 2646 2658 nos
2690 2603 2901 2659 absenti
2935 2600 3089 2675 [lion]
3119 2603 3525 2675 prtejudieasse.

1921 2693 2009 2749 Ex
2034 2695 2143 2749 alia
2165 2712 2343 2749 manu.
2373 2695 2710 2767 Recognovi.

1998 2789 2121 2845 165.
2158 2789 2450 2844 Petilianus
2470 2790 2746 2861 episc0pus
2765 2789 2918 2843 dixit.
2951 2789 3011 2843 In
3038 2786 3293 2843 omnibus
3322 2785 3427 2841 hoc
3444 2801 3529 2842 sc-

1926 2892 2158 2954 quantur
2187 2891 2243 2939 et
2265 2891 2484 2939 teneant
2512 2924 2527 2946 ,
2558 2897 2617 2937 se
2650 2898 2748 2953 pro
2778 2882 3093 2938 absentibus
3125 2890 3180 2935 et
3212 2881 3529 2941 transmari-

1929 2978 2015 3034 nis
2058 2978 2187 3033 nihil
2239 2992 2362 3032 esse
2412 2978 2711 3032 locuturos.
2766 2976 2831 3030 Et
2880 2976 2987 3030 alia
3025 2991 3207 3029 manu.
3241 2973 3539 3028 Petilianus

216 3058 529 3134 spondeam
557 3076 652 3129 De?
676 3061 1102 3117 imo'umilalem
1135 3067 1651 3130 luamicoﬂnoscam
1674 3070 1825 3114 τηνθιιο
1856 3068 1903 3132 C
1933 3055 2225 3142 episeopus
2250 3071 2569 3141 recognovi.
2609 3068 2851 3131 Aurelius
2882 3068 3156 3138 episcopus
3184 3064 3429 3119 Ecclesia:
3454 3080 3541 3118 ca-

214 3157 432 3212 davisse
480 3170 580 3221 se,
612 3155 737 3224 quia
766 3169 875 3210 non
918 3154 1162 3209 interfuit
1209 3153 1515 3210 sublimitas
1561 3164 1650 3211 tua
1694 3171 1819 3211 cum

216 3248 310 3305 isti
339 3248 765 3305 subscriberent.
820 3246 976 3315 Quod
1005 3246 1252 3302 clanculo
1284 3245 1563 3315 fecerunt,
1594 3249 1813 3319 publice

216 3340 603 3413 profiteantur.
638 3338 706 3394 Et
735 3339 841 3393 alia
864 3356 1039 3393 manu.
1072 3339 1403 3410 Recognovi.

293 3433 419 3491 155.
465 3432 805 3488 Marcellinus
827 3433 902 3488 vir
924 3434 1242 3488 clarissimus
1265 3434 1500 3488 tribunus
1527 3443 1572 3489 et
1586 3436 1823 3491 notarius

220 3530 374 3585 dixit.
405 3528 560 3585 Justa
613 3539 950 3598 poscuntur,
1004 3528 1131 3584 licet
1159 3528 1584 3598 subscriptiones
1613 3540 1823 3586 certum

222 3624 293 3677 sit
315 3636 477 3694 posse
503 3620 778 3677 sufﬁcere.

296 3714 423 3771 156.
466 3713 707 3769 Aurelius
732 3713 1003 3784 cpiscbpus
1026 3713 1251 3768 ecclesiis
1269 3712 1535 3768 catholicas
1554 3712 1826 3785 Carthagi-

224 3808 304 3863 nis
325 3809 479 3862 dixit.
504 3806 614 3876 lpsi
642 3820 743 3862 nos
767 3804 1112 3861 sollicitiores
1142 3804 1511 3862 reddiderunt.

302 3901 431 3957 157.
474 3898 789 3968 Ruﬁnianus
840 3896 1008 3952 scriba
1034 3898 1283 3952 recitavit.
1326 3896 1688 3955 Januarianus
1717 3898 1833 3969 epi-

228 4008 431 4062 secpus
453 3989 820 4064 CasensiumI
840 3989 1181 4062 Nigrensium
1199 3990 1241 4063 ].
1277 3990 1344 4045 Et
1371 4008 1487 4045 cum
1529 3992 1790 4047 recitasset
1816 4034 1831 4059 ,

1927 3162 2131 3217 tltolica:
2160 3159 2497 3233 Carthaginis
2530 3160 2686 3216 dixit.
2725 3159 2983 3215 Abundat
3018 3172 3118 3214 nos
3164 3158 3541 3212 Innocentium

1925 3255 2132 3311 dixisse
2174 3254 2325 3310 urbis
2366 3252 2555 3308 Roma:
2595 3266 2719 3308 esse
2749 3253 3085 3321 episcopum.
3121 3248 3188 3303 Et
3221 3248 3328 3302 alia
3356 3265 3533 3301 manu.

1920 3346 2255 3417 Recognovi.
2293 3345 2607 3413 Ruﬁnianus
2654 3343 2825 3396 scriba
2853 3341 3108 3395 recitavit.
3139 3340 3380 3394 Donatus
3420 3341 3537 3410 epi-

1927 3452 2127 3508 scopus
2147 3435 2547 3492 Botrianensis.
2580 3432 2727 3487 Idem
2752 3433 2905 3488 dixit.
2935 3431 3003 3486 Et
3049 3432 3299 3487 mandavi
3330 3441 3384 3486 et
3414 3433 3546 3486 sub-

1927 3534 2146 3604 scripsi.
2198 3532 2476 3601 Seriptum
2520 3529 2594 3583 sit
2647 3543 2735 3582 me
2779 3542 2886 3581 non
2934 3525 3137 3580 habere
3181 3524 3544 3580 contrarium.

1928 3626 2243 3693 Ruﬁnianus
2288 3620 2459 3691 scriba
2488 3619 2742 3674 recitavit.
2775 3618 3064 3673 Florianus
3100 3616 3390 3686 episcopus
3437 3617 3541 3671 Pu-

1929 3717 2192 3772 tiziensis.
2228 3714 2295 3769 Et
2324 3716 2441 3781 cum
2466 3713 2755 3775 recitasset,
2778 3709 3081 3764 Primianus
3116 3709 3390 3778 episcopus
3421 3707 3545 3763 Car-

1923 3806 2151 3881 thaginis
2178 3807 2331 3861 dixit.
2368 3804 2467 3861 Hic
2494 3803 2638 3872 apud
2651 3800 3053 3872 Carthaginem
3086 3800 3391 3879 inﬁrmatus
3414 3810 3503 3855 est
3528 3818 3541 3854 :

1934 3904 2135 3959 timens
2160 3901 2364 3957 exitum
2396 3895 2853 3969 sunm’perrexit,
2883 3895 2995 3965 jam
3026 3894 3451 3965 subscripserat.
3478 3892 3551 3948 Et

1937 3994 2192 4051 recitavit.
2236 3992 2550 4048 Candorius
2599 3990 2892 4061 episcopus
2925 3987 3305 4060 Aggeritanus.
3340 3986 3555 4043 Etcum

224 4084 589 4139 Januarianus
628 4081 945 4156 [Episcopus
966 4080 1144 4155 dixit.]
1162 4081 1277 4153 Ego
1295 4091 1347 4138 et
1369 4083 1619 4138 mandavi
1644 4096 1697 4139 et
1713 4083 1842 4139 sub-
1940 4089 2203 4143 recitasset
2229 4128 2244 4152 ,
2275 4086 2410 4140 idem
2433 4084 2588 4139 dixit.
2622 4081 2871 4138 Mandavi
2900 4090 2956 4137 et
3003 4080 3325 4150 subscripsi.
3366 4080 3553 4136 Habeo

226 4177 447 4248 scripsi.
477 4175 753 4246 Scriptum
787 4175 859 4229 sit
885 4176 1065 4244 itaque
1092 4189 1181 4229 me
1212 4189 1321 4229 non
1353 4173 1556 4230 habere
1584 4175 1819 4231 adversa-

1991 4180 2303 4236 )ntrarium.
2350 4176 2420 4231 Et
2460 4175 2714 4232 recitavit.
2767 4173 3037 4229 Antonius
3080 4173 3368 4243 episcopus
3393 4173 3554 4227 Lam"

227 4272 374 4328 rium
402 4271 636 4341 aliquem
665 4269 733 4325 de
764 4279 921 4339 parte
948 4269 1191 4339 ipsorum
1223 4269 1276 4323 in
1306 4269 1463 4340 plebe
1505 4285 1649 4324 mea.
1685 4270 1841 4340 Ruﬁ-
1940 4270 2231 4329 sortensis.
2272 4267 2425 4322 Idem
2471 4267 2625 4321 dixit.
2674 4264 2922 4319 Mandavi
2975 4276 3025 4319 et
3070 4264 3389 4335 subscripsi.
3431 4264 3553 4320 Non

227 4367 423 4421 nianus
445 4363 612 4419 scriba
636 4364 887 4418 recitavit.
921 4361 1223 4418 Primianus
1244 4363 1532 4433 episcopus
1553 4362 1837 4433 Carthagi-

228 4458 443 4515 neusis.
480 4455 689 4511 Etcum
730 4456 1038 4522 recitasset,
1068 4454 1371 4509 Primianus
1408 4442 1839 4527 episcOpus‘Car-

231 4546 463 4621 tlt'aginis
484 4548 635 4602 dixit.
666 4546 1083 4612 Mandaveram;
1114 4546 1208 4601 sed
1237 4561 1338 4616 ego
1379 4546 1481 4601 hoc
1518 4544 1833 4600 mandatum

231 4639 471 4711 suscepi.
500 4637 811 4708 Ruﬁnianus
848 4638 1017 4692 scriba
1061 4637 1312 4691 recitavit.
1358 4635 1511 4691 Felix
1542 4638 1835 4707 episcopus

232 4730 389 4789 urbis
418 4730 624 4786 Romae.
659 4728 729 4783 Et
752 4746 869 4783 cum
888 4730 1149 4784 recitasset
1172 4770 1186 4795 ,
1213 4726 1369 4783 Felix
1390 4729 1664 4800 episcopus
1695 4728 1837 4784 urbis

309 4913 468 4986 (280)
499 4912 875 4986 Botrianensis.
903 4909 1066 4986 Cujus
1091 4909 1382 4986 provincite
1412 4910 1829 4986 _sit,AincertumA.

312 4981 467 5055 (281)
496 4985 829 5039 Putiziensis.
849 4981 1056 5055 Duplex
1104 4983 1267 5055 sedes
1299 4981 1560 5055 Putiensis
1599 4984 1839 5055 occurrit

238 5062 295 5117 in
324 5053 550 5122 notitia;
590 5073 693 5112 una
721 5055 775 5110 in
812 5053 1086 5123 provincia
1119 5053 1379 5108 Numidia
1413 5068 1562 5107 num.
1607 5054 1673 5109 17
1705 5096 1719 5120 ,
1762 5055 1842 5108 al-

238 5142 359 5191 tera
391 5130 442 5183 in
470 5129 744 5199 Byzacena
770 5142 916 5181 unm.
954 5125 1041 5181 18.
1073 5124 1171 5199 llic
1205 5124 1681 5199 fortefﬂxzacenac,
1721 5127 1840 5194 epi-

240 5215 459 5272 sCopus_
472 5195 576 5254 est.
607 5200 768 5272 Alter
799 5201 1085 5268 episcopus
1132 5196 1396 5252 Putiensis
1429 5195 1707 5252 Donatista
1746 5213 1843 5252 no-

243 5270 394 5331 mine
420 5270 572 5327 Felix
598 5270 884 5341 reperitur.

320 5364 475 5438 (282)
508 5362 903 5438 Latusortensis.
936 5363 995 5438 In
1034 5362 1281 5438 Numidia
1310 5404 1324 5426 ,
1349 5370 1449 5438 -ut
1467 5360 1846 5438 docet_Notitia

248 5432 403 5494 num.
434 5432 526 5492 25.
559 5437 802 5491 Concilio
825 5433 1239 5505 Carthaginensi
1281 5433 1382 5488 sub
1413 5432 1688 5505 Bonifacio
1717 5450 1844 5485 tlltll.

248 5510 358 5568 525
420 5508 739 5576 subscripsit
782 5502 1085 5561 Florentius
1139 5502 1846 5573 episcopusLamsortensis.

326 5598 480 5667 (283)
533 5590 761 5650 Absenti.
808 5595 866 5667 Id
901 5603 1005 5667 est,
1024 5610 1154 5649 vero
1184 5595 1441 5665 episcopo
1462 5593 1731 5663 Romano,
1757 5594 1851 5665 qui

254 5679 383 5728 tunc
409 5666 531 5726 erat
560 5666 922 5723 Innocentius.
955 5666 1238 5721 BALUZIUS.
1470 5670 1476 5676 '

669 5760 949 5821 ΡΑτειοι..
1001 5758 1119 5821 XI.

1940 4365 2053 4420 illic
2085 4362 2258 4417 habeo
2298 4360 2695 4416 adversarium.
2728 4355 2799 4411 Et
2843 4357 3100 4411 recitavit.
3142 4356 3404 4413 Datianus
3437 4359 3556 4427 epi-

1941 4467 2141 4524 scopus
2195 4451 2540 4508 Tamicensis
2591 4447 2766 4520 (285).
2822 4446 2975 4503 Idem
3016 4448 3173 4505 dixit.
3204 4448 3451 4504 Mandavi
3500 4461 3557 4507 et

1941 4543 2240 4615 subscripsi
2269 4560 2281 4597 :
2327 4542 2701 4637 adversarium
2733 4540 2802 4595 ibi
2833 4556 2943 4595 non
2972 4540 3167 4596 habeo.
3202 4532 3268 4594 Et
3298 4543 3553 4597 recitavit.

1944 4636 2290 4694 Victorianus
2315 4624 2610 4705 episcopus
2640 4632 2951 4687 Abissensis
2974 4624 3148 4703 (286).
3184 4632 3252 4688 Et
3278 4650 3397 4688 cum
3426 4636 3557 4689 reci-

1948 4740 2103 4787 tasset
2124 4774 2140 4799 ,
2170 4730 2307 4785 idem
2339 4730 2494 4796 dixit,
2527 4726 2779 4783 Mandavi
2818 4736 2875 4783 et
2917 4729 3217 4800 subscripsi
3257 4747 3269 4782 :
3302 4729 3565 4793 adversa,

2019 4907 2171 4980 (284)
2218 4909 2348 4977 qu
2396 4910 2553 4962 ratio.
2588 4907 2852 4964 Nimirum
2886 4908 3070 4964 clades
3119 4908 3380 4966 Romana:
3409 4913 3559 4969 urbis

1944 4997 2105 5055 quam
2130 4980 2378 5055 Alaricns
2402 4980 2707 5055 Cethegum
2737 4995 2833 5035 rex
2858 4990 3081 5050 ceperat
3104 4998 3160 5037 ιι
3180 4980 3289 5037 kal.
3314 4984 3564 5055 Septem-

1944 5051 2057 5110 bris
2080 5053 2205 5107 anni
2234 5052 2553 5122 superioris.
2583 5051 2875 5107 BALUZIUS.

2022 5144 2177 5218 (285)
2220 5142 2580 5218 Tamicensis,
2650 5159 2774 5218 non_
2812 5143 3135 5218 Timicensis.
3207 5145 3341 5201 Nam
3400 5147 3561 5218 hujus

1949 5217 2239 5287 episeOpns
2287 5215 2590 5287 Donatista?
2627 5215 2920 5287 vocabatur
2964 5216 3208 5287 optatus,
3257 5229 3315 5272 ut
3346 5215 3562 5277 constat

1955 5282 2021 5342 ex
2050 5282 2458 5355 superioribus;
2501 5286 2595 5340 sed
2644 5285 2785 5341 forte
2834 5282 3231 5343 Tantaxucensis
3262 5291 3343 5345 vel
3376 5290 3564 5345 Tama-

1953 5361 2120 5411 zcnsis
2172 5359 2222 5411 in
2271 5358 2458 5411 notitia
2492 5356 2825 5412 Mauritania:
2874 5360 3226 5415 Cmsariensis
3259 5377 3407 5416 num.
3436 5364 3560 5419 120.

1957 5431 2053 5483 Est
2095 5438 2150 5483 et
2190 5427 2512 5482 Tamasenus
2574 5428 2865 5497 epise0pns
2920 5431 3063 5484 inter
3104 5432 3454 5499 Byzacenos,
3509 5437 3561 5489 in

1957 5499 2188 5572 epistola
2218 5498 2387 5572 relata
2424 5500 2475 5572 in
2508 5499 2741 5572 concilio
2770 5498 3128 5572 Lateranensi
3156 5498 3264 5554 ’sub
3286 5498 3518 5557 Martino
3542 5546 3558 5572 ,

1954 5568 2110 5640 citjus
2150 5568 2296 5622 nulla
2324 5576 2408 5621 est
2436 5568 2491 5621 in
2530 5568 2721 5621 notitia
2747 5568 2976 5622 mentio.

2030 5661 2187 5734 (286)
2228 5661 2535 5717 Abissensis.
2588 5659 2755 5731 Cujus
2793 5660 3089 5732 provincia:
3118 5661 3216 5729 sit,
3252 5660 3517 5733 ignotum.

2990 5754 3073 5815 ls2
