3838 6222
360 276 501 331 1525

1329 263 1555 333 GESTA
1596 257 2048 319 COLLATIONIS
2083 255 2702 321 CARTHAGINENSIS.

3534 262 3657 321 1521

361 396 505 450 rium
557 390 730 446 liabeo
758 387 811 444 in
840 384 1061 442 dio:cesi
1111 396 1251 437 mea.
1301 380 1365 434 Et
1416 374 1965 435 rccitavit.Natalicus
1994 381 2169 441 Anos
2208 380 2580 451 prmjudiciuni
2612 394 2707 435 sua
2739 378 3121 450 prosecutione
3174 377 3425 433 voluisse
3474 378 3659 450 depro-

359 487 648 558 episc0pus
695 480 979 537 Zellensis.
1020 475 1083 531 Et
1134 492 1250 530 cum
1284 476 1585 540 recitasset,
1618 471 1752 547 idem
1806 470 1959 525 dixit.

363 579 613 637 Mandavi
644 586 696 632 et
725 573 1043 643 subscripsi.
1067 570 1390 625 Maximinus
1417 569 1685 640 episc0pus
1716 563 1967 619 Ecclesia:

361 676 629 733 catholica:
676 673 826 727 dixit.
856 670 1116 728 Ditecesis
1148 677 1231 726 est
1259 668 1471 725 Mizonii
1508 663 1655 739 (287)
1700 661 1960 733 episcopi.

364 771 717 841 Presbyteros
757 766 921 822 habet
972 773 1027 819 et
1077 762 1442 819 abundantem
1482 756 1741 830 populum
1801 768 1964 827 quam

360 866 497 937 ipse.
540 840 610 916 Et
648 861 898 919 recitavit.
952 856 1131 913 Fortis
1185 840 1495 926 episcopus
1526 848 1833 906 Cediensis.
1892 844 1967 901 Et

360 974 477 1012 cum
522 955 827 1021 recitasset,
874 951 1011 1007 idem
1043 948 1194 1004 dixit.
1246 944 1494 1001 Mandavi
1524 950 1579 999 et
1629 938 1962 1011 subscripsi,

362 1048 735 1108 adversarium
768 1061 876 1101 non
898 1043 1095 1099 habeo.

438 1141 560 1197 164.
610 1138 947 1193 Marcellinus
974 1136 1049 1190 vir
1086 1131 1400 1188 clarissimus
1448 1128 1683 1184 tribunus
1714 1133 1760 1183 et
1810 1130 1964 1181 nola-

362 1237 473 1292 rius
515 1236 666 1291 dixit.
697 1233 964 1302 Quoniam
1004 1232 1220 1299 longum
1250 1233 1332 1282 est
1358 1225 1437 1280 ire
1469 1237 1563 1293 per
1590 1220 1838 1293 singulos
1864 1260 1880 1285 ,
1908 1218 1965 1272 hi

290 1340 293 1345 '
365 1331 555 1387 decem
586 1328 676 1399 qui
725 1342 786 1382 se
816 1322 1102 1380 mandasse
1132 1317 1363 1390 professi
1391 1323 1519 1371 sunt
1544 1356 1557 1380 ,
1586 1314 1722 1369 actis
1748 1310 1967 1369 edicant

365 1432 546 1479 utrum
575 1434 760 1476 coram
789 1417 921 1489 ipsis
954 1402 1192 1471 omnium
1222 1411 1293 1466 sit
1322 1410 1459 1465 facta
1486 1406 1814 1477 subscriptio
1841 1445 1856 1473 ,
1906 1412 1966 1462 et

364 1516 647 1588 praebeant
678 1514 729 1567 in
754 1526 815 1567 ea
845 1525 965 1581 quze
994 1515 1119 1563 sunt
1141 1513 1294 1577 gesta
1319 1515 1671 1559 consensum.

445 1606 571 1663 165.
615 1603 903 1663 Petilianus
949 1601 1221 1670 episcOpus
1270 1596 1421 1653 dixit.
1464 1593 1680 1674 Magno
1744 1589 1963 1663 quidem

364 1695 690 1770 compendio
717 1695 889 1749 utitur
918 1690 1319 1763 magniﬁcentia
1347 1688 1545 1755 tua,vir
1563 1684 1783 1753 nobilis,
1800 1682 1965 1739 utde-

2071 491 2242 532 mere.
2274 475 2473 531 Etcum
2506 476 2709 531 diceret.
2744 472 2849 546 (Et
2875 474 2981 529 alia
3006 462 3544 543 ntanu.‘Recognovi.
3570 476 3586 541 )

2145 568 2267 625 169.
2313 568 2602 624 Petilianus
2616 568 2883 639 episcopus
2900 566 3053 647 dixit;
3072 564 3333 636 lnjuriam
3358 564 3492 620 lacis
3512 580 3658 635 vane,

2078 670 2381 733 reponatur
2404 662 2505 718 tibi
2532 704 2545 728 ,
2592 671 2646 717 et
2684 675 3008 732 quamquam
3038 674 3307 730 reponere
3330 673 3442 714 non
3472 659 3656 727 liceat,

2070 769 2249 818 tecum
2273 760 2491 817 habeto.
2522 758 2587 813 Et
2613 760 2717 814 alia
2744 776 2920 815 manu.
2948 758 3283 831 Recognovi.

2144 852 2267 907 170.
2312 852 2724 907 Fartunatianus
2778 854 3046 925 episcOpus
3090 850 3346 907 Ecclesia:
3397 850 3661 907 Catholica:

2071 947 2221 1006 dixit.
2245 946 2366 1016 Quo
2397 948 2641 1015 diceret,
2686 948 3055 1005 excusationis
3097 946 3406 1004 tendiculas
3444 958 3662 1018 praten-

2071 1039 2227 1106 dens,
2256 1047 2380 1098 ante
2413 1039 2556 1095 diem
2588 1040 2918 1111 cognitionis
2942 1057 3002 1099 se
3027 1041 3185 1113 quasi
3214 1041 3484 1097 caelorum
3517 1055 3663 1096 sena.

2070 1141 2181 1188 tum
2209 1132 2378 1204 partis
2412 1133 2604 1189 Donati
2627 1133 2917 1205 episcopos
2946 1134 3271 1192 observasse
3308 1135 3565 1191 diuturno
3594 1135 3661 1189 la-

2069 1226 2203 1283 bore
2244 1225 2410 1282 fuisse
2454 1227 2734 1284 confectos
2756 1269 2770 1293 ,
2802 1242 2925 1283 cum
2967 1244 2999 1285 a
3027 1238 3214 1285 nostra
3258 1237 3415 1302 parte
3444 1229 3657 1284 omnino

2072 1332 2286 1389 semper
2314 1318 2590 1375 audientia
2614 1318 2851 1391 ﬁagitata
2881 1318 2987 1385 sit;
3018 1320 3113 1377 sed
3143 1320 3353 1377 idcirco
3377 1321 3518 1377 diem
3540 1331 3660 1375 tem-

2070 1426 2277 1485 pusque
2303 1412 2714 1470 observavimus
2741 1456 2755 1481 ,
2778 1421 2837 1468 ut
2860 1422 2915 1469 et
2942 1414 2995 1469 in
3024 1413 3127 1470 hoc
3153 1415 3469 1471 obedientia
3488 1414 3660 1470 catho-

2070 1506 2185 1562 lica:
2214 1505 2472 1563 Ecclesiae
2500 1515 2852 1578 monstretur.
2874 1506 3077 1563 Etcum
3104 1508 3295 1564 diceret
3318 1509 3338 1581 (
3360 1518 3408 1565 et
3432 1510 3538 1566 alia
3566 1526 3660 1564 nta-

2070 1614 2159 1653 nu.
2194 1598 2524 1670 Recognovi.
2550 1597 2587 1673 ).

2142 1692 2267 1748 171.
2312 1691 2651 1747 Marcellinus
2671 1694 2747 1747 vir
2768 1693 3088 1749 clarissimus
3109 1694 3348 1749 tribunus
3369 1704 3416 1749 et
3447 1694 3659 1749 notarius

364 1807 592 1865 cemque
613 1797 791 1861 patres
812 1770 1139 1857 collegaeque
1162 1782 1353 1851 nostri,
1374 1780 1586 1853 quijam
1610 1793 1668 1835 se
1681 1775 1969 1835 mandasse
2000 1800 2048 1861 Β
2074 1786 2222 1841 dixit.
2258 1785 2567 1841 Secundum
2601 1788 2762 1843 edicti
2796 1797 3040 1844 tenorem
3088 1795 3337 1859 utraeque
3378 1797 3558 1859 partes
3586 1788 3660 1843 his

366 1883 866 1955 subscripsisseque
896 1878 1131 1951 professi
1157 1886 1309 1941 sunt,
1328 1875 1491 1950 etiam
1520 1882 1750 1929 exteros
1780 1878 1965 1944 patres

364 1977 756 2048 subscripsisse
798 1983 1085 2031 testentur.
1130 1970 1395 2042 Equidem
1429 1971 1531 2027 hoc
1560 1968 1629 2024 ad
1653 1982 1771 2024 eam
1798 1982 1915 2025 rem
1946 2007 1962 2033 ,

362 2070 446 2126 vel
471 2069 704 2125 maxime
730 2066 982 2140 proﬁcit,
1013 2080 1082 2121 ne
1112 2074 1325 2133 tempus
1355 2061 1585 2133 hujusce
1606 2060 1713 2117 diei
1734 2060 1965 2117 ulterius

358 2161 719 2235 producatur.
771 2158 878 2217 Sed
920 2168 1100 2214 tamen
1132 2156 1236 2213 hoc
1263 2155 1480 2226 exp’edit
1509 2169 1687 2217 causa:
1714 2194 1728 2221 ,
1754 2162 1816 2211 ut
1850 2153 1965 2207 sin-

360 2256 473 2329 guli
496 2255 695 2327 quique
718 2268 777 2309 se
799 2261 853 2309 et
875 2251 1171 2307 mandasse
1193 2259 1244 2305 et
1260 2248 1653 2319 subscripsisse
1671 2246 1966 2319 proﬁtean-

318 2415 329 2425 .
361 2358 451 2405 tur
475 2389 489 2415 ,
522 2358 807 2420 pr0pterea
835 2353 896 2401 ut
920 2345 1083 2401 etiam
1110 2342 1248 2399 illud
1280 2345 1389 2398 non
1420 2349 1636 2401 taceant
1662 2382 1677 2407 ,
1710 2355 1769 2397 se
1796 2354 1964 2405 temu-

357 2442 442 2498 los
474 2457 583 2499 non
613 2440 836 2499 habere.
879 2438 1116 2495 Lucrum
1152 2436 1297 2491 enim
1342 2434 1557 2494 videtur
1606 2433 1691 2489 his
1729 2433 1963 2500 cedere,

357 2534 689 2608 qui‘multos
737 2547 796 2587 se
843 2531 1135 2586 adversum
1188 2538 1408 2585 nostros
1438 2526 1641 2582 habere
1680 2540 1777 2597 per
1822 2524 1966 2581 hanc

356 2626 690 2701 provinciam
740 2624 1150 2690 ostenderunt,
1192 2623 1236 2677 si
1284 2622 1337 2677 in
1391 2620 1669 2694 provincia
1716 2616 1965 2675 Numidia

363 2736 472 2778 non
499 2718 836 2777 ostendimus
882 2732 981 2776 eos
1020 2717 1237 2789 penitus
1260 2731 1370 2773 non
1392 2706 1625 2781 habere,
1650 2719 1744 2768 aut
1762 2710 1968 2771 habere

354 2823 510 2872 certe
539 2856 555 2883 ,
585 2812 679 2868 sed
722 2796 861 2867 raris
888 2809 1043 2866 locis.
1093 2808 1285 2865 Omnis
1315 2807 1459 2863 enim
1488 2805 1715 2863 intentio
1744 2811 1963 2869 n08tra,

356 2909 442 2964 vir
494 2906 689 2964 nobilis
711 2947 726 2974 ,
754 2904 909 2960 sicut
951 2902 1271 2960 meminisse
1317 2900 1559 2973 dignaris
1589 2942 1603 2967 ,
1633 2898 1702 2954 de
1738 2910 1969 2953 numero

358 2998 658 3071 saepissime
683 3006 903 3057 causata
938 3004 1020 3051 est
1041 3036 1054 3063 ,
1086 3003 1249 3065 atque
1289 2994 1344 3048 in
1376 2991 1569 3049 eodem
1602 2988 1968 3047 vehementis-

358 3094 496 3149 sime
525 3092 713 3155 haeret.
743 3091 815 3145 Et
855 3103 1184 3161 quamquam
1233 3086 1392 3141 nobis
1424 3083 1825 3140 multitudinem
1854 3096 1965 3153 pax

359 3185 563 3240 nutriat
600 3191 656 3240 et
680 3190 971 3238 conservet
995 3220 1012 3247 ,
1046 3180 1157 3234 illis
1204 3176 1607 3234 multitudinem
1658 3172 1799 3233 bella
1828 3189 1959 3232 con—
1984 3190 2032 3255 ο

359 3279 575 3350 quirant
597 3319 611 3343 ,
632 3277 762 3332 dum
788 3272 1101 3333 absentibus
1129 3272 1289 3327 nobis
1311 3312 1327 3338 ,
1354 3278 1447 3324 aut
1473 3269 1529 3327 in
1569 3268 1736 3336 locis,
1760 3276 1855 3322 aut
1904 3268 1959 3322 in

359 3368 691 3435 civitatibus,
716 3374 808 3423 aut
835 3366 885 3420 in
904 3364 1232 3421 ditecesibus
1254 3361 1453 3432 passim
1482 3361 1679 3417 multas
1698 3354 1964 3431 imagines

366 3460 520 3533 (288)
558 3460 816 3533 erigunt,
846 3468 903 3519 ut
940 3456 1218 3515 numerosi
1266 3470 1389 3512 esse
1419 3454 1740 3513 videantur:
1779 3465 1963 3511 tamen

366 3553 469 3610 ctsi
520 3567 618 3625 par
654 3552 723 3608 sit
752 3544 1031 3622 utriusque
1062 3547 1413 3606 adversitatis
1443 3560 1703 3603 numerus
1727 3586 1742 3610 ,
1790 3546 1965 3617 major

366 3658 521 3701 meus
550 3643 712 3699 debet
740 3642 947 3709 videri,
990 3641 1082 3711 qui
1113 3650 1165 3695 et
1204 3654 1290 3696 me
1318 3640 1546 3696 absente
1590 3637 1867 3709 perstitit,
1910 3647 1967 3697 et

366 3753 488 3794 cum
515 3737 631 3808 ipse
661 3736 731 3793 sit
759 3734 1053 3792 cardinalis
1076 3744 1240 3804 atque
1266 3732 1610 3789 authenticus
1627 3771 1641 3798 ,
1669 3746 1773 3787 nec
1799 3745 1971 3787 atmu-

365 3831 569 3887 latione
606 3829 889 3898 multiplici
920 3825 1227 3897 superatur.
1274 3825 1344 3881 Et
1385 3818 1709 3882 alia'manu.
1748 3824 1969 3882 Petilia-

366 3937 470 3980 nus
495 3922 781 3993 episcopus
805 3920 1117 3989 recognovi.

442 4012 568 4069 166.
613 4012 951 4067 Marcellinus
975 4011 1050 4064 vir
1070 4009 1387 4063 clarissimus
1409 4010 1645 4063 tribunus
1674 4017 1720 4062 et
1737 4008 1974 4063 notarius

370 4107 522 4161 dixit.
563 4104 845 4161 Desiderio
882 4113 1065 4158 vestro
1111 4101 1425 4157 satisfacere
1456 4100 1598 4157 volui
1628 4100 1681 4154 iu
1722 4100 1973 4157 omnibus

373 4197 740 4268 inquirendis.
759 4196 1025 4251 Caeterum
1048 4203 1260 4249 constat
1280 4194 1483 4249 nullam
1506 4195 1637 4251 mihi
1661 4195 1729 4250 de
1747 4208 1975 4253 numero

378 4290 743 4363 cognitionem
773 4290 937 4349 luisse
958 4287 1291 4343 mandatam.
1832 4338 1837 4345 ,

450 4380 575 4436 167.
617 4377 913 4435 Petilianus
941 4379 1213 4449 episwpus
1243 4378 1393 4435 dixit.
1426 4378 1591 4435 Nobis
1624 4379 1726 4434 hoc
1761 4379 1976 4436 salvum

379 4473 449 4531 sit
475 4472 618 4544 quod
648 4487 756 4528 non
775 4471 1060 4539 debuimus
1086 4471 1334 4527 reticere.

2068 1887 2277 1935 tantum
2310 1881 2364 1935 in
2394 1878 2597 1950 judicio
2612 1882 3018 1938 remanentibus
3046 1882 3241 1954 quibus
3268 1884 3517 1939 constitit
3543 1898 3656 1954 cog-

2067 1972 2333 2029 nitionem
2360 1972 2429 2028 ab
2460 1972 2713 2029 omnibus
2760 1974 2929 2031 fuisse
2972 1975 3285 2045 mandatam
3309 2018 3324 2044 ,
3367 1976 3522 2048 juxta
3548 1991 3659 2049 pro—

2066 2066 2331 2122 ΐοεείοηεδ
2359 2073 2485 2122 81128
2510 2082 2730 2123 causam
2761 2076 2996 2125 tractare
3017 2068 3315 2125 de‘ﬁbunt.

2140 2158 2264 2214 172.
2308 2157 2721 2219 Fortunatianus
2775 2158 3063 2232 episcOpus'
3094 2157 3349 2215 Ecclesia:
3410 2151 3661 2215 catholica:

2069 2253 2219 2307 dixit.
2244 2252 2510 2323 'Utlcausa
2547 2254 2799 2326 cognosci
2834 2256 3045 2325 possit,
3079 2256 3342 2311 decernat
3370 2256 3659 2311 sublimitas

2067 2354 2157 2401 tua
2189 2346 2531 2416 superﬂuam,
2550 2355 2606 2403 et
2634 2344 3081 2423 circumstantem
3112 2348 3271 2404 nobis
3298 2348 3452 2417 exire
3493 2346 3657 2403 multi-

2066 2437 2334 2495 tudinem.
2366 2438 2437 2493 Et
2459 2440 2567 2494 alia
2588 2457 2761 2495 manu.
2795 2439 3129 2517 Recognovi.
3461 2513 3468 2518 _

2141 2532 2265 2587 175.
2310 2530 2647 2588 Marcellinus
2671 2533 2748 2588 vir
2770 2533 3092 2589 clarissimus
3109 2533 3349 2588 tribunus
3370 2543 3423 2589 et
3446 2532 3655 2588 notarius

2065 2626 2219 2683 dixit.
2255 2626 2369 2681 Hoc
2399 2626 2515 2681 ﬁeri
2562 2621 2787 2683 necesse
2818 2636 2920 2684 est.
2956 2627 3091 2683 Illud
3142 2637 3323 2683 autem
3373 2628 3526 2699 prius
3551 2634 3653 2693 est,

2067 2728 2129 2775 ut
2154 2719 2343 2792 decem
2376 2721 2444 2777 ab
2484 2731 2712 2793 utraque
2737 2731 2891 2794 parte
2934 2720 3207 2778 fateantur
3234 2737 3297 2778 se
3324 2721 3380 2777 ln
3431 2722 3652 2777 subscri-

2064 2812 2309 2869 bentium
2344 2815 2692 2871 consensisse
2723 2830 3015 2885 personas;
3067 2823 3121 2871 ct
3165 2815 3293 2871 licet
3339 2814 3406 2870 ad
3438 2823 3652 2871 vestram

2069 2906 2384 2975 petitionem
2419 2922 2604 2962 eorum
2630 2907 2789 2963 fuerit
2812 2907 3096 2979 prmsentia
3121 2917 3435 2978 procurata,
3468 2916 3649 2973 tamen,

2070 3012 2137 3052 ne
2160 2997 2291 3068 quid
2319 2999 2471 3055 vobis
2495 2990 2819 3071 denegatum
2849 3014 2972 3055 esse
2989 2999 3255 3067 videatur,
3294 2989 3651 3063 universorum

2066 3088 2492 3159 subscriptiones
2518 3106 2582 3147 ex
2611 3091 2802 3146 ordine
2832 3091 3164 3161 relegantur.
3287 3133 3299 3144 .

2141 3184 2263 3239 174.
2305 3179 2526 3255 Alypius
2589 3185 2862 3258 episcOpus
2903 3183 3151 3243 Ecclesiae
3209 3184 3481 3239 catholica:
3518 3182 3648 3236 dixit.

2062 3275 2489 3348 Respondeant;
2535 3286 2715 3331 utrum
2775 3277 3014 3332 omnium
3066 3278 3497 3349 subscriptiones
3547 3290 3652 3348 qua:

2068 3367 2326 3424 mandato
2368 3368 2721 3425 continentur
2748 3411 2762 3435 ,
2793 3369 2880 3425 hic
2938 3368 3076 3439 apud
3115 3368 3499 3442 Carthaginem
3557 3368 3652 3424 sint

2068 3462 2413 3532 conscriptae.
2446 3461 2515 3515 Et
2539 3461 2646 3517 alia
2670 3480 2845 3517 manu.
2880 3462 3215 3535 Recognovi.

2143 3555 2270 3611 175.
2314 3554 2572 3611 Emeritus
2593 3557 2861 3627 episcopus
2889 3558 3039 3611 dixit.
3074 3558 3347 3623 Quantum
3384 3573 3454 3614 ex
3483 3570 3651 3628 prosc-

2070 3650 2290 3707 cutione
2312 3650 2541 3720 cognovi
2566 3692 2580 3715 ,
2612 3664 2748 3721 opus
2773 3660 2893 3707 erat
2912 3659 2970 3705 ut
2998 3667 3027 3706 e
3048 3652 3253 3707 nostris
3272 3653 3519 3723 partibus
3547 3665 3653 3721 pro-

2072 3742 2241 3801 fessio
2263 3752 2622 3814 promeretur.
2644 3743 2912 3799 Patientia
2928 3743 3260 3814 judiciorum
3289 3753 3522 3810 tuorum,
3548 3756 3651 3812 quae

2075 3852 2293 3893 manum
2321 3837 2413 3892 dat
2440 3836 2715 3903 omnibus,
2738 3819 3197 3906 libenterannuit,
3220 3845 3275 3890 ut
3299 3843 3359 3892 et
3381 3835 3413 3889 ii
3440 3832 3654 3905 quisub-

2075 3930 2443 3999 scripserunt,
2481 3927 2870 3999 professionem
2903 3942 3056 3983 suam
3087 3927 3347 3999 presenti
3379 3925 3655 3996 adstipula-

2072 4022 2499 4080 tioneinserant
2526 4023 2710 4094 gestis.
2735 4020 2977 4077 Petimus
3026 4020 3405 4092 prmstantiam
3434 4028 3574 4075 tuam
3599 4026 3649 4071 ut

2078 4135 2201 4176 cum
2246 4119 2575 4189 Subscriptio
2619 4119 2847 4190 cmperit
2876 4117 3091 4173 recitari
3127 4158 3142 4183 ,
3183 4115 3407 4171 eosdem
3436 4111 3651 4187 digneris
3741 4132 3747 4140 ν

2080 4214 2288 4269 audire.
2319 4211 2387 4266 Et
2414 4204 2523 4267 alia
2563 4229 2742 4267 manu.
2765 4210 3049 4266 Emeritus
3079 4207 3398 4279 recognovi.

2156 4305 2279 4360 176.
2328 4304 2661 4359 Marcellinus
2681 4306 2758 4359 vir
2777 4304 3093 4358 clarissimus
3112 4302 3347 4356 tribunus
3377 4308 3424 4355 et
3448 4297 3655 4353 notarius

2082 4396 2234 4451 dixit.
2262 4394 2699 4466 Subscriptiones
2726 4395 2969 4449 omnium
2999 4436 3014 4461 ,
3045 4394 3185 4449 sicut
3202 4395 3472 4462 jusseram
3495 4432 3508 4455 ,
3532 4386 3654 4443 reci-

2086 4496 2289 4542 tentur.
2329 4486 2633 4555 Ruﬁnianus
2657 4486 2825 4541 scriba
2849 4486 3101 4539 recitavit.
3126 4474 3363 4551 Op‘tatus
3393 4482 3653 4554 episcopus

451 4564 574 4619 168.
616 4562 1023 4617 Fortunatianus
1073 4562 1341 4633 cpiscOpus
1393 4548 1635 4617 Ecclesia:
1694 4561 1951 4619 Catholica

2086 4580 2562 4635 Rusuccuritanus.
2592 4579 2656 4634 Et
2681 4596 2796 4634 cum
2834 4578 3129 4641 recitasset,
3164 4576 3391 4646 Optatus
3418 4575 3654 4647 episcopus

381 4662 532 4718 dixit.
553 4662 716 4736 278
729 4660 1007 4714 Potuimus
1022 4657 1238 4729 quidem
1264 4658 1665 4714 numerosiores
1681 4657 1973 4732 Catholica:

375 4753 633 4828 ECCIC‘Si'J!
660 4761 769 4807 toto
792 4751 926 4807 orbe
944 4750 1175 4817 diﬁ‘usaa,
1199 4760 1458 4821 quantum
1475 4752 1540 4806 ad
1557 4738 1773 4807 causam
1800 4752 1970 4823 perti-

382 4854 495 4913 net,
526 4828 584 4905 rrt
611 4845 793 4901 Africa
824 4844 1238 4910 demonstrare,
1267 4844 1312 4897 si
1338 4845 1387 4898 in
1419 4843 1522 4899 hoc
1551 4855 1718 4900 totum
1748 4846 1975 4901 actionis

380 4940 593 5009 pondus
614 4938 957 4993 consisteret.
993 4936 1192 4992 Verum
1214 4936 1338 5006 quia
1372 4937 1774 5008 nesciojquibus
1797 4953 1975 4993 mora-

378 5032 533 5085 toriis
564 5028 871 5086 actionibus
920 5029 1005 5083 vir
1044 5025 1405 5097 gravissimus
1437 5029 1602 5083 utitur
1641 5029 1970 5096 Petilianus,

370 5126 660 5194 amputatis
691 5120 1003 5191 superﬂuis,
1028 5120 1094 5175 ad
1122 5121 1427 5190 causmjam
1456 5121 1670 5199 initium
1703 5123 1969 5190 veniatur,

370 5220 740 5292 signilicantes
774 5217 1217 5287 insinuantesque
1239 5214 1509 5275 nobilitati
1536 5224 1664 5285 tuae,
1694 5231 1890 5277 vanum
1914 5215 1971 5271 in

433 5362 591 5435 (287)
632 5362 847 5416 Mizonii
899 5362 1150 5435 ep_isc_0pi.
1174 5362 1346 5435 Antea
1372 5364 1471 5435 sub
1494 5365 1653 5420 ﬁnem
1684 5380 1807 5434 cap.
1832 5365 1957 5435 155,

360 5432 466 5490 non
537 5434 825 5497 Mizonius,
878 5433 973 5487 sed
1023 5432 1347 5487 Danatianus
1392 5434 1591 5491 dicitur
1639 5432 1961 5491 Catholicus

356 5506 800 5577 epi‘scopus,gcui
852 5503 1127 5577 Natalicus
1181 5503 1431 5577 Zellensis
1480 5508 1760 5577 Oppositus
1815 5516 1955 5562 erat.

354 5575 531 5643 Quare
551 5575 869 5645 auspicatur
904 5575 1155 5629 Baluzius
1186 5575 1313 5631 hinc
1338 5575 1605 5634 excidisse
1629 5595 1833 5634 nomen
1862 5592 1957 5633 cu-

350 5646 585 5725 jusdatn'
612 5646 905 5725 Donatiani.
932 5647 1171 5725 episcopi
1196 5687 1212 5713 ,
1230 5718 1242 5725 _
1268 5648 1793 5725 cujusadversarius
1838 5655 1962 5725 erat

356 5717 456 5792 iste
506 5718 825 5792 siqonius;
854 5718 957 5792 n_isi
1007 5717 1158 5792 dicas
1212 5718 1539 5792 duosluisse
1566 5722 1855 5792 episcopos
1900 5719 1958 5774 in

354 5784 571 5843 dimcesi
598 5788 827 5844 Zellcnsi
861 5788 1212 5845 Donatianum
1234 5800 1279 5844 et
1307 5784 1609 5847 Mizonium.

2079 4675 2233 4731 dixit.
2288 4674 2534 4729 Mandavi
2584 4681 2639 4729 et
2690 4668 3010 4739 subscripsi.
3042 4668 3108 4722 Et
3159 4668 3650 4735 recitavil.P0mp0-

2082 4769 2205 4825 nius
2230 4754 2515 4837 episcdpus
2542 4760 2948 4819 Macrianensis.
2982 4758 3052 4813 Et
3083 4775 3201 4813 cum
3230 4760 3508 4823 recitasset,
3532 4756 3647 4809 idem

2080 4864 2234 4917 dixit.
2287 4860 2533 4915 Mandavi
2562 4868 2614 4913 et
2651 4855 2969 4925 subscripsi.
3013 4853 3080 4907 Et
3126 4852 3385 4907 recitavit.
3423 4850 3649 4905 Donatis-

2083 4945 2187 5010 nus
2217 4954 2500 5021 episcopus
2540 4946 2866 5020 Bagaicnsis.
2923 4943 2991 4998 Et
3038 4960 3155 4997 cum
3189 4943 3490 5008 recitasset,
3536 4940 3651 4992 idem

2080 5048 2232 5101 dixit.
2280 5042 2522 5100 Mandavi
2562 5050 2616 5097 et
2663 5037 2977 5107 subscripsi.
3024 5034 3093 5089 Et
3142 5035 3396 5090 recitavit.
3422 5032 3647 5101 Privatus

2078 5140 2370 5209 cpiscopus
2411 5131 2742 5203 Auzagensis
2770 5129 2945 5203 (289).
2976 5127 3044 5184 Et
3072 5144 3189 5181 cum
3218 5127 3504 5190 recitasset,
3525 5120 3642 5178 ﬂetu

2080 5234 2234 5287 dixit.
2268 5226 2515 5284 Mandavi
2558 5233 2613 5283 et
2656 5221 2957 5291 subscripsi
2987 5238 3001 5276 :
3029 5218 3406 5280 adversarium
3430 5212 3642 5289 inplebe

2151 5364 2301 5438 (“3.88)
2344 5363 2630 5438 imagines.
2655 5358 2713 5414 Id
2742 5368 2825 5438 est
2846 5400 2859 5423 ,
2887 5364 3207 5438 personatos
3230 5356 3530 5438 episcopos.

2151 5427 2304 5503 (289)
2348 5427 2675 5505 Attzagensis.
2719 5430 2964 5502 Ausagga
3015 5427 3255 5505 duplex,
3289 5437 3347 5505 ut
3369 5432 3638 5505 conﬂate!

2073 5497 2197 5575 cap.
2225 5497 2326 5563 179
2348 5497 2511 5559 intra:
2543 5503 2673 5575 Huic
2700 5516 2818 5575 sese
2843 5497 3079 5575 opponit
3108 5498 3382 5575 Primulus
3414 5497 3640 5575 Vageusis

2078 5566 2366 5647 episcopus
2408 5575 2581 5647 partis
2628 5566 2965 5647 Donati)?»
3015 5570 3359 5647 adversarius
3397 5566 3637 5647 quondam

2080 5634 2300 5720 A'mpetii
2320 5690 2333 5714 ,
2359 5634 2454 5703 se'd
2482 5646 2571 5716 qui
2604 5644 2669 5720 ad
2714 5634 3008 5720 Ecclesiam
3040 5642 3317 5715 redierat,
3357 5634 3638 5720 ut'mordi;

2077 5701 2238 5774 citiir.
2261 5701 2371 5774 Cur
2400 5701 2577 5773 autem
2616 5715 2672 5771 id
2719 5701 2997 5779 acciderit,
3026 5722 3207 5769 ortum
3234 5701 3319 5768 est
3341 5727 3408 5779 es
3432 5701 3637 5777 ecquod

2083 5806 2279 5848 nomen
2315 5790 2473 5862 hujus
2496 5787 2644 5847 urbis
2684 5785 3133 5858 pronuntiabatur
3161 5784 3230 5841 ab
3257 5782 3405 5840 Afris
3430 5822 3445 5852 ,
3474 5780 3636 5836 Asm-
