3838 6222
166 362 311 418 1525

1123 353 1350 413 GESTA
1388 346 1838 409 COLLATIONIS
1863 346 2495 439 .CARTHAGINENBIS.

3314 352 3453 409 1326

164 490 286 531 mea
317 489 423 531 non
455 472 647 527 habeo.
683 472 946 543 Ampelius
981 472 1249 543 episcOpus
1293 468 1538 525 Ecclesia:
1574 465 1752 520 catho-
1779 464 1831 523 Α
1857 461 2143 532 episcopus
2171 461 2493 518 Tevestinus
2534 460 2719 532 (292).
2742 459 2810 515 Et
2854 477 2971 531 cum
3005 464 3291 527 recitasset,
3318 466 3456 521 idem

163 568 285 622 licte
306 565 458 620 dixit.
499 561 795 618 Perfectam
843 562 1106 617 unitatem
1147 578 1218 617 ex
1263 560 1623 617 conversione
1664 570 1762 614 sua

172 670 511 730 cognoscens
538 697 553 722 ,
584 652 942 709 rectissimam
970 652 1128 708 ﬁdem
1160 668 1371 709 mecum
1410 648 1578 708 frater
1606 662 1761 705 meus

162 751 438 808 Primulus
507 746 743 818 loquitur
821 744 1130 815 episcopus.
1226 746 1526 815 Episcopus
1611 741 1759 798 enim

165 854 298 901 tunc
365 841 466 898 fuit
519 839 688 914 partis
762 836 976 892 Donati.
1051 834 1202 891 Nunc
1282 849 1580 892 conversus
1646 833 1760 890 de-

174 944 451 995 monstrat
476 949 598 991 cum
628 932 788 1004 plebe
827 929 1089 1000 integram
1122 927 1280 984 ﬁdem
1308 944 1375 984 ex
1404 943 1505 984 sua
1528 940 1764 985 conver-'

164 1034 346 1102 sione.
374 1029 566 1087 Unitas
592 1025 705 1082 illic
734 1022 969 1096 perlecta
999 1030 1105 1089 est,
1138 1034 1242 1095 non
1267 1020 1440 1075 solum
1465 1021 1518 1074 in
1543 1021 1657 1092 ipsa
1678 1020 1759 1078 ci-

161 1128 361 1192 vitate,
392 1139 580 1181 verum
609 1122 773 1179 etiam
805 1122 857 1176 in
884 1121 1134 1177 omnibus
1154 1118 1496 1176 dioecesibus.

243 1216 370 1272 177.
413 1215 657 1271 Aurelius
687 1212 956 1287 episcOpus
986 1210 1231 1267 Ecclesiae
1257 1209 1522 1265 catholicas
1550 1208 1752 1266 Carthd

168 1308 309 1380 ginis
336 1308 493 1363 dixit.
528 1307 800 1377 Rogamus
823 1305 1039 1361 recitari
1066 1303 1283 1359 nomina
1308 1317 1428 1373 qua:
1448 1300 1763 1372 jamdudum

162 1404 236 1460 de
263 1404 663 1474 subscriptione
683 1400 952 1469 recitavit,
977 1400 1337 1479 Don‘atianum
1358 1395 1482 1479 dico
1506 1395 1765 1466 Bagaica-

160 1510 282 1553 sem
332 1504 389 1552 et
438 1496 714 1552 Privatum
758 1476 1100 1566 Vagenseml
1139 1489 1207 1546 Et
1257 1476 1378 1551 alia
1422 1504 1598 1543 manu.
1656 1487 1767 1543 Be-

159 1585 417 1660 cognovi.
488 1659 495 1664 ἡ
1373 1627 1376 1630 .

236 1679 579 1735 Marcellinus
652 1678 729 1733 vir
782 1676 1111 1744 clarissimus,
1158 1675 1396 1730 tribunus
1441 1682 1489 1728 et
1534 1671 1766 1727 notarius

167 1770 325 1826 dixit.
362 1771 549 1826 Denuo
579 1767 697 1824 haec
726 1767 945 1823 nomina
968 1809 983 1834 ,
1027 1767 1096 1823 de
1140 1766 1335 1837 quibus
1356 1763 1621 1820 dubitatio
1642 1776 1767 1818 nas-
1799 1815 1807 1835 η

1864 553 2014 609 dixit.
2040 553 2106 608 Et
2136 552 2384 608 mandavi
2410 560 2465 607 et
2492 552 2809 625 subscripsi.
2834 554 2903 609 Et
2930 554 3183 611 recitavit.
3223 555 3458 612 Pancra-

1862 646 1971 702 tius
2014 646 2302 715 episcopus
2350 641 2653 698 Badiensis.
2687 643 2754 697 Et
2805 650 2921 699 cum
2960 648 3261 713 recitasset,
3317 647 3458 704 idem

1863 740 2024 812 dixit.
2065 739 2135 795 Et
2160 737 2411 812 mandavi
2456 747 2511 793 et
2551 736 2865 807 subscripsi.
2898 738 2963 795 Et
3006 742 3257 798 recitavit.
3290 729 3463 799 Maxi-

1860 834 2077 889 mianus
2102 832 2443 890 Serteitanus
2470 828 2623 902 (295)
2656 830 2961 901 episcopus.
3007 830 3075 889 Et
3105 852 3219 891 cum
3246 837 3464 894 recitas-

1860 928 2118 998 set,‘idern
2147 927 2298 983 dixit.
2319 927 2386 983 Et
2413 924 2664 981 mandavi
2690 933 2745 981 et
2770 925 3087 999 subscripsi.
3120 926 3190 984 Et
3209 932 3460 987 recitavit.

1872 1021 2164 1079 Severinus
2196 1022 2485 1091 episcopus
2511 1016 2853 1076 Castellanus
2878 1018 3050 1091 (294).
3075 1020 3145 1077 Et
3182 1040 3299 1080 cum
3334 1025 3465 1080 reci-

1867 1125 2041 1182 tasset,
2070 1114 2208 1170 idem
2229 1115 2379 1181 dixit.
2410 1115 2477 1170 Et
2505 1113 2757 1170 mandavi
2786 1123 2843 1170 et
2860 1114 3183 1191 subscripsi.
3216 1116 3284 1171 Et
3332 1119 3462 1175 reci-

1865 1208 2010 1284 tauit.
2054 1206 2343 1263 Colonicus
2380 1207 2673 1277 episcopus
2702 1206 3029 1264 Tinistensis
3049 1207 3229 1281 (295).
3258 1208 3467 1267 Etcum

1865 1299 2313 1364 recitasset,idem
2362 1298 2513 1353 dixit.
2544 1297 2614 1354 Et
2657 1298 2909 1354 mandavi
2938 1307 2993 1356 et
3035 1299 3379 1370 subscripsi,
3411 1309 3469 1358 et

1868 1388 2157 1444 traditores
2198 1389 2339 1459 apud
2392 1405 2480 1446 me
2526 1405 2635 1446 non
2686 1388 2881 1447 habeo.
2911 1388 2985 1445 Et
3027 1390 3279 1448 recitavit.
3314 1390 3470 1449 Felix

1866 1483 2156 1553 episcopus
2181 1483 2492 1553 Moptensis.
2518 1483 2587 1541 Et
2612 1501 2727 1539 cum
2747 1485 3028 1551 recitasset,
3056 1485 3193 1542 idem
3213 1485 3367 1541 dixit.
3393 1485 3465 1541 Et

1866 1574 2116 1635 mandavi
2144 1582 2199 1632 et
2223 1575 2533 1646 subscripsi.
2558 1575 2720 1649 279
2740 1575 2810 1634 Et
2839 1577 3088 1634 recitavit.
3119 1576 3462 1636 Secundinus

1866 1668 2153 1739 episcopus
2167 1666 2195 1723 J
2204 1668 2619 1728 ucundianensis
2631 1670 2801 1740 (296).
2812 1667 2881 1725 Et
2894 1687 3011 1725 cum
3023 1672 3305 1743 recitasset,
3322 1671 3464 1729 idem

1869 1760 2021 1819 dixit.
2052 1759 2124 1817 Et
2151 1760 2399 1817 mandavi
2420 1771 2475 1817 et
2498 1761 2790 1832 subscripsi
2822 1779 2837 1818 :
2878 1766 3216 1831 adversarios
3253 1766 3308 1821 in
3352 1763 3458 1823 Ec-

158 1864 342 1939 citur,
370 1863 690 1920 recitentur.
717 1860 790 1916 Et
824 1860 1076 1917 recitavit.
1111 1860 1443 1915 Donatianus
1471 1858 1762 1928 episcOpus
1790 1854 1839 1915 Β
1865 1854 2033 1915 etesia
2080 1868 2188 1911 non
2231 1852 2428 1912 habeo.
2479 1852 2548 1907 Et
2602 1854 2851 1912 recitauit.
2892 1854 3135 1914 Donatus
3175 1858 3462 1932 episcopus

166 1956 529 2028 Bagaiensis,
570 1954 822 2012 Privatus
869 1955 1158 2025 episcopus
1202 1951 1485 2021 VagenSis.
1547 1949 1773 2023 Alypius
1820 1986 1825 1991 ρ

159 2052 433 2123 episcopus
462 2049 712 2106 Ecclesite
735 2048 1000 2105 catholica:
1023 2049 1177 2104 dixit.
1205 2046 1362 2103 Absit
1406 2044 1636 2102 fallacia.
1662 2044 1771 2100 Ro-

150 2154 314 2217 yatus
357 2130 626 2216 episcopus
658 2143 807 2198 dixit;
837 2142 1197 2199 Januarianus
1225 2140 1453 2209 dicitur,
1483 2153 1590 2195 non
1643 2138 1762 2195 Pri-

169 2245 350 2291 ratus.

262 2327 390 2384 178.
433 2325 769 2382 Marcellinus
795 2326 1202 2383 vir‘clarissimus
1219 2325 1450 2382 tribunus
1473 2333 1522 2381 et
1541 2324 1771 2381 notarius

171 2419 327 2476 dixit.
364 2418 579 2475 Vultum
614 2428 794 2473 tamen
818 2419 992 2489 ipsum
1021 2432 1144 2474 esse
1174 2417 1484 2489 cognoscis.

237 2510 365 2567 179.
409 2508 640 2581 Rogatus
680 2487 948 2582 episcopu's
985 2510 1137 2566 dixit.
1176 2487 1563 2565 Januarianum
1591 2507 1707 2564 scio
1751 2546 1766 2575 ,

164 2604 443 2659 Privatum
468 2602 672 2657 nescio.
708 2601 1010 2657 Primianus
1036 2603 1309 2674 episcOpus
1341 2600 1773 2672 Carthaginensis

165 2696 321 2751 dixit.
354 2694 682 2751 Jamdudum
704 2695 780 2771 (de
806 2694 1018 2750 duobus
1044 2692 1147 2749 fuit
1171 2710 1356 2749 causa.
1381 2694 1589 2750 Idcirco
1609 2701 1666 2748 et
1690 2692 1767 2748 illi

166 2803 281 2844 non
310 2796 439 2844 sunt
469 2788 680 2843 mentiti
710 2828 724 2853 ,
756 2802 857 2842 nec
886 2787 1078 2841 nostri.
1110 2785 1243 2841 Nam
1281 2795 1365 2842 est
1396 2787 1649 2857 Auzagga
1679 2783 1772 2841 ubi

165 2882 271 2937 luit
313 2880 678 2937 Januarianus
702 2921 717 2945 ,
744 2880 840 2952 qui
871 2894 1011 2935 nunc
1039 2878 1327 2935 defunctus
1354 2890 1438 2935 est
1470 2896 1482 2933 :
1532 2879 1633 2933 alia
1664 2877 1775 2935 Au-

165 2990 333 3047 zagga
350 3017 366 3041 ,
391 2974 480 3029 ubi
498 2972 886 3040 'estPrivatus,
920 2973 1008 3044 qui
1033 2986 1178 3049 nune
1199 2972 1350 3031 vivit.
1379 2971 1445 3026 Et
1471 2972 1577 3026 alia
1593 2988 1771 3025 manu.

165 3068 485 3124 Primianus
508 3066 793 3137 episcopus
818 3068 1147 3137 recognovi,

244 3161 371 3217 180.
406 3160 756 3215 Marcellinus
775 3160 853 3213 vir
873 3158 1192 3213 clarissimus
1209 3157 1445 3213 tribunus
1465 3169 1512 3212 et
1541 3159 1774 3234 notarius

1877 1946 2231 2019 Vageatensis
2262 1945 2437 2019 (297).
2468 1944 2544 2007 Et
2570 1963 2687 2006 cum
2705 1948 3001 2018 recitasset,
3028 1948 3181 2006 idem‘
3202 1948 3352 2005 dixit.
3401 1949 3469 2007 Et

1873 2040 2124 2102 mandavi
2154 2050 2208 2098 et
2234 2040 2567 2111 subscripsi-
2932 2030 2935 2033 ’

1947 2137 2071 2193 181.
2122 2135 2339 2208 Alypius
2386 2135 2654 2208 episcopus
2704 2133 2955 2194 Ecclesia
3002 2136 3267 2195 catholicas
3310 2136 3466 2194 dixit.

1872 2229 2142 2314 Scriptum
2187 2230 2257 2289 sit
2296 2230 2433 2285 istos
2461 2243 2651 2289 omnes
2693 2229 2748 2289 in
2770 2229 2913 2309 villis
2937 2230 3025 2287 vel
3054 2231 3111 2285 in
3138 2228 3320 2288 fundis
3347 2245 3472 2289 esse

1873 2324 2159 2396 episcopos
2207 2320 2525 2389 ordinatos,
2573 2335 2684 2382 non
2728 2320 2783 2381 in
2823 2319 3095 2394 aliquibus
3130 2322 3464 2381 civitatibus.

1874 2414 1967 2491 [Et
1990 2417 2098 2472 alia
2125 2432 2304 2471 manu.
2347 2413 2711 2491 Recognovi.]
3058 2432 3063 2435 ‘

1948 2508 2075 2568 182.
2117 2505 2406 2564 Petiliantts
2436 2507 2703 2580 episcopus
2732 2505 2885 2564 dixit.
2927 2506 3017 2564 Sic
3045 2508 3207 2565 etiam
3240 2516 3295 2565 tu
3328 2504 3499 2567 mal-4

1879 2612 1961 2665 tos
1992 2602 2163 2664 habes
2192 2616 2288 2673 per
2310 2615 2501 2659 omnes
2530 2608 2689 2674 agros
2717 2601 3012 2676 dispersos.
3046 2600 3217 2661 Immo
3243 2603 3470 2664 crebros

1876 2693 1970 2753 ubi
1995 2692 2184 2761 habes,
2216 2708 2350 2753 sane
2374 2703 2428 2750 et
2452 2693 2570 2749 sine
2594 2682 2806 2764 populis
2835 2693 3023 2750 habes.
3066 2691 3136 2747 Et
3164 2694 3271 2750 alia
3291 2713 3469 2751 manu.

1877 2786 2169 2849 Petilianus
2197 2786 2482 2857 episcopus
2517 2784 2827 2863 recognovi.
2869 2784 3209 2843 Marcellinus
3258 2784 3335 2842 uir
3362 2786 3472 2844 cla-

1872 2880 2109 2939 rissimus
2150 2877 2387 2945 tribunus
2430 2889 2477 2935 et
2518 2878 2751 2939 notarius
2779 2880 2929 2936 dixit.
2971 2880 3321 2957 Scripta‘sint
3344 2898 3467 2955 qua:

1874 2976 1944 3031 ab
1971 2975 2215 3045 utrisque
2242 2975 2489 3046 partibus
2517 2974 2787 3031 insinuata
2821 2974 3069 3031 videntur
3087 2991 3209 3033 esse
3232 2976 3475 3049 iudiciis.

1876 3068 1945 3124 Et
1991 3069 2244 3124 recitavit.
2287 3068 2619 3139 Rogatianus
2648 3066 2937 3140 epiScopus
2964 3068 3262 3128 ldassensis
3291 3070 3470 3145 (298).

1862 3158 1946 3234 ~Et
1988 3177 2105 3221 cum
2147 3161 2439 3224 recitasset,
2495 3159 2631 3215 idem
2666 3160 2818 3215 dixit.
2866 3161 2933 3218 Et
2970 3162 3221 3219 mandavi
3252 3171 3308 3220 et
3346 3165 3475 3220 sub-

167 3253 326 3324 dixit.
360 3252 503 3308 Satis
530 3251 823 3322 episcopaii
848 3250 1075 3306 veritate
1100 3264 1217 3306 rem
1245 3249 1315 3305 de
1342 3264 1447 3319 qua
1470 3264 1625 3305 error
1650 3248 1767 3323 fue-
1794 3246 1840 3310 C
1871 3254 2064 3324 scripsi
2090 3269 2106 3307 :
2141 3266 2248 3307 non
2283 3252 2457 3308 habeo
2493 3251 2880 3308 adversarium.
2935 3253 3177 3309 Aurelius
3203 3254 3476 3325 episcopus

168 3351 258 3401 rat
302 3353 463 3399 natus
484 3384 499 3409 ,
527 3342 750 3414 judiciis
779 3330 1030 3398 intimare
1057 3332 1311 3415 dignatus
1337 3357 1418 3398 es.
1444 3340 1601 3398 Unde
1629 3358 1771 3400 nunc

166 3444 369 3492 caetera
403 3434 772 3507 perlegantur.
808 3433 1160 3497 Etrecstavit.
1208 3435 1451 3500 Donatus
1483 3434 1770 3505 episcopus

168 3528 346 3599 plebis
386 3527 753 3585 Celerinensis
802 3527 977 3600 (290).
1027 3526 1101 3581 Et
1144 3544 1262 3582 cum
1312 3528 1604 3596 recitasset,
1634 3529 1772 3584 idem

361 3621 475 3694 Ego
505 3622 758 3678 mandavi
788 3618 841 3676 et
867 3621 1171 3692 subscripsi
1203 3639 1217 3674 :
1249 3621 1618 3681 adversarium
1656 3636 1773 3677 om—

170 3715 303 3771 nino
332 3730 433 3771 nec
471 3714 637 3771 habui
667 3730 769 3771 nec
796 3713 970 3771 habeo
1000 3716 1054 3770 in
1085 3714 1240 3785 plebe
1264 3730 1402 3770 mea.
1428 3713 1495 3769 Et
1523 3711 1771 3771 recitauit.

169 3808 362 3864 Victor
404 3809 701 3880 episcopus
749 3807 1198 3878 Hipponiensium
1228 3807 1661 3877 Diarrhytorum.
1704 3807 1774 3862 Et

169 3917 291 3955 cum
317 3901 599 3965 recitasset,
622 3899 757 3953 idem
775 3898 1269 3953 dixit.Etmandavi
1293 3880 1353 3953 et
1364 3898 1681 3969 subscripsi.
1704 3898 1769 3953 Et

169 3993 427 4046 recitavit.
457 3992 797 4048 Sarmentius
819 3991 1106 4063 episcopus
1131 3990 1580 4047 Ternamusensis
1595 3990 1769 4063 (291).

171 4083 243 4138 Et
294 4100 415 4138 cum
464 4084 769 4152 recitasset,
850 4084 985 4138 idem
1264 4082 1335 4139 Et
1395 4084 1650 4139 mandavi
1718 4092 1774 4140 et

170 4179 495 4250 subscripsi.
525 4179 773 4236 Teneant
801 4188 957 4250 gesta
981 4162 1103 4249 quia
1134 4180 1188 4234 in
1234 4178 1485 4249 plebibus
1519 4179 1656 4235 meis
1679 4162 1773 4234 ad-

170 4273 475 4329 versarium
534 4288 644 4330 non
672 4258 881 4331 'habeo.
927 4271 997 4328 Et
1037 4274 1285 4329 recitavit.
1329 4272 1771 4331 Perseverantius

171 4431 357 4503 pensis
380 4472 397 4496 ,
435 4439 507 4503 ut,
524 4432 581 4486 in
604 4430 858 4485 concilio
884 4429 1309 4503 (cartilaginensi
1332 4430 1432 4503 sub
1456 4428 1727 4503 Cypriane
1753 4473 1767 4498 ,

177 4502 277 4562 ubi
299 4502 540 4563 occurrit
564 4503 801 4565 Aimnius
840 4502 902 4557 ab
930 4502 1192 4565 Ausvaga.

176 4583 236 4629 ut
262 4588 371 4646 non
403 4573 588 4646 audita
619 4575 792 4646 prima
824 4574 1033 4646 syllaba
1054 4612 1070 4641 ,

176 4643 382 4717 derint,
410 4655 465 4700 et
492 4642 694 4701 idcirco
735 4642 987 4717 Vagenses
1015 4642 1255 4717 episcopi
1277 4642 1433 4717 ⁸ξιιιὶίξ
1460 4657 1583 4717 sese
1612 4660 1781 4716 oppo-

176 4716 407 4841 iuerint.
443 4717 592 4773 Sicut
629 4714 827 4772 autem’
846 4714 995 4787 Vaga
1021 4724 1139 4779 erat
1182 4715 1235 4770 in
1277 4714 1528 4771 Numidia
1555 4759 1569 4783 ,
1626 4714 1697 4772 ita
1725 4726 1782 4774 et

226 4802 437 4841 usvaaa.

226 4802 437 4857 usvaga.

252 4858 412 4999 (290)
453 4857 810 4915 Celerinensis.
859 4857 1029 4925 Cujus
1055 4857 1346 4928 provinciae
1375 4859 1467 4925 sit,
1492 4857 1780 4916 incertum.

277 4927 407 4999 291)
449 4928 885 4990 Ternamttsensis.
940 4929 999 4984 In
1056 4930 1225 4999 veteri
1269 4930 1461 4988 codice
1499 4930 1780 4986 Cernamu—

277 4927 407 5000 291)
449 4928 885 4990 Ternamttsensis.
940 4929 999 4984 In
1030 4930 1225 5000 (veteri
1269 4930 1461 4988 codice
1499 4930 1783 4986 Cernamu—
1824 4931 1833 4940 ’

86 5040 89 5041 ν
181 4998 497 5066 εεηεὶειςθό
530 4999 1108 5057 emendavitBaluzius
1140 4998 1557 5056 Ternamusensis
1584 5018 1648 5058 ex
1682 5004 1774 5058 lti-

184 5071 406 5127 nerario
433 5071 692 5141 Antonini
717 5113 732 5137 ,
761 5073 851 5129 ubi
880 5074 1019 5130 inter
1059 5066 1252 5143 oppida
1294 5073 1627 5143 Mauritania:
1656 5074 1773 5131 Ca:-

182 5143 447 5206 sariensis
491 5144 725 5204 refertur.
770 5142 1145 5207 Taranamusa.
1180 5152 1391 5199 castra;
1417 5142 1577 5201 Certe
1616 5147 1778 5203 sedes

315 5214 527 5286 diversa
551 5224 634 5271 est
654 5230 684 5268 a
706 5210 1067 5279 Ceramunensi
1096 5214 1361 5273 Numidiae
1380 5258 1397 5283 ,
1429 5232 1546 5286 qua:
1571 5218 1775 5273 nullum

158 5284 429 5361 phabeb‘at
464 5286 1181 5361 episcopum_Donatislam
1208 5327 1223 5354 ,
1273 5298 1340 5361 ut
1377 5284 1536 5357 supra
1582 5291 1779 5346 dicitur

183 5371 307 5433 gap.
345 5359 471 5419 155.
498 5358 553 5414 In
581 5360 769 5433 notitia
794 5358 1125 5433 Mauritaniae
1143 5358 1491 5433 Cmsariensis
1516 5368 1602 5416 est
1622 5361 1779 5417 sedes

185 5426 647 5502 Ternamunensis,
670 5426 952 5502 legendum
979 5431 1423 5502 Ternamusensis.

260 5499 413 5627 (232)
455 5499 776 5628 guratum.
822 5503 958 5559 Vide
981 5519 1100 5573 qua:
1140 5501 1375 5558 diximus
1404 5502 1469 5557 ad
1494 5502 1686 5558 Notam
1706 5503 1779 5559 44

290 5591 303 5626 ι
350 5589 429 5628 .n
508 5588 658 5628 Dat.
1266 5624 1269 5627 λ

185 5573 241 5639 in
270 5573 361 5627 lib.
394 5589 429 5628 ιι
458 5572 658 5641 Optali.
1000 5572 1009 5573 “
1266 5624 1269 5627 Α

258 5643 411 5714 (295)
456 5643 801 5699 Serteitanus.
850 5642 1253 5701 luMauritania
1281 5643 1562 5712 Siti’fensi,
1604 5654 1661 5701 ut
1688 5646 1785 5701 dor

187 5722 275 5767 cet
300 5716 513 5776 notitia,
545 5730 693 5768 nunt.
717 5714 807 5770 28.

257 5783 409 5857 (294)
451 5782 790 5857 Castalianus.
840 5786 895 5840 In
953 5787 1267 5843 Mauritania
1311 5787 1674 5857 Caesariensi,
1724 5795 1784 5853 ut

186 5854 345 5913 docet
374 5855 566 5913 notitia
596 5872 744 5913 num.
777 5858 867 5915 75.
898 5858 1043 5915 Inter
1074 5859 1405 5917 Mauritania:
1433 5854 1786 5918 CwSariensis

1799 4542 1853 4602 D

1859 3343 2119 3401 Ecclesia:
2146 3345 2413 3400 catholica:
2442 3343 2875 3399 Macomadiensis
2900 3345 3052 3411 dixit.
3099 3345 3286 3403 Habeo
3313 3362 3467 3419 prem

1872 3438 2124 3514 byterum
2154 3440 2207 3494 in
2240 3437 2478 3495 Ecclesia
2529 3437 2929 3494 Florentinum.
2964 3436 3223 3511 Episcopi
3251 3440 3471 3500 fuerunt

1871 3542 1986 3592 tres
2013 3533 2275 3590 Catholici
2300 3532 2412 3603 jam
2440 3530 2825 3588 decesserunt:
2858 3547 2965 3588 non
2992 3533 3264 3603 potuimus
3294 3533 3472 3592 adhuc

1878 3625 2151 3683 ordinare.
2202 3624 2584 3695 Presbyterum
2619 3622 2728 3678 illic
2782 3624 3046 3679 habemus
3095 3625 3473 3683 Florentinum

1879 3720 1947 3776 Et
1994 3719 2239 3775 recitavit.
2298 3718 2598 3774 Germanus
2648 3718 2936 3788 episcopus
2985 3702 3493 3791 tugabbaritanus.‘

1878 3813 1947 3869 Et
1994 3828 2112 3867 cum
2158 3811 2459 3876 recitasset,
2505 3810 2643 3864 idem
2684 3810 2835 3864 dixit.
2881 3809 2947 3865 Et
2980 3811 3231 3868 mandavi
3260 3823 3317 3869 et
3344 3814 3477 3871 snb-
3565 3884 3574 3893 .

1879 3904 2091 3974 scripsi.
2140 3900 2215 3956 Et
2238 3901 2483 3956 recitavit.
2534 3900 2869 3971 Rogatianus
2898 3904 3186 3974 episcopus
3218 3902 3475 3964 Villama—

1877 3995 2118 4069 gnensis.
2164 3992 2239 4048 Et
2265 4010 2381 4048 cum
2420 3992 2717 4060 recitasset,
2764 3994 2903 4049 idem
2934 3996 3085 4051 dixit.
3141 3996 3391 4054 Mandavi
3419 4008 3474 4056 et

1879 4088 2179 4158 subscripsi
2209 4104 2222 4140 :
2267 4086 2633 4143 adversarium
2663 4101 2771 4141 non
2804 4086 2975 4150 habeo
3006 4086 3184 4161 (299).
3232 4089 3307 4145 Et:
3340 4093 3473 4147 reci-

1879 4182 2019 4237 tavit.
2062 4178 2361 4253 Presbyter
2380 4179 2633 4235 Manilius
2663 4179 2929 4237 Bazienus
2955 4181 3109 4255 (500)
3140 4197 3239 4256 pro
3266 4186 3479 4257 episca-

1878 4277 2124 4349 po‘m‘eo.
2164 4271 2235 4329 Et
2264 4289 2379 4327 cum
2402 4275 2687 4328 recitasset.
3272 4289 3278 4295 ’

1872 4433 2040 4510 urbes
2070 4431 2357 4510 Castellum
2420 4441 2690 4510 memorat
2745 4436 3070 4510 Auouynus
3104 4439 3481 4506 Ravenncnsis

1423 4502 1545 4556 hinc
1572 4503 1770 4558 factum
1800 4542 1852 4567 π
1875 4504 1969 4562 lib.
1999 4520 2080 4567 nt,
2113 4521 2261 4560 num.
2295 4504 2349 4561 8.

1158 4587 1395 4647 agensent
1438 4587 1559 4629 esse
1599 4574 1789 4647 credit

1958 4576 2114 4649 (295)
2153 4574 2481 4649 Tinistensis,
2532 4591 2633 4649 seu
2664 4577 2966 4637 Tinisensis.
2998 4582 3159 4640 Forte
3186 4586 3240 4642 in
3291 4588 3479 4648 Numi—

1886 4647 1995 4725 dia.
2048 4648 2107 4725 ln
2130 4648 2370 4725 concilio
2400 4647 2936 4725 Carthaginensijnb
2962 4652 3231 4725 Cypriane
3254 4671 3476 4718 senten-

1887 4720 2014 4775 tiam
2034 4720 2170 4775 dixit
2205 4718 2489 4775 Venantius
2511 4738 2544 4774 a
2571 4719 2772 4777 Tinisa.
2804 4718 3065 4781 Tinissa'ni
3091 4727 3276 4786 laudat
3294 4731 3476 4792 Ptole-

1885 4806 2057 4847 maeus
2083 4792 2177 4863 lib.
2203 4806 2280 4857 Iv,
2311 4806 2429 4863 cap.
2473 4794 2526 4847 5.

1962 4861 2125 4937 (296).
2148 4861 2478 4937 Secundinus
2506 4866 2773 4937 episcopus
2800 4865 3260 4928 Jucutulianensis.
3327 4876 3376 4931 Is
3422 4879 3477 4937 in

1886 4935 2124 5008 concilio
2150 4935 2595 4991 Cabarsussitano
2636 4938 2937 5008 appellatur
2967 4939 3240 5000 Secundus
3267 4935 3476 5007 Jocun;

1889 5006 2173 5073 dianensis,
2201 5007 2479 5078 cujusdam
2510 5008 2648 5063 villa:
2676 5006 2964 5066 Numidia).

1949 5098 2117 5176 (297))
2143 5099 2497 5176 Yageatensis.
2542 5101 2673 5157 Item
2714 5102 2992 5171 cujusdam
3026 5109 3176 5168 villa:
3199 5122 3293 5169 aut
3322 5116 3475 5176 [turdi

1878 5173 1933 5229 in
1964 5171 2555 5242 Numidia'cpiscopus,
2590 5180 2650 5227 ut.
2676 5176 2857 5231 statim
2890 5179 3073 5249 arguit
3100 5184 3348 5255 Alypius.

1904 5268 1911 5279 “
1951 5265 2133 5341 (298)
2156 5263 2463 5341 Idas_s_ensis.
2536 5264 2593 5341 in
2640 5264 2929 5337 Numidia,
2982 5280 3046 5327 ut
3082 5273 3245 5334 docet
3284 5274 3477 5341 notitia

1882 5335 2031 5413 num.
2066 5336 2163 5413 21,
2197 5351 2235 5413 Δτι
2268 5335 2599 5413 Macomadia
2619 5379 2631 5397 .
2675 5354 2781 5392 non
2798 5335 2971 5413 longe
3002 5345 3241 5405 abfuisse
3269 5367 3339 5407 ex
3369 5335 3474 5411 ὴδᾷ

1883 5410 2005 5492 loco
2031 5406 2302 5492 colligitur
2322 5448 2336 5473 ,
2384 5423 2503 5492 eum
2532 5406 2983 5492 blacomadiensis
3011 5416 3298 5492 episcopus
3322 5406 3475 5483 dicat

1882 5496 1941 5536 se
1975 5480 2042 5533 ibi
2078 5479 2452 5551 presbyterum
2489 5480 2711 5537 habere.

1956 5569 2116 5654 (299)
2131 5570 2504 5654 Adversariunt
2518 5588 2619 5627 non
2644 5574 2822 5629 habeo.
2842 5576 2999 5654 idem
3020 5590 3175 5635 antea
3202 5599 3320 5654 cap.
3346 5588 3471 5654 155,

1884 5640 2050 5707 dixit,
2081 5640 2363 5715 Augendus
2401 5642 2879 5720 Villwyntagnensis
2908 5663 2927 5703 :
2955 5666 3122 5720 quare
3150 5655 3235 5709 vel
3265 5640 3322 5710 se
3354 5640 3477 5711 mu;

1884 5721 2112 5793 tuo_non
2148 5723 2445 5793 noverant,
2479 5716 2567 5793 vel
2592 5716 2925 5775 diversarum
2956 5716 3199 5793 ejusdem
3240 5730 3477 5784 nominis

1885 5785 2105 5857 scdiunt
2126 5795 2283 5857 egant
2312 5786 2577 5857 episc0pi.

1962 5853 2116 5929 (500)
2144 5853 2403 5914 Datianus
2433 5853 2530 5915 seu
2558 5857 2848 5915 Bttzitensis
2874 5859 2928 5917 in
2957 5861 3395 5926 NmnidimNam
3427 5880 3483 5926 ut
