3838 6222
373 316 508 374 15‘27

1315 293 1542 354 GESTA
1580 283 2034 347 COLLATIONIS
2071 275 2696 340 CARTHAGINENSIS.

3529 262 3552 315 1
3565 257 3666 314 528

446 433 572 488 183.
602 425 927 483 Marcellinus
953 420 1026 473 vir
1052 415 1368 471 clarissimus
1393 410 1628 464 tribunus
1653 417 1703 463 et
1732 406 1975 468 notarius,
1992 407 2048 466 Α
2070 400 2382 472 subscripsi.
2426 374 2578 452 ‘Item
2606 389 2853 448 recitavit.
2916 384 3165 442 Urbanus
3198 378 3494 449 episcopus
3518 375 3669 429 Sata-

379 529 528 584 dixit.
581 523 684 576 Pro
716 532 821 588 quo
849 508 1148 583 episcopo?
1192 504 1484 561 Petilianus
1516 502 1785 572 episcOpus
1812 497 1965 551 dixit.

383 621 608 680 Lumine
636 622 823 685 captus
850 619 952 666 est.
996 605 1064 660 Et
1094 604 1199 659 alia
1226 617 1400 656 manu.
1432 597 1730 654 Petilianus
1759 594 1971 664 episco-

381 730 479 788 pus
507 684 818 778 recoguovi.
861 701 1080 772 Alypius
1125 697 1395 769 episcopus
1421 689 1668 745 Ecclesia:
1708 684 1987 754 catholich

382 809 528 866 dixit.
563 777 970 872 Respondentur
1000 803 1177 848 utrum
1212 800 1450 860 praesens
1480 785 1569 850 sit,
1600 797 1696 849 pro
1718 794 1824 849 quo
1845 777 1975 831 sub-

386 904 646 972 scriptum
681 903 783 951 est.
844 890 912 945 Et
942 890 1048 944 alia
1073 903 1253 940 manu.
1300 878 1638 952 Rccognovi.
1674 875 1976 930 Primianus

385 970 650 1070 episcOpus
681 989 832 1045 dixit.
877 986 1188 1054 Loquamur
1216 977 1524 1034 veritatem.
1574 970 1758 1028 Oculis
1787 977 1977 1037 captus

384 1104 465 1148 εει
490 1133 504 1157 ,
547 1086 736 1142 venire
768 1096 874 1136 non
903 1076 1082 1149 pomit
1106 1116 1120 1139 ,
1166 1070 1541 1143 presbyterum
1573 1079 1730 1120 suum
1757 1058 1975 1117 direxit.

384 1186 452 1241 Et
478 1185 582 1238 alia
610 1193 785 1233 manu.
827 1171 1134 1229 Primianus
1161 1166 1450 1236 episcopus
1481 1154 1791 1228 recognovi.
1833 1150 1982 1205 Mar-

385 1282 601 1367 cellinus
628 1278 704 1332 vir
734 1270 1050 1328 clarissimus
1087 1264 1322 1318 tribunus
1350 1267 1398 1326 et
1424 1255 1661 1325 notarius
1683 1250 1835 1304 dixit.
1853 1249 1860 1251 λ’
1874 1242 1982 1302 Sed

388 1348 584 1434 nomen
616 1369 781 1442 ipsius
811 1362 993 1421 debuit
1023 1355 1423 1426 subscriptione
1451 1348 1644 1405 teneri.

464 1483 585 1542 18b.
646 1479 864 1551 Alypius
905 1474 1173 1543 cpiscOpus
1213 1464 1457 1520 Ecclesia
1510 1455 1781 1513 catholica:
1822 1450 1979 1505 dixit.

389 1581 670 1636 Testatum
700 1545 768 1627 sit
795 1565 936 1644 [eos]
966 1565 1128 1621 etiam
1154 1557 1455 1616 absentium
1490 1550 1708 1608 nomina
1735 1545 1875 1602 velle
1907 1545 1986 1598 in-

392 1684 574 1728 serere
597 1710 611 1734 ,
663 1673 722 1720 ut
746 1662 908 1718 etiam
952 1656 1108 1711 nobis
1137 1653 1300 1708 liceat
1324 1660 1514 1705 omnes
1544 1640 1843 1698 catholicos
1871 1635 1986 1706 epi-

395 1777 590 1834 scopos
611 1801 627 1828 ,
671 1756 763 1829 qui
790 1769 888 1827 per
916 1749 1290 1806 inﬁrmitatem
1321 1742 1406 1797 vel
1437 1755 1531 1810 per
1561 1736 1795 1806 aliquam
1829 1743 1989 1784 occa-

401 1861 610 1912 sionem
656 1851 846 1905 adesse
873 1860 982 1900 non
1024 1847 1356 1914 potuerunt,
1403 1831 1569 1904 gestis
1605 1829 1864 1883 inserere.
1921 1818 1990 1874 Et

398 1952 505 2006 alia
535 1962 712 2002 manu.
755 1937 1089 2010 Recognovi.
1120 1932 1190 1988 Et
1216 1927 1466 1986 recitavit.
1512 1926 1744 1979 Donatus
1775 1917 1989 1987 episco-

396 2058 497 2115 pus
519 2033 896 2110 Apissanensis
909 2006 1091 2101 (501).
1121 2023 1191 2078 Et
1219 2039 1333 2076 cum
1361 2018 1643 2078 recitasset,
1667 2011 1800 2065 idem
1826 2006 1975 2060 dixit.

394 2141 465 2197 Et
512 2133 762 2192 mandavi
791 2136 847 2186 et
877 2122 1209 2193 subscripsi:
1251 2112 1618 2176 adversarium
1650 2123 1756 2163 non
1787 2103 1982 2159 habeo.

469 2249 595 2306 185.
630 2244 918 2300 Petilianus
947 2237 1220 2308 episcopus
1250 2229 1400 2284 dixit.
1434 2221 1702 2293 Quoniam
1735 2229 1993 2287 prosecu-

399 2347 477 2401 tio
507 2340 675 2414 partis
722 2336 965 2401 adversa:
994 2331 1296 2384 contestata
1342 2315 1669 2375 monstravit
1696 2311 1907 2381 aliquos
1936 2320 1994 2362 se

399 2439 652 2494 absentes
680 2430 902 2492 habere,
931 2437 1030 2477 nos
1053 2431 1269 2491 quoque
1290 2428 1397 2469 non
1427 2421 1666 2466 tacemus
1690 2405 1996 2474 aliquantos

398 2539 620 2588 nostros
652 2523 837 2580 multis
864 2512 1284 2575 necessitatibus
1310 2518 1403 2563 aut
1440 2502 1687 2561 adversis
1727 2494 1997 2554 valetudi-

399 2625 558 2681 nibus
585 2616 911 2692 praepeditos
943 2626 1052 2666 non
1083 2605 1300 2663 venisse
1325 2645 1339 2669 ,
1369 2600 1673 2670 aliquantus
1699 2594 1864 2660 etiam
1904 2604 1996 2644 ca-

399 2717 622 2774 thedras
653 2725 795 2768 nunc
820 2722 942 2765 esse
969 2703 1216 2758 viduatas
1243 2741 1257 2764 ,
1299 2694 1496 2767 quibus
1538 2690 1715 2746 adimo
1751 2676 1996 2755 episcopi

401 2811 636 2872 ordinati
669 2823 774 2863 non
807 2817 929 2859 esse
961 2802 1354 2855 monstrantur.
1385 2789 1560 2844 Etiam
1591 2785 1694 2839 hoc
1723 2790 1840 2836 acta
1869 2792 2000 2833 con-

403 2912 633 2967 tineant.
701 2901 769 2957 Et
821 2898 930 2954 alia
983 2908 1161 2948 manu.
1223 2885 1522 2943 Petilianus
1574 2877 1861 2949 episcopus
1907 2884 1998 2926 re-

407 3000 658 3074 cognovL

480 3069 604 3171 186.
650 3107 987 3165 Marcellinus
1026 3100 1103 3156 vir
1130 3093 1451 3152 clarissimus
1488 3084 1724 3141 tribunus
1759 3088 1805 3136 et
1848 3069 2000 3132 nota-

2074 495 2261 551 fensis.
2305 494 2529 561 Cumque
2572 487 2897 546 accessisset,
2948 481 3083 533 idem
3123 474 3277 529 dixit.
3332 469 3576 526 Mandnvi
3619 478 3671 522 et

2077 587 2394 658 subscripsi.
2441 560 2572 637 ltem
2603 577 2851 634 recitavit.
2886 573 3125 626 Donatus
3156 566 3450 637 episcopus
3475 560 3672 615 Cillita-

2078 697 2200 736 nus.
2235 678 2460 749 Cumque
2492 671 2806 733 accessisset,
2836 665 2971 720 idem
3002 661 3155 716 dixit.
3191 655 3440 712 Maudavi
3471 663 3525 709 et
3553 652 3675 706 sub-

2078 771 2292 841 scripsi.
2359 767 2492 821 Item
2521 763 2771 818 recitavit.
2827 755 3092 833 Liberalis
3119 753 3412 823 episcotius
3439 744 3542 800 loci
3568 743 3674 798 Na-

2079 839 2333 919 saiteusis
2381 858 2558 929 (302).
2640 853 2867 922 Cumque
2921 848 3254 910 accessisset,
3323 843 3462 897 idem
3529 839 3676 892 dixit.

2079 953 2320 1014 Mandavi
2350 963 2401 1008 et
2429 947 2721 1018 subscripsi
2751 963 2764 999 :
2810 959 2909 998 nec
2938 941 3097 996 habui
3128 938 3531 999 adversarium,
3577 947 3675 988 nec

2085 1048 2290 1112 habeo,
2325 1060 2424 1099 nec
2462 1040 2671 1096 habebo
2699 1037 3047 1105 permittente
3080 1032 3211 1087 Deo.
3261 1029 3400 1084 Item
3432 1023 3674 1081 recitavit.

2031 1173 2042 1183 ο
2083 1140 2436 1196 Maximianus
2461 1135 2748 1204 episcopus
2777 1125 3203 1184 Hermianensis.
3250 1119 3486 1191 Cumque
3517 1133 3679 1171 acces-

2085 1238 2268 1300 sisset,
2309 1233 2445 1286 idem
2477 1227 2629 1283 dixit.
2673 1221 2918 1281 Maudavi
2945 1231 3000 1276 et
3027 1217 3344 1288 subscripsi.
3395 1213 3530 1269 Item
3556 1212 3680 1266 reci-

2088 1328 2245 1384 tavit.,
2296 1324 2629 1379 Fortunatus
2671 1317 2959 1386 episcopus
2987 1311 3392 1368 Vesceritanns.
3463 1303 3682 1370 Cumque

2087 1418 2411 1481 accessisset,
2456 1415 2590 1467 idem
2619 1411 2769 1465 dixit.
2821 1405 3066 1462 Mandavi
3098 1412 3152 1460 et
3179 1398 3502 1470 subscripsi.
3551 1396 3677 1450 Item

2087 1509 2336 1567 recitavit.
2376 1503 2712 1576 Peregrinus
2757 1501 3045 1573 episcopus
3082 1494 3394 1553 Sulctanus.
3462 1491 3681 1560 Cumque

2091 1605 2387 1662 accessisset
2415 1643 2431 1668 ,
2460 1599 2596 1655 idem
2627 1599 2781 1653 dixit.
2829 1595 3073 1653 Mandavi
3103 1603 3159 1648 et
3187 1591 3514 1661 subscripsi.
3563 1587 3683 1642 Item

2090 1701 2341 1757 recitavit.
2411 1697 2649 1751 Donatus
2699 1691 2989 1761 episcopus
3031 1686 3486 1743 Merferebitanus
3521 1680 3681 1753 (505).

2019 1805 2066 1865 Β
2093 1793 2322 1864 Cumque
2341 1788 2653 1849 accessisset.
2677 1784 2814 1840 idem
2835 1783 2982 1845 dixit.
3012 1779 3254 1836 Mandavi
3289 1787 3345 1833 et
3370 1773 3680 1843 subscripsi.

2100 1884 2230 1939 Item
2280 1881 2528 1937 recitavit.
2613 1877 2855 1934 Gaviuus
2908 1874 3195 1945 episcopus
3256 1869 3682 1939 Vegeselilanus.

2096 1979 2324 2046 Cumque
2344 1975 2656 2034 accessisset,
2680 1971 2816 2025 idem
2839 1968 2990 2023 dixit.
3021 1963 3266 2021 Mandavi
3289 1972 3345 2018 et
3374 1958 3681 2027 subscripsi.

2094 2071 2231 2128 Item
2297 2069 2544 2125 recitavit.
2627 2064 2954 2121 Veratianus
3011 2060 3298 2130 episcopus
3356 2053 3686 2126 Carpitanus.

2096 2164 2320 2233 Cumque
2339 2161 2654 2226 accessisset,
2677 2158 2811 2211 idem
2838 2153 2988 2209 dixit.
3023 2149 3268 2206 Mandavi
3295 2159 3350 2204 et
3377 2146 3684 2217 subscripsi,

2096 2256 2189 2328 qui
2214 2271 2332 2311 sum
2369 2239 3020 2310 successor'Faustiniani
3046 2287 3061 2312 ,
3111 2245 3200 2315 qui
3230 2243 3284 2298 in
3316 2242 3529 2296 unitate
3556 2239 3688 2293 veri-

2099 2352 2224 2406 tatis
2276 2347 2448 2402 iuerat
2491 2345 2771 2399 ordinatus
2816 2356 2847 2394 a
2878 2340 3122 2403 Donato,
3173 2333 3527 2407 pastmodum
3569 2345 3687 2387 vero

2099 2442 2432 2513 temporibus
2453 2437 2686 2502 Macarii,
2712 2434 2821 2490 illic
2842 2437 3184 2490 em‘crserunt
3204 2427 3532 2500 traditos-es.
3561 2423 3680 2479 Item

2009 2592 2013 2595 .
2099 2535 2347 2593 recitavit.
2408 2531 2648 2589 Gaianas
2699 2529 2989 2597 episcopus
3044 2521 3413 2593 Tigualensis;
3477 2518 3687 2588 Cumque

2101 2631 2435 2696 accessisset,
2480 2626 2619 2680 idem
2648 2623 2795 2678 dixit.
2845 2617 3089 2675 Mandavi
3119 2626 3173 2671 et
3199 2613 3521 2684 subscripsi.
3570 2611 3688 2664 Item

2101 2724 2353 2781 recitavit.
2423 2721 2663 2790 Rogatus
2710 2716 2998 2785 episcopus
3044 2709 3411 2770 Perdicensis.
3482 2705 3689 2772 Cumque

2102 2819 2419 2882 accessisset,
2456 2814 2589 2867 idem
2619 2811 2768 2865 dixit.
2815 2804 3058 2861 Mandavi
3089 2810 3144 2858 et
3193 2799 3517 2871 subscripsi.
3568 2796 3686 2850 Item

2105 2911 2355 2966 recitavit.
2405 2888 2719 2960 Victorinus.
2739 2901 3028 2970 episcopus
3051 2893 3227 2967 plebis
3257 2890 3686 2964 Leptiminensis.

2106 3005 2331 3074 Cumque
2357 2998 2668 3060 accessisset,
2694 2994 2830 3049 idem
2852 2992 3003 3045 dixit.
3037 2985 3283 3042 Mandavi
3306 2994 3362 3042 et
3382 2982 3685 3052 subscripsi.

2107 3073 2255 3151 Item,
2269 3091 2519 3147 recitavit.
2572 3085 2925 3142 Martinianus
2954 3079 3243 3150 episcopus
3273 3076 3376 3130 loci
3406 3073 3688 3130 Tibuzabe-

410 3213 520 3267 rius
545 3208 694 3262 dixit.
732 3205 1002 3272 Quantum
1031 3193 1101 3250 ad
1122 3185 1587 3248 conﬁrmationem
1614 3173 1852 3234 mandati
1884 3186 2004 3242 per-
2032 3198 2078 3260 ρ
2112 3186 2281 3245 tensis
2304 3183 2473 3258 (δολί)⁸
2507 3179 2737 3250 Cumque
2756 3175 3069 3238 aecum-“el,
3098 3170 3236 3224 idem
3268 3169 3422 3223 dixit.
3459 3164 3687 3221 mndavi

407 3307 565 3369 tinet,
589 3298 787 3356 sufﬁcit
816 3297 869 3352 in
899 3302 1126 3361 utraque
1156 3291 1308 3358 parte
1329 3293 1516 3338 eorum
1541 3285 1802 3331 numerus
1827 3280 2006 3323 sacer-

410 3400 618 3457 dotum,
633 3393 722 3462 qui
741 3389 917 3446 eidem
940 3381 1192 3441 mandato
1208 3371 1594 3441 subscripsisse
1613 3367 2002 3421 monstrantur.

410 3488 568 3545 Unde
596 3460 801 3553 reliqua
829 3478 1173 3551 perlegantur
1195 3511 1210 3539 ,
1242 3463 1531 3538 superﬂuis
1559 3460 1841 3515 absentum
1871 3466 2004 3506 cau-

411 3580 717 3642 sationibus
781 3566 1158 3642 aequestraais.
1235 3559 1303 3614 Et
1372 3553 1623 3612 recitavit.
1692 3543 2009 3617 Quintasius

413 3675 698 3745 opi'scopus
720 3658 1056 3722 Vaianensis.
1088 3654 1318 3722 Cumque
1344 3645 1664 3708 accessisset,
1692 3638 1830 3694 idem
1851 3634 2005 3690 dixit.

411 3765 663 3828 Mandavi
709 3772 761 3817 et
797 3752 1116 3823 subscripsi.

497 3880 618 3936 187.
675 3873 896 3946 Alypius
943 3867 1212 3936 episcopus
1260 3855 1486 3914 ecclesiaz
1536 3848 1810 3906 catholica:
1854 3843 2008 3898 dixit.

419 3939 898 4034 Oblitereturvergo
921 3953 1248 4024 subscriptio
1271 3951 1576 4006 absentum.
1607 3941 1676 3995 Et
1702 3939 1806 3994 alia
1831 3951 2008 3990 manu.

422 4061 753 4136 Recognovi.
882 4052 1130 4110 recitavit.
1160 4042 1447 4102 .Ianuarius
1473 4038 1760 4107 episcopus
1791 4031 2014 4084 Lamas-

423 4122 628 4218 bensis.
681 4153 907 4220 Cumque
937 4147 1266 4204 accessisset,
1314 4135 1450 4188 idem
1480 4130 1630 4184 dixit.
1679 4122 1928 4181 Mandavi
1960 4127 2016 4174 et

427 4247 742 4318 subscripsi.
789 4213 922 4296 Ilem
961 4233 1211 4290 recitavit.
1254 4227 1408 4283 Felix
1436 4223 1724 4294 episcopus
1753 4213 2015 4271 Novasin-

427 4303 658 4399 pensis:
696 4334 921 4402 Cumque
946 4325 1264 4386 accessisset,
1295 4318 1432 4372 idem
1463 4313 1615 4367 dixit.
1677 4303 1921 4362 Mandavi
1964 4309 2019 4357 et

433 4428 750 4500 subscripsi.
812 4394 946 4478 Item
985 4415 1238 4473 recitavit.
1301 4405 1556 4476 Martialis
1597 4401 1883 4471 episcopus
1917 4394 2021 4448 ldi-

429 4486 664 4585 crensis:
703 4517 931 4581 Cumque
956 4507 1284 4571 accessisset,
1321 4500 1456 4554 idem
1482 4495 1634 4549 dixit.
1689 4486 1939 4545 Mandavi
1967 4495 2020 4542 et

2109 3290 2164 3337 et
2187 3275 2503 3347 subscripsi.
2550 3272 2686 3327 Item
2710 3269 2958 3324 recitavit.
3007 3263 3334 3331 Quintianus
3365 3259 3642 3330 episc0pus
3662 3270 3688 3309 a

2111 3371 2445 3428 Lacu—dulce
2491 3363 2665 3435 (505).
2737 3359 3127 3415 Valentinianus
3175 3357 3434 3435 diaconus
3486 3349 3687 3422 episcOpi

2113 3463 2366 3522 Primiani
2395 3433 2552 3514 dixit.
2594 3433 2733 3511 Male
2768 3453 2947 3508 habet.
2994 3449 3127 3504 Item
3157 3433 3418 3503 recitavit.
3457 3442 3687 3514 Pelagius

2113 3559 2399 3628 episcopus
2442 3545 2863 3609 Yatiarionensis
2892 3539 3064 3618 (506).
3123 3539 3354 3608 Cumque
3392 3536 3685 3597 accessisset,

2112 3651 2251 3706 idem
2283 3647 2435 3702 dixit.
2480 3639 2727 3700 Maudavi
2753 3647 2806 3694 et
2837 3632 3168 3704 subscripsi:
3199 3629 3568 3685 adversarium
3596 3640 3687 3680 non

2115 3742 2310 3797 habeo.
2357 3738 2489 3793 Item
2520 3731 2770 3790 recitavit.
2817 3723 3161 3784 Victorianus
3186 3723 3479 3794 episcopus
3506 3718 3688 3775 Tiberi-

2117 3845 2293 3891 tanus.
2341 3828 2567 3899 Cumque
2605 3824 2931 3886 accessisset,
2983 3819 3118 3873 idem
3151 3817 3304 3872 dixit.
3371 3813 3612 3870 Mandavi
3643 3821 3688 3864 et

2115 3925 2430 3996 subscripsi.
2495 3921 2629 3976 Item
2679 3919 2931 3974 recitavit.
2999 3908 3368 3967 Primulianus
3416 3907 3684 3977 episcopus

2119 4021 2613 4081 Mandasumitanus
2654 4013 2832 4084 (507).
2907 4006 3134 4084 Cumque
3182 4003 3521 4066 accessisset,
3575 3999 3687 4051 idem

2119 4118 2266 4170 dixit.
2313 4109 2572 4170 Consensi
2603 4115 2658 4162 et
2686 4100 3005 4170 subscripsi.
3055 4096 3189 4151 Item
3217 4095 3476 4150 recitavit.
3520 4091 3687 4146 Fortu-

2121 4209 2369 4264 natianus
2423 4203 2708 4273 episcopus
2766 4194 3044 4250 Metensis.
3125 4188 3353 4258 Cumque
3398 4185 3685 4248 accessisset,

2122 4299 2429 4372 280idem
2452 4294 2605 4347 dixit.
2629 4285 2876 4344 Mandavi
2893 4293 2949 4340 et
2967 4280 3281 4351 subscripsi.
3309 4278 3447 4333 Item
3467 4278 3682 4333 recitavit.

2124 4391 2430 4446 Felicianus
2460 4383 2745 4454 cpiscopus
2767 4374 3066 4433 Utinensis.
3126 4369 3358 4440 Cumque
3397 4368 3684 4429 accessisset,

2123 4481 2261 4536 idem
2306 4479 2454 4533 dixit.
2518 4470 2763 4528 Mandavi
2804 4475 2859 4523 et
2901 4463 3222 4532 subscripsi.
3284 4460 3418 4514 Item
3462 4458 3682 4514 recitavit.

429 4548 659 4585 Cl‘Bllb‘ls.
703 4548 931 4581 namque
956 4548 1284 4571 υνυνυυ.----,
1323 4548 1450 4554 -----__
1488 4548 1492 4549 ν

427 4612 743 4686 subscripsi.
808 4607 942 4662 Item
967 4597 1217 4657 recitavit.
1280 4584 1534 4648 Gedudus
1580 4582 1869 4654 episcOpus
1900 4576 2017 4633 Uti-
2051 4590 2104 4651 ι)
2129 4571 2470 4638 Florentjnus
2519 4564 2802 4636 episcopus
2847 4575 2874 4613 a
2907 4555 3226 4612 Tubusubtu
3257 4551 3436 4623 (508).
3493 4548 3685 4616 Cumque

1305 4683 1349 4686 ⁷’
1677 4673 1724 4686 “”
1819 4672 1829 4686 ⁸
1913 4671 1922 4682 ”
2004 4680 2016 4686 ‘
2494 4656 2794 4686 ελη-ι-ιηηεξι
2864 4643 3533 4686 υοηδηυςρις.,ιηρ,εηςὶ
3581 4639 3685 4686 [ειη

428 4712 629 4770 censis.

431 4881 735 4935 conslalex
765 4881 884 4933 cap.
910 4859 1050 4935 155‘,
1097 4848 1322 4935 Inicidus
1372 4849 1489 4899 erat
1538 4837 1808 4908 episcopus
1856 4831 2018 4904 plebis

437 4922 877 5005 ﬁla-rcellianensis
908 4945 961 4989 et
991 4922 1296 4982 Bazitensis.

506 5035 657 5111 (501)
701 5023 1077 5103 Apissanensis.
1129 5009 1440 5084 Legendum
1470 5002 1683 5057 videtur
1715 5013 1742 5051 a
1789 4994 2022 5049 Pissanis

579 5109 601 5111 “
747 5107 755 5111 ‘
861 5098 898 5111 “
1039 5109 1048 5111 ς
1108 5090 1248 5111 ius“.
1292 5079 1537 5111 ηἶυῖιηιηα
1571 5074 1878 5111 Ru'mnmms
1926 5082 2022 5111 nn-

437 5109 531 5168 seu
573 5109 802 5162 Pesanis.
855 5109 1057 5151 Pesana
1108 5109 1248 5142 inter
1291 5109 1539 5136 υινιιυιυο
1571 5109 1878 5144 υμ...υυ.....,
1925 5109 1948 5119 ..

438 5189 679 5239 meratur
706 5177 756 5229 in
791 5169 956 5226 veteri
989 5161 1179 5218 nclitia
1210 5168 1368 5227 quam
1404 5145 1726 5214 Beveregius
1758 5137 1948 5195 edidit.

512 5235 659 5342 (502)
700 5259 1040 5321 Nasaitensis.
1091 5252 1257 5319 Cujus
1286 5240 1575 5317 provinciae
1603 5235 1695 5300 sit,
1730 5235 2020 5287 incertum.

713 5354 1153 5428 Merferebitanus.
1213 5340 1381 5411 Cujus
1440 5330 1729 5422 provincia:
1777 5327 1887 5390 sit,
1943 5324 2025 5376 in-

438 5450 1101 5575 cezgtg‘b;Tiguzabcl‘ensis.
1125 5486 1292 5568 Cujus
1311 5477 1600 5561 provincia:
1621 5474 1710 5575 sit,
1732 5472 2023 5575 incertum.

1114 5562 1146 5575 η
1217 5572 1270 5575 η*
1299 5564 1657 5575 *-Αυ-ηΑ-ηιρι
1737 5556 1883 5575 ιημην
1913 5554 1999 5575 ηιη

685 5576 726 5628 Α
747 5545 1091 5626 Lacu-dulce.
1111 5545 1273 5623 Cujus
1299 5545 1588 5624 provincia:
1617 5548 1706 5606 sit,
1737 5545 2023 5595 incertum.

1057 5644 1060 5645 ⁷
1153 5637 1188 5645 ’⁸
1355 5632 1388 5645 "
1504 5639 1513 5645 ι
1586 5629 1595 5639 ⁸
1673 5626 1730 5645 γε-
1798 5621 1849 5645 Ι..
1882 5620 1996 5645 ‘1...-

511 5620 661 5724 (506)
698 5620 1314 5724 Vanarionensis._For‘te
1347 5626 1753 5724 Itantitoricnsi's;
1796 5621 1851 5674 lu
1882 5620 2025 5673 Mau-

440 5696 628 5785 ritbnia
646 5696 1086 5782 ’Cmsarieusi,ut
1113 5713 1273 5767 docet
1300 5703 1489 5760 notitia
1522 5715 1669 5754 num.
1703 5696 1782 5748 ll.

511 5820 662 5890 (307)
697 5810 1193 5870 Maudasumitauus.
1238 5801 1296 5856 In
1328 5793 1610 5868 provincia
1631 5791 1931 5860 Byzaceua,
1965 5790 2022 5837 ut

672 4705 898 4773 Cumque
923 4694 1249 4754 accessisset,
1295 4683 1431 4737 idem
1462 4677 1611 4733 dixit.
1676 4671 1926 4730 Maudavi
1969 4680 2023 4727 et

855 5074 1057 5151 eam
1108 5074 1248 5142 intevr
1291 5079 1539 5136 civitates
1571 5074 1896 5151 Byaacettas
1925 5082 2024 5120 nu-

2130 4666 2457 4729 accessisset,
2494 4659 2630 4715 idem
2658 4656 2813 4710 dixit.
2864 4649 3108 4706 Mandavi
3139 4657 3194 4704 et
3219 4643 3534 4715 subscripsi.
3577 4639 3685 4695 Item

2124 4829 2284 4954 docet
2312 4823 2498 4881 notitia
2535 4834 2683 4874 num.
2717 4815 2852 4880 ΗΟ,
2900 4813 2992 4868 ubi
3037 4807 3340 4880 appellatur
3367 4801 3686 4859 Madassumi—

2150 4917 2297 4952 anus.
3263 4908 3272 4918 '

2150 4917 2297 4952 anus.
3263 4908 3272 4918 '

2201 4991 2350 5062 (508)
2388 4991 2432 5062 Α(
2459 4983 2782 5062 Tubusubtu.
2821 4978 2879 5058 In
2913 4970 3467 5062 notitianMauritaJnite
3498 4966 3684 5026 Sitifen-

2129 5043 2383 5117 sis—num.
2413 5061 2474 5121 8,
2508 5055 2744 5109 occurrit
2774 5051 3060 5121 episcopus
3089 5043 3578 5121 Tugusubditanus,
3610 5049 3685 5116 pro

2129 5149 2237 5203 quo
2287 5104 3100 5203 legeutitim-ﬁliibusubditdnus...
3162 5104 3225 5194 lu
3275 5112 3464 5203 r'i'otiLtia
3505 5104 3684 5203 imperii

2685 5190 3014 5260 Prtupusiltts
3073 5185 3259 5260 limitis
3288 5177 3682 5260 Tubusubditani:

2131 5244 2828 5342 TitiniaiiiisEribéb’ani
2857 5270 3105 5342 veteres,
3146 5264 3208 5336 .et
3246 5254 3340 5342 ξιξι
3365 5253 3551 5321 legitur
3571 5244 3684 5342 θριξά

2136 5316 2487 5402 ἰδῖιῖιᾌῖἱῖἷὲξὶἱὲἱί
2521 5316 2889 5403 Ῐεὶᾶ.”ὶῦζ”ουρ.
2915 5330 2982 5394 2,
3020 5316 3254 5403 Plinium
3286 5323 3377 5376 lib.
3410 5316 3680 5403 genus.

2137 5420 2467 5474 Antoninum
2512 5386 2593 5464 in~
2610 5386 2928 5469 ltinbrario,
2971 5386 3026 5474 et
3067 5396 3414 5474 Anitniauum
3451 5386 3680 5473 Mareelli-

2135 5507 2285 5552 num,
2319 5464 2591 5546 lib-rrum,
2629 5495 2747 5548 cap.
2774 5480 2826 5530 5.
2871 5464 2925 5526 In
2961 5464 3521 5552 Antonitiiltinerario
3547 5470 3679 5552 prope

2137 5531 2324 5616 Saldbs
2353 5530 2591 5610 locatum,
2615 5530 2946 5605 numeratur.
2979 5539 3201 5616 etqapud
3226 5530 3675 5616 Ammianum'loco

2135 5598 2956 5694 littl‘tlafo-’I'abusup-lumndicitur
2983 5598 3150 5694 Elissa
3186 5608 3491 5691 contiguum
3519 5598 3672 5656 Ilvati-

2373 5679 2487 5768 qui,
2518 5679 2663 5774 ut'cs
2714 5687 2937 5774 Tabulis
2984 5679 3426 5774 Ρθυιίηεειζίυηίξ
3464 5681 3608 5745 Pam"
3647 5682 3671 5720 ³

2133 5749 2701 5831 'Iiu's‘u‘cdurracolonia
2730 5761 2920 5820 Saldas
2951 5769 3120 5826 usque
3148 5749 3497 5824 pertingebat.
