3838 6222
260 263 286 320 Ι
298 261 405 318 529

1220 264 1443 322 GESTA
1486 262 1938 322 COLLATIONIS
1978 266 2599 329 CARTHAGINENSIS.

3414 277 3551 334 1550

258 381 522 457 recitavit.
552 382 761 440 Marcus
788 385 1073 455 episcopus
1095 381 1402 439 Midicensis
1431 378 1604 452 (509).
1639 380 1862 450 Cumque
1888 385 1942 444 Α
1967 382 2253 440 Flavianus
2278 387 2565 458 episcopus
2596 390 2954 448 Pauzcrcnsis
2982 391 3155 465 (517).
3205 391 3430 463 Cumque
3459 413 3550 450 ac-

258 476 579 541 accessisset,
607 472 738 531 idem
769 480 920 533 dixit.
965 477 1209 533 Mandavi
1234 483 1286 532 ct
1313 476 1638 546 subscripsi:
1670 475 1864 530 adver-

260 568 467 620 sarium
500 585 606 623 non
633 570 837 626 habeo.
899 572 1117 643 Alypius
1158 571 1430 641 episcopus
1482 567 1734 623 Ecclesia:
1773 585 1860 622 ca-

267 658 477 739 tholica
504 661 654 714 dixit.
703 662 853 718 Unde
883 663 984 719 es?
1031 680 1149 735 qua:
1180 672 1265 719 est
1293 671 1473 717 autem
1506 662 1697 717 civitas
1727 662 1863 717 tua?

262 745 475 802 Marcus
524 752 790 821 episcopus
841 755 991 808 dixit.
1072 755 1238 810 Secns
1288 755 1585 824 Tapruram
1640 753 1856 810 Midica.

257 835 421 892 Novit
449 855 533 894 me
566 841 910 898 Dimenianus
935 861 964 898 a
997 846 1260 916 Taprura.
1301 846 1435 900 Item
1464 847 1710 901 recitavit.
1754 846 1858 902 Do-

263 943 428 987 natus
451 934 735 1004 episcopus
765 938 1118 993 Cresimensis
1139 940 1310 1010 (510).
1354 940 1579 1010 Cumque
1610 941 1862 995 accessis-

257 1034 360 1088 set,
393 1025 526 1078 idem
556 1024 708 1080 dixit.
755 1026 1000 1106 Mandavi
1027 1040 1081 1083 et
1107 1032 1402 1100 subscripsi
1434 1051 1446 1085 :
1480 1033 1849 1089 adversarium

259 1132 372 1171 non
421 1118 612 1174 habeo.
678 1117 812 1179 Item
862 1122 1110 1174 recitavit.
1181 1123 1524 1178 Victorianus
1567 1127 1858 1197 episcopus

261 1213 627 1285 Puppitanus.
661 1213 890 1287 Cumque
909 1217 1224 1279 accessisset,
1260 1217 1396 1270 idem
1422 1218 1572 1272 dixit.
1616 1219 1858 1275 Mandavi

255 1319 314 1365 et
339 1309 658 1382 subscripsi.
719 1310 855 1365 Item
884 1311 1132 1364 recitavit.
1180 1309 1406 1364 Dativus
1436 1312 1722 1382 episcopus
1748 1313 1858 1368 No-

255 1402 596 1470 vapetrensis
625 1401 803 1474 (511).
869 1399 1096 1474 Cumque
1142 1401 1469 1465 accessisset,
1518 1401 1656 1455 idem
1701 1404 1854 1458 dixit.

260 1493 509 1550 Mandavi
547 1503 600 1551 et
631 1495 966 1564 subscripsi:
1013 1504 1067 1549 et
1095 1493 1469 1548 adversarium
1511 1509 1617 1548 non
1661 1494 1856 1564 habeo,

255 1585 385 1654 quia
427 1585 540 1640 illic
579 1594 666 1641 est
712 1586 949 1640 domnus
985 1585 1288 1650 Marculus,
1335 1585 1493 1654 cujus
1542 1585 1858 1656 sanguinem

257 1677 403 1732 Deus
429 1679 608 1748 exiget
635 1677 692 1732 ia
725 1677 815 1733 die
841 1676 1049 1746 judicii.
1091 1675 1226 1732 Item
1252 1677 1502 1733 recitavit.
1538 1676 1858 1732 Maximinus

1965 475 2235 541 cessisset,
2288 478 2425 531 idem
2467 481 2617 535 dixit.
2681 483 2923 538 Mandavi
2956 492 3010 538 et
3037 485 3351 552 subscripsi.
3419 483 3553 540 Item

1964 568 2214 620 recitavit.
2258 567 2560 626 Clarentius
2588 575 2871 644 episc0pus
2902 578 3278 635 Tabracensis.
3330 577 3555 649 Cumque

1965 660 2280 728 accessisset,
2311 662 2448 716 idem
2476 665 2627 720 dixit.
2689 667 2934 722 Mandavi
2962 681 3016 724 et
3043 671 3357 740 subscripsi.
3421 671 3558 727 Item

1964 753 2219 808 recitavit.
2303 752 2695 827 Recargentius
2757 763 3040 832 episcopus
3107 763 3556 835 Lamiggigensis.

1965 845 2194 916 Cumque
2241 848 2571 915 accessisset,
2632 851 2765 905 idem
2814 854 2965 908 dixit.
3031 855 3278 910 Mandavi
3323 867 3378 912 et
3428 859 3558 914 διώ-

1964 941 2159 1007 scripsi
2186 957 2199 991 :
2232 941 2603 996 adversarium
2637 958 2744 998 non
2772 943 2965 1000 habeo.
3012 947 3252 1002 Aurelius
3285 951 3554 1023 episcopus

1965 1034 2402 1090 Macomadiensis
2431 1037 2577 1091 dixit.
2629 1037 2744 1092 Illic
2774 1047 2858 1094 est
2886 1038 3304 1097 Crescentianus
3334 1046 3558 1115 presby-

1965 1134 2070 1181 ter.
2138 1125 2272 1180 ltem
2313 1127 2560 1181 recitavit.
2623 1129 2904 1185 Pascasius
2943 1131 3232 1202 episcopus
3260 1133 3560 1205 Tuggensis

1965 1216 2142 1289 (518).
2201 1216 2431 1289 Cumque
2467 1221 2798 1286 accessisset,
2839 1222 2976 1277 idem
3006 1223 3155 1278 dixit.
3218 1223 3461 1281 Mandavi
3505 1237 3562 1282 et

1962 1311 2283 1383 subscripsi.
2331 1313 2466 1369 Item
2495 1317 2745 1369 recitavit.
2798 1314 2990 1371 Castus
3017 1317 3306 1389 episc0pus
3336 1317 3554 1374 Cellcn-

1963 1402 2060 1457 sis.
2106 1405 2336 1476 Cumque
2366 1410 2680 1474 accessisset,
2711 1409 2846 1464 idem
2874 1411 3025 1467 dixit.
3070 1412 3317 1468 Mandavi
3345 1423 3400 1466 et
3429 1413 3558 1469 sub-

1963 1495 2175 1564 scripsi.
2212 1495 2343 1552 Item
2373 1500 2620 1554 recitavit.
2650 1500 2820 1570 Aptus
2850 1503 3136 1573 episc0pus
3166 1504 3553 1561 Tuzuritanus.

1966 1583 2194 1657 Cumque
2241 1592 2573 1659 accessisset,
2625 1594 2759 1647 idem
2807 1595 2958 1650 dixit.
3023 1596 3272 1652 Mandavi
3323 1606 3377 1653 et
3422 1599 3553 1653 sub-

1962 1679 2179 1746 scripsi.
2235 1679 2371 1734 Item
2401 1684 2645 1738 recitavit.
2689 1684 2872 1741 Victor
2898 1686 3184 1757 episcOpus
3209 1688 3548 1744 Rotariensis

254 1771 546 1840 episcopus
565 1769 701 1824 dixit
723 1769 898 1842 (512).
932 1767 1160 1835 Cumque
1184 1769 1502 1834 accessisset,
1534 1769 1671 1822 idem
1697 1767 1850 1823 dixit.
1885 1773 1933 1833 B
1960 1770 2136 1846 (519).
2191 1770 2418 1840 Cumque
2454 1777 2777 1840 accessisset,
2828 1779 2963 1831 idem
3002 1779 3151 1833 dixit.
3215 1780 3458 1835 Mandavi
3491 1792 3547 1837 et

255 1859 507 1915 Mandavi
555 1866 610 1915 et
657 1859 974 1928 subscripsi.
1030 1855 1167 1911 Item
1217 1858 1467 1912 recitavit.
1533 1853 1860 1914 Cresconius

253 1953 544 2022 episcopus
569 1950 851 2024 Legensis.
895 1948 1139 2021 Cumque
1162 1949 1490 2015 accessisset,
1539 1948 1675 2002 idem
1704 1949 1856 2004 dixit.

258 2043 510 2099 Mandavi
543 2053 597 2099 et
622 2042 961 2113 subscripsi:
1005 2041 1378 2097 adversarium
1413 2041 1487 2097 ibi
1529 2056 1630 2097 nec
1671 2041 1856 2107 habui,

255 2152 360 2191 nec
389 2137 583 2191 habeo.
646 2133 782 2191 Item
809 2135 1062 2190 recitavit.
1102 2133 1526 2190 Valentinianus
1570 2136 1858 2205 episcopus

255 2229 553 2286 Juncensis
575 2229 749 2302 (515).
779 2226 1006 2299 Cumque
1032 2227 1345 2294 accessisset,
1375 2227 1510 2280 idem
1538 2227 1688 2283 dixit.
1711 2227 1858 2284 Man-

255 2322 380 2379 davi
418 2332 472 2378 et
504 2321 826 2390 subscripsi.
890 2318 1024 2374 Item
1054 2320 1303 2375 recitavit.
1364 2317 1699 2376 Gaudentius
1736 2322 1855 2392 epi-

256 2432 457 2487 scopus
508 2415 785 2471 Zertensis
823 2405 996 2488 (514).
1061 2413 1288 2485 Cumque
1333 2413 1670 2480 accessisset,
1720 2415 1856 2470 idem

256 2510 412 2564 dixit.
465 2507 708 2565 Mandavi
739 2515 794 2563 et
820 2507 1121 2576 subscripsi
1156 2523 1170 2560 :
1215 2505 1589 2561 adversarium
1619 2522 1726 2564 non
1758 2507 1856 2562 ha-

255 2603 382 2660 beo.
437 2605 677 2659 Aurelius
715 2603 981 2674 episcOpus
1012 2600 1256 2658 Ecclesiae
1285 2601 1556 2657 catltolicce
1587 2602 1855 2657 Macoma—

256 2696 450 2750 ziensis
469 2697 629 2754 dixit.
693 2695 793 2749 Est
822 2694 896 2748 ibi
926 2694 1212 2766 presbyter
1239 2692 1661 2748 Catholicorum.
1708 2692 1852 2748 Gau-

175 2787 178 2789 ’
256 2795 466 2849 dentius
502 2796 770 2867 episcOpus
816 2795 966 2849 dixit.
1029 2794 1145 2849 Non
1186 2793 1361 2850 habeo
1389 2797 1764 2868 adversarium
1797 2794 1852 2848 in

256 2889 420 2961 plebe
446 2905 586 2946 mea.
621 2887 754 2944 Item
778 2890 1027 2946 recitavit.
1071 2887 1379 2952 Bonifacius
1408 2891 1693 2960 episcOpus
1713 2889 1854 2946 Uru-

256 2982 474 3052 gitanus
502 2979 674 3054 (515).
730 2979 959 3053 Cumque
987 2983 1310 3050 accessisset,
1343 2983 1478 3037 idem
1507 2983 1657 3037 dixit.
1689 2961 1853 3037 ’Ματι-

255 3077 384 3133 davi
412 3087 466 3133 et
493 3078 809 3151 subscripsi.
845 3076 978 3131 Item
1008 3078 1260 3132 recitavit.
1297 3079 1536 3132 Donatus
1563 3077 1852 3148 episcopus

1966 1864 2294 1935 subscripsi:
2325 1866 2691 1921 adversarium
2723 1883 2828 1923 non
2862 1868 3059 1924 habeo.
3095 1869 3335 1924 Aurelius
3361 1873 3556 1941 episco-

1965 1973 2061 2028 pus
2091 1955 2340 2012 Ecclesia:
2366 1959 2634 2013 catholica:
2660 1957 3093 2028 Macomadiensis
3121 1961 3270 2016 dixit.
3329 1963 3550 2034 Episco-

1965 2065 2090 2119 pum
2124 2049 2234 2105 illic
2265 2051 2568 2106 habuimus.
2603 2051 2888 2108 Occidistis
2917 2054 3066 2118 illum
3094 2065 3150 2110 et
3179 2057 3470 2114 invasistis.

2039 2142 2163 2200 188.
2207 2140 2505 2199 Adéodatus
2549 2146 2821 2217 episcopus
2863 2127 3012 2201 dixit.
3070 2148 3209 2203 Dicit
3238 2150 3553 2221 episcopum

1965 2239 2228 2295 occisum.
2274 2239 2538 2308 Accuset,
2567 2241 2791 2309 doceat,
2818 2243 3082 2300 intendat.
3138 2245 3212 2299 Et
3241 2248 3347 2302 alia
3373 2265 3554 2303 manu.
3587 2241 3594 2245 ’

1964 2331 2274 2388 Adeodatus
2314 2333 2598 2404 episcopus
2643 2337 2955 2407 recognovi.
3015 2337 3258 2394 Aurelius
3283 2341 3555 2412 episcopus

1960 2426 2226 2504 Ecclesiae“
2247 2427 2511 2482 catholicae
2537 2426 2971 2484 Macomadieusis
3001 2430 3156 2486 dixit.
3216 2432 3284 2487 Et
3313 2433 3552 2501 rebapti-

1958 2529 2220 2574 zaverunt
2268 2520 2416 2574 illum
2503 2520 2777 2576 hominem
2845 2523 3268 2592 nonagenarium
3330 2526 3546 2593 episco-

1958 2609 2083 2682 puni
2109 2610 2285 2685 (520).
2320 2610 2494 2666 Victor
2520 2613 2791 2682 episcopus
2821 2615 3097 2668 Axureusis
3115 2613 3266 2688 (521)
3294 2615 3544 2672 Ecclesia:

1957 2705 2225 2760 catholica:
2253 2706 2406 2760 dixit.
2456 2697 2678 2761 Dicit'se
2707 2723 2812 2762 non
2843 2707 3062 2765 habere.
3096 2707 3214 2778 Ego
3245 2694 3541 2768 Ecclesiam

1958 2797 2069 2853 illic
2099 2798 2273 2853 habeo
2293 2838 2307 2862 ,
2337 2798 2479 2868 quod
2512 2807 2565 2854 te
2592 2816 2700 2855 non
2731 2798 2884 2870 fugit.
2939 2799 3071 2855 Item
3096 2794 3346 2858 iecitavit.
3401 2803 3548 2860 Cali-

1957 2890 2154 2962 podius
2196 2892 2485 2962 episcopus
2528 2891 2904 2949 Vazaritanus.
2956 2891 3185 2964 Cumque
3224 2888 3542 2960 accessisset,

1957 2982 2091 3036 idem
2118 2983 2269 3038 dixit.
2304 2984 2546 3038 Mandavi
2577 2993 2631 3038 et
2656 2972 2971 3055 Subscripsi.
3007 2984 3138 3039 Item
3164 2989 3413 3042 recitavit.
3446 2989 3550 3042 Be-

1956 3088 2183 3132 nenatus
2237 3079 2522 3149 episcopus
2564 3079 2882 3136 Casensium
2930 3082 3322 3137 Bastalensium
3365 3083 3545 3156 (522).

254 3163 724 3227 Bamaccorensis.
758 3169 986 3240 Cumque
1012 3171 1326 3237 accessisset,
1357 3172 1492 3225 idem
1515 3171 1664 3226 dixit.
1697 3172 1848 3226 Man-
1874 3171 1920 3234 C
1952 3169 2201 3243 [Cumque
2219 3173 2528 3237 accessisset,
2553 3171 2686 3226 idem
2703 3172 2880 3246 dixit.]
2900 3174 3144 3229 Mandavi
3159 3183 3213 3229 et
3228 3176 3547 3247 subscripsi,

252 3264 378 3319 davi
409 3273 462 3318 et
489 3262 815 3333 Subscripsi,
862 3273 917 3317 et
949 3262 1154 3318 nullum
1187 3261 1360 3317 habeo
1387 3263 1760 3318 adversarium
1785 3258 1847 3318 in

251 3356 438 3427 plebe,
471 3355 573 3411 nisi
606 3355 778 3410 solum
805 3354 1132 3409 Absalonem
1163 3353 1338 3427 (516).
1382 3355 1623 3409 Aurelius
1653 3355 1853 3424 episco-

249 3466 353 3522 pus
381 3446 634 3503 Ecclesiae
662 3448 932 3503 catholicas
959 3446 1394 3501 Macomadiensis
1435 3448 1586 3502 dixit.
1641 3448 1741 3503 Hic
1770 3457 1854 3503 est

250 3540 544 3610 episcopus
575 3555 817 3609 praesens
846 3540 1155 3595 Cassianus.
1219 3538 1348 3601 Item
1376 3540 1625 3594 recitavit.
1675 3539 1854 3596 Resti-

250 3641 407 3689 tutus
435 3635 721 3704 episcopus
750 3632 1190 3687 Drusilianensis.
1251 3631 1480 3703 Cumque
1522 3635 1848 3702 accessisset,

247 3729 391 3784 idem
429 3729 581 3784 dixit.
643 3727 890 3783 Mandavi
931 3734 988 3782 et
1031 3725 1348 3796 subscripsi.
1417 3724 1548 3779 Item
1597 3727 1846 3781 recitavit.

327 3916 478 3990 (509)
511 3913 833 3969 Midicensis.
865 3911 1050 3968 Vicina
1083 3909 1240 3965 sedes
1263 3909 1522 3978 Taprura:
1548 3908 1601 3962 in
1628 3908 1846 3979 provin-

248 3989 343 4046 cia
367 3989 663 4058 Byzacena.

353 4053 481 4123 510)
504 4055 855 4112 Cresimensis.
888 4054 1051 4123 Cujus
1078 4053 1366 4122 provinciae
1397 4053 1488 4118 sit,
1517 4053 1800 4113 incertum.

353 4060 458 4114 510
504 4060 855 4112 Cresimensis.
888 4060 1051 4123 Cujus
1078 4060 1366 4122 provincia:
1397 4060 1488 4118 sit,
1517 4060 1644 4107 incel

353 4060 482 4202 311)
518 4127 937 4202 Novapetrensis.
968 4125 1258 4202 Castellum
1293 4127 1343 4202 in
1372 4123 1644 4202 Numidia.

353 4194 480 4271 512)
509 4194 680 4254 Dixit.
721 4200 860 4252 Loco
880 4199 1043 4271 hujus
1072 4197 1241 4271 verbi,
1265 4196 1432 4271 dixit,
1465 4194 1837 4271 reponendum

250 4265 412 4330 esset.
449 4265 645 4327 notnen
687 4270 921 4326 civitatis
950 4265 1103 4340 cujus
1135 4265 1450 4352 Maximinus
1471 4275 1598 4322 erat
1626 4268 1835 4336 episco—

294 4363 376 4402 IIS.

250 4363 482 4488 Pu($513)
533 4416 831 4471 Juncensis.
860 4413 937 4488 _ln
985 4412 1299 4488 Byzacena,
1354 4418 1413 4464 ut
1456 4409 1614 4488 docet
1659 4408 1850 4488 notitia

250 4480 405 4544 num.
434 4480 556 4553 105,
589 4487 822 4542 celebris
852 4485 951 4539 fuit
977 4480 1510 4554 sy'nodusJunceusis
1539 4497 1680 4554 anno
1717 4480 1842 4554 524,

249 4560 470 4625 habita;
521 4551 676 4627 cujus
703 4572 966 4613 canonem
1000 4551 1163 4610 refert
1195 4551 1501 4627 Ferrandus
1539 4554 1592 4627 in
1622 4553 1841 4627 Brevia-

327 4060 348 4274 Ξ

1963 3273 2019 3318 et
2045 3280 2151 3317 non
2182 3263 2356 3319 habeo
2380 3264 2769 3321 adversarium.
2803 3265 2934 3320 Item
2955 3267 3202 3320 recitavit.
3239 3267 3543 3324 Honoratus

1957 3358 2242 3427 episcopus
2273 3356 2692 3428 Adquesirensis
2730 3351 2907 3431 (525).
2976 3356 3202 3429 Cumque
3230 3360 3548 3424 accessisset,

1957 3450 2096 3504 idem
2144 3449 2293 3504 dixit.
2352 3449 2602 3505 Mandavi
2649 3458 2706 3513 et
2751 3450 3071 3520 subscripsi.
3127 3450 3259 3504 Item
3299 3451 3547 3505 recitavit.

1959 3543 2115 3599 Felix
2144 3545 2431 3614 episcopus
2461 3544 2816 3600 Maxulitanus
2840 3543 3017 3616 (524).
3059 3541 3286 3615 Cumque
3309 3546 3550 3600 accessis-

1957 3644 2054 3702 set,
2079 3635 2216 3690 idem
2243 3635 2395 3690 dixit.
2430 3636 2674 3690 Mandavi
2700 3643 2755 3691 et
2782 3637 3099 3707 subscripsi.
3131 3636 3266 3690 Item
3292 3639 3546 3693 recitavit.

1958 3729 2263 3785 Marcianus
2310 3731 2601 3801 episcopus
2641 3729 2938 3786 Sitifensis.
2965 3728 3192 3801 Cumque
3234 3733 3549 3799 accessisset,

2026 3910 2570 4038 (519;,Rptarieusisn
2598 3912 2753 3984 Apud
2776 3913 3028 3996 Optatum
3067 3911 3161 3968 lib.
3192 3929 3230 3995 1.,
3269 3928 3418 3968 num.
3451 3913 3541 3982 14,

2070 3985 2125 4038 5.
2210 3984 2312 4038 eltx
2331 4001 2361 4036 a
2383 3983 2602 4038 Rotarto
2625 3996 2948 4038 recensetur
2973 3994 3112 4038 inter
3136 3999 3421 4038 emsconos
3441 3985 3541 4038 Nu-

1955 3983 2125 4056 p.15,
2157 3983 2312 4038 Felix
2331 4001 2361 4036 a
2383 3983 2602 4056 Rotario
2625 3983 2948 4046 recensetur
2973 3987 3112 4039 inter
3136 3985 3421 4056 episcopos
3441 3985 3549 4040 Nu-

1953 4055 2130 4110 midia:
2159 4056 2248 4126 qui
2275 4058 2505 4110 concilio
2531 4054 2767 4112 Cirtensi
2795 4057 3103 4111 adfuerunt.

2023 4148 2631 4224 (SngfNouagenarium
2667 4151 2980 4224 episcopum.
3027 4149 3359 4224 Simplicium
3389 4151 3544 4207 scili-

1948 4233 2034 4276 cet
2061 4221 2417 4290 Tibilitanum,
2450 4230 2509 4276 ut
2533 4223 2727 4276 dicitur
2755 4223 2805 4276 in
2837 4221 2946 4276 line
2973 4221 3173 4296 capitis
3192 4221 3317 4277 197.

2031 4314 2181 4387 (521)
2211 4313 2652 4387 Αιυτεηείεηᾙὶο
2676 4314 2860 4387 Victor
2881 4315 3090 4387 Cognit.
3119 4314 3176 4387 2,
3200 4328 3320 4387 cap.
3351 4315 3438 4380 15,
3463 4314 3546 4369 di-

1955 4385 2401 4458 citurrAjureusis.
2438 4388 2490 4458 E_
2507 4385 2753 4458 Numidia
2780 4386 2945 4440 fuisse
2975 4385 3266 4458 verisimile
3289 4395 3390 4447 est,
3416 4401 3538 4458 cum

1953 4458 2006 4511 in
2035 4456 2166 4514 urbe
2188 4456 2497 4513 Rotaricnsi
2526 4473 2643 4529 qua:
2665 4457 2929 4513 Numidia:
2954 4467 3057 4523 est,
3079 4456 3224 4530 dicat
3245 4457 3546 4512 Ecclesiam

1949 4543 2007 4583 se
2039 4530 2258 4585 habere.

256 4633 407 4689 tione
431 4620 712 4686 Canunum
746 4646 865 4684 can.
899 4628 991 4695 26,
1021 4626 1292 4680 Juncensis
1321 4625 1516 4678 littoris
1547 4626 1604 4678 lit
1638 4623 1843 4696 mentio
1873 4637 1921 4696 ι)
1987 4621 2171 4696 Δ(522)
2214 4621 2514 4676 Casensium
2563 4620 2963 4677 Bastaleusium.
3033 4620 3199 4690 Cujus
3249 4620 3544 4690 provinciae

253 4705 308 4757 in
341 4707 445 4756 vita
475 4703 764 4773 Fulgentii.
827 4699 957 4753 Erat
988 4709 1040 4773 et
1093 4700 1142 4773 in
1175 4696 1493 4751 Mauritania
1521 4695 1843 4773 thsariensi

250 4773 528 4848 .Ianceusis
563 4767 866 4848 e'piswpus,
914 4771 1004 4848 qui
1056 4770 1260 4848 primus
1299 4777 1524 4835 apparet
1569 4768 1622 4821 in
1654 4767 1843 4848 iustitia

252 4846 415 4913 hujus
443 4839 750 4911 provinci:th
797 4844 851 4897 ln
884 4839 1109 4913 epistola
1140 4840 1516 4913 episcoporum
1548 4839 1845 4913 provintju:

253 4907 548 4986 Byxacetim
594 4915 884 4986 subscribit
914 4907 1194 4965 Numidius
1221 4911 1492 4986 episcopus
1528 4907 1719 4964 sancta:
1744 4907 1847 4962 Ec-

251 4982 424 5043 clesiae
452 4983 920 5040 Sosiante—Juucis.
1486 4982 1489 4986 '
1612 4992 1616 4997 ·

327 5056 480 5128 (511)
511 5055 788 5128 ζετιεηεὶε.
839 5055 971 5128 Vide
1013 5067 1134 5128 qua}
1169 5052 1404 5128 diximus
1434 5052 1499 5106 ad
1528 5062 1688 5128 caput
1723 5051 1848 5106 155.

331 5121 485 5199 (515)
517 5126 858 5196 Urugitanus.
893 5121 1054 5199 Forte
1082 5121 1395 5187 Uracitanus
1427 5139 1520 5178 seu
1554 5123 1854 5190 Urcitanus,

257 5200 310 5255 in
341 5195 1052 5266 provinciaproconsulari.

329 5265 482 5342 (516)
511 5265 844 5342 Absalonent.
868 5266 1168 5342 Cassianum
1197 5265 1406 5318 scilicet
1434 5265 1669 5342 quiAejus
1695 5280 1854 5342 pres-

252 5335 413 5414 hyter
463 5335 676 5404 fuerat,
724 5350 794 5414 ut
833 5339 1063 5393 habetur
1107 5350 1272 5404 supra
1315 5350 1435 5404 cap.
1489 5335 1614 5390 128.
1678 5339 1853 5407 Atque

251 5412 378 5472 ideo
407 5414 712 5468 Absalonem
747 5412 830 5464 hic
858 5427 980 5464 eum
1015 5419 1188 5463 vocat.

258 5531 266 5543 .
331 5486 485 5558 (517)
514 5481 1089 5558 Battxerensis;ann_s
1123 5479 1414 5558 provincia:
1447 5477 1539 5543 sit,
1565 5480 1853 5558 incertum.

275 5571 278 5578 '
330 5550 482 5623 (518)
511 5555 820 5626 Tuggensis.
871 5553 1031 5608 Forte
1056 5553 1113 5626 in
1149 5551 1424 5626 provincia
1462 5550 1852 5626 proconsulari.

249 5620 387 5683 Nam
426 5620 894 5694 Victor'e'piscOpus
925 5623 1186 5693 municipii
1209 5620 1388 5689 Togia:
1423 5622 1718 5694 subscribit
1745 5622 1857 5688 cpi-

248 5699 408 5754 statua
443 5692 824 5767 episcoporum
874 5692 1161 5767 provinciae
1190 5692 1597 5763 proconsularis
1641 5693 1694 5747 in
1726 5706 1858 5748 con-

247 5770 376 5825 t‘ilio
400 5766 776 5824 Lateranensi.

1954 4693 2045 4760 sit,
2089 4695 2377 4748 incertum.
3306 4760 3308 4762 ν

2025 4783 2175 4857 (525)
2205 4784 2616 4853 Adquesireusis.
2665 4786 2722 4841 1n
2752 4786 3066 4842 Mauritania
3096 4784 3452 4851 Caesariensi,
3487 4793 3548 4841 ut

1952 4857 2114 4912 docet
2147 4858 2331 4912 notitia
2366 4874 2512 4911 num.
2544 4858 2633 4913 66.

2030 4952 2183 5024 (524)
2213 4951 2589 5006 Maxulitanus.
2637 4953 2691 5006 1n
2724 4952 2998 5024 provincia
3028 4950 3435 5022 proconsulari,
3475 4959 3549 5024 rut

1956 5023 2114 5078 dotet
2163 5025 2352 5078 notitia
2409 5041 2555 5078 num.
2589 5023 2689 5089 50,
2745 5023 2976 5077 Maxulte
3025 5025 3323 5079 meminere
3370 5023 3551 5077 Ptole-

1961 5110 2164 5161 mtcus,
2222 5096 2462 5161 Plinius,
2520 5095 2856 5164 Itinerarium
2885 5094 3178 5164 Antonini,
3231 5105 3287 5150 et
3330 5093 3550 5149 Tabulae

1961 5165 2411 5235 Peutingerianae.
2464 5162 2708 5219 Concilio
2739 5162 3170 5234 Carthaginensi'
3192 5166 3294 5220 sub
3323 5165 3551 5235 Aurelio

1961 5252 2103 5291 anno
2129 5233 2258 5301 419,
2294 5235 2535 5290 interfuit
2566 5235 2851 5291 Numidius
2877 5233 3232 5293 Maxulitanus
3262 5237 3420 5307 hujus
3446 5233 3552 5290 Fe-

1963 5309 2075 5363 licis
2101 5309 2470 5379 adversarius,
2504 5318 2560 5361 ut
2589 5319 2735 5378 patet
2764 5325 2830 5363 ex
2856 5324 2977 5379 cap.
3014 5309 3138 5364 112.
3172 5310 3300 5363 Item
3331 5310 3381 5362 in
3410 5323 3546 5361 con.

1965 5380 2088 5434 cilio
2133 5378 2541 5448 Carthaginensi
2593 5381 2694 5434 sub
2737 5378 3014 5434 Bonifacio
3058 5397 3184 5435 ann.
3228 5380 3367 5443 525,
3409 5379 3549 5432 alius

1966 5451 2208 5515 ejusdem
2244 5451 2476 5506 nominis
2503 5452 2772 5520 episcopus
2804 5451 3180 5506 Maxulitanus.
3237 5450 3550 5505 Sanctorum

1968 5522 2413 5577 Maxulitanorum
2461 5522 2722 5578 festivitas
2762 5523 2813 5578 in
2855 5526 3022 5576 veteri
3059 5521 3379 5578 Calendario
3415 5521 3548 5573 Car-

1970 5593 2270 5661 thagiucnsi
2302 5595 2608 5648 celebratur
2635 5595 2722 5649 die
2765 5597 2824 5650 11
2860 5594 3074 5649 kalend.
3103 5594 3325 5661 Augusti
3351 5607 3367 5656 ;
3397 5600 3450 5644 et
3478 5591 3544 5643 de

1967 5665 2156 5719 iisdem
2189 5665 2325 5718 duos
2355 5665 2614 5719 habemus
2652 5667 2759 5720 divi
2795 5665 3074 5735 Augustini
3102 5678 3411 5728 sermones,
3454 5661 3546 5730 qui

1969 5738 2029 5789 de
2054 5735 2244 5790 sanctis
2273 5736 2582 5805 martyribus
2613 5735 2965 5805 Massylitauis
2993 5735 3376 5790 inscribuntur.
