3838 6222
343 163 472 221 453!

1297 157 1337 212 ϐ
1350 153 1523 213 ESTA
1563 149 2018 210 COLLATIONIS
2058 144 2679 209 CARTHAGINENSIS.

3504 141 3639 196 1533

334 262 473 314 idem
519 258 668 312 dixit.
731 253 973 310 Mantlavi
1020 259 1074 304 et
1114 249 1434 320 subscripsi.
1496 248 1629 304 Item
1669 248 1925 302 recitavit.
1957 252 2010 311 Α
2033 248 2286 311 cessisset,
2320 246 2451 298 idem
2473 244 2618 297 dixit.
2648 241 2887 297 Mandavi
2917 247 2970 294 ct
3001 236 3321 306 subscripsi.
3357 235 3492 288 Item
3515 240 3640 290 rcci-

335 352 624 408 Januarius
651 349 935 416 episc0pus
966 341 1334 398 Nutnidiensis
1364 340 1547 410 (325).
1588 342 1818 410 Cumque
1842 356 1931 394 ac-

341 445 590 505 cessisset,
619 439 754 492 idem
783 437 936 490 dixit.
973 433 1217 488 Mandavi
1247 442 1304 487 et
1331 432 1646 502 subscripsi,
1676 441 1732 487 et
1763 430 1930 484 tradi-

341 545 489 590 tores
516 521 624 586 non
662 527 856 582 habeo.
923 524 1332 580 Fortunatianus
1375 525 1643 595 episcOpus
1676 521 1930 578 Ecclesia:

339 625 605 682 catholicae
634 621 888 677 Siccensis
919 619 1070 675 dixit.
1106 617 1262 674 Unde
1290 617 1387 674 es?
1416 617 1707 672 Ianuarius
1732 616 1932 686 episcoo

335 734 434 789 pus
461 715 616 770 dixit.
665 712 913 769 Numidia
945 720 1050 768 est.
1097 710 1414 766 Mauritania
1442 719 1526 765 est
1555 709 1927 766 Caesariensis.

335 810 626 882 Reparatus
664 794 935 878 episcopus
963 803 1212 861 Ecclesia
1246 803 1518 859 catholica
1544 803 1931 874 Sufasaritanat
1967 825 1974 832 ·

335 896 489 957 dixit.
545 899 804 957 Diwcesis
843 913 960 954 mea
1001 905 1102 958 est.
1161 897 1277 952 Illic
1317 897 1698 969 presbyterum
1729 895 1927 961 habeo,

333 995 448 1052 illic
472 1005 646 1049 tecum
669 977 928 1062 vigilavit.
962 988 1097 1044 Item
1114 990 1368 1045 recitavit.
1395 987 1704 1060 Campanus
1721 989 1933 1059 episco-

339 1101 446 1158 pus
492 1085 888 1140 Cincaritanus.
952 1080 1180 1152 Cumque
1218 1081 1546 1148 accessisset,
1595 1079 1732 1135 idem
1771 1080 1929 1134 dixit.

337 1178 586 1236 Mandavi
635 1187 689 1232 et
738 1175 1058 1258 subscripsi.
1116 1172 1253 1228 Item
1294 1173 1546 1228 recitavit.
1602 1171 1931 1228 Cresconius

335 1273 620 1343 episcopus
648 1271 1090 1343 Cassarianen‘sis.
1143 1263 1385 1339 Cumque
1416 1269 1578 1340 281
1608 1266 1931 1332 necauisset,

340 1366 474 1420 idem
495 1365 646 1420 dixit.
664 1363 904 1420 laudavi
929 1371 984 1420 et
1000 1361 1297 1432 subscripsi
1314 1362 1592 1416 :aemulum
1609 1374 1716 1416 non
1733 1359 1928 1414 habeo.

406 1457 532 1514 189.
587 1456 822 1512 Novatus
849 1456 1119 1528 episcopus
1150 1453 1412 1526 Sitifensis
1434 1450 1682 1507 Ecclesia:
1710 1449 1934 1506 catholi-

332 1569 407 1609 ca:
433 1552 582 1608 dixit.
637 1549 807 1608 iiabet
869 1557 1062 1603 contra
1107 1556 1185 1603 ’σθ
1250 1544 1590 1601 Catholicam
1642 1537 1934 1614 presbyte-

2035 339 2180 391 tavit.
2228 339 2456 392 Rufinus
2481 337 2765 406 presbyter
2809 349 2905 403 pro
2944 334 3202 403 episcopo
3253 344 3383 384 meo
3427 328 3640 386 Juliano

2033 430 2282 487 Midlcnsi
2311 432 2462 502 (3‘28)
2495 429 2819 499 subscripsi.

2107 524 2232 581 194.
2273 521 2705 581 Γονῑιιηαιὶαηυε
2749 522 3016 592 episcopis
3059 519 3309 575 Ecclesia
3363 518 3638 576 Catholica

2033 619 2186 673 dixit.
2213 617 2629 687 Respondeatur
2656 627 2835 671 utrum
2877 631 2975 686 pro
2999 627 3270 686 prasente
3301 614 3641 686 subscripse-

2032 712 2122 767 rit.
2154 709 2223 763 Et
2249 711 2356 764 alia
2382 715 2561 764 manu.
2612 710 2944 780 Recognovi.

2107 803 2232 860 195.
2284 803 2581 859 Adeodatus
2627 803 2902 875 episcopus
2938 804 3091 860 dixit.
3140 803 3392 860 Julianus
3429 803 3639 874 egritu-

2037 898 2162 953 dine
2191 898 2522 968 praepeditur
2547 914 2560 952 :
2597 896 2694 953 sed
2742 912 2809 952 ne
2836 897 3117 953 videretur
3141 896 3330 967 aliquo
3351 906 3514 967 pacto
3541 895 3638 952 de-

2030 989 2220 1056 fuisse,
2259 991 2635 1062 presbyterum
2687 990 2856 1056 misit,
2905 1005 3003 1060 per
3050 1004 3215 1060 quem
3241 1004 3398 1044 suam
3431 989 3622 1044 absen-

2034 1082 2161 1138 tiam
2199 1091 2526 1149 excusaret;
2558 1092 2616 1139 et
2645 1083 2761 1153 ipse
2792 1099 2890 1154 pro
2921 1083 3018 1139 illo
3043 1077 3387 1152 subscripsit.
3438 1068 3508 1136 Et
3534 1081 3637 1137 alia

1998 1179 2004 1184 ‘
2033 1189 2212 1228 manu.
2238 1173 2571 1245 Recognovi.

2108 1267 2232 1325 196.
2296 1268 2631 1324 Marcellinus
2676 1269 2754 1324 vir
2798 1268 3112 1323 clarissimus
3141 1267 3379 1323 uibunus
3419 1278 3467 1322 et
3492 1277 3635 1322 uota-

2035 1363 2146 1420 rius
2170 1363 2322 1417 dixit.
2355 1362 2663 1418 Probabilis
2690 1369 2746 1418 et
2766 1361 3102 1417 rationabilis
3120 1362 3405 1416 excusatio
3431 1369 3536 1415 est.

2116 1456 2241 1512 197.
2304 1455 2727 1512 Fortunatianus
2766 1457 3047 1531 episcoPus‘
3083 1453 3334 1509 Ecclesia
3374 1455 3636 1508 catholica

2041 1548 2194 1604 dixit.
2228 1550 2409 1605 Etiam
2441 1548 2547 1604 hoc
2577 1557 2831 1604 testatum
2882 1557 3007 1604 esse
3045 1547 3346 1613 volumus;
3377 1547 3508 1617 quia
3543 1561 3635 1616 pro

335 1662 488 1714 mm.
537 1644 769 1700 clericos
797 1641 1154 1708 abundantes.
1187 1646 1244 1695 et
1281 1639 1511 1710 ρορυιοε
1556 1653 1622 1693 ex
1652 1630 1798 1694 metu
1826 1637 1937 1693 Dd-
1961 1646 2011 1707 Β
2037 1648 2266 1704 absente
2306 1635 2650 1725 subscripsit.
2677 1646 2749 1700 Et
2771 1647 2876 1700 alia
2903 1661 3080 1698 manu.
3131 1644 3470 1713 Rccognovi.
3509 1641 3638 1697 ιισιιι

336 1741 680 1794 natistarum.
715 1735 811 1791 Hic
829 1742 914 1791 est
943 1724 1229 1805 presbyter
1259 1731 1618 1816 et‘diaconus,
1645 1731 1802 1786 hicin
1833 1731 1940 1786 hac

339 1833 564 1888 civitate
593 1829 1023 1898 Carthaginettsi,
1050 1840 1210 1896 quem
1237 1824 1518 1896 praedavit,
1548 1839 1709 1894 quem
1739 1823 1934 1893 torsit,

337 1939 499 1995 quem
523 1917 823 1992 suspendit.
849 1918 1147 1974 Ecclesium
1171 1925 1350 1972 autem
1378 1914 1702 1970 catholicam
1728 1915 1938 1986 prteda-

339 2017 452 2080 vit.
484 2012 768 2086 pecuniam
814 2011 1072 2076 sustulit,
1121 2010 1392 2064 frumenta
1440 2007 1776 2077 deportavit,
1809 2022 1934 2063 car-

339 2120 505 2183 penta
527 2108 708 2171 duxit,
746 2114 805 2161 ut
831 2105 978 2160 norit
1003 2104 1128 2172 iste,
1155 2103 1280 2174 quia
1309 2111 1394 2158 est
1419 2101 1532 2157 illic
1577 2100 1822 2158 Ecclesia
1845 2115 1937 2156 ca-

340 2204 567 2260 tholica.
599 2201 713 2257 Hoc
756 2214 874 2254 sum
921 2205 1264 2267 prosecutus.
1319 2194 1618 2249 Adeodatus
1661 2194 1936 2264 episcopus

343 2296 496 2350 dixit.
529 2295 654 2349 Hice
685 2293 865 2356 omnia
907 2290 1247 2346 documentis
1294 2285 1502 2358 agenda
1554 2293 1700 2342 sunt.
1748 2272 1941 2342 Faciat

341 2387 643 2458 periculum
670 2386 762 2456 qui
789 2382 1132 2439 mendacium
1172 2382 1225 2437 in
1253 2379 1455 2450 judicio
1493 2379 1710 2450 promit.
1739 2378 1807 2434 Et
1834 2379 1941 2435 alis

341 2496 524 2533 manu.
550 2477 864 2533 Adeodatns
887 2475 1178 2546 episcopus
1230 2471 1538 2542 recognovi.
1570 2470 1806 2526 Novatus
1828 2471 1940 2542 epi-

344 2591 528 2646 scopus
547 2571 797 2627 Ecclesia
841 2570 1110 2625 catholica
1180 2567 1331 2622 dixit.
1382 2565 1522 2623 Iube
1566 2555 1940 2637 presbyterum

343 2669 452 2724 loci
474 2665 783 2722 intromitti.

415 2759 541 2816 190.
597 2754 935 2812 Marcellinus
969 2755 1048 2810 vir
1073 2753 1394 2809 clarissimus
1431 2753 1663 2809 tribunus
1704 2761 1756 2808 et
1792 2763 1943 2809 naso-

341 2855 452 2909 rius
479 2852 629 2906 dixit.
661 2850 741 2906 Ad
785 2859 1111 2919 prmsentem
1137 2846 1504 2918 cognitionem
1546 2847 1644 2902 ista
1676 2854 1783 2901 non
1810 2855 1942 2917 pero

343 2947 539 3001 tinent.
595 2944 727 3009 Qua:
776 2942 909 2996 mihi
961 2940 1212 2996 mandata
1279 2933 1363 2994 est
1421 2939 1754 3008 reliquorum
1813 2938 1944 2995 sub-

2037 1741 2290 1795 recitavit.
2338 1739 2567 1809 Optatus
2614 1738 2902 1808 episcopus
2956 1736 3342 1792 Timicitensis.
3401 1733 3631 1803 Cunique

2038 1834 2357 1898 accessisset,
2397 1831 2534 1885 idem
2563 1832 2712 1885 dixit.
2762 1829 3010 1883 Mandavi
3056 1839 3110 1884 et
3153 1810 3474 1896 subscripsi.
3509 1826 3637 1880 Item

2035 1927 2282 1982 recitavit.
2309 1925 2659 1981 Victorianus
2679 1921 3063 1994 Tigimmensis
3079 1921 3388 1992 episcopus.
3415 1919 3635 1989 Cumque

2037 2017 2532 2091 accessissetbidem
2573 2018 2722 2072 dixit.
2772 2015 3017 2071 Mandavi
3049 2022 3105 2069 et
3143 2012 3465 2082 subscripsi.
3512 2010 3634 2066 Item

2038 2096 2288 2169 recitavit.
2308 2111 2580 2167 Honorius
2600 2111 2888 2180 episcopus
2901 2106 3258 2164 Vartanensis
3282 2103 3464 2177 (529).
3487 2104 3631 2159 Curu-

2039 2220 2136 2279 qste
2176 2205 2507 2268 accessisset,
2548 2204 2685 2259 idem
2729 2203 2880 2258 dixit.
2928 2193 3174 2255 Mandavi
3218 2207 3275 2253 et
3323 2197 3631 2266 subscripsi.

2039 2299 2176 2355 Item
2193 2299 2440 2354 recitavit.
2460 2297 2719 2354 Martinus
2739 2296 3025 2366 cpiscopus
3051 2292 3444 2350 Siccesitanus.
3462 2289 3628 2361 (550).

2037 2391 2275 2463 Cumque
2289 2391 2613 2456 accessisset,
2635 2389 2772 2443 idem
2793 2389 2941 2442 dixit.
2970 2386 3213 2442 Mandavi
3241 2393 3299 2440 et
3317 2382 3628 2452 subscripsi.

2039 2485 2175 2541 Item
2203 2486 2458 2540 recitavit.
2487 2483 2808 2540 Vindemius
2852 2483 3144 2551 episcopus
3182 2494 3212 2534 a
3253 2477 3441 2534 Celtis.
3484 2473 3628 2532 Cum-

2039 2595 2139 2649 que
2181 2581 2494 2644 accessisset,
2539 2573 2677 2631 idem
2728 2575 2877 2630 dixit.
2912 2572 3156 2628 Mandavi
3205 2581 3261 2627 et
3306 2572 3624 2640 subscripsi.

2041 2670 2176 2726 Item
2195 2671 2448 2726 recitavit.
2467 2670 2708 2724 Donatus
2738 2667 3022 2737 episcopus
3039 2663 3443 2719 Tanudaiensis
3469 2663 3628 2734 (551).

2041 2764 2271 2835 Censque
2292 2762 2586 2817 accessisset
2602 2801 2618 2826 ,
2644 2760 2776 2814 idem
2795 2759 2945 2812 dixit.
2966 2757 3215 2812 Mandavi
3239 2765 3295 2812 et
3321 2757 3626 2826 subscripsi.

2041 2859 2176 2914 Item
2203 2858 2450 2912 recitavit.
2497 2853 2773 2911 Possidius
2815 2853 3104 2922 episcopus
3142 2851 3452 2906 Sillitanus.
3485 2849 3629 2906 Cum-

2043 2970 2140 3023 que
2178 2952 2504 3016 accessisset,
2545 2948 2681 3002 idem
2731 2946 2886 3000 dixit.
2932 2944 3182 3000 Mandavi
3221 2953 3278 2999 et
3323 2944 3629 3012 subscripsi.

342 3039 569 3108 scriptio
613 3036 904 3104 relegatur.
957 3033 1232 3090 Salvianus
1278 3032 1548 3102 episcopus
1581 3030 1737 3100 (526)
1781 3033 1937 3087 dixit.

2064 3045 2179 3101 ’tem
2207 3027 2458 3101 recitavit.
2503 3040 2803 3109 Reparatus
2829 3038 3114 3108 episcqu
3142 3036 3438 3105 Aquensis.
3484 3036 3631 3092 Cum-

339 3131 508 3188 Nobis
553 3130 931 3201 praescriptum
978 3135 1062 3183 est
1127 3126 1333 3181 dudum
1384 3140 1494 3194 quo
1542 3125 1806 3182 dicerent.
1867 3128 1941 3182 De

341 3223 614 3294 episcopis
642 3223 841 3291 agitur,
871 3234 976 3274 non
1008 3219 1075 3273 de
1105 3219 1462 3288 presbyteris.

419 3304 545 3371 191.
601 3314 1012 3370 Fortunatianus
1054 3315 1322 3384 episcopus
1372 3311 1619 3366 Ecclesiae
1664 3314 1942 3370 Catholica

346 3411 500 3466 dixit.
538 3413 576 3465 Α
603 3408 800 3463 nostris
829 3407 1075 3477 partibus
1098 3409 1384 3474 propterea
1409 3405 1791 3474 respondetur,
1817 3409 1940 3477 quia

345 3501 420 3557 ibi
465 3501 738 3556 Catholica
789 3499 1110 3568 denegatur.
1161 3495 1315 3551 Unde
1365 3497 1712 3566 impudentiae
1742 3507 1940 3555 vestra

342 3595 676 3651 satisfactum
705 3593 872 3648 luisse
894 3591 1180 3661 praesentia
1207 3599 1360 3659 gesta
1389 3589 1701 3659 loquentur.
1750 3589 1815 3644 Et
1836 3593 1941 3645 alio

274 3737 278 3741 .
348 3705 529 3765 manu.
566 3687 896 3755 Recognovi.

308 3795 312 3798 '
424 3777 548 3836 192.
635 3777 930 3832 Adeodatus
993 3776 1260 3847 episcOpus
1331 3775 1484 3830 dixit.
1558 3775 1787 3847 Agimus
1847 3779 1941 3834 tibi

345 3872 567 3944 gratias,
593 3871 735 3941 quod
767 3881 983 3938 semper
1024 3866 1155 3922 facis
1193 3867 1468 3936 injuriam.
1505 3865 1574 3920 Et
1618 3863 1724 3922 alia
1760 3882 1940 3926 miunt.

349 3962 663 4018 Adeodatus
691 3959 977 4029 episcopus
1008 3957 1322 4028 recognovi.

427 4049 551 4110 195.
577 4045 914 4107 Marcellinus
941 4049 1017 4103 vir
1037 4049 1352 4104 clarissimus
1383 4052 1616 4109 tribunus
1641 4061 1688 4108 et
1713 4056 1945 4111 notarius

354 4147 507 4202 dixit.
540 4144 646 4199 Ista
687 4143 739 4197 in
773 4152 984 4212 tempus
1013 4141 1158 4196 aliud
1205 4153 1576 4212 reserventur,
1619 4161 1763 4202 nunc
1801 4149 1946 4217 quod

355 4238 663 4307 delegatum
681 4243 770 4290 est
795 4248 951 4289 sacro
970 4233 1177 4304 judicio
1203 4244 1514 4306 peragatur.
1537 4235 1675 4292 Item
1697 4240 1945 4296 recitavit.

347 4331 718 4389 Fellcissitnus
749 4327 1035 4413 episcopus
1069 4328 1339 4384 Obbensis
1380 4330 1552 4402 (527).
1591 4329 1819 4402 Cumque
1844 4348 1935 4388 ac-

363 4467 401 4519 ._
432 4446 584 4519 (-525)
623 4443 1013 4519 Numidiensis,
1060 4458 1154 4519 seu
1187 4442 1519 4499 Numidensis
1549 4445 1601 4519 in
1625 4441 1940 4504 Mauritania
1969 4454 2021 4514 D

2042 3154 2145 3210 que
2180 3127 2504 3199 accessisset,
2549 3131 2686 3186 idem
2731 3131 2882 3186 dixit.
2930 3128 3175 3184 Mandavi
3225 3137 3281 3183 et
3321 3129 3628 3199 subscripsi.

2044 3231 2179 3285 Item
2209 3229 2460 3284 recitavit.
2503 3219 2815 3282 Horiofatus
2845 3225 3131 3293 episcopus
3159 3223 3442 3278 Larensis.
3495 3221 3633 3277 Cum-

2043 3339 2142 3395 que
2189 3321 2514 3385 accessisset,
2571 3318 2709 3372 idem
2760 3317 2908 3369 dixit.
2958 3315 3207 3369 Mandavi
3237 3324 3294 3369 et
3324 3315 3629 3384 subscripsi.

2044 3414 2180 3468 Item
2203 3413 2450 3468 recitavit.
2469 3408 2837 3478 ~Prolicentius
2861 3408 3146 3477 episcopus
3176 3407 3628 3463 Macomaziensis.

2046 3505 2276 3576 Cumque
2301 3503 2630 3567 accessisset,
2680 3500 2814 3554 idem
2865 3500 3013 3553 dixit.
3061 3499 3215 3553 Licet
3257 3515 3367 3554 non
3421 3499 3631 3554 habeam

2045 3597 2439 3659 adversarium,
2489 3592 2738 3647 mandavi
2777 3601 2831 3646 et
2871 3591 3186 3661 subscripsi.
3237 3589 3635 3646 Fortunatianttt

2044 3685 2314 3758 episwpus
2345 3686 2588 3741 Ecclesia:
2613 3684 2881 3742 catholica:
2919 3683 3067 3735 dixit.
3114 3683 3194 3736 Ex
3242 3698 3347 3750 qua
3379 3682 3634 3738 Maeonia-

2047 3783 2133 3838 dia
2164 3780 2360 3852 (552)?
2394 3779 2740 3860 I’roﬁcentius
2789 3777 3053 3847 episcopus
3101 3775 3252 3846 dixit.
3308 3774 3632 3829 Rusticiana.

2048 3875 2181 3931 Item
2208 3875 2456 3928 recitavit.
2491 3870 2814 3928 Paschasius
2831 3870 3118 3938 episcopus
3148 3867 3445 3922 Dusitanus
3468 3868 3630 3939 (555).

2052 3968 2278 4039 Cumque
2297 3967 2590 4022 accessisset
2609 4005 2626 4031 ,
2642 3965 2777 4019 idem
2800 3963 2948 4017 dixit.
2971 3959 3216 4015 Mandavi
3241 3968 3295 4016 et
3323 3962 3632 4031 subscripsi.

2054 4059 2188 4115 Item
2214 4059 2464 4115 recitavit.
2499 4056 2834 4112 Antonianos
2861 4055 3148 4124 episcopus
3182 4052 3465 4107 Druensis.
3489 4052 3635 4108 Cuni-

2055 4171 2150 4225 que
2190 4153 2498 4214 accessisset,
2526 4148 2689 4219 idem
2735 4148 2884 4201 dixit.
2927 4143 3170 4199 Mandavi
3223 4151 3280 4199 et
3326 4143 3631 4214 subscripsi.

2056 4245 2189 4300 Item
2239 4243 2492 4298 recitavit.
2543 4240 2833 4296 Januarlus
2888 4236 3177 4305 episc0pus
3223 4235 3393 4304 Aquae
3443 4236 3632 4290 Album

2049 4341 2126 4396 sis
2156 4339 2330 4412 (556).
2365 4337 2592 4407 Cumque
2633 4332 2952 4401 accessisset,
3011 4328 3146 4382 idem
3189 4327 3344 4381 dixit.
3396 4327 3630 4382 Mandari

2119 4452 2269 4527 (329)
2309 4450 2662 4527 Vartanensij.
2694 4447 2752 4527 In
2778 4444 3000 4527 Tabulis
3019 4442 3628 4527 Peuti-r'rg‘erianishahc-

358 4513 678 4583 Caisariensi
706 4558 722 4581 ,
767 4525 828 4568 ut
854 4515 1033 4568 statim
1067 4513 1329 4579 habetur,
1361 4523 1525 4585 utque
1556 4517 1713 4573 docet
1749 4513 1980 4576 notitia?
2049 4513 2139 4580 tur
2170 4513 2351 4580 Valari
2399 4526 2541 4578 inter
2592 4519 2826 4573 Flavium
2876 4517 3021 4571 Marc
3063 4525 3112 4571 et
3162 4513 3405 4570 Velcsim.
3455 4513 3626 4570 Utrum

359 4587 519 4658 hujus
550 4585 1014 4660 provinciienum.
1041 4585 1164 4640 118.
1208 4586 1440 4660 Avulscs
1464 4596 1581 4660 erat
1611 4588 1711 4660 iste
1732 4592 1942 4660 episco-

360 4655 516 4728 patus
553 4655 585 4710 a
615 4655 1027 4718 Sufasaritano,
1079 4665 1134 4708 ut
1164 4657 1512 4726 conqueritur
1548 4655 1802 4732 deinceps
1839 4661 1942 4718 Re-

400 4737 596 4783 oratus.

358 4744 596 4870 magis?
631 4797 905 4870 Salvis???
935 4797 1219 4864 ερίεσοριιδο
1253 4795 1554 4867 ιεριίιαηαδ
1584 4801 1674 4868 qui
1703 4803 1946 4858 ¹¹⁰¹¹¹ί¹¹³”

356 4867 453 4926 tur
473 4867 609 4923 infra
635 4884 753 4936 cap.
787 4867 913 4922 ‘207.

429 4940 580 5012 (527)
617 4939 890 5002 Obbensis,
923 4952 1019 4993 seu
1049 4937 1363 5012 Obbitanus,
1399 4941 1449 4994 in
1487 4940 1797 4996 Mauritania
1830 4943 1950 4998 Ca:-

355 5011 620 5076 sariensi,
665 5020 720 5064 ut
754 5018 900 5079 patet
936 5025 1003 5063 ex
1053 5012 1238 5064 notitia
1287 5011 1444 5081 hujus
1485 5013 1774 5080 provincia!
1802 5027 1950 5069 num.

357 5084 448 5140 56.
477 5083 622 5137 Inter
669 5082 950 5154 episcopos
980 5081 1079 5154 qui
1131 5082 1349 5154 adfuere
1393 5084 1622 5138 concilio
1670 5086 1948 5154 Carthagi-

353 5154 510 5210 nensi
542 5154 642 5208 sub
664 5151 952 5222 Cypriane,
974 5152 1171 5222 legitur
1199 5152 1395 5207 Paulus
1420 5155 1679 5222 confessor
1705 5156 1768 5210 ab
1783 5151 1948 5222 Obba,

356 5226 412 5280 in
444 5221 766 5295 quibusdam
794 5221 1069 5295 codicibus
1100 5233 1158 5295 et
1183 5224 1320 5291 apud
1345 5221 1696 5295 Augustinum
1715 5270 1730 5294 ,
1762 5246 1791 5280 a
1814 5221 1947 5280 Bob?

356 5298 441 5350 ba.
462 5292 692 5350 Bobbam
713 5292 991 5348 Coloniam
1030 5293 1082 5346 in
1116 5292 1685 5351 Mauritania'collocat
1717 5292 1940 5352 Plinius.

355 5368 598 5440 Concilio
626 5381 661 5440 γ
689 5364 929 5440 generali
959 5363 1129 5420 adfuit
1162 5364 1463 5420 Valerianus
1497 5370 1761 5440 episwpus
1792 5370 1947 5424 Obba:

360 5438 618 5492 Ecclesiae
643 5438 928 5490 Africanae.

445 5528 598 5598 (528)
620 5527 884 5598 Midlensi,
903 5541 997 5583 seu
1022 5527 1308 5598 Midilensi.
1343 5528 1400 5584 In
1429 5529 1695 5597 Numidia,
1722 5540 1779 5584 ut
1801 5530 1959 5586 docet

373 5597 560 5678 notitia
582 5597 748 5678 num.
773 5597 864 5678 ill,
890 5599 1119 5654 concilio
1144 5597 1700 5678 Cartll_aginensi__st_tb
1734 5601 1958 5673 Cypria-

381 5682 450 5720 no
471 5668 636 5722 adluit
668 5671 947 5726 confessor
977 5681 1030 5727 et
1056 5681 1258 5742 martyr
1287 5668 1445 5728 Iader
1475 5692 1504 5728 a
1535 5671 1740 5729 Midila.

2046 4598 2162 4652 btec
2193 4596 2384 4651 eadem
2413 4595 2626 4649 sitcum
2660 4592 2757 4645 ista
2784 4591 3068 4642 incertum.

2120 4667 2272 4738 (550)
2317 4666 2702 4738 Siccesitanus._
2739 4657 2796 4714 lu
2837 4657 3156 4715 Mauritania
3200 4655 3627 4725 Ctesat'iensiwt

2033 4734 2208 4794 'doeet
2234 4734 2419 4792 notitia
2451 4751 2602 4790 num.
2642 4734 2729 4788 80.
2991 4758 2997 4764 -

2121 4809 2272 4879 (551)
2315 4807 2706 4879 Tanudaiensis.
2739 4802 2898 4857 Forte
2923 4800 3293 4879 ⁸Ϊαηιιττιεηεξε
3308 4801 3361 4879 in
3389 4799 3622 4854 Maurita-

2053 4871 2140 4934 nia
2170 4871 2485 4932 Caesariensi
2510 4892 2574 4930 ex
2605 4875 2793 4929 eadem
2827 4872 3012 4925 notitia
3047 4888 3195 4926 num.
3232 4871 3358 4927 100.

2133 4948 2282 5017 (552)
2326 4946 2405 4999 Ex
2425 4962 2523 5017 qua
2556 4943 2898 5017 Macomadia.
2923 4943 3198 5017 “Duplex,
3233 4945 3307 5017 u_t_i
3338 4943 3622 5017 observari-

2059 5012 2180 5072 mus
2210 5012 2326 5082 cap.
2367 5012 2488 5078 110,
2519 5024 2634 5082 erat
2661 5012 3017 5082 Maconmdia,
3047 5029 3150 5066 una
3179 5013 3232 5068 in
3262 5014 3524 5071 Numidia.
3556 5016 3621 5065 al-

2058 5098 2170 5143 tera
2205 5090 2257 5142 in
2283 5081 2584 5158 Byzacena.
2621 5081 2957 5158 Iiro/icentiits
2988 5081 3032 5135 is
3061 5083 3128 5137 de
3156 5099 3261 5153 quo
3298 5086 3490 5158 agitur,
3521 5093 3620 5158 erat

2056 5151 2347 5229 episcopus
2381 5154 2720 5229 Ilacontadia:
2757 5153 2806 5205 iu
2836 5151 3112 5222 Byzacena
3136 5195 3150 5219 ,
3177 5151 3311 5223 qua:
3336 5151 3621 5207 Rusticiana

2056 5225 2555 5299 cogitatititiabatttr.

2127 5292 2286 5422 (355))
2317 5297 2613 5351 Dusitanus.
2661 5293 2914 5362 Sequitur
2939 5292 3078 5347 alter
3124 5292 3239 5347 fere
3273 5293 3510 5362 ejusdem
3540 5306 3621 5346 no-

2133 5373 2213 5422 nis
2290 5369 2521 5422 ruensis.
2545 5375 2597 5420 et
2622 5365 2797 5422 capite
2828 5364 3070 5422 sequenti
3101 5361 3356 5418 Bebianus
3379 5365 3621 5422 episcopus

2055 5369 2213 5426 minis
2242 5361 2488 5423 Druensis
2506 5409 2521 5431 ,
2545 5375 2597 5420 et
2622 5361 2802 5435 capite
2828 5364 3070 5434 sequenti
3101 5361 3356 5418 Bebianus
3379 5365 3622 5435 episcOpus

2062 5443 2326 5497 Dusensis.
2379 5439 2434 5494 In
2483 5434 2922 5492 notitianullutn
2970 5435 3132 5488 alium
3165 5435 3358 5490 similis
3411 5434 3618 5489 nominis

2058 5512 2338 5578 habemus,
2383 5519 2582 5582 praeter
2611 5506 2895 5561 Durensem
2927 5507 2979 5561 in
3003 5507 3303 5578 Byzacena.

2131 5605 2283 5674 (554)
2324 5604 2481 5671 Aqua:
2509 5601 2760 5674 Albensis.
2811 5600 2968 5671 Aqua:
2997 5600 3228 5674 Albensis
3257 5597 3423 5674 sedes
3443 5596 3614 5674 duplex

2065 5667 2343 5733 in‘noti'tia
2371 5667 2496 5740 una,
2530 5674 2583 5729 in
2613 5667 2886 5744 Byzacena
2919 5686 3066 5726 num.
3101 5671 3190 5739 52,
3211 5671 3390 5737 altera
3413 5671 3460 5725 in
3491 5667 3614 5724 Mau-
