3838 6222
209 312 347 366 1557

1185 320 1409 376 GESTA
1449 319 1902 378 COLI.ATiONiS
1935 321 2551 380 CARTHAGINENSIS.

3365 328 3504 384 1558

199 430 525 496 subscripsi.
572 432 719 489 Duos
759 432 1045 490 adversum
1079 450 1165 490 me
1196 435 1400 503 habeo,
1434 447 1487 490 et
1527 437 1813 493 ordinave-
1843 441 1891 502 Α
1924 435 2257 491 Marcellinus
2295 441 2371 492 vir
2409 439 2726 496 clarissimus
2750 441 2984 498 tribunus
3011 449 3058 496 et
3085 441 3317 497 notarius
3342 443 3502 499 dixit.

199 532 334 578 runt
363 511 526 578 modo
557 540 746 579 unum.
779 524 913 579 Item
937 513 1190 582 recitavit.
1223 528 1500 583 Romanus
1527 530 1812 600 episcopus
1913 528 2080 599 Cujus
2129 530 2231 585 loci
2276 531 2432 586 Felix
2476 534 2767 605 episcopus
2811 535 3227 606 subscripserit,
3273 535 3510 593 ot‘iicium

196 614 531 703 Lesvitanus
550 617 726 687 (368).
753 617 980 688 Cumque
994 621 1308 703 accessisset,
1331 621 1464 674 idem
1489 621 1639 674 dixit.
1666 620 1812 674 Man-

197 707 330 762 davi
370 717 424 762 et
465 708 785 780 subscripsi.
817 709 952 765 Item
981 712 1231 766 recitavit.
1252 707 1566 769 Restitutus
1596 713 1809 784 episco-

194 816 306 871 pus
353 802 779 874 Segcrmitanus.
826 802 1052 876 Cumque
1097 809 1420 874 accessisset,
1473 808 1607 861 idem
1656 808 1803 860 dixit.

1913 623 2541 694 apertedemoustret.Et
2566 629 2814 684 recitavit.
2839 629 2985 685 Felix
3001 629 3362 687 Zummensis.
3385 631 3512 702 Aly-

1913 717 2030 786 pius
2071 717 2341 787 episcopus
2370 717 2618 773 Ecclesiae
2662 721 2928 777 catholica:
2956 723 3106 778 dixit.
3139 722 3509 797 Subscriptio—

1911 815 1998 870 nis
2039 813 2328 871 falsitatem
2370 815 2765 886 deprehensam
2807 817 2972 875 fuisse
3009 828 3263 876 testatum
3304 823 3393 878 sit.
3437 822 3508 878 Et

195 892 450 948 Mandavi
479 904 531 950 et
556 897 873 967 subscripsi.
903 896 1039 952 Item
1067 900 1316 954 recitavit.
1349 898 1673 954 Cresconius
1695 900 1808 969 epi-
1907 909 2016 962 atia
2048 926 2225 964 manu.
2258 909 2583 981 Recognovi.
2613 911 2911 966 Adeoddtus
2936 913 3203 984 episcopus
3229 914 3380 970 dixit.
3407 914 3508 972 Hic

193 1003 400 1058 sc0pus
427 992 495 1044 ab
522 991 726 1047 Horrea
754 991 1068 1048 Aninicensi
1103 994 1279 1065 (369).
1313 994 1542 1064 Cumque
1561 994 1805 1048 accessis-

191 1091 309 1147 set,
339 1082 474 1146 idem
502 1083 653 1136 dixit.
691 1084 932 1140 Mandavi
962 1097 1018 1141 et
1043 1087 1357 1159 subscripsi.
1390 1087 1520 1141 Item
1550 1087 1799 1141 recitavit.

192 1173 497 1229 Faustinus
534 1175 821 1245 episcopus
860 1178 1257 1249 Tambaiensis.
1289 1178 1516 1249 Cumque
1557 1181 1803 1234 accessis-

188 1277 292 1331 set,
318 1268 455 1321 idem
484 1268 636 1322 dixit.
665 1269 910 1326 Mandavi
941 1280 997 1327 et
1025 1273 1340 1343 subscripsi.
1370 1273 1506 1328 Item
1544 1275 1797 1328 recitavit.

188 1361 546 1419 Primilianus
577 1364 866 1435 episcopus
886 1367 1327 1439 Lucimagnensis
1355 1369 1528 1441 (370).
1571 1370 1800 1440 Cumque

187 1458 524 1522 necauisset,
550 1456 685 1510 idem
711 1451 864 1511 dixii.
898 1460 1140 1514 Ma‘ndavi
1169 1470 1222 1516 et
1248 1462 1543 1532 subscripsi
1567 1480 1579 1515 :
1609 1446 1799 1517 adver-

185 1548 397 1603 sarium
440 1565 545 1602 non
591 1550 786 1604 habeo.
823 1549 954 1604 Item
983 1541 1233 1606 recitavit.
1266 1554 1623 1608 Maximianus
1678 1554 1796 1622 epi-

187 1655 393 1711 scopus
424 1641 800 1715 Bennel'ensis.
831 1641 1130 1698 Primianus
1168 1647 1440 1716 episcopus
1466 1645 1797 1717 Carthaginis

185 1730 346 1787 dixit.
391 1733 564 1790 Hodie
582 1735 762 1794 .exivit
789 1735 859 1808 de
889 1752 1136 1808 corpore.
1171 1736 1306 1792 Item
1334 1739 1581 1793 recitavit.
1614 1739 1794 1792 Dona-

1912 1019 2070 1059 crror
2112 1014 2227 1070 est,
2280 1021 2385 1059 non
2427 991 2657 1071 falsitas.
2701 1005 2767 1060 Et
2807 1007 2915 1060 alia
2956 1023 3130 1061 manu.
3176 1007 3502 1081 Recognovl.

1904 1097 2124 1169 Alypius
2165 1098 2438 1171 episc0pus
2486 1096 2741 1178 Ecclesia:
2783 1097 3050 1153 catholica:
3093 1099 3242 1154 dixit.
3285 1100 3521 1171 Magnus

1903 1205 2074 1246 error.
2105 1191 2343 1246 Nescivit
2372 1190 2513 1246 unde
2539 1199 2706 1246 esset.
2745 1190 2809 1245 Et
2831 1191 2938 1246 alia
2961 1208 3142 1246 manu.
3168 1191 3502 1263 Rocognovi.

1903 1281 2174 1338 Possidius
2197 1284 2466 1355 episcopus
2495 1281 2743 1336 Ecclesia:
2771 1283 3040 1338 catholica:
3065 1284 3215 1338 dixit.
3247 1283 3379 1351 Quis
3403 1283 3506 1339 sub

1899 1375 2018 1443 ejus
2047 1377 2262 1430 nomine
2282 1375 2678 1444 subscripserit,
2705 1376 2892 1431 saltem
2919 1376 3020 1432 hoc
3039 1376 3290 1433 Notarius
3311 1389 3498 1434 eorum

1899 1465 2094 1521 edicat.
2119 1465 2190 1522 Ut
2217 1480 2397 1536 supra.
2423 1467 2640 1537 Alypius
2670 1469 2942 1540 episcopus
2958 1467 3202 1524 Ecclesia:
3228 1468 3499 1525 catholica:

1898 1559 2049 1613 dixit.
2097 1560 2311 1615 Sufficit
2345 1577 2449 1615 non
2483 1575 2580 1615 nos
2610 1561 3019 1630 praetermisisse
3048 1563 3170 1618 ista.
3202 1561 3273 1619 Ut
3302 1577 3490 1632 supra.

1900 1649 2184 1704 Petilianus
2213 1653 2479 1722 episcopus
2505 1635 2654 1727 dixit.
2689 1651 2837 1708 Felix
2868 1653 3084 1724 quidam
3127 1653 3487 1722 Lambiensis,

1897 1743 2104 1813 collega
2143 1753 2345 1809 noster,
2390 1744 2477 1799 hic
2513 1754 2773 1814 aegrotat;
2803 1738 2897 1801 sed
2924 1758 2979 1803 et
3007 1747 3095 1802 alii
3132 1747 3275 1816 duo,
3312 1748 3364 1805 id
3405 1756 3496 1806 est

140 1831 153 1889 _‘
185 1834 278 1881 tus
317 1827 607 1898 episcopus
638 1828 1005 1885 Tiseditanus.
1040 1829 1271 1900 Cumque
1300 1832 1620 1896 accessisset,
1652 1831 1788 1884 idem
1820 1835 1867 1894 B
1895 1833 2184 1891 Flavianus
2225 1836 2372 1906 (375)
2424 1846 2480 1890 et
2525 1836 2761 1892 Donatus
2800 1837 2973 1911 (376),
3009 1839 3207 1896 ibidem
3237 1855 3345 1895 non
3375 1854 3494 1897 me-

186 1921 348 1975 dixit.
383 1921 715 1999 Mandavi_et
742 1923 1061 1993 subscripsi.
1094 1923 1224 1977 Item
1266 1925 1511 1979 recitavit.
1547 1924 1797 1981 Urbanus

183 2011 478 2082 episcopus
520 2012 765 2070 Taionsis
810 2015 984 2086 (571).
1025 2014 1254 2087 Cumque
1293 2018 1615 2084 accessisset,
1658 2018 1795 2071 idem

165 2103 347 2163 -dixit.
380 2105 628 2160 biandavi
659 2116 713 2161 et
740 2106 1062 2177 subscripsi.
1093 2098 1226 2183 Item
1256 2109 1500 2162 recitavit.
1533 2107 1796 2163 innocen-

183 2184 294 2252 tius
325 2197 616 2269 episcopus
646 2199 1042 2256 Guzabetensis
1073 2203 1252 2272 (372).
1286 2202 1512 2272 Cumque
1551 2204 1792 2257 accessis-

181 2297 291 2352 set,
333 2288 471 2342 idem
509 2289 660 2345 dixit.
705 2291 1387 2363 Mandavietsubscripsi:
1426 2293 1790 2348 adversarium

181 2392 295 2434 non
321 2379 929 2438 habeo..Item'recitavit.
950 2384 1098 2440 Felix
1122 2385 1410 2457 episcopus
1427 2386 1789 2442 Zummcnsis.

181 2476 416 2549 Canaque
436 2482 758 2546 accessisset,
785 2483 919 2537 idem
941 2484 1092 2538 dixit.
1123 2484 1370 2538 Mandavi
1393 2495 1448 2540 et
1475 2485 1790 2554 subscripsi.

179 2568 320 2625 'Item
349 2573 595 2627 recitavit.
609 2573 869 2630 Leontius
881 2577 1164 2646 episcOpus
1183 2577 1786 2649 Rusticianensis(373).

179 2661 421 2736 Cumque
472 2667 799 2733 accessisset,
843 2668 980 2721 idem
1022 2669 1170 2722 dixit.
1223 2668 1468 2723 Mandavi
1539 2679 1594 2724 et
1662 2670 1793 2725 sul)-

172 2756 378 2827 scripsi
448 2773 462 2811 :
519 2757 888 2814 adversarium
951 2776 1057 2815 non
1101 2760 1296 2817 habeo.
1359 2761 1623 2816 Terentius
1685 2764 1790 2834 epi-

177 2864 372 2921 scapus
393 2847 642 2905 Ecclesiae
658 2849 927 2906 catholica:
956 2853 1106 2907 dixit.
1142 2853 1249 2909 iste
1270 2853 1642 2924 rebaptizabat
1668 2864 1792 2925 post

178 2952 394 3012 partem
437 2943 654 2998 Donati.
700 2944 1093 3016 Rebaptizatus
1129 2959 1214 3002 εει
1255 2956 1470 3017 postea,
1514 2957 1565 3003 et
1597 2949 1676 3004 sic
1705 2959 1788 3004 est

175 3034 487 3090 ordinatus.

255 3127 382 3183 199.
410 3127 708 3183 Adeodalus
751 3129 1014 3200 episcOpus
1035 3129 1186 3183 dixit.
1214 3129 1379 3186 Serva
1403 3131 1643 3199 partibus
1665 3145 1784 3200 qua:

1897 1930 2068 1986 diocri
2094 1932 2411 2002 tegritudinc
2436 1933 2752 1988 retinentur.
2775 1919 2948 1988 Credo
2977 1933 3121 2005 quod
3150 1935 3309 1991 alicui
3337 1950 3493 1992 man-

1895 2019 2104 2078 daverit
2150 2039 2244 2094 pro
2285 2036 2351 2078 “se
2398 2023 2665 2081 subscribi
2713 2024 2806 2079 ille
2853 2024 3041 2092 Felix,
3083 2032 3138 2080 et
3175 2025 3229 2080 in
3274 2029 3495 2083 nomine

1893 2115 2041 2170 sedis
2073 2118 2151 2171 vel
2187 2115 2286 2170 loci
2320 2113 2492 2169 iactus
2521 2125 2603 2170 est
2633 2131 2821 2180 error;
2853 2131 3011 2185 quem
3043 2126 3134 2170 aut
3171 2115 3492 2187 simpliciter

1893 2208 2196 2277 accipiant,
2228 2217 2320 2262 aut
2350 2207 2578 2261 facimus
2622 2206 2780 2277 hujus
2824 2207 3059 2270 nominis
3095 2206 3379 2277 iacturam.
3419 2206 3490 2263 Et

1893 2300 2000 2355 alia
2027 2317 2205 2355 mauu.
2242 2300 2538 2355 Petilianus
2564 2301 2848 2370 episcopus
2879 2301 3188 2371 recognovi.
3221 2300 3457 2357 Marcelli
3469 2332 3486 2345 ο

1892 2410 1988 2447 nus
2013 2394 2089 2465 vir
2112 2395 2428 2449 clarissimus
2456 2395 2684 2456 tribunus
2714 2403 2761 2450 et
2790 2395 3024 2451 notarius
3049 2395 3200 2450 dixit.
3228 2395 3485 2466 Accepis-

1894 2489 1961 2542 tis
1989 2489 2458 2556 prosecutionem,
2492 2504 2651 2558 quam
2694 2487 2846 2543 vobis
2887 2487 3099 2546 aestimo
3139 2502 3299 2559 posse
3337 2487 3488 2542 suill-

1893 2594 2036 2635 cere.
2069 2579 2223 2635 Unde
2253 2580 2493 2647 patimini
2529 2589 2586 2633 ut
2617 2579 2824 2650 reliqua
2855 2579 3216 2649 perlegantur.
3250 2577 3320 2632 Et
3346 2579 3483 2633 reci-

1893 2674 2034 2726 tavit.
2059 2669 2344 2726 .ianuarius
2369 2671 2656 2741 episcopus
2680 2673 2747 2727 de
2764 2671 3067 2727 Tubursico
3087 2669 3477 2726 Numidiarum.

1893 2761 2120 2833 Cumque
2138 2761 2452 2826 accessisset,
2480 2762 2612 2816 idem
2636 2762 2782 2816 dixit.
2817 2761 3065 2817 Mandavi
3089 2771 3143 2817 et
3162 2760 3478 2830 subscripsi.

1893 2852 2028 2909 Item
2075 2854 2605 2918 recitavit..Securus
2650 2843 2936 2925 episcopus
2982 2853 3261 2909 Teuitana:
3305 2854 3474 2910 urbis.

1892 2943 2122 3014 Cumque
2147 2945 2466 3009 accessisset,
2497 2945 2630 3000 idem
2660 2946 2807 2999 dixit.
2841 2944 2937 3000 Hic
2965 2959 3118 3012 sum;
3146 2952 3202 3002 et
3233 2945 3481 3009 mandavi

1888 3046 1942 3093 et
1971 3038 2288 3109 subscripsi.
2325 3036 2453 3092 Item
2478 3038 2727 3102 recitavit,
2759 3039 2994 3093 Donatus
3016 3037 3482 3110 mepiscopus

1888 3131 2111 3185 Arensis
2155 3131 2329 3202 (377).
2357 3129 2585 3200 Cumque
2621 3131 2947 3197 accessisset,
2972 3131 3107 3185 idem
3147 3129 3301 3197 dixit.
3327 3130 3478 3186 Man-

175 3226 517 3290 eompetuut.
562 3217 694 3272 Item
735 3221 982 3275 recitavit.
1019 3220 1246 3274 Evasius
1276 3223 1564 3290 episcopus
1604 3219 1783 3276 Girbi-
1811 3215 1856 3278 C
1885 3221 2011 3274 davi
2050 3231 2104 3276 et
2141 3221 2474 3290 subscripsi,
2505 3232 2560 3276 et
2591 3222 2880 3275 traditores
2922 3220 2973 3274 in
3015 3221 3175 3292 plebe
3215 3237 3336 3277 mea
3372 3237 3480 3283 non

177 3320 362 3367 Ianus.
409 3309 638 3382 Cumque
675 3312 1000 3378 accessisset,
1042 3312 1177 3367 idem
1226 3312 1386 3380 dixit,
1437 3312 1680 3368 Mandavi
1727 3323 1784 3369 et

174 3403 502 3471 subscripsi.

251 3495 383 3551 200.
417 3493 755 3550 Fortunatius
800 3497 1076 3567 episcopus
1105 3495 1353 3552 Ecclesia
1376 3497 1643 3552 catholicae
1667 3497 1783 3552 Sic-

173 3587 343 3641 censis
371 3585 524 3640 dixit.
555 3586 706 3643 Felix
735 3585 1082 3642 Zummensis
1107 3587 1382 3657 quomodo
1414 3589 1609 3644 absens
1649 3590 1778 3644 sub-

175 3681 425 3735 scribere
457 3680 626 3747 potuit
655 3681 931 3736 doceatur.
965 3680 1032 3734 Et
1057 3683 1161 3735 alia
1191 3698 1364 3735 manu.
1394 3682 1724 3752 Recognovi.
1781 3729 1797 3740 .

249 3774 378 3829 201.
411 3773 747 3828 Marcellinus
771 3775 845 3827 vir
865 3775 1180 3828 clarissimus
1223 3775 1454 3828 tribunus
1475 3787 1522 3828 et
1545 3777 1775 3829 notarius

173 3868 331 3922 dixit.
365 3868 570 3922 Videtis
596 3867 722 3937 quid
751 3881 780 3920 a
807 3868 1049 3935 partibus
1078 3868 1271 3922 vestris
1296 3867 1584 3936 ﬂagitetur.
1617 3868 1774 3935 Quae-

171 3958 494 4032 ritureuim
526 3958 648 4029 quis
689 3961 906 4014 nomine
946 3958 1100 4012 istius
1138 3959 1230 4028 qui
1274 3959 1324 4011 in
1362 3960 1773 4028 praesentiarum

175 4049 393 4105 videtur
440 4050 661 4105 minime
704 4051 1029 4104 constitutus
1071 4051 1453 4118 subscripserit
1497 4051 1770 4105 mandato.

175 4141 475 4197 Adeodatus
500 4143 772 4212 episcOpus
796 4141 948 4195 dixit.
981 4140 1213 4210 Expecta
1233 4184 1247 4207 ,
1278 4142 1378 4195 hoc
1405 4143 1682 4210 quxritur.
1709 4142 1777 4196 Et

172 4235 285 4288 alia
322 4249 498 4287 manu.
540 4233 853 4287 Adeodatus
887 4233 1173 4300 episcopus
1210 4233 1522 4302 recognovi.
1558 4232 1778 4298 Optatus

173 4327 451 4396 episcopus
488 4325 640 4381 dixit.
684 4324 835 4379 Felix
875 4323 1215 4378 Lambieusis
1256 4325 1408 4394 (571)
1452 4323 1772 4380 inﬁrmatur.

254 4445 408 4518 (368)
448 4446 776 4518 Lesvitanus.
822 4444 873 4498 in
914 4443 1234 4518 Mauritania
1276 4445 1518 4518 Sitifensi
1568 4448 1775 4502 n0titi:e

173 4535 235 4574 n.
265 4515 356 4574 10.
387 4518 561 4573 Medio
588 4519 698 4574 fere
725 4517 913 4571 itinere
938 4517 1078 4570 inter
1105 4515 1297 4570 Saldas
1323 4527 1376 4570 et
1403 4516 1597 4585 Sitiﬁm
1624 4518 1776 4574 Lesbi

174 4590 409 4644 habetur
438 4591 490 4644 in
521 4591 778 4645 Antonini
809 4586 1091 4640 itinerario
1131 4587 1294 4641 millia
1337 4603 1590 4657 passuum
1620 4591 1690 4646 25
1744 4607 1774 4646 a

175 4660 481 4729 Tubusupto
521 4661 748 4714 distans.

250 4749 404 4825 (369)
447 4753 522 4806 Ab
579 4751 780 4825 Horren
819 4749 1134 4825 Aninicensi.
1180 4749 1258 4825 in_
1279 4749 1592 4825 Mauritania
1637 4753 1768 4808 Siti-

177 4819 316 4880 [ensi
339 4819 528 4879 eadem
557 4837 674 4891 quae
701 4822 754 4875 in
783 4821 902 4890 ejus
928 4820 1114 4874 notitia
1144 4836 1197 4874 η.
1227 4821 1282 4884 7,
1316 4819 1610 4879 Horrensis.
1645 4825 1777 4877 [Ior-

175 4911 318 4950 ream
353 4894 948 4964 SitifensemAmemorat
974 4891 1359 4964 Antoniuusiin
1387 4892 1668 4948 ltinerario
1696 4897 1776 4948 in-

175 4976 264 5021 ter
293 4961 495 5032 Tisi/im
534 4977 588 5018 et
630 4961 1017 5034 Tubusuptum,
1051 4978 1171 5032 quas
1201 4963 1368 5017 millia
1426 4979 1674 5032 passuum
1707 4967 1773 5022 18

175 5051 206 5092 a
239 5038 421 5106 priore
458 5037 642 5090 distat.

249 5114 404 5185 (370)
447 5114 884 5187 Lucimagnensis.
919 5113 1085 5183 Cujus
1128 5113 1422 5183 provincia:
1453 5116 1561 5182 sit,
1604 5117 1778 5173 incer-

180 5196 294 5241 tum
306 5226 317 5237 .

251 5256 403 5327 (571)
445 5255 701 5312 Talensis.
735 5255 933 5327 Nescio
961 5255 1082 5327 quis
1112 5254 1202 5310 ille
1257 5256 1327 5309 sit
1372 5256 1470 5310 nisi
1503 5257 1639 5313 forte
1668 5258 1775 5312 Ta-

179 5325 450 5384 blensisin
482 5328 795 5381 Mauritania
826 5325 1148 5381 Caesariensi
1183 5328 1339 5380 notit.
1375 5343 1429 5381 n.
1465 5328 1554 5392 60,
1589 5327 1776 5383 Table-

178 5402 336 5455 tensis
366 5400 541 5454 limitis
569 5401 770 5453 mentio
801 5399 857 5452 lit
884 5399 934 5451 iu
965 5399 1152 5450 notitia
1184 5398 1413 5466 imperii.

251 5489 402 5560 (372)
446 5488 823 5560 Cuzabeteusis.
854 5487 1026 5560 cujus
1039 5488 1335 5560 provincia:
1363 5488 1451 5560 sit,
1485 5489 1768 5560 incertum.

253 5555 404 5628 (373)
449 5559 867 5628 Rusticianensis.
903 5557 968 5628 iIu
1010 5555 1292 5624 Numidia,
1343 5558 1546 5611 notitia:
1586 5576 1639 5612 n.
1675 5560 1764 5616 61.

180 5627 393 5683 nusqu
419 5629 614 5680 habent
647 5627 864 5680 Tabula:
899 5627 1344 5694 Peutingeriante.

254 5717 408 5791 (374)
432 5718 768 5792 Lambiensis.
796 5718 852 5772 In
874 5717 1140 5792 Numidia
1163 5730 1280 5792 erat
1306 5719 1552 5774 Lambese
1580 5724 1767 5792 civitas

180 5785 513 5860 ab'antiquis
551 5797 848 5844 memorata
874 5825 889 5853 ,
929 5785 1084 5858 cujus
1127 5786 1228 5845 loci
1268 5792 1580 5861 episcopum
1624 5791 1764 5851 hunc

1884 3313 2079 3368 habeo.
2114 3313 2247 3368 Item
2276 3316 2528 3371 recitavit.
2562 3317 2894 3372 Marinianus
2923 3317 3208 3389 episcopus
3237 3319 3306 3372 ab
3344 3317 3475 3374 Des.

1883 3401 2112 3477 Cumque
2139 3406 2456 3473 accessisset,
2480 3408 2614 3460 idem
2636 3409 2790 3464 dixit.
2815 3409 3058 3464 Mandavi
3082 3419 3136 3466 et
3160 3409 3478 3480 subscripsi.

1884 3494 2019 3551 Item
2065 3499 2316 3553 recitavit.
2363 3498 2648 3553 Montanus
2697 3499 2984 3570 episcopus
3029 3514 3060 3554 a
3105 3499 3480 3556 Cemeriniano

1881 3589 2060 3661 (578).
2104 3589 2330 3660 Cumque
2376 3595 2700 3657 accessisset,
2743 3592 2881 3645 idem
2941 3594 3092 3646 dixit.
3138 3588 3383 3646 Mandavi
3423 3600 3478 3647 et

1882 3683 2176 3753 subscripsi
2202 3700 2216 3735 :
2246 3682 2616 3736 adversarium
2645 3698 2749 3736 non
2781 3683 2974 3737 habeo.
3001 3681 3321 3736 Fortunatus
3366 3684 3478 3752 epi-

1883 3790 2068 3844 scopus
2096 3773 2344 3827 Ecclesia:
2359 3774 2628 3828 catholij
2641 3773 3101 3829 Constantiuiensis
3126 3774 3276 3829 dixit.
3299 3766 3476 3831 Habe;

1880 3879 2001 3918 mus
2027 3865 2137 3918 illic
2157 3864 2454 3919 Ecclesiam
2473 3907 2487 3930 ,
2513 3877 2567 3920 et
2592 3867 2957 3937 presbyterum
2984 3867 3316 3922 Terentium.
3344 3866 3476 3922 Item

1878 3958 2128 4011 recitavit.
2155 3956 2485 4012 Donatianus
2510 3960 2797 4028 episcopus
2818 3960 3266 4016 Carcabianeusis
3292 3961 3470 4034 (579).

1880 4048 2110 4119 Cumque
2129 4051 2454 4116 accessisset,
2477 4052 2615 4105 idem
2638 4053 2784 4105 dixit.
2812 4052 3055 4106 Mandairi
3079 4061 3132 4107 et
3156 4052 3473 4123 subscripsi.

1881 4139 2015 4214 Item
2064 4143 2314 4194 recitavit.
2369 4141 2555 4197 Justus
2605 4144 2892 4214 episcopus
2945 4144 3247 4200 Nicibensis
3294 4145 3472 4215 (380).

1882 4233 2108 4303 Cumque
2128 4237 2454 4301 accessisset,
2478 4237 2612 4289 idem
2636 4237 2783 4291 dixit.
2811 4238 3058 4294 Maudavi
3083 4250 3137 4293 et
3157 4239 3473 4308 subscripsi.

1883 4327 2015 4381 Item
2059 4330 2306 4382 recitavit.
2356 4329 2506 4384 Felix
2552 4331 2838 4400 episcopus
2883 4330 3260 4402 Tagaraiensis
3301 4332 3471 4402 (581).

1884 4452 2057 4525 potius
2096 4450 2678 4525 'i'iiissoqcrediderim,
2724 4470 2884 4525 quam
2933 4454 3250 4509 Lanviritani
3289 4454 3378 4524 qui
3419 4453 3474 4509 in

1802 4555 1854 4617 ι)
1883 4521 2459 4617 ηυξξιὶξκκιιι,¹1ύξ¹3ἓῑξιο
2479 4526 2582 4617 .29:

1882 4591 2104 4717 18(7375)
2131 4592 2432 4649 Flavianus.
2472 4595 3131 4666 PauzereusisepiscOpus,
3150 4609 3335 4665 supra,
3350 4609 3469 4666 cap.

1880 4733 2104 4862 21(0376)
2145 4735 2399 4792 Donatus.
2445 4737 2787 4794 Sucardensis
2829 4740 3132 4809 episcopus,
3166 4737 3323 4802 infra,
3347 4751 3466 4808 cap.

1954 4875 2380 4949 (377)'Arensis.
2417 4880 2560 4936 Duos
2595 4882 2750 4948 hujus
2800 4880 2898 4934 loci
2949 4880 3472 4949 epi500p0s_receu-

1879 4960 1998 5002 sent
2032 4947 2323 5004 Donatistae
2350 4951 2403 5003 in
2438 4952 2543 5005 hac
2564 4947 2894 5011 Collatione,
2930 4947 3202 5004 is'scilicet
3234 4947 3470 5004 Donatus

1881 5017 1985 5073 hoc
2018 5019 2171 5085 loco,
2215 5032 2268 5074 et
2307 5021 2551 5086 inferius,
2574 5036 2693 5088 cap.
2736 5021 2862 5075 9.03.
2895 5019 3189 5086 Secundus,
3219 5019 3470 5075 videntur

1883 5090 2298 5162 CSS‘eiNiltmitiAat.
2389 5153 2392 5156 ν
2609 5160 2626 5162 ᾖ
2683 5158 2725 5162 γ’
2884 5136 2888 5140 .

1955 5159 2102 5232 (378)
2130 5159 2568 5232 ΑΑΟεηιᾳτίηῐαηο.
2594 5159 2758 5229 CujUs
2773 5161 3060 5228 provincia
3074 5161 3458 5224 sit,incertum.

1952 5227 2103 5296 (579)
2147 5227 2586 5305 Carcabiauensis.
2633 5227 2686 5284 In
2746 5227 3015 5305 provincia
3057 5233 3363 5305 Byzacetra,
3407 5242 3468 5286 ut

1879 5299 2039 5354 docet
2070 5300 2255 5352 notitia
2290 5317 2342 5351 n.
2377 5299 2466 5352 84.
2502 5299 2761 5356 Famosus
2792 5314 2876 5358 est
2919 5299 3242 5358 Victorianus
3271 5301 3463 5357 Carca-

1879 5371 2131 5424 bianensis
2158 5375 2424 5440 episcopus
2454 5373 2543 5440 qui
2572 5375 2802 5428 concilio
2829 5373 3272 5429 CabarsusSitano
3302 5379 3467 5429 inter-

1878 5440 2094 5514 fuit¥,_et
2126 5439 2489 5514 in__ll_agaicnsi
2523 5458 2553 5514 e
2583 5445 2710 5498 sede
2741 5461 2833 5499 sua
2866 5446 3106 5514 deiectus
3135 5446 3250 5514 fuit.

1903 5509 2096 5632 Ὶ(580)
2126 5509 2448 5635 8Ilt'icibettsis.
2499 5513 2662 5570 Forte
2707 5509 2951 5572 Nibeusis
2978 5519 3027 5571 in
3053 5511 3298 5570 Numidia
3319 5557 3333 5581 ,
3367 5511 3466 5568 mi-

1903 5597 2006 5634 lite
2039 5597 2090 5632 n.
2166 5619 2178 5632 .
2243 5603 2247 5606 ~

1879 5591 2006 5634 ιηιεε
2039 5597 2090 5632 n.
2126 5591 2178 5634 δ.
2243 5603 2247 5606 ’

1946 5658 2097 5738 (581)
2144 5658 2518 5738 Ίςαθᾳναὶξηξὶδ.
2565 5663 2770 5721 Practer
2811 5666 3123 5736 Tagaratam
3162 5679 3462 5738 [ilIlCOIISu-

1874 5728 2002 5784 laris
2032 5728 2319 5806 proviuCia:
2350 5733 2633 5806 civitatem
2665 5748 2781 5806 erat
2818 5728 3177 5806 iiifo_zacenti
3207 5735 3464 5806 Tagaria-_

1875 5751 2002 5784 laris
2032 5751 2319 5797 prOVIIICIw
2351 5751 2623 5788 Ctmatem
2665 5751 2781 5790 erat
2818 5753 2869 5789 In
2904 5751 2943 5790 IS
2982 5751 3177 5790 zacena
3208 5751 3459 5806 tagarta-

1875 5808 1994 5853 tam:
2019 5799 2211 5866 sedes.
2244 5812 2300 5857 ut
2329 5801 2492 5860 docet
2522 5804 2713 5862 uetitis
2743 5824 2795 5864 n.
2826 5804 2914 5863 57.
2946 5751 3109 5862 i‘orto
3137 5805 3181 5863 is
3223 5814 3339 5873 est,
3371 5804 3459 5876 qui
