3838 6222
142 209 282 263 ΓΒΗ

1112 206 1336 264 GESTA
1375 201 1826 262 COLLATIONIS
1861 202 2484 262 CARTIlAGlNENSlS.

3300 210 3439 271 15ιέ

139 326 288 383 siuiu
315 324 605 398 Regiorum
628 323 805 397 (595).
830 322 1057 395 Cumque
1076 325 1367 379 accessisset
1394 365 1410 391 ,
1432 324 1569 379 idem
1590 324 1737 379 dixit.
1769 334 1817 393 Α
1846 323 2159 379 Adeodatus
2182 324 2468 394 episcopus
2498 326 2800 396 recognovi.
2836 322 2967 381 Item
2990 326 3236 383 recitavit.
3264 328 3437 401 Roga-

138 418 314 494 285
341 417 593 475 Maudavi
634 428 690 475 et
727 416 1045 490 subscripsi.
1088 416 1223 472 Item
1248 416 1496 472 recitavit.
1540 416 1746 472 Macro-

134 512 269 569 bius
319 513 608 585 episcopus
667 511 1066 586 Hipponiensis.
1126 502 1357 584 Cumque
1406 512 1742 581 accessisset,

134 606 281 662 idem
331 606 490 662 dixit.
541 606 787 663 Mandavi
836 615 892 663 et
941 604 1259 676 subscripsi.
1309 602 1443 661 Item
1490 605 1741 660 recitavit.

134 697 468 755 Maximinus
497 699 782 771 episcopus
815 697 1162 756 Uzabirensis
1193 696 1366 770 (594).
1398 694 1625 768 Cumque
1652 714 1761 775 ac-l

1850 427 1937 475 tus
1964 418 2253 490 episcopus
2296 417 2646 474 Zaraitensis.
2679 418 2905 491 Cumque
2944 422 3257 488 accessisset,
3304 423 3438 478 idem

1849 511 2002 567 dixit.
2052 510 2294 565 Mandavi
2345 521 2399 567 et
2448 510 2759 581 subscripsi.
2816 511 3114 569 Cresconius
3170 517 3445 585 episcopus

1849 603 2101 660 Ecclesia!
2124 602 2408 658 Catholica:
2424 604 2577 659 dixit.
2611 604 2875 661 Diaeonus
2898 606 3194 663 catholicus
3214 619 3349 673 erat,
3380 617 3436 667 et

1846 698 2215 771 rebaptizalus
2258 704 2359 754 est.
2415 698 2710 753 Adeodatus
2753 700 3023 769 episcopus
3067 701 3216 756 dixit.
3268 702 3435 759 Serva

135 791 419 859 cessisset,
470 791 605 847 idem
653 792 804 847 dixit.
849 790 1102 864 Mandavi
1139 799 1192 846 et
1241 777 1559 862 subscripsi.
1609 788 1744 846 Item
1769 786 1805 827 4
1844 793 2088 865 partibus
2123 806 2241 862 quae
2280 800 2614 861 competunt.
2655 790 2791 847 Item
2819 792 3065 847 recitavit.
3110 793 3435 854 Maximinus

133 885 393 939 recitavit.
434 883 765 942 Cresconius
804 887 1092 956 episcopus
1122 882 1513 941 Silemsilensis
1562 882 1737 956 (595).

136 977 373 1050 Cumque
421 980 750 1047 accessisset,
804 978 939 1034 idem
985 978 1135 1035 dixit.
1216 976 1465 1032 Mandavi
1513 986 1569 1034 et
1615 978 1742 1033 sub-

133 1070 682 1142 Seripsi.'l‘raditores
711 1086 819 1128 non
848 1072 1027 1129 habeo
1056 1073 1107 1128 in
1142 1072 1302 1143 plebe
1332 1088 1475 1129 mea.
1496 1070 1743 1129 Aurelius

132 1164 411 1236 episcopus
467 1163 713 1220 Ecclesia:
768 1164 1038 1221 catholica
1094 1164 1529 1221 Macomadieusis
1584 1167 1735 1223 dixit.

136 1257 529 1330 Presbyterum
562 1258 823 1315 habemus
853 1259 943 1331 qui
973 1255 1286 1315 intervenit.

207 1351 339 1407 202.
368 1352 665 1407 Adeodatus
700 1354 975 1422 episcopus
1005 1352 1156 1407 dixit.
1207 1351 1502 1409 Intervenit
1528 1351 1734 1409 dixisti.

131 1444 194 1503 Si
224 1446 425 1518 ubique
454 1455 662 1504 vestros
689 1462 943 1518 spargere
958 1438 1170 1512 velitis,
1199 1446 1307 1518 jam
1355 1445 1611 1502 videmini
1640 1446 1739 1503 ha-

130 1534 268 1594 bere
295 1538 574 1595 nobiscum
599 1546 807 1607 partem
833 1539 885 1592 in
908 1536 991 1593 his
1006 1536 1137 1593 locis
1160 1537 1251 1593 ubi
1274 1538 1564 1594 Christiani
1587 1549 1733 1596 sunt.

129 1628 204 1685 Et
248 1629 356 1684 alia
385 1646 561 1685 manu.
611 1629 937 1699 Reeognovi.
971 1627 1102 1683 Item
1128 1630 1373 1683 recitauit.
1402 1629 1736 1686 Gaudentius

1843 886 2133 956 episcOpus
2157 882 2582 941 Tuburbitanus.
2612 883 2840 955 Cumque
2864 886 3170 952 accessisset,
3192 886 3327 942 idem
3356 889 3437 943 di-

1839 981 1936 1035 xit.
1974 978 2217 1033 Mandavi
2260 986 2317 1033 et
2354 976 2670 1048 subscripsi.
2722 975 2855 1031 Item
2898 978 3147 1032 recitavit.
3198 979 3435 1038 Donatus

1839 1075 2131 1145 episcopus
2157 1086 2184 1126 a
2216 1070 2473 1128 Medianis
2502 1071 2862 1129 Zabuniorum
2889 1070 3065 1145 (402).
3095 1071 3321 1145 Cumque
3345 1090 3435 1129 ac-

1838 1166 2095 1231 cessisset,
2127 1163 2260 1219 idem
2287 1164 2439 1219 dixit.
2474 1163 2724 1219 Mandavi
2753 1173 2808 1219 et
2828 1165 3145 1235 subscripsi.

1907 1259 2035 1315 204.
2073 1258 2253 1314 Victor
2267 1258 2537 1329 episcOpus
2564 1256 2816 1313 Ecclesia
2837 1257 3107 1319 catholica?
3128 1257 3277 1314 dixit.
3302 1257 3436 1314 Pro-

1836 1352 1927 1409 bet
1952 1366 2012 1408 se
2048 1352 2344 1407 accessisse
2368 1350 2434 1407 ad
2462 1366 2625 1406 unam
2643 1350 2863 1407 domum
2889 1366 3051 1422 quam
3072 1351 3225 1407 dicit.
3254 1350 3435 1407 Nova-

1839 1453 1923 1500 tus
1945 1446 2215 1516 episcopus
2244 1443 2496 1499 Ecclesia:
2513 1434 2779 1518 catholica
2806 1442 2948 1514 Siti/5
2969 1440 3120 1499 dixit.
3154 1428 3429 1513 Scriptum

1837 1538 1909 1593 sit
1935 1537 2209 1594 Medianas
2236 1537 2598 1593 Zabuniorum
2631 1535 2831 1593 habere
2868 1536 3265 1609 presbyterum.
3308 1535 3432 1607 Ipse

1837 1631 1998 1689 hodie
2022 1640 2169 1689 tenet
2197 1634 2408 1703 plebem
2422 1644 2474 1688 et
2489 1634 2788 1689 basilicam.
2810 1634 3082 1689 Unitatem
3096 1633 3272 1691 habet.
3296 1633 3429 1689 Nul-

128 1725 425 1795 episcopus
445 1721 1737 1806 Nigi‘zubitauus(396).Cumqueaccessisset,idem
1767 1719 1813 1780 Β
1842 1726 1924 1782 lus
1954 1726 2064 1781 illic
2083 1734 2167 1781 est
2191 1725 2611 1781 Donatistarum.
2644 1725 2817 1795 Supra
2844 1740 3040 1795 corpus
3071 1726 3308 1795 episcopi
3336 1740 3427 1781 ca-

50 1880 59 1883 _
127 1816 287 1871 dixit.
303 1815 549 1872 Mandavi
571 1824 625 1872 et
650 1815 965 1886 subscripsi.
988 1814 1119 1869 Item
1141 1808 1391 1870 recitavit:
1415 1813 1735 1874 Cresconius

125 1912 423 1983 episcopus
462 1910 752 1967 Sinitehsis
780 1909 953 1983 (597).
1002 1908 1228 1981 Cumque
1255 1912 1569 1980 accessisset,
1600 1911 1734 1967 idem

125 2004 285 2059 dixit.
309 2002 555 2059 Mandavi
582 1990 646 2060 et
664 2004 978 2075 subscripsi:
1003 2001 1137 2058 Item
1166 1987 1415 2059 recitavit.
1447 2003 1734 2062 Turrasius

124 2094 423 2166 episcopus
446 2081 785 2152 Fissanensis
809 2094 985 2169 (598).
1009 2093 1239 2168 Cumque
1262 2097 1574 2165 accessisset,
1597 2098 1747 2165 idem,

126 2187 287 2243 dixit.
317 2186 565 2243 Mandavi
606 2196 661 2245 et
682 2188 997 2259 subscripsi.
1031 2187 1168 2242 Item
1188 2172 1435 2244 recitauit.
1472 2189 1731 2263 Speratus

126 2280 807 2351 episcopusCataquensis.
832 2278 1060 2351 Cumque
1082 2282 1394 2345 accessisset.
1422 2281 1557 2336 idem
1576 2282 1727 2339 dixit.

127 2371 383 2428 Mandavi
411 2382 465 2429 et
506 2374 821 2440 subscripsi.
862 2372 995 2428 Item
1025 2374 1272 2429 recitavit.
1308 2374 1731 2431 Fortunatianus
1768 2414 1775 2418 ι

129 2465 422 2535 episcopus
481 2464 844 2521 Vensanensis
897 2465 1076 2537 (599).
1128 2464 1357 2534 Cumque
1412 2468 1727 2534 accessisset,

126 2554 269 2610 idem
292 2556 444 2611 dixit.
492 2556 734 2612 Mandavi
781 2568 835 2612 et
865 2557 1181 2629 subscripsi.
1208 2556 1341 2613 Item
1364 2559 1613 2613 recitavit.
1640 2559 1731 2616 Ja-

128 2648 356 2705 nuarius
385 2648 669 2719 episcopus
706 2646 1150 2704 Centurionensis
1177 2648 1351 2722 (400).
1382 2646 1611 2721 Cumque
1636 2667 1729 2705 ac-

130 2740 369 2794 cessisset
403 2739 535 2793 idem
562 2740 711 2795 dixit.
740 2740 980 2795 Mandavi
1012 2749 1067 2797 et
1092 2740 1409 2811 subscripsi.
1444 2740 1577 2797 Item
1601 2741 1730 2797 reci-

130 2830 277 2885 tauit.
335 2828 689 2899 Comparator
728 2831 1015 2903 episcopus
1057 2831 1455 2889 Maetaritanus.
1504 2832 1730 2897 Cumque

128 2923 442 2986 accessisset,
467 2920 605 2976 idem
631 2922 783 2977 dixit.
814 2923 1057 2979 Mandavi
1072 2930 1127 2979 et
1149 2924 1464 2995 subscripsi.
1490 2922 1621 2979 Item
1648 2942 1729 2981 re-

129 3014 327 3069 citauit.
389 3012 713 3070 Cresconius
791 3015 1078 3086 episcopus
1133 3017 1490 3072 Banzarensis
1550 3016 1720 3090 (401).

1838 1816 2027 1874 tboliel
2050 1816 2423 1890 presbyterum
2453 1816 2721 1886 ordinari,
2751 1825 2808 1873 et
2836 1817 2949 1873 Deo
2973 1816 3188 1875 volente
3208 1817 3427 1875 ordina-

1836 1908 1981 1965 bitur
2009 1907 2120 1963 illie
2140 1909 2445 1979 episcopus.
2481 1909 2783 1980 Episcopus
2815 1919 2995 1965 autem
3026 1908 3424 1967 Donatistarum

1834 2001 1891 2056 in
1920 1998 2112 2056 eodem
2156 1999 2279 2054 loco
2322 2015 2427 2055 non
2468 2007 2570 2055 est.
2616 1995 2911 2055 Adeodatus
2959 2002 3232 2072 episcopus
3270 2001 3421 2056 dixit.

1834 2094 2031 2152 Contra
2081 2093 2201 2149 hinc
2235 2108 2391 2150 serva
2440 2109 2560 2163 qua-
2601 2099 2929 2164 competunt.
2979 2092 3048 2147 Et
3092 2095 3199 2148 alia
3242 2111 3420 2151 manu.

1835 2184 2142 2243 Adeodalus
2170 2189 2457 2256 episcopus
2485 2169 2791 2256 recognovi.
2837 2184 3172 2239 Marcellinus
3210 2187 3285 2239 uir
3312 2185 3423 2240 cla-

1833 2280 2070 2334 rissimus
2098 2276 2332 2332 tribunus
2360 2287 2407 2333 et
2426 2277 2659 2331 notarius
2685 2276 2836 2331 dixit.
2870 2275 3002 2344 Quae
3020 2275 3256 2346 partibus
3277 2290 3426 2331 com-

1833 2381 2044 2444 petunt,
2093 2371 2237 2427 salva
2266 2379 2447 2427 erunt.
2495 2369 2631 2425 Item
2656 2370 2908 2425 recitauit.
2952 2369 3099 2425 Felix
3135 2371 3424 2441 episcopus

1833 2463 2114 2522 Uzalensis
2140 2461 2316 2534 (405).
2350 2461 2580 2532 Cumque
2597 2462 2913 2528 accessisset,
2938 2461 3075 2525 idem
3097 2462 3247 2516 dixit.
3274 2460 3423 2517 Mau-

1832 2559 1954 2613 davi
1977 2566 2032 2613 et
2057 2556 2371 2627 subscripsi.
2391 2553 2525 2611 Item
2541 2556 2789 2611 recitavit.
2806 2555 3115 2611 Servandus
3134 2555 3422 2627 episcopus

1816 2666 1861 2707 ‘a
1890 2650 2043 2707 Casis
2087 2649 2423 2705 Favensibus
2452 2648 2628 2721 (404).
2666 2646 2895 2719 Cumque
2922 2649 3238 2714 accessisset,
3283 2647 3420 2702 idem

1831 2744 1983 2798 dixit.
2010 2741 2254 2798 Maudavi
2290 2750 2342 2796 et
2369 2740 2683 2810 subscripsi.
2717 2738 3057 2795 Traditorcm
3084 2740 3190 2794 non
3222 2738 3439 2794 habeo..

1832 2836 1964 2898 Item
1992 2837 2239 2892 recitavit.
2269 2835 2415 2891 Felix
2438 2829 2735 2907 episcopus
2755 2834 3050 2891 Putiensis.
3084 2834 3308 2904 Cumque
3331 2848 3421 2887 ac-

1832 2931 2086 2995 cessisset,
2110 2930 2246 2985 idem
2270 2928 2424 2983 dixit.
2450 2927 2694 2983 Mandavi
2722 2935 2778 2982 et
2801 2926 3113 2997 subscripsi.

1898 3022 2026 3079 905.
2078 3020 2365 3076 Petilianus
2390 3020 2658 3092 episcopus
2685 3018 2834 3073 dixit.
2875 3018 2948 3073 De
2979 3018 3232 3075 mandato
3287 3033 3417 3073 cou-

130 3106 365 3178 Cumque
386 3110 704 3179 accessisset,
731 3110 868 3164 idem
888 3110 1038 3165 dixit.
1057 3110 1298 3169 Maudavi
1317 3119 1371 3166 et
1385 3111 1715 3182 subscripsi:
1746 3112 1792 3175 C
1825 3124 1954 3182 stet,
1984 3130 2089 3171 non
2117 3114 2185 3170 de
2212 3129 2398 3179 causa,
2426 3126 2546 3185 qua:
2574 3122 2759 3184 postea
2791 3122 2873 3169 est
2904 3112 3210 3170 ventilanda
3235 3111 3303 3168 Et
3315 3114 3420 3170 alia

130 3200 446 3257 traditorem
486 3216 589 3256 non
623 3202 797 3258 habeo
842 3202 895 3257 in
926 3202 1084 3273 plebe
1116 3217 1267 3263 .mea.
1299 3201 1433 3259 Item
1474 3205 1720 3259 recitavit.

131 3292 319 3348 Victor
344 3293 625 3363 episcopus
669 3293 949 3349 Hiltensis.
981 3293 1209 3363 Cumque
1232 3296 1546 3362 accessisset,
1590 3296 1725 3351 idem

128 3385 281 3439 dixit.
334 3384 577 3440 Maudavi
627 3394 683 3440 et
727 3386 1040 3457 subscripsi.
1072 3385 1203 3441 Item
1247 3388 1497 3442 recitavit.
1544 3387 1726 3444 Vlcto'r

126 3462 415 3549 episcopus
440 3469 785 3536 Titulitanus.
818 3476 1046 3552 Cumque
1068 3481 1381 3547 accessisset,
1408 3482 1543 3536 idem
1568 3482 1719 3537 dixit.

126 3571 373 3628 Mandavi
404 3583 457 3628 et
483 3574 795 3645 subscripsi.
831 3573 963 3629 Item
983 3576 1230 3633 recitavit.
1263 3574 1406 3631 Felix
1432 3576 1716 3647 episcopus

132 3666 453 3722 Vossianus.
484 3664 713 3739 Cumque
742 3663 1052 3735 accessisset,
1098 3669 1233 3723 idem
1279 3670 1430 3723 dixit.
1472 3669 1722 3725 Mandavi

125 3769 179 3814 et
207 3759 525 3829 subscripsi.
652 3810 655 3813 .
1170 3832 1173 3837 Ξ
1265 3747 1275 3755 ⁶

195 3850 324 3905 205.
369 3850 644 3906 Palatinus
680 3853 952 3922 episcopus
984 3850 1233 3908 Ecclesia
1260 3854 1526 3908 catholica:
1562 3854 1711 3909 dixit.

129 3942 395 3996 Diaconus
420 3940 519 3997 fuit
538 3953 590 3997 et
612 3943 971 4013 rebaptizatus
1000 3954 1100 4000 est.
1130 3944 1427 4000 Adeodatus
1448 3947 1715 4018 episcopus

125 4035 277 4090 dixit.
308 4034 475 4091 Serva
506 4036 744 4107 partibus
770 4052 888 4107 quas
929 4045 1263 4119 competunt.
1298 4038 1367 4093 Et
1396 4040 1502 4094 alia
1530 4055 1711 4095 mauu.

196 4156 351 4233 (595)
393 4158 847 4233 ᾅαηακηεῃδέωη
867 4161 1568 4233 regiorum._ln_Mauritau_ia
1601 4163 1722 4219 Cm.

123 4228 381 4312 sariensi.
414 4231 545 4288 Nam
575 4232 626 4285 in
658 4231 773 4302 ejus
803 4228 987 4293 notitia
1020 4248 1074 4287 η.
1104 4231 1207 4300 82,
1237 4228 1463 4288 habetur
1502 4231 1721 4289 Mauac-t

122 4314 493 4357 εεηεενηαηυε.

198 4372 356 4445 (594)
406 4372 752 4430 Uzabireusis.
785 4373 842 4446 In
871 4372 1145 4446 provincia
1173 4373 1469 4446 Byzaccna.
1502 4374 1715 4445 Quippe

124 4445 177 4500 in
200 4443 319 4512 ejus
342 4446 550 4509 notitia,
583 4461 730 4499 num.
756 4445 846 4510 Μ,
882 4443 1266 4502 Unuzibireusis
1293 4446 1547 4512 occurrit,
1575 4454 1631 4501 ct
1651 4443 1711 4500 in

122 4514 403 4587 synodica_
428 4516 642 4587 Patrum
672 4514 1087 4587 iByzaceuorum
1121 4514 1173 4568 in
1220 4515 1447 4587 concilio
1491 4516 1713 4577 Latera-

123 4585 277 4640 nensi
322 4585 893 4659 subscribitMDouatus
932 4586 1281 4643 misericordia
1320 4586 1418 4642 Dei
1447 4590 1713 4659 episwpus

122 4666 312 4709 sancta:
338 4653 583 4709 Ecclesia!
612 4656 1007 4711 Uuizivereusis.

192 4724 344 4798 (595)
371 4725 772 4799 ⁸δᾷίηηδὲιεηδὶιε.
805 4727 860 4781 lu
885 4729 1131 4799 _cbnciliu
1158 4728 1560 4799 Carthaginensi
1587 4733 1711 4789 anni

121 4796 248 4872 397,
302 4796 401 4849 sub
430 4796 714 4872 Cenetltlin
754 4797 1229 4872 adfuitepist‘Opus
1271 4796 1713 4872 Selemsclitunus,

121 4868 212 4940 qui
234 4867 619 4940 locusvidetur
650 4884 769 4924 esse
794 4870 1081 4937 provincia:
1114 4867 1529 4940 proconsularis.

362 4937 767 5017 igixubitauus.
785 4937 1282 5017 _(_3uju_s‘_provincim
1310 4946 1393 5017 sit,
1418 4944 1704 5003 incertum.

194 5010 349 5079 (397)
380 5010 674 5065 Siuiteusis.
708 5013 761 5065 lu
785 5012 1051 5075 Numidia,
1077 5023 1131 5067 ut
1153 5014 1310 5069 docet
1343 5010 1527 5070 notitia
1556 5033 1705 5074 num.

121 5080 208 5135 67.
245 5080 1101 5156 Eratpropeiliippouemrcgium
1130 5084 1406 5140 Castellum
1449 5087 1707 5144 Siuiteuse

120 5167 200 5227 ex_
228 5149 546 5227 Augustino,
576 5149 669 5207 lib.
701 5149 824 5208 ’χιιι
874 5155 941 5210 de
963 5149 1127 5210 'Civit.
1172 5159 1259 5211 Dei
1310 5173 1429 5227 cap.
1472 5160 1523 5214 8.
1560 5160 1703 5215 Idem

119 5223 275 5290 epist.
295 5224 429 5300 _lO£_i,
462 5240 610 5300 num.
644 5228 697 5300 4,
726 5227 1052 5300 mentionem
1088 5227 1212 5283 facit
1240 5223 1529 5283 Marcellini
1587 5232 1700 5300 epi-

119 5299 265 5363 scopi
286 5294 550 5365 Catholici
580 5296 737 5365 hujus
757 5297 880 5351 lnci.

188 5365 341 5437 (598)
396 5364 743 5437 Fissauensis.
775 5368 871 5423 Ubi
904 5366 1063 5422 fuerit
1095 5368 1180 5422 hic
1210 5370 1381 5433 locus,
1410 5373 1691 5426 incertum.

119 5435 348 5508 Donatus
374 5440 640 5508 episcopus
682 5436 1027 5493 Fisciauensis
1074 5438 1314 5495 interfuit
1341 5442 1567 5497 concilio
1594 5443 1697 5499 Ca—

118 5506 504 5562 barsnssitano.

191 5578 336 5650 (599)
398 5579 752 5650 ιζεηδαηεηεὶε.
775 5578 939 5648 Cujus
968 5581 1257 5648 provincia:
1282 5582 1370 5648 sit,
1404 5583 1694 5650 incertum,

121 5652 139 5699 1.
191 5646 823 5721 (400)__Ceittug-iorteusis.
855 5646 934 5706 ἰη
973 5646 1253 5721 Numidia.
1296 5646 1534 5713 Concilio
1574 5646 1692 5715 Ciré

119 5717 247 5775 lCIlsl
284 5719 471 5777 adfuit.
511 5717 691 5776 Nabor
730 5738 760 5775 a
789 5722 1131 5780 Ccuturiouis.
1173 5717 1425 5783 Diversus
1468 5738 1549 5785 est
1589 5730 1693 5790 isto

1825 3224 2001 3263 mauu.
2034 3207 2330 3278 Petilianus
2352 3207 2642 3277 episcopus
2670 3206 2999 3275 recognovi.

1895 3298 2022 3356 206.
2064 3298 2401 3356 Marcellinus
2430 3300 2508 3352 vir
2528 3298 2843 3353 clarissimus
2863 3299 3091 3353 tribunus
3111 3310 3158 3354 et
3182 3300 3414 3354 notarius

1826 3392 1977 3447 dixit.
2022 3390 2127 3446 lsta
2164 3387 2514 3461 frequentius
2564 3390 2922 3447 interlocutus
2969 3406 3110 3455 sum,
3143 3392 3414 3461 superﬂue

1830 3469 1881 3541 in
1916 3484 1997 3542 his
2025 3485 2248 3542 creditis
2274 3483 2690 3540 immorandum.
2734 3482 2866 3539 Item
2908 3485 3158 3539 recitauit.
3196 3484 3416 3540 Messia-

1824 3594 1926 3633 nus
1976 3578 2263 3647 episcnpus
2308 3576 2765 3631 Seleucianensis.
2822 3574 3049 3645 Cumque
3096 3577 3411 3651 accessisset,

1818 3672 1952 3725 idem
1992 3670 2139 3724 dixit.
2172 3668 2412 3723 Maudavi
2434 3677 2489 3723 et
2518 3669 2835 3738 subscripsi.
2872 3669 3004 3723 Item
3032 3670 3285 3725 recitavit.
3319 3671 3409 3726 Li-

1818 3761 2094 3817 herantius
2118 3744 2404 3831 episcopus
2429 3761 2834 3816 Tisanianensis
2863 3760 3033 3833 (405).
3068 3762 3299 3833 Cumque
3324 3781 3409 3817 uc-

1816 3855 2064 3918 cessisset,
2094 3854 2229 3908 idem
2255 3854 2405 3908 dixit.
2434 3844 2755 3907 Mandavi'et
2776 3852 3088 3923 subscripsi.
3124 3852 3255 3907 Item
3282 3855 3408 3907 reci-

1819 3950 1962 4004 tavit.
1996 3926 2319 4005 Cresconius
2335 3949 2619 4018 episcopus
2646 3947 3032 4002 Advocateusls
3056 3946 3227 4019 (400).
3253 3946 3407 4001 Cum-

1816 4057 1914 4112 que
1959 4041 2271 4106 accessisset,
2320 4040 2455 4095 idem
2501 4039 2650 4093 dixit.
2703 4038 2943 4093 Mandavi
2994 4047 3052 4093 et
3088 4027 3401 4108 subscripsi.

1818 4164 1969 4222 locus
2005 4181 2033 4221 a
2077 4162 2419 4231 Ceuturieusi,
2458 4164 2610 4235 cujus
2648 4164 2933 4235 episcopus
2982 4164 3257 4219 Donatista
3291 4173 3411 4227 erat

1819 4236 2163 4301 Cresconius,
2187 4246 2244 4292 ut
2271 4245 2416 4306 patet
2442 4252 2506 4292 ex
2534 4251 2652 4305 cap.
2686 4236 2812 4299 126,
2838 4250 3020 4305 supra.

1890 4308 2041 4376 (401)
2082 4307 2442 4361 Bauzarensis.
2469 4306 2638 4376 Cujus
2667 4307 2954 4374 provincia:
2983 4306 3072 4367 sit,
3115 4306 3404 4363 incertum.

1890 4310 2014 4373 (401
2082 4310 2442 4361 Bauzarensis.
2469 4310 2638 4376 Cujus
2667 4310 2954 4374 provincia:
2983 4310 3072 4367 sit,
3115 4310 3404 4363 incertum.

1889 4310 2041 4450 (402i
2083 4380 2125 4432 A
2156 4378 2415 4435 Medianis
2434 4377 2812 4450 Zabuuiorum.
2833 4375 2891 4430 lu
2916 4379 3101 4450 notitia
3124 4377 3406 4446 episcopu-

1817 4465 1934 4505 t‘unt
1969 4447 2259 4519 prOVincize
2289 4449 2579 4521 Byzaceum
2612 4448 2885 4521 num._27.
2936 4447 3276 4521 Metiimtertsis
3310 4464 3401 4521 ne-

1816 4522 2004 4585 currit,
2032 4531 2086 4576 et
2108 4523 2160 4577 in
2192 4518 2382 4584 notitia
2410 4519 2738 4575 Mauritaniae
2766 4518 3277 4574 Cit-sariensisnum.
3307 4520 3398 4584 86,

1816 4590 2097 4647 Castellum
2118 4591 2369 4651 .llediaui.
2396 4592 2501 4647 Sed
2536 4591 2776 4646 Mediana
2801 4590 2869 4645 de
2896 4606 2994 4658 qua
3030 4589 3115 4646 hic
3138 4590 3315 4657 agitur
3334 4591 3401 4643 ad

1815 4663 2189 4719 Mauritaniam
2222 4662 2533 4718 Sitifensem
2568 4664 2817 4731 pertinet,
2848 4671 2902 4715 ut
2931 4660 3196 4728 colligitur
3226 4675 3293 4731 es
3321 4660 3401 4712 in-

1817 4735 2170 4788 tet‘lncutinne
2192 4734 2381 4788 Novati
2411 4730 2696 4797 Sitilensis,
2717 4748 2835 4802 qua:
2858 4732 3117 4801 sequitur,
3146 4732 3233 4798 qui
3268 4730 3399 4785 dicit

1818 4806 2096 4861 ordinasse
2125 4822 2184 4877 se
2212 4806 2287 4861 ibi
2317 4808 2708 4877 presbyterum.

1892 4877 2045 4949 (405)
2101 4870 2770 4949 υιαιεηεῖε.γ1η’ρτονίιιοίρ
2816 4870 3190 4949 proconsulari
3236 4872 3393 4949 nntit.

1820 4939 1967 5003 nuin.
2020 4939 2072 5015 7,
2123 4949 2275 5019 cujus
2324 4939 2617 5019 episcopus,
2652 4943 2950 5019 catholicus
2982 4952 3097 4995 erat
3142 4939 3392 5019 Euatlnius.

1817 5011 2072 5074 Mustulus
2102 5011 2369 5090 epiicopus
2386 5011 2646 5090 Usnlieusis
2664 5013 2980 5090 subscripsit
3008 5011 3237 5090 concilio
3263 5012 3396 5090 Car-
3492 5021 3501 5027 '

1811 5082 2280 5159 thagiuensi'sub'
2305 5086 2613 5159 Βιῃιὶΐςιιῑὶο.Δ
2652 5082 2997 5159 Augustinus,
3024 5082 3136 5159 _lib_.
3169 5098 3284 5136 χιιι
3324 5084 3394 5159 de

1808 5152 1966 5215 Civil.
2001 5161 2093 5213 Dei
2134 5175 2249 5226 cap.
2284 5158 2336 5217 8,
2370 5156 2719 5226 hancnrbent
2768 5152 3179 5226 Uticwcnloniie
3208 5154 3393 5218 proxi-

1808 5247 1946 5286 mam
1980 5230 2144 5282 fuisse
2189 5222 2431 5281 testatur.
2476 5224 2803 5280 Uzalitanum
2833 5224 3092 5295 Oppidum
3134 5222 3387 5279 Latinum

1804 5302 2034 5371 appellat
2056 5299 2253 5371 Plinius
2284 5298 2373 5371 lib.
2408 5312 2459 5359 ν,
2493 5313 2611 5371 cap.
2643 5296 2697 5371 4.

1879 5363 2027 5439 (ιω)
2066 5370 2107 5422 Α
2136 5368 2278 5424 Casis
2308 5363 2642 5423 Fat'eusibus.
2673 5365 2838 5437 Cujus
2866 5364 3156 5436 provincim
3185 5364 3276 5429 sit,
3305 5363 3387 5427 in-

1986 5457 2021 5493 ι.

1800 5451 2023 5585 εεῗῶῃὸ)
2076 5510 2478 5567 Tisaniaueusis.
2522 5509 2685 5581 Cujus
2732 5508 3019 5580 provincia:
3062 5506 3153 5573 sit,
3202 5506 3386 5562 incer-.

1800 5592 2019 5730 maliti)
2069 5657 2449 5730 Αάυοεαιᾷηδὶε.
2483 5655 2859 5730 llttiusoppidi
2891 5654 3092 5730 mentio
3124 5652 3179 5707 lit
3208 5649 3265 5713 in
3291 5664 3382 5704 ac-

1802 5726 2153 5788 tis'llonorati
2177 5744 2205 5784 a
2237 5728 2394 5787 nobis
2420 5726 2815 5803 nuncprintutu
2858 5726 3016 5787 editis
3042 5737 3223 5795 supra.
3253 5735 3371 5792 Pag-
