3838 6222
401 278 545 338 1515

1367 266 1588 326 οΕετΑ
1631 260 2082 322 COLLATIONIS
2119 255 2737 316 CARTHAGINENSIS.

3578 244 3710 300 15M

404 395 540 451 Item
564 393 813 450 recitavit.
844 392 1076 446 Donatus
1104 388 1392 458 cpiscopus
1409 386 1736 442 Scillitanus.
1765 381 1992 450 Cumque
2018 385 2064 441 Λ
2095 378 2255 434 Gildo
2287 378 2462 450 (416).
2507 377 2773 446 Scriptum
2816 375 2904 436 sit.
2935 374 3063 429 dum
3097 377 3454 440 exspectatur
3487 363 3708 421 electio.

405 488 712 557 accessisset,
732 485 870 553 idem
902 483 1049 537 dixit.
1083 480 1324 536 Mandavi
1343 489 1397 535 et
1417 475 1791 548 subscripsisl
1797 488 1893 531 tem
1907 494 1991 546 re-

406 580 595 636 citavit.
637 577 882 632 Urbanus
921 573 1206 643 episcopus
1259 572 1521 627 Vicensis.
1554 569 1780 636 Cumque
1821 584 1994 622 acces-

405 673 568 735 sisset,
601 669 736 722 idem
757 666 907 721 dixit.
941 665 1186 721 Mandavi
1215 675 1268 720 et
1306 663 1622 733 subscripsi.
1648 661 1780 717 Item
1809 663 1994 715 recita-

405 764 492 818 vit.
530 761 835 814 Victorinus
861 759 1147 828 episcopus
1178 756 1590 812 Adrumetinus.
1642 752 1864 826 Cumque
1901 770 1993 806 ac-

406 851 653 916 cessisset,
713 851 851 904 idem
895 849 1046 904 dixit.
1090 848 1336 903 Mandavi
1386 859 1441 903 et
1491 846 1804 918 subscripsi.
1859 847 1995 902 Item

383 924 651 996 recitavit.
677 941 937 997 Maximus
957 944 1245 1012 episcopus
1268 941 1619 996 Canianensis
1643 941 1817 1011 (407).
1839 938 1996 995 Cum-

403 1052 503 1104 que
537 1035 852 1101 accessisset,
893 1035 1028 1088 idem
1071 1035 1222 1088 dixit.
1274 1033 1520 1088 Mandavi
1571 1042 1625 1089 et
1678 1034 1990 1104 subscripsi.

406 1126 540 1182 Item
597 1128 845 1182 recitavit.
902 1127 1177 1195 Ampelius
1234 1128 1519 1196 episcopus
1583 1125 1991 1199 Neapolitanus.

407 1219 632 1293 Cumque
651 1223 967 1287 accessisset,
989 1221 1126 1275 idem
1153 1222 1304 1276 dixit.
1334 1221 1580 1276 Mandavi
1599 1230 1654 1275 et
1677 1221 1993 1291 subscripsi.

406 1314 540 1371 Item
569 1315 824 1370 recitavit.
855 1314 1136 1370 Maximus
1165 1316 1451 1386 episcopus
1489 1313 1780 1370 Macreusis
1817 1314 1996 1386 (408).

406 1406 628 1477 Cumque
647 1409 959 1476 accessisset,
991 1408 1124 1462 idem
1153 1408 1305 1462 dixit.
1329 1407 1578 1464 Mandavi
1605 1418 1659 1464 et
1677 1409 1996 1479 subscripsi.

409 1498 542 1554 Item
562 1502 808 1556 recitauit.
835 1501 1048 1557 ldaxins
1075 1502 1356 1573 episcopus
1384 1502 1742 1558 Muzucensis.
1773 1499 2002 1573 Cumque

406 1593 721 1659 accessisset,
765 1592 900 1647 idem
930 1593 1082 1647 dixit.
1123 1593 1368 1648 Mandavi
1398 1602 1454 1649 et
1495 1594 1809 1664 subscripsi.
1867 1593 2002 1648 Item

405 1683 654 1738 recitavit.
685 1684 988 1740 Restitutus
1003 1687 1289 1756 episcopus
1311 1685 1828 1755 Flumenpiscensis.
1854 1684 2003 1740 Cum-

2096 468 2361 526 Cmterum
2398 471 2451 524 in
2491 470 2704 522 nomine
2743 465 2940 521 Christi
2976 464 3321 519 ordinabitur
3348 460 3461 515 illic
3495 459 3713 527 episco-

2097 577 2217 632 pus.
2254 560 2385 615 Item
2414 561 2659 614 recitavit.
2693 559 2850 614 Celer
2879 558 3167 628 episcopus
3197 555 3526 624 Capsensis.
3562 548 3713 604 Curu-

2096 657 2191 721 que
2203 652 2516 716 accessisset,
2539 651 2673 704 idem
2700 651 2850 703 dixit.
2867 649 3111 704 Mandavi
3132 657 3189 702 et
3208 645 3548 716 subscripsi.
3582 642 3709 695 Item

2095 746 2343 800 recitavit.
2376 744 2699 799 Cresconius
2727 745 3012 814 episcopus
3032 742 3448 797 Musertitanus.
3473 736 3712 804 Cumque

2096 839 2403 905 accessisset,
2451 838 2584 892 idem
2617 839 2766 891 dixit.
2797 838 3040 892 Mandavi
3075 835 3154 910 [et
3183 831 3544 903 subscripsi].
3578 829 3710 883 Item

2097 932 2345 986 recitavit.
2393 932 2628 986 Donatus
2659 932 2946 1000 episcopus
2991 930 3441 985 Tubursiceusis.
3477 927 3714 996 Cumque

2097 1027 2410 1088 accessisset,
2461 1027 2592 1080 idem
2622 1027 2774 1079 dixit.
2821 1025 3061 1080 Mandavi
3108 1035 3163 1080 et
3205 1023 3544 1093 subscripsi.
3583 1022 3714 1077 Item

2098 1117 2345 1170 recitauit.
2383 1116 2787 1183 Quodvultdeus
2833 1118 3118 1188 episcopus
3161 1115 3492 1171 Cessitanus
3527 1115 3710 1184 (417).

2171 1209 2300 1264 207.
2354 1208 2642 1263 Petilianus
2672 1212 2944 1281 episcOpus
2985 1210 3136 1263 dixit.
3173 1209 3228 1262 In
3259 1209 3454 1263 itinere
3483 1206 3711 1261 defecit.

2102 1301 2171 1356 Et
2198 1303 2302 1355 alia
2329 1318 2502 1355 manu.
2535 1301 2833 1356 Petilianus
2854 1302 3139 1370 episc0pus
3163 1301 3476 1371 recognovi.
3515 1298 3715 1352 Fortu-

2101 1399 2343 1470 natianus
2389 1397 2656 1467 episcopus
2707 1396 2952 1450 Ecclesia
2989 1393 3257 1448 catholica
3299 1396 3455 1448 dixit.
3500 1394 3613 1462 Qui
3663 1395 3710 1446 in

2102 1487 2297 1542 itinere
2345 1487 2544 1542 dicitur
2585 1486 2872 1551 defecisse,
2916 1484 3374 1555 quemadmodum
3428 1485 3712 1538 invenitur

2103 1583 2489 1653 subscripsisse
2531 1585 2813 1638 doceatur.
2868 1582 2934 1636 Et
2983 1583 3088 1636 alia
3131 1598 3311 1636 nianu.
3365 1577 3709 1650 Recognovi.

2110 1677 2394 1732 Petilianus
2439 1679 2709 1746 episcopus
2753 1678 2904 1733 dixit.
2939 1676 3055 1732 Non
3103 1677 3171 1732 de
3209 1677 3329 1748 ipso
3358 1676 3574 1732 dictum
3606 1684 3710 1739 est,

407 1779 868 1846 que‘accessisset,
915 1777 1052 1832 idem
1084 1778 1230 1832 dixit.
1285 1777 1528 1834 Mandavi
1577 1789 1632 1834 et
1679 1778 1994 1849 subscripsi.
2028 1767 2075 1826 B
2103 1772 2436 1828 calumniose
2474 1772 2606 1843 agis,
2654 1772 2721 1828 de
2762 1771 2936 1827 altero
2976 1779 3287 1842 suggestum
3325 1782 3431 1826 est.
3485 1770 3557 1824 Et
3609 1769 3712 1822 alia

409 1867 546 1923 Item
571 1870 820 1924 recitauit.
851 1869 1122 1925 Tertullus
1151 1871 1437 1941 episcopus
1479 1869 1789 1927 Cilibiensis
1825 1869 1998 1942 (409).

411 1961 642 2034 Cumque
670 1965 985 2027 accessisset,
1010 1963 1175 2034 286
1194 1964 1327 2017 idem
1355 1965 1504 2018 dixit.
1534 1964 1774 2018 Mandavi
1799 1973 1854 2018 et
1878 1963 2006 2017 sub-

409 2058 628 2124 scripsi.
675 2055 832 2128 (Item
862 2059 1140 2126 recitavit.)
1179 2057 1466 2112 Ianuarius
1486 2058 1773 2127 episcopus
1798 2056 2002 2113 Naren-

408 2149 486 2200 sis
515 2146 689 2219 (110).
721 2144 948 2217 Cumque
985 2145 1299 2214 accessisset,
1333 2148 1469 2202 idem
1497 2149 1648 2202 dixit.
1681 2147 1924 2203 Mandavi
1948 2157 2005 2203 et

410 2241 730 2312 subscripsi.
757 2239 1164 2297 Item'recitavit.
1198 2241 1503 2298 Honoratus
1529 2243 1814 2312 episcopus
1831 2242 2005 2298 Thus-

409 2331 678 2388 dritanus.
704 2328 933 2403 Cumque
951 2336 1267 2399 accessisset,
1296 2334 1429 2386 idem
1459 2335 1609 2388 dixit.
1659 2333 1906 2389 Mandavi
1953 2345 2007 2390 et

408 2423 730 2492 subscripsi.
781 2423 913 2478 Item
953 2426 1198 2479 recitavit.
1233 2425 1692 2481 Crescentilianus
1721 2429 2006 2498 episcopus

407 2513 822 2572 Lambiritcnsis
852 2517 1028 2588 (411).
1060 2517 1285 2587 Cumque
1326 2520 1640 2585 accessisset,
1669 2520 1806 2574 idem
1854 2522 2005 2578 dixit.

409 2603 652 2660 Mandavi
684 2617 739 2661 et
759 2607 1054 2676 subscripsi
1079 2628 1091 2662 :
1124 2620 1176 2664 et
1202 2611 1458 2680 proﬁteor
1479 2627 1567 2668 me
1590 2613 1874 2668 traditores
1899 2629 2004 2668 non

410 2699 631 2753 habere.
663 2698 904 2754 Aurelius
942 2702 1210 2771 episcopus
1241 2702 1485 2758 Ecclesia?
1512 2705 1780 2759 cat/taliae
1829 2705 2010 2760 Maca-

409 2789 686 2845 madieusis
726 2791 876 2848 dixit.
926 2791 1210 2862 Superﬂue
1250 2796 1540 2862 proliteris.
1589 2799 1889 2866 Episcopus
1933 2800 2006 2854 ibi

410 2881 531 2948 fuit,
593 2885 834 2954 proxime
882 2885 1166 2941 defunctus
1215 2898 1319 2942 est.
1368 2888 1716 2945 Ordinandus
1760 2893 1867 2947 illic
1904 2895 2009 2948 erit

411 2975 567 3030 alius.
602 2977 733 3031 Item
761 2980 1007 3035 recitauit.
1043 2981 1348 3037 Habetdeus
1375 2985 1665 3054 episcopus
1694 2987 2010 3045 Aurusulia-

414 3066 598 3122 nensis
625 3068 796 3141 (M2).
824 3071 1047 3142 Cumque
1073 3076 1384 3143 accessisset,
1419 3076 1553 3132 idem
1583 3080 1733 3134 dixit.
1761 3081 2004 3138 Mandavi

414 3168 468 3214 et
505 3160 822 3232 subscripsi.
861 3163 993 3218 Item
1021 3166 1266 3220 recitavit.
1294 3167 1560 3224 Bnrcaton
1587 3173 1868 3242 episcopus
1899 3175 2006 3231 Ge-
2032 3148 2077 3210 Ο

413 3252 691 3317 incllensis
721 3253 897 3326 (415).
932 3257 1153 3328 Cumque
1175 3263 1485 3329 accessisset,
1515 3264 1652 3318 idem
1677 3266 1828 3320 dixit.
1859 3267 2006 3322 Man-

413 3346 537 3401 davi
564 3358 618 3402 et
646 3349 962 3417 subscripsi.
1007 3351 1342 3407 Traditorem
1373 3371 1478 3409 non
1511 3357 1685 3412 habeo
1716 3375 1816 3415 nec
1843 3360 2006 3416 habui

415 3453 691 3508 umquam.
735 3438 866 3492 Item
892 3442 1137 3496 recitavit.
1166 3442 1451 3500 Ianuarius
1492 3449 2007 3524 episcopusBetag-

416 3535 689 3589 baritanus
703 3535 1112 3608 (4H).Cumque
1123 3543 1432 3604 accessisset,
1446 3542 1579 3596 idem
1594 3543 1745 3599 dixit.
1762 3542 2006 3600 Mandavi

412 3634 468 3680 et
505 3627 819 3696 subscripsi.
871 3628 1001 3683 Item
1047 3633 1294 3689 recitavit.
1342 3632 1676 3690 Donatianus
1723 3637 2005 3705 episc0pus

412 3716 794 3774 Lamzellensis
828 3722 998 3793 (415).
1047 3723 1273 3795 Cumque
1314 3726 1628 3793 accessisset,
1673 3727 1810 3782 idem
1855 3728 2004 3782 dixit.

413 3809 656 3866 Mandavi
680 3823 732 3866 et
753 3813 1068 3885 subscripsi.
1100 3816 1437 3891 Traditoretn
1467 3832 1649 3875 autem
1681 3836 1779 3876 nec
1811 3821 2006 3888 habeo,

414 3919 518 3960 nec
549 3904 730 3972 habui,
756 3922 856 3961 nec
880 3907 1162 3963 habiturus
1186 3926 1325 3964 sum.
1352 3909 1590 3966 Aurelius
1614 3913 1882 3983 episcOpus
1909 3912 2010 3966 Ec-

414 3999 589 4053 clesia:
610 4001 876 4056 catholica:
901 4002 1325 4059 Macamadiensis
1347 4004 1496 4060 dixit.
1535 4005 1704 4060 Rufus
1723 4007 2012 4076 episcopus

415 4089 490 4146 ibi
517 4090 618 4146 luit
647 4102 851 4148 noster.
883 4093 1138 4150 Lamzelli
1165 4097 1218 4152 in
1243 4097 1460 4153 basilica
1485 4107 1668 4153 nostra
1702 4099 1910 4171 positus
1932 4109 2013 4154 est

419 4255 544 4332 192,
593 4255 796 4332 ubi_ex
841 4255 1173 4332 A_bvocatensi
1225 4260 1426 4331 oppido
1469 4258 1856 4332 Carthaginem
1913 4278 2010 4316 ve-

419 4328 570 4453 gisse
612 4325 829 4382 dicitur.
877 4328 1174 4388 Provinciae
1201 4325 1601 4403 proconsularis
1630 4325 1797 4389 fuisse
1837 4333 2012 4390 credi-

458 4412 612 4453 ertm.
813 4440 815 4442 .

458 4412 612 4453 enm.

702 4440 1054 4566 Canianemis.
1112 4474 1276 4546 Cujus
1330 4476 1622 4546 provincia:
1679 4460 1784 4542 sit,
1842 4477 2016 4532 incer-

422 4551 646 4684 ιι’,(1⁸08)
692 4611 994 4669 Macrensis.
1030 4613 1084 4668 In
1133 4617 1446 4672 Mauritania
1466 4617 1729 4684 Sitifensi,
1758 4629 1835 4674 -ut
1859 4618 2018 4674 docm

422 4683 610 4757 potitia
655 4700 803 4757 num.
842 4687 931 4748 17.
980 4685 1149 4740 Macri
1189 4704 1354 4757 prope
1401 4689 1569 4744 Cellas
1615 4683 1915 4746 collocatur
1962 4692 2014 4746 in

421 4755 701 4834 Itinerario
728 4756 1005 4813 Antonini.
1060 4755 1231 4831 Magri
1259 4755 1457 4815 habent
1482 4761 1701 4817 Tabula;
1730 4762 2019 4834 Peutinge-

425 4842 610 4881 mante.

497 4899 652 4968 (409)
704 4898 1126 4956 Cilibieusis.-1n
1187 4902 1456 4970 provincia
1517 4904 1906 4972 proconsulari,
1960 4919 2016 4960 ut

426 4973 938 5044 patetﬁexiepistola
983 4974 1360 5044 episcoporum
1414 4973 1571 5042 hujus
1622 4976 1909 5043 provincia:
1962 4977 2011 5030 in

425 5042 656 5095 concilio
675 5042 1032 5098 Lateranensi
1048 5043 1147 5097 suh
1169 5045 1416 5106 Martino.
1437 5047 1520 5099 cui
1547 5042 1836 5101 subscrihit
1852 5046 2016 5100 Joan-

426 5129 515 5186 nes
551 5111 848 5186 Elibiensis.
891 5115 946 5169 In
980 5116 1212 5170 concilio
1258 5115 1664 5186 Carthaginensi
1714 5135 1840 5172 ann.
1889 5119 2015 5181 525,

427 5183 848 5261 snuliUBonifacio
883 5187 1175 5242 subscribit
1222 5183 1506 5242 Restitutus
1549 5190 1817 5260 episcopus
1862 5191 2021 5261 plebis

428 5254 739 5310 Cilibiensis.

506 5327 657 5401 (410)
701 5328 971 5383 Narensis.
1007 5330 1062 5384 In
1091 5330 1370 5398 provincia
1389 5331 1660 5401 Byzacena
1689 5335 1842 5385 notit.
1871 5347 2021 5388 num.

431 5399 519 5463 11,
557 5399 760 5454 Naram
794 5413 1057 5456 memorat
1086 5404 1393 5457 Antoninus
1423 5399 1472 5454 in
1499 5401 1798 5456 ltinerario.

502 5469 654 5544 (611)
706 5472 1114 5544 Lambiritensis,
1148 5489 1243 5528 seu
1275 5473 1657 5526 Lambiritanus
1701 5474 1751 5527 in
1781 5475 2026 5529 Numidia

433 5545 587 5616 notit.
621 5560 766 5598 num.
817 5543 900 5598 19.
937 5547 1255 5616 Anonymus
1290 5546 1570 5598 liavenuns
1602 5545 1740 5616 inter
1765 5545 2028 5600 Numidia:

437 5615 680 5686 civitates
712 5626 966 5671 recenset
994 5615 1334 5681 Lambridim,
1368 5632 1488 5686 qute
1514 5618 1677 5671 etiam
1709 5615 1934 5671 habetur
1975 5620 2028 5672 in

441 5683 659 5758 Tabulis
688 5687 1138 5758 Peutingerianis.

512 5733 662 5824 (viiii)
1232 5757 1292 5815 In
1323 5733 1558 5816 concilio
1585 5757 2032 5817 Cabarsnssitano

2047 4581 2100 4641 D

2105 1880 2279 1927 manu.
2316 1863 2612 1919 Petilianus
2631 1852 2920 1933 episcopus
2951 1864 3261 1934 recognovi.
3295 1862 3710 1916 Fortunatianus

2106 1958 2376 2027 episcopus
2427 1956 2677 2011 Ecclesiae
2718 1956 2985 2010 catholica:
3010 1956 3161 2008 dixit.
3195 1955 3272 2008 De
3304 1955 3455 2014 auo?
3487 1952 3706 2007 Petilia-

2105 2065 2200 2103 nus
2229 2050 2498 2119 episcOpus
2517 2048 2666 2102 dixit.
2690 2049 2788 2116 Qui
2812 2047 3048 2102 decessit
3076 2047 3128 2101 in
3151 2047 3255 2100 via.
3291 2044 3361 2099 Et
3392 2046 3500 2098 alia
3526 2061 3702 2097 manu.

2107 2142 2177 2200 Ut
2205 2157 2386 2213 supra.
2419 2143 2639 2213 Alypius
2686 2143 2952 2213 episcOpus
2982 2139 3228 2195 Ecclesice
3255 2140 3530 2194 catholica:
3557 2139 3703 2192 dixit.

2109 2222 2423 2290 Recitcntur
2449 2235 2685 2297 n‘omina,
2709 2243 2766 2288 ut
2802 2234 2989 2289 eadem
3019 2241 3293 2303 agnoscat.
3318 2230 3390 2286 Et
3411 2231 3702 2286 aliamauu.

2111 2327 2438 2398 Recognovi.
2484 2327 2891 2383 Fortunatianus
2915 2327 3186 2398 episcOpus
3212 2327 3467 2381 Ecclesia
3493 2327 3706 2380 catholi-

2111 2435 2185 2474 ca:
2213 2421 2359 2474 dixit.
2409 2420 2465 2474 Si
2496 2423 2545 2474 in
2575 2421 2659 2474 via
2687 2419 2906 2483 deiecit,
2931 2419 3205 2490 quomodo
3247 2420 3610 2490 subscripsit?
3637 2417 3701 2472 Et

2111 2513 2219 2567 alia
2245 2531 2421 2568 manu.
2449 2515 2777 2585 liecognovi.
2811 2515 3046 2568 Aurelius
3071 2514 3343 2583 episcOpus
3360 2511 3610 2569 Ecclesia
3625 2532 3705 2568 cs-

2111 2607 2318 2662 tholicte
2354 2606 2683 2678 Carthaginis
2714 2608 2863 2662 dixit.
2893 2607 3137 2662 Clericus
3171 2622 3267 2675 pro
3303 2617 3541 2675 mortuo
3584 2608 3704 2662 sub-

2111 2699 2364 2768 scripsit?
2396 2699 2463 2753 Et
2484 2700 2587 2753 alia
2617 2715 2791 2753 manu.
2824 2698 3154 2770 Recognovi.
3183 2699 3408 2770 Alypius
3434 2700 3702 2771 episcopus

2111 2787 2359 2845 Ecclesiae
2379 2793 2648 2846 catholica:
2668 2793 2816 2846 dixit.
2852 2792 3026 2861 Eligat
3055 2791 3158 2845 sibi
3180 2800 3236 2844 ut
3263 2791 3549 2846 ostendam
3577 2805 3705 2858 quo-

2113 2883 2275 2937 modo
2307 2887 2618 2938 mentiatur.
2651 2884 2719 2937 Et
2740 2884 2844 2937 alia
2869 2900 3042 2937 manu.
3078 2882 3409 2954 Recoguovi.
3446 2882 3705 2937 Marcelli-

2111 2995 2210 3031 nus
2239 2979 2316 3032 vir
2332 2978 2649 3033 clarissimus
2670 2980 2902 3032 tribunus
2929 2988 2976 3032 et
2997 2979 3230 3032 notarius
3259 2980 3412 3035 dixit.
3443 2979 3704 3035 Doceatur

2110 3071 2382 3140 quomodo
2414 3072 2460 3124 is
2488 3072 2577 3140 qui
2612 3072 2661 3124 in
2687 3071 2880 3126 itinere
2904 3069 3101 3126 dicitur
3125 3070 3414 3138 defecisse,
3439 3072 3706 3142 subscrip-

2110 3164 2262 3220 serit.
2294 3164 2510 3235 Alypius
2539 3165 2808 3233 episcopus
2839 3163 3083 3218 Ecclesiae
3113 3164 3383 3218 catholica:
3411 3166 3562 3219 dixit.
3609 3165 3707 3220 Re-

2110 3261 2309 3316 citetur
2335 3268 2514 3312 utrum
2551 3258 2780 3312 clericus
2809 3272 2876 3312 ex
2909 3257 3128 3312 nomine
3157 3273 3258 3311 suo
3301 3259 3703 3326 subscripserit,

2111 3365 2182 3406 an
2222 3367 2288 3406 ex
2333 3351 2552 3406 nomine
2581 3349 2841 3406 defuncti.
2881 3349 2948 3404 Et
2989 3351 3094 3405 alia
3138 3367 3320 3404 manu.
3371 3352 3703 3422 Recognovi.

2114 3442 2454 3498 Marcellinus
2492 3444 2569 3497 uir
2595 3443 2912 3496 clarissimus
2955 3442 3186 3496 tribunus
3221 3454 3267 3497 et
3296 3446 3532 3498 notarius
3560 3446 3703 3498 dixit.

2059 3553 2066 3560 ·
2110 3537 2407 3612 Recitator,
2441 3539 2596 3606 cujus
2625 3537 2845 3591 nomine
2885 3535 3267 3605 subscripserit
3301 3539 3393 3606 qui
3438 3539 3487 3590 in
3517 3538 3706 3593 itinere

2110 3631 2307 3686 dicitur
2336 3630 2622 3685 defecisse.
2679 3629 2743 3682 Et
2785 3629 3036 3683 recitauit.
3066 3627 3482 3695 Quodvultdeus
3503 3634 3708 3699 episcoo

2112 3738 2211 3794 pus
2237 3721 2550 3779 Cessitanus
2598 3737 2743 3791 aeger
2770 3722 3106 3789 subscripsi.
3146 3719 3556 3776 Fortunatianus
3607 3723 3708 3791 epi-

2111 3833 2296 3888 scopus
2321 3816 2562 3871 Ecclesia:
2582 3814 2864 3870 Catholicae
2889 3814 3041 3869 dixit.
3066 3813 3580 3870 Advertitnobilitas
3603 3826 3704 3879 tua,

2115 3910 2316 3964 nullius
2341 3910 2536 3963 clerici
2560 3924 2754 3963 nomen
2789 3923 2887 3978 pro
2916 3907 3158 3962 defuncti
3188 3907 3412 3962 nomine
3443 3908 3705 3975 subscrip-

2115 4005 2276 4070 sisse,
2329 4005 2422 4057 sed
2466 4011 2744 4074 tamquam
2777 4003 2905 4069 vivi,
2951 4003 3148 4057 mortui
3195 4002 3374 4068 nobis,
3423 4003 3600 4072 quiin
3631 4003 3705 4055 via

2111 4100 2264 4170 juxta
2285 4114 2472 4154 eorum
2503 4099 2894 4168 professionem
2914 4098 3110 4154 dicitur
3126 4097 3417 4163 defecisse,
3443 4100 3706 4168 subscrip-

2113 4263 2310 4330 legitur
2338 4261 2574 4316 adfuisse
2605 4261 2962 4332 Secundianus
2981 4263 3250 4332 episcopus
3269 4262 3703 4318 Aurisilianarsis.

2113 4335 2216 4402 Qui
2245 4334 2385 4388 haud
2421 4333 2582 4387 dubie
2606 4331 2851 4386 Iiabetdei
2875 4331 3129 4388 decessor
3157 4334 3276 4389 fuit.
3311 4337 3706 4391 Aurusulianam

2118 4407 2173 4461 in
2208 4404 2456 4460 Numidia
2488 4405 2650 4469 fuisse
2681 4403 3022 4457 crediderim.

2194 4476 2346 4544 (415)
2408 4474 2767 4529 Gemelleusis.
2799 4473 3009 4528 Littteus
3029 4493 3062 4528 a
3089 4475 3330 4532 Gemellis
3362 4478 3459 4532 fuit
3488 4496 3620 4534 unus
3647 4496 3704 4535 ex

2124 4549 2396 4618 episcopis
2418 4546 2509 4618 qui
2532 4545 2820 4618 adfuerunt
2844 4545 2897 4618 in
2928 4548 3159 4618 concilio
3180 4550 3592 4618 Carthagineusi
3616 4555 3708 4605 sub

2125 4613 2708 4693 C'ypria'no.‘:Gemellas
2730 4614 2808 4693 ⁸ὶςι
2843 4613 3112 4693 Sitifensis
3152 4613 3482 4693 Mauritania:
3530 4636 3585 4677 et
3611 4622 3708 4677 Nu-

2128 4686 2310 4746 midiae
2339 4689 2534 4744 ﬁnibus
2565 4690 2694 4741 sitas
2725 4686 2905 4741 fuisse-
2919 4688 3190 4757 colligitur
3209 4705 3275 4744 ex
3301 4691 3582 4748 itinerario
3606 4697 3707 4749 An-

2129 4763 2320 4824 tonini,
2363 4761 2450 4815 ubi
2489 4759 3002 4832 mediaeﬂponnntur
3036 4761 3191 4832 inter
3219 4776 3416 4815 novam
3467 4765 3706 4832 Sparsam

2123 4834 2391 4889 Numidia}
2419 4840 2472 4886 et
2503 4832 2671 4900 ipsam
2691 4830 2908 4894 Sitilim,
2939 4829 3008 4884 ab
3032 4830 3132 4884 ista
3160 4832 3324 4886 millia
3357 4829 3607 4904 passuum
3639 4837 3706 4891 9.5

2123 4908 2408 4960 diSIantes.
2715 4944 2720 4948 ,

2200 4975 2355 5046 (414)
2414 4972 2860 5042 Betagbaritanus.
2891 4969 3059 5042 Cujus
3089 4974 3382 5043 provincia:
3426 4977 3516 5043 sit,
3545 4980 3707 5033 incer-

2121 5055 2255 5101 tum.
2510 5071 2523 5080 υ

2225 5116 2351 5189 415)
2392 5115 2788 5189 Lamzellensis.
2807 5113 2974 5189 Cujus
2997 5116 3287 5189 provinciae
3311 5117 3401 5184 sit,
3433 5118 3703 5174 incertum.

2225 5118 2351 5189 MS)
2392 5118 2777 5170 Lamzellensis.
2807 5118 2974 5184 Cujus
2997 5118 3287 5184 provinciae
3311 5118 3401 5184 sit,
3433 5118 3703 5174 incertum.

2194 5118 2351 5260 ius)
2401 5187 2574 5260 Gildo.
2611 5186 2937 5260 De_Gildone
2958 5197 3198 5260 tyranno
3226 5188 3428 5243 dictum
3453 5199 3595 5259 putat
3619 5190 3710 5245 Ba-

2132 5256 2446 5332 luz'ius,’se_d
2467 5257 2812 5332 verisimilius
2833 5267 2916 5332 est
2941 5256 3008 5312 de
3029 5259 3260 5332 quodam
3284 5256 3535 5330 episcopo
3560 5261 3709 5332 hujus

2130 5332 2365 5385 nominis
2393 5328 3014 5402 Lambellensiidefuncw
3046 5328 3498 5402 Aurelium’loqui.

2210 5401 2365 5472 (M7)
2392 5403 2703 5454 Cessitanus.
2735 5401 2828 5455 Est
2853 5403 2903 5454 in
2917 5401 3113 5455 notitia
3137 5401 3512 5471 episcoporum
3525 5402 3707 5458 Africa:

2135 5474 2332 5544 duplex
2364 5474 2992 5544 Cissitamtsilepiscopus,
3029 5475 3190 5528 unus’
3211 5473 3264 5527 in
3296 5476 3560 5542 provincia
3591 5490 3707 5544 pro-

2134 5543 2401 5601 consulari
2450 5560 2596 5598 num.
2643 5543 2735 5612 27,
2768 5544 2903 5598 alter
2943 5547 2993 5598 in
3043 5545 3358 5600 Mauritania
3405 5543 3703 5602 (ἔπνεετὶωεὶ

2137 5633 2283 5671 num.
2321 5616 2443 5688 illi.
2492 5625 2545 5670 et
2579 5614 2682 5688 hic
2725 5631 2938 5684 quoque
2965 5615 3073 5688 duo
3093 5628 3242 5688 _sunt
3275 5617 3509 5688 episcopi
3556 5616 3704 5687 hujus

2135 5689 2368 5758 nominjs
2400 5686 2711 5754 Donatistae,
2747 5701 2936 5758 nempe
2965 5687 3052 5743 hic
3084 5685 3239 5743 Felix

3242 5729 3260 5755 .
3293 5697 3351 5747 et
3385 5701 3564 5762 postea
3585 5704 3697 5761 cap.

2133 5758 2260 5826 208,
2292 5756 2542 5814 Flavosus
2567 5758 2853 5828 episcopus
2874 5756 3180 5816 Cissitanus.
