  <div class='ocr_page' id='page_1' title='image "/cluster/home/n/w/nwhite01/storage/ocr_20150623/11/uva.x000826576/682.png"; bbox 0 0 3838 6222; ppageno 0'>
   <div class='ocr_carea' id='block_1_1' title="bbox 188 278 331 334">
    <p class='ocr_par' dir='ltr' id='par_1_1' title="bbox 188 278 331 334">
     <span class='ocr_line' id='line_1_1' title="bbox 188 278 331 334; baseline 0.014 -2"><span class='ocrx_word' id='word_1_1' title='bbox 188 278 331 334; x_wconf 70' lang='grc' dir='ltr'><strong>13ίό</strong></span> 
     </span>
    </p>
   </div>
   <div class='ocr_carea' id='block_1_2' title="bbox 1158 228 2536 335">
    <p class='ocr_par' dir='ltr' id='par_1_2' title="bbox 1158 228 2536 335">
     <span class='ocr_line' id='line_1_2' title="bbox 1158 228 2536 335; baseline -0.005 0"><span class='ocrx_word' id='word_1_2' title='bbox 1158 274 1389 335; x_wconf 79' lang='lat' dir='ltr'><strong>GESTA</strong></span> <span class='ocrx_word' id='word_1_3' title='bbox 1426 271 1878 331; x_wconf 82' lang='lat' dir='ltr'><strong>COLLATlONlS</strong></span> <span class='ocrx_word' id='word_1_4' title='bbox 1914 228 2536 331; x_wconf 65' lang='lat' dir='ltr'><strong>CARTHAGINENSIS.</strong></span> 
     </span>
    </p>
   </div>
   <div class='ocr_carea' id='block_1_3' title="bbox 3331 276 3473 334">
    <p class='ocr_par' dir='ltr' id='par_1_3' title="bbox 3331 276 3473 334">
     <span class='ocr_line' id='line_1_3' title="bbox 3331 276 3473 334; baseline 0.014 -2"><span class='ocrx_word' id='word_1_5' title='bbox 3331 276 3473 334; x_wconf 71' lang='lat' dir='ltr'><strong>i346</strong></span> 
     </span>
    </p>
   </div>
   <div class='ocr_carea' id='block_1_4' title="bbox 188 387 3475 462">
    <p class='ocr_par' dir='ltr' id='par_1_4' title="bbox 188 387 3475 462">
     <span class='ocr_line' id='line_1_4' title="bbox 188 387 3475 462; baseline 0.002 -21"><span class='ocrx_word' id='word_1_6' title='bbox 188 390 394 445; x_wconf 85' lang='lat' dir='ltr'><strong>tionem</strong></span> <span class='ocrx_word' id='word_1_7' title='bbox 412 389 690 447; x_wconf 73' lang='lat' dir='ltr'><strong>obtulisse.</strong></span> <span class='ocrx_word' id='word_1_8' title='bbox 724 389 790 445; x_wconf 86' lang='lat' dir='ltr'><strong>Et</strong></span> <span class='ocrx_word' id='word_1_9' title='bbox 809 391 917 446; x_wconf 85' lang='lat' dir='ltr'><strong>alia</strong></span> <span class='ocrx_word' id='word_1_10' title='bbox 938 405 1113 444; x_wconf 89' lang='lat' dir='ltr'><strong>manu.</strong></span> <span class='ocrx_word' id='word_1_11' title='bbox 1139 389 1468 461; x_wconf 83' lang='lat' dir='ltr'><strong>Recognovi.</strong></span> <span class='ocrx_word' id='word_1_12' title='bbox 1496 390 1783 445; x_wconf 84' lang='lat' dir='ltr'><strong>Petilianus</strong></span> <span class='ocrx_word' id='word_1_13' title='bbox 1808 393 1862 451; x_wconf 78' lang='grc' dir='ltr'>Α</span> <span class='ocrx_word' id='word_1_14' title='bbox 1888 387 2069 443; x_wconf 91' lang='lat' dir='ltr'><strong>datum</strong></span> <span class='ocrx_word' id='word_1_15' title='bbox 2096 389 2399 445; x_wconf 90' lang='lat' dir='ltr'><strong>confectum</strong></span> <span class='ocrx_word' id='word_1_16' title='bbox 2425 399 2529 445; x_wconf 91' lang='lat' dir='ltr'><strong>est.</strong></span> <span class='ocrx_word' id='word_1_17' title='bbox 2562 388 2613 445; x_wconf 88' lang='lat' dir='ltr'><strong>ls</strong></span> <span class='ocrx_word' id='word_1_18' title='bbox 2636 389 2727 461; x_wconf 90' lang='lat' dir='ltr'><strong>qui</strong></span> <span class='ocrx_word' id='word_1_19' title='bbox 2758 389 3050 459; x_wconf 88' lang='lat' dir='ltr'><strong>mandavit,</strong></span> <span class='ocrx_word' id='word_1_20' title='bbox 3092 391 3162 446; x_wconf 89' lang='lat' dir='ltr'><strong>de</strong></span> <span class='ocrx_word' id='word_1_21' title='bbox 3186 391 3340 462; x_wconf 88' lang='lat' dir='ltr'><strong>cujus</strong></span> <span class='ocrx_word' id='word_1_22' title='bbox 3378 408 3475 448; x_wconf 86' lang='lat' dir='ltr'><strong>no-</strong></span> 
     </span>
    </p>
   </div>
   <div class='ocr_carea' id='block_1_5' title="bbox 178 483 1785 556">
    <p class='ocr_par' dir='ltr' id='par_1_5' title="bbox 178 483 1785 556">
     <span class='ocr_line' id='line_1_5' title="bbox 178 483 1785 556; baseline 0.001 -19"><span class='ocrx_word' id='word_1_23' title='bbox 178 486 460 555; x_wconf 83' lang='lat' dir='ltr'><strong>episcopus</strong></span> <span class='ocrx_word' id='word_1_24' title='bbox 487 485 636 541; x_wconf 77' lang='lat' dir='ltr'><strong>dixit.</strong></span> <span class='ocrx_word' id='word_1_25' title='bbox 678 483 817 554; x_wconf 87' lang='lat' dir='ltr'><strong>Quid</strong></span> <span class='ocrx_word' id='word_1_26' title='bbox 858 485 903 539; x_wconf 89' lang='lat' dir='ltr'><strong>si</strong></span> <span class='ocrx_word' id='word_1_27' title='bbox 940 494 996 540; x_wconf 90' lang='lat' dir='ltr'><strong>et</strong></span> <span class='ocrx_word' id='word_1_28' title='bbox 1028 485 1131 540; x_wconf 90' lang='lat' dir='ltr'><strong>iste</strong></span> <span class='ocrx_word' id='word_1_29' title='bbox 1171 484 1452 551; x_wconf 74' lang='lat' dir='ltr'><strong>moriatur,</strong></span> <span class='ocrx_word' id='word_1_30' title='bbox 1503 483 1591 555; x_wconf 91' lang='lat' dir='ltr'><strong>qui</strong></span> <span class='ocrx_word' id='word_1_31' title='bbox 1641 499 1785 556; x_wconf 67' lang='lat' dir='ltr'><strong>(eger</strong></span> 
     </span>
    </p>
   </div>
   <div class='ocr_carea' id='block_1_6' title="bbox 182 566 1787 648">
    <p class='ocr_par' dir='ltr' id='par_1_6' title="bbox 182 566 1787 648">
     <span class='ocr_line' id='line_1_6' title="bbox 182 566 1787 648; baseline 0 -17"><span class='ocrx_word' id='word_1_32' title='bbox 182 575 542 646; x_wconf 84' lang='lat' dir='ltr'><strong>subscripsit?</strong></span> <span class='ocrx_word' id='word_1_33' title='bbox 568 566 717 648; x_wconf 81' lang='lat' dir='ltr'><strong>quasi</strong></span> <span class='ocrx_word' id='word_1_34' title='bbox 750 576 913 632; x_wconf 90' lang='lat' dir='ltr'><strong>hodie</strong></span> <span class='ocrx_word' id='word_1_35' title='bbox 962 590 1068 632; x_wconf 92' lang='lat' dir='ltr'><strong>non</strong></span> <span class='ocrx_word' id='word_1_36' title='bbox 1098 591 1237 632; x_wconf 91' lang='lat' dir='ltr'><strong>unus</strong></span> <span class='ocrx_word' id='word_1_37' title='bbox 1269 576 1465 632; x_wconf 89' lang='lat' dir='ltr'><strong>defecit</strong></span> <span class='ocrx_word' id='word_1_38' title='bbox 1508 574 1683 647; x_wconf 72' lang='lat' dir='ltr'><strong>(H8).</strong></span> <span class='ocrx_word' id='word_1_39' title='bbox 1717 574 1787 631; x_wconf 84' lang='lat' dir='ltr'><strong>Et</strong></span> 
     </span>
    </p>
   </div>
   <div class='ocr_carea' id='block_1_7' title="bbox 182 669 1817 741">
    <p class='ocr_par' dir='ltr' id='par_1_7' title="bbox 182 669 1817 741">
     <span class='ocr_line' id='line_1_7' title="bbox 182 669 1817 741; baseline 0.001 -15"><span class='ocrx_word' id='word_1_40' title='bbox 182 671 297 726; x_wconf 85' lang='lat' dir='ltr'><strong>alia</strong></span> <span class='ocrx_word' id='word_1_41' title='bbox 325 688 498 726; x_wconf 89' lang='lat' dir='ltr'><strong>manu.</strong></span> <span class='ocrx_word' id='word_1_42' title='bbox 546 670 842 726; x_wconf 89' lang='lat' dir='ltr'><strong>Petilianus</strong></span> <span class='ocrx_word' id='word_1_43' title='bbox 870 670 1154 741; x_wconf 86' lang='lat' dir='ltr'><strong>episcopus</strong></span> <span class='ocrx_word' id='word_1_44' title='bbox 1200 670 1510 741; x_wconf 72' lang='lat' dir='ltr'><strong>recognovi.</strong></span> <span class='ocrx_word' id='word_1_45' title='bbox 1546 669 1787 725; x_wconf 93' lang='lat' dir='ltr'><strong>Aurelius</strong></span> <span class='ocrx_word' id='word_1_46' title='bbox 1816 724 1817 727; x_wconf 44' lang='grc' dir='ltr'><strong>η</strong></span> 
     </span>
    </p>
   </div>
   <div class='ocr_carea' id='block_1_8' title="bbox 185 762 1784 839">
    <p class='ocr_par' dir='ltr' id='par_1_8' title="bbox 185 762 1784 839">
     <span class='ocr_line' id='line_1_8' title="bbox 185 762 1784 839; baseline -0.002 -18"><span class='ocrx_word' id='word_1_47' title='bbox 185 767 461 836; x_wconf 83' lang='lat' dir='ltr'><strong>episcopus</strong></span> <span class='ocrx_word' id='word_1_48' title='bbox 486 765 728 821; x_wconf 79' lang='lat' dir='ltr'><strong>Ecclesia:</strong></span> <span class='ocrx_word' id='word_1_49' title='bbox 752 762 1031 820; x_wconf 67' lang='lat' dir='ltr'><strong>Catholica:</strong></span> <span class='ocrx_word' id='word_1_50' title='bbox 1052 764 1469 839; x_wconf 80' lang='lat' dir='ltr'><strong>Carthaginensis</strong></span> <span class='ocrx_word' id='word_1_51' title='bbox 1495 765 1647 819; x_wconf 87' lang='lat' dir='ltr'><strong>dixit.</strong></span> <span class='ocrx_word' id='word_1_52' title='bbox 1675 762 1784 820; x_wconf 85' lang='lat' dir='ltr'><strong>Sed</strong></span> 
     </span>
    </p>
   </div>
   <div class='ocr_carea' id='block_1_9' title="bbox 184 856 1786 935">
    <p class='ocr_par' dir='ltr' id='par_1_9' title="bbox 184 856 1786 935">
     <span class='ocr_line' id='line_1_9' title="bbox 184 856 1786 935; baseline 0 -22"><span class='ocrx_word' id='word_1_53' title='bbox 184 858 245 913; x_wconf 90' lang='lat' dir='ltr'><strong>iu</strong></span> <span class='ocrx_word' id='word_1_54' title='bbox 308 857 503 914; x_wconf 84' lang='lat' dir='ltr'><strong>itinere</strong></span> <span class='ocrx_word' id='word_1_55' title='bbox 554 858 818 914; x_wconf 89' lang='lat' dir='ltr'><strong>defecisse</strong></span> <span class='ocrx_word' id='word_1_56' title='bbox 862 857 1064 914; x_wconf 77' lang='lat' dir='ltr'><strong>dixisti.</strong></span> <span class='ocrx_word' id='word_1_57' title='bbox 1109 856 1174 912; x_wconf 82' lang='lat' dir='ltr'><strong>Et</strong></span> <span class='ocrx_word' id='word_1_58' title='bbox 1229 859 1336 913; x_wconf 90' lang='lat' dir='ltr'><strong>alia</strong></span> <span class='ocrx_word' id='word_1_59' title='bbox 1381 874 1561 912; x_wconf 88' lang='lat' dir='ltr'><strong>manu.</strong></span> <span class='ocrx_word' id='word_1_60' title='bbox 1610 857 1786 935; x_wconf 74' lang='lat' dir='ltr'><strong>Reco-</strong></span> 
     </span>
    </p>
   </div>
   <div class='ocr_carea' id='block_1_10' title="bbox 185 948 1786 1022">
    <p class='ocr_par' dir='ltr' id='par_1_10' title="bbox 185 948 1786 1022">
     <span class='ocr_line' id='line_1_10' title="bbox 185 948 1786 1022; baseline -0.001 -16"><span class='ocrx_word' id='word_1_61' title='bbox 185 954 374 1021; x_wconf 72' lang='lat' dir='ltr'><strong>guovi.</strong></span> <span class='ocrx_word' id='word_1_62' title='bbox 406 950 622 1022; x_wconf 82' lang='lat' dir='ltr'><strong>Alypius</strong></span> <span class='ocrx_word' id='word_1_63' title='bbox 645 950 911 1019; x_wconf 88' lang='lat' dir='ltr'><strong>episcopus</strong></span> <span class='ocrx_word' id='word_1_64' title='bbox 940 949 1184 1005; x_wconf 73' lang='lat' dir='ltr'><strong>Ecclesia:</strong></span> <span class='ocrx_word' id='word_1_65' title='bbox 1200 949 1465 1013; x_wconf 75' lang='lat' dir='ltr'><strong>catholica:</strong></span> <span class='ocrx_word' id='word_1_66' title='bbox 1486 950 1637 1005; x_wconf 91' lang='lat' dir='ltr'><strong>dixit.</strong></span> <span class='ocrx_word' id='word_1_67' title='bbox 1661 948 1786 1006; x_wconf 89' lang='lat' dir='ltr'><strong>Suf-</strong></span> 
     </span>
    </p>
   </div>
   <div class='ocr_carea' id='block_1_11' title="bbox 190 1040 1787 1119">
    <p class='ocr_par' dir='ltr' id='par_1_11' title="bbox 190 1040 1787 1119">
     <span class='ocr_line' id='line_1_11' title="bbox 190 1040 1787 1119; baseline 0.001 -23"><span class='ocrx_word' id='word_1_68' title='bbox 190 1040 383 1097; x_wconf 88' lang='lat' dir='ltr'><strong>ﬁciunt</strong></span> <span class='ocrx_word' id='word_1_69' title='bbox 431 1043 533 1098; x_wconf 80' lang='lat' dir='ltr'><strong>ista</strong></span> <span class='ocrx_word' id='word_1_70' title='bbox 584 1041 945 1112; x_wconf 86' lang='lat' dir='ltr'><strong>deprehensa.</strong></span> <span class='ocrx_word' id='word_1_71' title='bbox 988 1040 1197 1099; x_wconf 67' lang='lat' dir='ltr'><strong>Caetera</strong></span> <span class='ocrx_word' id='word_1_72' title='bbox 1249 1043 1669 1119; x_wconf 85' lang='lat' dir='ltr'><strong>subsequantur.</strong></span> <span class='ocrx_word' id='word_1_73' title='bbox 1718 1040 1787 1098; x_wconf 88' lang='lat' dir='ltr'><strong>Et</strong></span> 
     </span>
    </p>
   </div>
   <div class='ocr_carea' id='block_1_12' title="bbox 185 1134 1781 1211">
    <p class='ocr_par' dir='ltr' id='par_1_12' title="bbox 185 1134 1781 1211">
     <span class='ocr_line' id='line_1_12' title="bbox 185 1134 1781 1211; baseline 0.001 -20"><span class='ocrx_word' id='word_1_74' title='bbox 185 1137 302 1191; x_wconf 85' lang='lat' dir='ltr'><strong>alia</strong></span> <span class='ocrx_word' id='word_1_75' title='bbox 324 1153 499 1191; x_wconf 88' lang='lat' dir='ltr'><strong>ntanu.</strong></span> <span class='ocrx_word' id='word_1_76' title='bbox 532 1135 865 1208; x_wconf 83' lang='lat' dir='ltr'><strong>Rec’ognovi.</strong></span> <span class='ocrx_word' id='word_1_77' title='bbox 905 1134 1196 1193; x_wconf 87' lang='lat' dir='ltr'><strong>Petilianus</strong></span> <span class='ocrx_word' id='word_1_78' title='bbox 1222 1138 1490 1211; x_wconf 84' lang='lat' dir='ltr'><strong>episcopus</strong></span> <span class='ocrx_word' id='word_1_79' title='bbox 1513 1138 1662 1192; x_wconf 90' lang='lat' dir='ltr'><strong>dixit.</strong></span> <span class='ocrx_word' id='word_1_80' title='bbox 1696 1137 1781 1192; x_wconf 83' lang='lat' dir='ltr'><strong>Ni-</strong></span> 
     </span>
    </p>
   </div>
   <div class='ocr_carea' id='block_1_13' title="bbox 189 1228 1786 1301">
    <p class='ocr_par' dir='ltr' id='par_1_13' title="bbox 189 1228 1786 1301">
     <span class='ocr_line' id='line_1_13' title="bbox 189 1228 1786 1301; baseline 0.001 -17"><span class='ocrx_word' id='word_1_81' title='bbox 189 1229 267 1284; x_wconf 85' lang='lat' dir='ltr'><strong>ltil</strong></span> <span class='ocrx_word' id='word_1_82' title='bbox 301 1228 723 1298; x_wconf 89' lang='lat' dir='ltr'><strong>deprehendisti,</strong></span> <span class='ocrx_word' id='word_1_83' title='bbox 748 1230 1141 1301; x_wconf 76' lang='lat' dir='ltr'><strong>argumentaris</strong></span> <span class='ocrx_word' id='word_1_84' title='bbox 1161 1242 1347 1285; x_wconf 84' lang='lat' dir='ltr'><strong>contra</strong></span> <span class='ocrx_word' id='word_1_85' title='bbox 1382 1231 1687 1286; x_wconf 80' lang='lat' dir='ltr'><strong>veritatem.</strong></span> <span class='ocrx_word' id='word_1_86' title='bbox 1721 1230 1786 1285; x_wconf 79' lang='lat' dir='ltr'><strong>Et</strong></span> 
     </span>
    </p>
   </div>
   <div class='ocr_carea' id='block_1_14' title="bbox 186 1320 1787 1395">
    <p class='ocr_par' dir='ltr' id='par_1_14' title="bbox 186 1320 1787 1395">
     <span class='ocr_line' id='line_1_14' title="bbox 186 1320 1787 1395; baseline 0.001 -20"><span class='ocrx_word' id='word_1_87' title='bbox 186 1322 300 1376; x_wconf 88' lang='lat' dir='ltr'><strong>alia</strong></span> <span class='ocrx_word' id='word_1_88' title='bbox 338 1339 511 1375; x_wconf 87' lang='lat' dir='ltr'><strong>manu.</strong></span> <span class='ocrx_word' id='word_1_89' title='bbox 558 1320 1179 1393; x_wconf 66' lang='lat' dir='ltr'><strong>Petilianus&#39;episeolius</strong></span> <span class='ocrx_word' id='word_1_90' title='bbox 1222 1323 1528 1395; x_wconf 83' lang='lat' dir='ltr'><strong>recognovi.</strong></span> <span class='ocrx_word' id='word_1_91' title='bbox 1569 1322 1787 1394; x_wconf 81' lang='lat' dir='ltr'><strong>Alypius</strong></span> 
     </span>
    </p>
   </div>
   <div class='ocr_carea' id='block_1_15' title="bbox 186 1413 1788 1485">
    <p class='ocr_par' dir='ltr' id='par_1_15' title="bbox 186 1413 1788 1485">
     <span class='ocr_line' id='line_1_15' title="bbox 186 1413 1788 1485; baseline 0 -16"><span class='ocrx_word' id='word_1_92' title='bbox 186 1416 468 1485; x_wconf 78' lang='lat' dir='ltr'><strong>episcOpus</strong></span> <span class='ocrx_word' id='word_1_93' title='bbox 488 1413 736 1471; x_wconf 66' lang='lat' dir='ltr'><strong>Ecclesia</strong></span> <span class='ocrx_word' id='word_1_94' title='bbox 766 1414 1041 1473; x_wconf 75' lang='lat' dir='ltr'><strong>Catholica:</strong></span> <span class='ocrx_word' id='word_1_95' title='bbox 1061 1418 1211 1472; x_wconf 89' lang='lat' dir='ltr'><strong>dixit.</strong></span> <span class='ocrx_word' id='word_1_96' title='bbox 1237 1416 1318 1473; x_wconf 88' lang='lat' dir='ltr'><strong>Tu</strong></span> <span class='ocrx_word' id='word_1_97' title='bbox 1349 1416 1554 1473; x_wconf 76' lang='lat' dir='ltr'><strong>dixisti.</strong></span> <span class='ocrx_word' id='word_1_98' title='bbox 1590 1415 1659 1471; x_wconf 88' lang='lat' dir='ltr'><strong>Et</strong></span> <span class='ocrx_word' id='word_1_99' title='bbox 1680 1416 1788 1477; x_wconf 84' lang='lat' dir='ltr'><strong>alia</strong></span> 
     </span>
    </p>
   </div>
   <div class='ocr_carea' id='block_1_16' title="bbox 188 1506 1047 1580">
    <p class='ocr_par' dir='ltr' id='par_1_16' title="bbox 188 1506 1047 1580">
     <span class='ocr_line' id='line_1_16' title="bbox 188 1506 1047 1580; baseline 0.014 -21"><span class='ocrx_word' id='word_1_100' title='bbox 188 1523 373 1561; x_wconf 80' lang='lat' dir='ltr'><strong>rttanu.</strong></span> <span class='ocrx_word' id='word_1_101' title='bbox 405 1506 731 1580; x_wconf 83' lang='lat' dir='ltr'><strong>Recognovi.</strong></span> <span class='ocrx_word' id='word_1_102' title='bbox 1040 1564 1047 1571; x_wconf 92' lang='lat'><strong>.</strong></span> 
     </span>
    </p>
   </div>
   <div class='ocr_carea' id='block_1_17' title="bbox 263 1598 1785 1656">
    <p class='ocr_par' dir='ltr' id='par_1_17' title="bbox 263 1598 1785 1656">
     <span class='ocr_line' id='line_1_17' title="bbox 263 1598 1785 1656; baseline 0 0"><span class='ocrx_word' id='word_1_103' title='bbox 263 1598 392 1656; x_wconf 73' lang='grc'><strong>208.</strong></span> <span class='ocrx_word' id='word_1_104' title='bbox 442 1599 779 1655; x_wconf 74' lang='lat' dir='ltr'><strong>Marcellinus</strong></span> <span class='ocrx_word' id='word_1_105' title='bbox 806 1602 883 1653; x_wconf 85' lang='lat' dir='ltr'><strong>vir</strong></span> <span class='ocrx_word' id='word_1_106' title='bbox 910 1600 1228 1655; x_wconf 87' lang='lat' dir='ltr'><strong>clarissimus</strong></span> <span class='ocrx_word' id='word_1_107' title='bbox 1267 1600 1500 1656; x_wconf 91' lang='lat' dir='ltr'><strong>tribunus</strong></span> <span class='ocrx_word' id='word_1_108' title='bbox 1548 1611 1593 1656; x_wconf 87' lang='lat' dir='ltr'><strong>et</strong></span> <span class='ocrx_word' id='word_1_109' title='bbox 1638 1612 1785 1656; x_wconf 87' lang='lat' dir='ltr'><strong>nota-</strong></span> 
     </span>
    </p>
   </div>
   <div class='ocr_carea' id='block_1_18' title="bbox 188 1691 1786 1761">
    <p class='ocr_par' dir='ltr' id='par_1_18' title="bbox 188 1691 1786 1761">
     <span class='ocr_line' id='line_1_18' title="bbox 188 1691 1786 1761; baseline 0.001 -16"><span class='ocrx_word' id='word_1_110' title='bbox 188 1692 305 1746; x_wconf 85' lang='lat' dir='ltr'><strong>rius</strong></span> <span class='ocrx_word' id='word_1_111' title='bbox 333 1692 485 1747; x_wconf 86' lang='lat' dir='ltr'><strong>dixit.</strong></span> <span class='ocrx_word' id='word_1_112' title='bbox 518 1692 574 1747; x_wconf 83' lang='lat' dir='ltr'><strong>Si</strong></span> <span class='ocrx_word' id='word_1_113' title='bbox 611 1706 796 1747; x_wconf 87' lang='lat' dir='ltr'><strong>verum</strong></span> <span class='ocrx_word' id='word_1_114' title='bbox 824 1701 928 1760; x_wconf 89' lang='lat' dir='ltr'><strong>est,</strong></span> <span class='ocrx_word' id='word_1_115' title='bbox 960 1700 1017 1747; x_wconf 89' lang='lat' dir='ltr'><strong>ut</strong></span> <span class='ocrx_word' id='word_1_116' title='bbox 1046 1691 1312 1757; x_wconf 78' lang='lat' dir='ltr'><strong>asseritis,</strong></span> <span class='ocrx_word' id='word_1_117' title='bbox 1336 1691 1480 1761; x_wconf 91' lang='lat' dir='ltr'><strong>quod</strong></span> <span class='ocrx_word' id='word_1_118' title='bbox 1510 1692 1562 1745; x_wconf 90' lang='lat' dir='ltr'><strong>in</strong></span> <span class='ocrx_word' id='word_1_119' title='bbox 1592 1691 1786 1746; x_wconf 87' lang='lat' dir='ltr'><strong>itinere</strong></span> 
     </span>
    </p>
   </div>
   <div class='ocr_carea' id='block_1_19' title="bbox 1889 482 3476 556">
    <p class='ocr_par' dir='ltr' id='par_1_19' title="bbox 1889 482 3476 556">
     <span class='ocr_line' id='line_1_19' title="bbox 1889 482 3476 556; baseline 0.003 -20"><span class='ocrx_word' id='word_1_120' title='bbox 1889 482 2033 537; x_wconf 91' lang='lat' dir='ltr'><strong>mine</strong></span> <span class='ocrx_word' id='word_1_121' title='bbox 2052 498 2195 539; x_wconf 88' lang='lat' dir='ltr'><strong>nunc</strong></span> <span class='ocrx_word' id='word_1_122' title='bbox 2221 484 2413 553; x_wconf 90' lang='lat' dir='ltr'><strong>agitur,</strong></span> <span class='ocrx_word' id='word_1_123' title='bbox 2438 500 2558 540; x_wconf 91' lang='lat' dir='ltr'><strong>eum</strong></span> <span class='ocrx_word' id='word_1_124' title='bbox 2578 493 2841 555; x_wconf 77' lang='lat' dir='ltr'><strong>tegrotare</strong></span> <span class='ocrx_word' id='word_1_125' title='bbox 2862 485 3138 556; x_wconf 70' lang='lat' dir='ltr'><strong>coepisset,</strong></span> <span class='ocrx_word' id='word_1_126' title='bbox 3168 484 3234 540; x_wconf 83' lang='lat' dir='ltr'><strong>ad</strong></span> <span class='ocrx_word' id='word_1_127' title='bbox 3260 486 3476 556; x_wconf 86' lang='lat' dir='ltr'><strong>propria</strong></span> 
     </span>
    </p>
   </div>
   <div class='ocr_carea' id='block_1_20' title="bbox 1889 576 3479 636">
    <p class='ocr_par' dir='ltr' id='par_1_20' title="bbox 1889 576 3479 636">
     <span class='ocr_line' id='line_1_20' title="bbox 1889 576 3479 636; baseline 0.002 -5"><span class='ocrx_word' id='word_1_128' title='bbox 1889 590 2137 631; x_wconf 84' lang='lat' dir='ltr'><strong>remeans</strong></span> <span class='ocrx_word' id='word_1_129' title='bbox 2167 576 2219 631; x_wconf 89' lang='lat' dir='ltr'><strong>in</strong></span> <span class='ocrx_word' id='word_1_130' title='bbox 2250 576 2444 633; x_wconf 81' lang='lat' dir='ltr'><strong>itinere</strong></span> <span class='ocrx_word' id='word_1_131' title='bbox 2473 577 2687 634; x_wconf 82' lang='lat' dir='ltr'><strong>deiecit.</strong></span> <span class='ocrx_word' id='word_1_132' title='bbox 2715 578 2784 633; x_wconf 82' lang='lat' dir='ltr'><strong>Et</strong></span> <span class='ocrx_word' id='word_1_133' title='bbox 2826 581 2931 634; x_wconf 86' lang='lat' dir='ltr'><strong>alia</strong></span> <span class='ocrx_word' id='word_1_134' title='bbox 2958 596 3133 633; x_wconf 88' lang='lat' dir='ltr'><strong>manu.</strong></span> <span class='ocrx_word' id='word_1_135' title='bbox 3165 579 3479 636; x_wconf 82' lang='lat' dir='ltr'><strong>Adeodntus</strong></span> 
     </span>
    </p>
   </div>
   <div class='ocr_carea' id='block_1_21' title="bbox 1889 654 3480 743">
    <p class='ocr_par' dir='ltr' id='par_1_21' title="bbox 1889 654 3480 743">
     <span class='ocr_line' id='line_1_21' title="bbox 1889 654 3480 743; baseline 0.003 -21"><span class='ocrx_word' id='word_1_136' title='bbox 1889 668 2173 739; x_wconf 87' lang='lat' dir='ltr'><strong>episcopus</strong></span> <span class='ocrx_word' id='word_1_137' title='bbox 2219 670 2527 740; x_wconf 76' lang='lat' dir='ltr'><strong>recognovi.</strong></span> <span class='ocrx_word' id='word_1_138' title='bbox 2578 654 2873 726; x_wconf 83' lang='lat' dir='ltr'><strong>Vincentius</strong></span> <span class='ocrx_word' id='word_1_139' title='bbox 2924 671 3192 743; x_wconf 84' lang='lat' dir='ltr'><strong>episcopus</strong></span> <span class='ocrx_word' id='word_1_140' title='bbox 3230 670 3480 727; x_wconf 68' lang='lat' dir='ltr'><strong>Ecclesia</strong></span> 
     </span>
    </p>
   </div>
   <div class='ocr_carea' id='block_1_22' title="bbox 1889 760 3478 832">
    <p class='ocr_par' dir='ltr' id='par_1_22' title="bbox 1889 760 3478 832">
     <span class='ocr_line' id='line_1_22' title="bbox 1889 760 3478 832; baseline 0.004 -18"><span class='ocrx_word' id='word_1_141' title='bbox 1889 760 2155 815; x_wconf 68' lang='lat' dir='ltr'><strong>catholicis</strong></span> <span class='ocrx_word' id='word_1_142' title='bbox 2198 760 2348 816; x_wconf 81' lang='lat' dir='ltr'><strong>dixit.</strong></span> <span class='ocrx_word' id='word_1_143' title='bbox 2403 760 2550 816; x_wconf 81' lang='lat' dir='ltr'><strong>Dicat</strong></span> <span class='ocrx_word' id='word_1_144' title='bbox 2590 777 2698 832; x_wconf 91' lang='lat' dir='ltr'><strong>quo</strong></span> <span class='ocrx_word' id='word_1_145' title='bbox 2742 762 2794 818; x_wconf 91' lang='lat' dir='ltr'><strong>in</strong></span> <span class='ocrx_word' id='word_1_146' title='bbox 2842 763 2961 819; x_wconf 90' lang='lat' dir='ltr'><strong>loco</strong></span> <span class='ocrx_word' id='word_1_147' title='bbox 2987 763 3205 821; x_wconf 78' lang='lat' dir='ltr'><strong>deiecit.</strong></span> <span class='ocrx_word' id='word_1_148' title='bbox 3255 763 3325 819; x_wconf 86' lang='lat' dir='ltr'><strong>Et</strong></span> <span class='ocrx_word' id='word_1_149' title='bbox 3370 766 3478 821; x_wconf 89' lang='lat' dir='ltr'><strong>alia</strong></span> 
     </span>
    </p>
   </div>
   <div class='ocr_carea' id='block_1_23' title="bbox 1887 840 3477 927">
    <p class='ocr_par' dir='ltr' id='par_1_23' title="bbox 1887 840 3477 927">
     <span class='ocr_line' id='line_1_23' title="bbox 1887 840 3477 927; baseline 0.006 -22"><span class='ocrx_word' id='word_1_150' title='bbox 1887 868 2067 906; x_wconf 87' lang='lat' dir='ltr'><strong>manu.</strong></span> <span class='ocrx_word' id='word_1_151' title='bbox 2123 840 2454 924; x_wconf 85' lang='lat' dir='ltr'><strong>Recognovi.</strong></span> <span class='ocrx_word' id='word_1_152' title='bbox 2508 853 2800 909; x_wconf 89' lang='lat' dir='ltr'><strong>Adeodatus</strong></span> <span class='ocrx_word' id='word_1_153' title='bbox 2844 856 3111 927; x_wconf 77' lang='lat' dir='ltr'><strong>episcOpus</strong></span> <span class='ocrx_word' id='word_1_154' title='bbox 3156 856 3309 912; x_wconf 80' lang='lat' dir='ltr'><strong>dixit.</strong></span> <span class='ocrx_word' id='word_1_155' title='bbox 3360 857 3477 914; x_wconf 80' lang='lat' dir='ltr'><strong>Non</strong></span> 
     </span>
    </p>
   </div>
   <div class='ocr_carea' id='block_1_24' title="bbox 1889 945 3480 1019">
    <p class='ocr_par' dir='ltr' id='par_1_24' title="bbox 1889 945 3480 1019">
     <span class='ocr_line' id='line_1_24' title="bbox 1889 945 3480 1019; baseline 0.004 -19"><span class='ocrx_word' id='word_1_156' title='bbox 1889 946 2014 1000; x_wconf 89' lang='lat' dir='ltr'><strong>novi</strong></span> <span class='ocrx_word' id='word_1_157' title='bbox 2046 945 2242 1001; x_wconf 91' lang='lat' dir='ltr'><strong>locum.</strong></span> <span class='ocrx_word' id='word_1_158' title='bbox 2274 945 2342 1001; x_wconf 84' lang='lat' dir='ltr'><strong>Et</strong></span> <span class='ocrx_word' id='word_1_159' title='bbox 2369 947 2476 1001; x_wconf 88' lang='lat' dir='ltr'><strong>alia</strong></span> <span class='ocrx_word' id='word_1_160' title='bbox 2506 964 2683 1001; x_wconf 87' lang='lat' dir='ltr'><strong>ntanu.</strong></span> <span class='ocrx_word' id='word_1_161' title='bbox 2710 946 2781 1003; x_wconf 86' lang='lat' dir='ltr'><strong>Ut</strong></span> <span class='ocrx_word' id='word_1_162' title='bbox 2810 962 2991 1019; x_wconf 88' lang='lat' dir='ltr'><strong>supra.</strong></span> <span class='ocrx_word' id='word_1_163' title='bbox 3026 947 3364 1007; x_wconf 76' lang='lat' dir='ltr'><strong>Marcellinus</strong></span> <span class='ocrx_word' id='word_1_164' title='bbox 3402 952 3480 1007; x_wconf 81' lang='lat' dir='ltr'><strong>vir</strong></span> 
     </span>
    </p>
   </div>
   <div class='ocr_carea' id='block_1_25' title="bbox 1888 1030 3482 1115">
    <p class='ocr_par' dir='ltr' id='par_1_25' title="bbox 1888 1030 3482 1115">
     <span class='ocr_line' id='line_1_25' title="bbox 1888 1030 3482 1115; baseline 0.004 -20"><span class='ocrx_word' id='word_1_165' title='bbox 1888 1030 2213 1097; x_wconf 81' lang='lat' dir='ltr'><strong>clarissimus</strong></span> <span class='ocrx_word' id='word_1_166' title='bbox 2234 1036 2469 1096; x_wconf 77' lang='lat' dir='ltr'><strong>tribunus</strong></span> <span class='ocrx_word' id='word_1_167' title='bbox 2496 1051 2543 1097; x_wconf 91' lang='lat' dir='ltr'><strong>et</strong></span> <span class='ocrx_word' id='word_1_168' title='bbox 2570 1043 2804 1103; x_wconf 85' lang='lat' dir='ltr'><strong>notarius</strong></span> <span class='ocrx_word' id='word_1_169' title='bbox 2828 1042 2977 1097; x_wconf 82' lang='lat' dir='ltr'><strong>dixit.</strong></span> <span class='ocrx_word' id='word_1_170' title='bbox 3005 1041 3263 1110; x_wconf 86' lang='lat' dir='ltr'><strong>Quoniam</strong></span> <span class='ocrx_word' id='word_1_171' title='bbox 3285 1046 3482 1115; x_wconf 88' lang='lat' dir='ltr'><strong>proba-</strong></span> 
     </span>
    </p>
   </div>
   <div class='ocr_carea' id='block_1_26' title="bbox 1888 1130 3481 1205">
    <p class='ocr_par' dir='ltr' id='par_1_26' title="bbox 1888 1130 3481 1205">
     <span class='ocr_line' id='line_1_26' title="bbox 1888 1130 3481 1205; baseline 0.005 -20"><span class='ocrx_word' id='word_1_172' title='bbox 1888 1130 2016 1187; x_wconf 87' lang='lat' dir='ltr'><strong>bilis</strong></span> <span class='ocrx_word' id='word_1_173' title='bbox 2041 1141 2125 1188; x_wconf 85' lang='lat' dir='ltr'><strong>est</strong></span> <span class='ocrx_word' id='word_1_174' title='bbox 2164 1142 2360 1189; x_wconf 66' lang='lat' dir='ltr'><strong>vestrae</strong></span> <span class='ocrx_word' id='word_1_175' title='bbox 2405 1133 2711 1190; x_wconf 84' lang='lat' dir='ltr'><strong>sanctitatis</strong></span> <span class='ocrx_word' id='word_1_176' title='bbox 2744 1132 3070 1205; x_wconf 69' lang='lat' dir='ltr'><strong>prosecutio,</strong></span> <span class='ocrx_word' id='word_1_177' title='bbox 3099 1151 3201 1203; x_wconf 88' lang='lat' dir='ltr'><strong>qua</strong></span> <span class='ocrx_word' id='word_1_178' title='bbox 3241 1150 3363 1192; x_wconf 90' lang='lat' dir='ltr'><strong>eum</strong></span> <span class='ocrx_word' id='word_1_179' title='bbox 3392 1137 3481 1194; x_wconf 87' lang='lat' dir='ltr'><strong>hic</strong></span> 
     </span>
    </p>
   </div>
   <div class='ocr_carea' id='block_1_27' title="bbox 1888 1224 3482 1299">
    <p class='ocr_par' dir='ltr' id='par_1_27' title="bbox 1888 1224 3482 1299">
     <span class='ocr_line' id='line_1_27' title="bbox 1888 1224 3482 1299; baseline 0.004 -20"><span class='ocrx_word' id='word_1_180' title='bbox 1888 1224 2053 1281; x_wconf 90' lang='lat' dir='ltr'><strong>fuisse</strong></span> <span class='ocrx_word' id='word_1_181' title='bbox 2078 1234 2135 1281; x_wconf 90' lang='lat' dir='ltr'><strong>et</strong></span> <span class='ocrx_word' id='word_1_182' title='bbox 2158 1242 2360 1299; x_wconf 72' lang='lat' dir='ltr'><strong>xgrum</strong></span> <span class='ocrx_word' id='word_1_183' title='bbox 2380 1227 2445 1283; x_wconf 91' lang='lat' dir='ltr'><strong>ad</strong></span> <span class='ocrx_word' id='word_1_184' title='bbox 2476 1228 2692 1298; x_wconf 86' lang='lat' dir='ltr'><strong>propria</strong></span> <span class='ocrx_word' id='word_1_185' title='bbox 2722 1236 3058 1285; x_wconf 83' lang='lat' dir='ltr'><strong>remeantem</strong></span> <span class='ocrx_word' id='word_1_186' title='bbox 3078 1225 3347 1285; x_wconf 80' lang='lat' dir='ltr'><strong>defecisse</strong></span> <span class='ocrx_word' id='word_1_187' title='bbox 3374 1239 3482 1286; x_wconf 85' lang='lat' dir='ltr'><strong>tes-</strong></span> 
     </span>
    </p>
   </div>
   <div class='ocr_carea' id='block_1_28' title="bbox 1888 1307 3484 1399">
    <p class='ocr_par' dir='ltr' id='par_1_28' title="bbox 1888 1307 3484 1399">
     <span class='ocr_line' id='line_1_28' title="bbox 1888 1307 3484 1399; baseline 0.004 -26"><span class='ocrx_word' id='word_1_188' title='bbox 1888 1320 2041 1387; x_wconf 87' lang='lat' dir='ltr'><strong>taris,</strong></span> <span class='ocrx_word' id='word_1_189' title='bbox 2072 1307 2261 1376; x_wconf 77' lang='lat' dir='ltr'><strong>saltem</strong></span> <span class='ocrx_word' id='word_1_190' title='bbox 2290 1321 2392 1377; x_wconf 86' lang='lat' dir='ltr'><strong>hoc</strong></span> <span class='ocrx_word' id='word_1_191' title='bbox 2424 1321 2620 1378; x_wconf 90' lang='lat' dir='ltr'><strong>docere</strong></span> <span class='ocrx_word' id='word_1_192' title='bbox 2644 1331 2698 1379; x_wconf 91' lang='lat' dir='ltr'><strong>te</strong></span> <span class='ocrx_word' id='word_1_193' title='bbox 2720 1310 2988 1390; x_wconf 76' lang='lat' dir='ltr'><strong>convenit,</strong></span> <span class='ocrx_word' id='word_1_194' title='bbox 3017 1334 3073 1378; x_wconf 89' lang='lat' dir='ltr'><strong>ut</strong></span> <span class='ocrx_word' id='word_1_195' title='bbox 3099 1331 3277 1379; x_wconf 91' lang='lat' dir='ltr'><strong>utrum</strong></span> <span class='ocrx_word' id='word_1_196' title='bbox 3310 1324 3362 1399; x_wconf 82' lang='lat' dir='ltr'><strong>in</strong></span> <span class='ocrx_word' id='word_1_197' title='bbox 3383 1324 3484 1379; x_wconf 89' lang='lat' dir='ltr'><strong>bac</strong></span> 
     </span>
    </p>
   </div>
   <div class='ocr_carea' id='block_1_29' title="bbox 1889 1411 3484 1487">
    <p class='ocr_par' dir='ltr' id='par_1_29' title="bbox 1889 1411 3484 1487">
     <span class='ocr_line' id='line_1_29' title="bbox 1889 1411 3484 1487; baseline 0.003 -21"><span class='ocrx_word' id='word_1_198' title='bbox 1889 1413 2021 1467; x_wconf 86' lang='lat' dir='ltr'><strong>urbe</strong></span> <span class='ocrx_word' id='word_1_199' title='bbox 2052 1411 2211 1468; x_wconf 86' lang='lat' dir='ltr'><strong>fuerit</strong></span> <span class='ocrx_word' id='word_1_200' title='bbox 2236 1414 2336 1470; x_wconf 87' lang='lat' dir='ltr'><strong>sub</strong></span> <span class='ocrx_word' id='word_1_201' title='bbox 2366 1414 2459 1470; x_wconf 91' lang='lat' dir='ltr'><strong>Dei</strong></span> <span class='ocrx_word' id='word_1_202' title='bbox 2483 1414 2865 1471; x_wconf 86' lang='lat' dir='ltr'><strong>testiﬁcatione</strong></span> <span class='ocrx_word' id='word_1_203' title='bbox 2896 1415 3166 1487; x_wconf 80' lang='lat' dir='ltr'><strong>designes.</strong></span> <span class='ocrx_word' id='word_1_204' title='bbox 3214 1413 3484 1470; x_wconf 86' lang='lat' dir='ltr'><strong>Fortuna—</strong></span> 
     </span>
    </p>
   </div>
   <div class='ocr_carea' id='block_1_30' title="bbox 1888 1503 3485 1579">
    <p class='ocr_par' dir='ltr' id='par_1_30' title="bbox 1888 1503 3485 1579">
     <span class='ocr_line' id='line_1_30' title="bbox 1888 1503 3485 1579; baseline 0.004 -22"><span class='ocrx_word' id='word_1_205' title='bbox 1888 1504 2058 1557; x_wconf 88' lang='lat' dir='ltr'><strong>tianus</strong></span> <span class='ocrx_word' id='word_1_206' title='bbox 2086 1507 2352 1575; x_wconf 80' lang='lat' dir='ltr'><strong>episcOpus</strong></span> <span class='ocrx_word' id='word_1_207' title='bbox 2381 1503 2631 1561; x_wconf 75' lang='lat' dir='ltr'><strong>Ecclesia:</strong></span> <span class='ocrx_word' id='word_1_208' title='bbox 2655 1507 2927 1561; x_wconf 71' lang='lat' dir='ltr'><strong>catholicis</strong></span> <span class='ocrx_word' id='word_1_209' title='bbox 2967 1507 3117 1561; x_wconf 83' lang='lat' dir='ltr'><strong>dixit.</strong></span> <span class='ocrx_word' id='word_1_210' title='bbox 3142 1507 3198 1564; x_wconf 89' lang='lat' dir='ltr'><strong>Si</strong></span> <span class='ocrx_word' id='word_1_211' title='bbox 3240 1509 3485 1579; x_wconf 62' lang='lat' dir='ltr'><strong>praecipit</strong></span> 
     </span>
    </p>
   </div>
   <div class='ocr_carea' id='block_1_31' title="bbox 1888 1596 3481 1670">
    <p class='ocr_par' dir='ltr' id='par_1_31' title="bbox 1888 1596 3481 1670">
     <span class='ocr_line' id='line_1_31' title="bbox 1888 1596 3481 1670; baseline 0.004 -20"><span class='ocrx_word' id='word_1_212' title='bbox 1888 1596 2189 1653; x_wconf 84' lang='lat' dir='ltr'><strong>sublimitas</strong></span> <span class='ocrx_word' id='word_1_213' title='bbox 2235 1606 2347 1664; x_wconf 87' lang='lat' dir='ltr'><strong>tua,</strong></span> <span class='ocrx_word' id='word_1_214' title='bbox 2394 1597 2641 1654; x_wconf 85' lang='lat' dir='ltr'><strong>Petiliaui</strong></span> <span class='ocrx_word' id='word_1_215' title='bbox 2683 1599 2782 1663; x_wconf 80' lang='lat' dir='ltr'><strong>viri</strong></span> <span class='ocrx_word' id='word_1_216' title='bbox 2839 1600 3122 1655; x_wconf 87' lang='lat' dir='ltr'><strong>clarissimi</strong></span> <span class='ocrx_word' id='word_1_217' title='bbox 3176 1601 3481 1670; x_wconf 89' lang='lat' dir='ltr'><strong>prosecutio</strong></span> 
     </span>
    </p>
   </div>
   <div class='ocr_carea' id='block_1_32' title="bbox 1891 1690 3479 1765">
    <p class='ocr_par' dir='ltr' id='par_1_32' title="bbox 1891 1690 3479 1765">
     <span class='ocr_line' id='line_1_32' title="bbox 1891 1690 3479 1765; baseline 0.004 -22"><span class='ocrx_word' id='word_1_218' title='bbox 1891 1690 2168 1756; x_wconf 89' lang='lat' dir='ltr'><strong>recitelur,</strong></span> <span class='ocrx_word' id='word_1_219' title='bbox 2203 1700 2259 1745; x_wconf 89' lang='lat' dir='ltr'><strong>ut</strong></span> <span class='ocrx_word' id='word_1_220' title='bbox 2289 1706 2356 1746; x_wconf 82' lang='lat' dir='ltr'><strong>ex</strong></span> <span class='ocrx_word' id='word_1_221' title='bbox 2388 1692 2617 1748; x_wconf 88' lang='lat' dir='ltr'><strong>lectione</strong></span> <span class='ocrx_word' id='word_1_222' title='bbox 2662 1701 2991 1763; x_wconf 78' lang='lat' dir='ltr'><strong>cognoscant</strong></span> <span class='ocrx_word' id='word_1_223' title='bbox 3034 1694 3290 1761; x_wconf 88' lang='lat' dir='ltr'><strong>universi,</strong></span> <span class='ocrx_word' id='word_1_224' title='bbox 3319 1711 3479 1765; x_wconf 87' lang='lat' dir='ltr'><strong>quam</strong></span> 
     </span>
    </p>
   </div>
   <div class='ocr_carea' id='block_1_33' title="bbox 188 1781 3482 1861">
    <p class='ocr_par' dir='ltr' id='par_1_33' title="bbox 188 1781 3482 1861">
     <span class='ocr_line' id='line_1_33' title="bbox 188 1781 3482 1861; baseline 0.001 -23"><span class='ocrx_word' id='word_1_225' title='bbox 188 1784 413 1851; x_wconf 79' lang='lat' dir='ltr'><strong>deiecit,</strong></span> <span class='ocrx_word' id='word_1_226' title='bbox 441 1792 654 1861; x_wconf 87' lang='lat' dir='ltr'><strong>constat</strong></span> <span class='ocrx_word' id='word_1_227' title='bbox 690 1782 808 1855; x_wconf 85' lang='lat' dir='ltr'><strong>ejus</strong></span> <span class='ocrx_word' id='word_1_228' title='bbox 842 1784 1296 1852; x_wconf 90' lang='lat' dir='ltr'><strong>subscriptionem</strong></span> <span class='ocrx_word' id='word_1_229' title='bbox 1321 1782 1615 1839; x_wconf 82' lang='lat' dir='ltr'><strong>falsissime</strong></span> <span class='ocrx_word' id='word_1_230' title='bbox 1644 1784 1784 1837; x_wconf 83' lang='lat' dir='ltr'><strong>reci-</strong></span> <span class='ocrx_word' id='word_1_231' title='bbox 1817 1781 1864 1842; x_wconf 86' lang='grc' dir='ltr'><strong>Β</strong></span> <span class='ocrx_word' id='word_1_232' title='bbox 1891 1796 1998 1835; x_wconf 90' lang='lat' dir='ltr'><strong>non</strong></span> <span class='ocrx_word' id='word_1_233' title='bbox 2029 1796 2157 1837; x_wconf 87' lang='lat' dir='ltr'><strong>vere</strong></span> <span class='ocrx_word' id='word_1_234' title='bbox 2188 1796 2328 1837; x_wconf 91' lang='lat' dir='ltr'><strong>nunc</strong></span> <span class='ocrx_word' id='word_1_235' title='bbox 2355 1782 2565 1838; x_wconf 86' lang='lat' dir='ltr'><strong>dicatur</strong></span> <span class='ocrx_word' id='word_1_236' title='bbox 2594 1799 2716 1839; x_wconf 90' lang='lat' dir='ltr'><strong>eum</strong></span> <span class='ocrx_word' id='word_1_237' title='bbox 2747 1784 3095 1854; x_wconf 89' lang='lat' dir='ltr'><strong>repedantem</strong></span> <span class='ocrx_word' id='word_1_238' title='bbox 3136 1786 3205 1842; x_wconf 90' lang='lat' dir='ltr'><strong>de</strong></span> <span class='ocrx_word' id='word_1_239' title='bbox 3258 1786 3482 1842; x_wconf 85' lang='lat' dir='ltr'><strong>Cartha-</strong></span> 
     </span>
    </p>
   </div>
   <div class='ocr_carea' id='block_1_34' title="bbox 188 1874 1787 1947">
    <p class='ocr_par' dir='ltr' id='par_1_34' title="bbox 188 1874 1787 1947">
     <span class='ocr_line' id='line_1_34' title="bbox 188 1874 1787 1947; baseline -0.001 -15"><span class='ocrx_word' id='word_1_240' title='bbox 188 1886 363 1933; x_wconf 87' lang='lat' dir='ltr'><strong>tatam</strong></span> <span class='ocrx_word' id='word_1_241' title='bbox 388 1896 401 1931; x_wconf 90' lang='lat'><strong>:</strong></span> <span class='ocrx_word' id='word_1_242' title='bbox 434 1877 515 1932; x_wconf 88' lang='lat' dir='ltr'><strong>sin</strong></span> <span class='ocrx_word' id='word_1_243' title='bbox 544 1890 674 1931; x_wconf 80' lang='lat' dir='ltr'><strong>vero</strong></span> <span class='ocrx_word' id='word_1_244' title='bbox 696 1875 812 1947; x_wconf 88' lang='lat' dir='ltr'><strong>ipse</strong></span> <span class='ocrx_word' id='word_1_245' title='bbox 829 1874 1168 1945; x_wconf 83' lang='lat' dir='ltr'><strong>subscripsit,</strong></span> <span class='ocrx_word' id='word_1_246' title='bbox 1194 1888 1303 1930; x_wconf 91' lang='lat' dir='ltr'><strong>non</strong></span> <span class='ocrx_word' id='word_1_247' title='bbox 1319 1874 1491 1945; x_wconf 89' lang='lat' dir='ltr'><strong>potuit</strong></span> <span class='ocrx_word' id='word_1_248' title='bbox 1513 1875 1565 1929; x_wconf 90' lang='lat' dir='ltr'><strong>in</strong></span> <span class='ocrx_word' id='word_1_249' title='bbox 1594 1874 1787 1930; x_wconf 89' lang='lat' dir='ltr'><strong>itinere</strong></span> 
     </span>
    </p>
   </div>
   <div class='ocr_carea' id='block_1_35' title="bbox 186 1968 1789 2042">
    <p class='ocr_par' dir='ltr' id='par_1_35' title="bbox 186 1968 1789 2042">
     <span class='ocr_line' id='line_1_35' title="bbox 186 1968 1789 2042; baseline -0.003 -15"><span class='ocrx_word' id='word_1_250' title='bbox 186 1972 462 2042; x_wconf 87' lang='lat' dir='ltr'><strong>deperire.</strong></span> <span class='ocrx_word' id='word_1_251' title='bbox 498 1969 787 2025; x_wconf 86' lang='lat' dir='ltr'><strong>Petilianus</strong></span> <span class='ocrx_word' id='word_1_252' title='bbox 828 1970 1094 2039; x_wconf 83' lang='lat' dir='ltr'><strong>episcopus</strong></span> <span class='ocrx_word' id='word_1_253' title='bbox 1130 1969 1283 2024; x_wconf 82' lang='lat' dir='ltr'><strong>dixit.</strong></span> <span class='ocrx_word' id='word_1_254' title='bbox 1331 1968 1447 2024; x_wconf 86' lang='lat' dir='ltr'><strong>Non</strong></span> <span class='ocrx_word' id='word_1_255' title='bbox 1488 1979 1569 2024; x_wconf 91' lang='lat' dir='ltr'><strong>est</strong></span> <span class='ocrx_word' id='word_1_256' title='bbox 1600 1968 1789 2024; x_wconf 86' lang='lat' dir='ltr'><strong>buma-</strong></span> 
     </span>
    </p>
   </div>
   <div class='ocr_carea' id='block_1_36' title="bbox 186 2061 1785 2119">
    <p class='ocr_par' dir='ltr' id='par_1_36' title="bbox 186 2061 1785 2119">
     <span class='ocr_line' id='line_1_36' title="bbox 186 2061 1785 2119; baseline -0.003 0"><span class='ocrx_word' id='word_1_257' title='bbox 186 2080 321 2119; x_wconf 89' lang='lat' dir='ltr'><strong>num</strong></span> <span class='ocrx_word' id='word_1_258' title='bbox 369 2062 542 2119; x_wconf 89' lang='lat' dir='ltr'><strong>mori?</strong></span> <span class='ocrx_word' id='word_1_259' title='bbox 585 2061 701 2117; x_wconf 84' lang='lat' dir='ltr'><strong>Non</strong></span> <span class='ocrx_word' id='word_1_260' title='bbox 750 2062 913 2117; x_wconf 87' lang='lat' dir='ltr'><strong>etiam</strong></span> <span class='ocrx_word' id='word_1_261' title='bbox 956 2062 1248 2117; x_wconf 90' lang='lat' dir='ltr'><strong>morientes</strong></span> <span class='ocrx_word' id='word_1_262' title='bbox 1290 2062 1624 2117; x_wconf 81' lang='lat' dir='ltr'><strong>testamentis</strong></span> <span class='ocrx_word' id='word_1_263' title='bbox 1674 2061 1785 2115; x_wconf 88' lang='lat' dir='ltr'><strong>suis</strong></span> 
     </span>
    </p>
   </div>
   <div class='ocr_carea' id='block_1_37' title="bbox 186 2153 1780 2225">
    <p class='ocr_par' dir='ltr' id='par_1_37' title="bbox 186 2153 1780 2225">
     <span class='ocr_line' id='line_1_37' title="bbox 186 2153 1780 2225; baseline -0.003 -12"><span class='ocrx_word' id='word_1_264' title='bbox 186 2155 581 2213; x_wconf 86' lang='lat' dir='ltr'><strong>subscribunt‘l</strong></span> <span class='ocrx_word' id='word_1_265' title='bbox 615 2155 679 2209; x_wconf 83' lang='lat' dir='ltr'><strong>Et</strong></span> <span class='ocrx_word' id='word_1_266' title='bbox 708 2155 814 2209; x_wconf 90' lang='lat' dir='ltr'><strong>alia</strong></span> <span class='ocrx_word' id='word_1_267' title='bbox 840 2171 1017 2209; x_wconf 90' lang='lat' dir='ltr'><strong>manu.</strong></span> <span class='ocrx_word' id='word_1_268' title='bbox 1048 2153 1343 2209; x_wconf 89' lang='lat' dir='ltr'><strong>Petilianus</strong></span> <span class='ocrx_word' id='word_1_269' title='bbox 1378 2154 1665 2225; x_wconf 89' lang='lat' dir='ltr'><strong>episcopus</strong></span> <span class='ocrx_word' id='word_1_270' title='bbox 1697 2169 1780 2209; x_wconf 80' lang='lat' dir='ltr'><strong>re-</strong></span> 
     </span>
    </p>
   </div>
   <div class='ocr_carea' id='block_1_38' title="bbox 186 2247 1781 2321">
    <p class='ocr_par' dir='ltr' id='par_1_38' title="bbox 186 2247 1781 2321">
     <span class='ocr_line' id='line_1_38' title="bbox 186 2247 1781 2321; baseline -0.001 -16"><span class='ocrx_word' id='word_1_271' title='bbox 186 2250 444 2321; x_wconf 75' lang='lat' dir='ltr'><strong>cognovi.</strong></span> <span class='ocrx_word' id='word_1_272' title='bbox 479 2249 697 2321; x_wconf 81' lang='lat' dir='ltr'><strong>Alypius</strong></span> <span class='ocrx_word' id='word_1_273' title='bbox 735 2250 1004 2321; x_wconf 79' lang='lat' dir='ltr'><strong>episcOpus</strong></span> <span class='ocrx_word' id='word_1_274' title='bbox 1048 2247 1314 2317; x_wconf 19' lang='lat' dir='ltr'><strong>Ecclesiae,</strong></span> <span class='ocrx_word' id='word_1_275' title='bbox 1335 2248 1601 2303; x_wconf 72' lang='lat' dir='ltr'><strong>catholica:</strong></span> <span class='ocrx_word' id='word_1_276' title='bbox 1630 2249 1781 2303; x_wconf 88' lang='lat' dir='ltr'><strong>dixit.</strong></span> 
     </span>
    </p>
   </div>
   <div class='ocr_carea' id='block_1_39' title="bbox 190 2339 1779 2407">
    <p class='ocr_par' dir='ltr' id='par_1_39' title="bbox 190 2339 1779 2407">
     <span class='ocr_line' id='line_1_39' title="bbox 190 2339 1779 2407; baseline 0.001 -12"><span class='ocrx_word' id='word_1_277' title='bbox 190 2340 554 2396; x_wconf 79' lang='lat' dir='ltr'><strong>Humanitatis</strong></span> <span class='ocrx_word' id='word_1_278' title='bbox 579 2349 664 2396; x_wconf 87' lang='lat' dir='ltr'><strong>est</strong></span> <span class='ocrx_word' id='word_1_279' title='bbox 688 2339 848 2407; x_wconf 91' lang='lat' dir='ltr'><strong>mori,</strong></span> <span class='ocrx_word' id='word_1_280' title='bbox 898 2340 990 2395; x_wconf 91' lang='lat' dir='ltr'><strong>sed</strong></span> <span class='ocrx_word' id='word_1_281' title='bbox 1024 2340 1429 2395; x_wconf 87' lang='lat' dir='ltr'><strong>inbumanitatis</strong></span> <span class='ocrx_word' id='word_1_282' title='bbox 1458 2349 1541 2395; x_wconf 89' lang='lat' dir='ltr'><strong>est</strong></span> <span class='ocrx_word' id='word_1_283' title='bbox 1569 2339 1779 2397; x_wconf 86' lang='lat' dir='ltr'><strong>fallere.</strong></span> 
     </span>
    </p>
   </div>
   <div class='ocr_carea' id='block_1_40' title="bbox 190 2431 1783 2517">
    <p class='ocr_par' dir='ltr' id='par_1_40' title="bbox 190 2431 1783 2517">
     <span class='ocr_line' id='line_1_40' title="bbox 190 2431 1783 2517; baseline 0.001 -29"><span class='ocrx_word' id='word_1_284' title='bbox 190 2431 267 2488; x_wconf 87' lang='lat' dir='ltr'><strong>Et</strong></span> <span class='ocrx_word' id='word_1_285' title='bbox 290 2435 399 2488; x_wconf 90' lang='lat' dir='ltr'><strong>alia</strong></span> <span class='ocrx_word' id='word_1_286' title='bbox 426 2450 602 2517; x_wconf 74' lang='lat' dir='ltr'><strong>manu.</strong></span> <span class='ocrx_word' id='word_1_287' title='bbox 636 2433 961 2505; x_wconf 84' lang='lat' dir='ltr'><strong>Recognovi.</strong></span> <span class='ocrx_word' id='word_1_288' title='bbox 1002 2432 1287 2488; x_wconf 86' lang='lat' dir='ltr'><strong>Petilianus</strong></span> <span class='ocrx_word' id='word_1_289' title='bbox 1315 2435 1585 2505; x_wconf 78' lang='lat' dir='ltr'><strong>episcOpus</strong></span> <span class='ocrx_word' id='word_1_290' title='bbox 1630 2436 1783 2492; x_wconf 81' lang='lat' dir='ltr'><strong>dixit.</strong></span> 
     </span>
    </p>
   </div>
   <div class='ocr_carea' id='block_1_41' title="bbox 190 2526 1787 2598">
    <p class='ocr_par' dir='ltr' id='par_1_41' title="bbox 190 2526 1787 2598">
     <span class='ocr_line' id='line_1_41' title="bbox 190 2526 1787 2598; baseline 0.003 -16"><span class='ocrx_word' id='word_1_291' title='bbox 190 2526 316 2583; x_wconf 80' lang='lat' dir='ltr'><strong>Non</strong></span> <span class='ocrx_word' id='word_1_292' title='bbox 342 2536 427 2583; x_wconf 87' lang='lat' dir='ltr'><strong>est</strong></span> <span class='ocrx_word' id='word_1_293' title='bbox 466 2526 569 2583; x_wconf 90' lang='lat' dir='ltr'><strong>hoc</strong></span> <span class='ocrx_word' id='word_1_294' title='bbox 597 2526 802 2592; x_wconf 87' lang='lat' dir='ltr'><strong>fallere,</strong></span> <span class='ocrx_word' id='word_1_295' title='bbox 834 2528 958 2597; x_wconf 83' lang='lat' dir='ltr'><strong>quia</strong></span> <span class='ocrx_word' id='word_1_296' title='bbox 986 2527 1161 2598; x_wconf 90' lang='lat' dir='ltr'><strong>potuit</strong></span> <span class='ocrx_word' id='word_1_297' title='bbox 1208 2536 1485 2584; x_wconf 82' lang='lat' dir='ltr'><strong>revertens</strong></span> <span class='ocrx_word' id='word_1_298' title='bbox 1510 2530 1563 2584; x_wconf 92' lang='lat' dir='ltr'><strong>in</strong></span> <span class='ocrx_word' id='word_1_299' title='bbox 1595 2530 1787 2586; x_wconf 88' lang='lat' dir='ltr'><strong>itinere</strong></span> 
     </span>
    </p>
   </div>
   <div class='ocr_carea' id='block_1_42' title="bbox 192 2620 1788 2694">
    <p class='ocr_par' dir='ltr' id='par_1_42' title="bbox 192 2620 1788 2694">
     <span class='ocr_line' id='line_1_42' title="bbox 192 2620 1788 2694; baseline 0.002 -19"><span class='ocrx_word' id='word_1_300' title='bbox 192 2620 358 2675; x_wconf 82' lang='lat' dir='ltr'><strong>ntori.</strong></span> <span class='ocrx_word' id='word_1_301' title='bbox 385 2620 689 2676; x_wconf 75' lang='lat' dir='ltr'><strong>Mandatum</strong></span> <span class='ocrx_word' id='word_1_302' title='bbox 719 2620 894 2678; x_wconf 88' lang='lat' dir='ltr'><strong>adhuc</strong></span> <span class='ocrx_word' id='word_1_303' title='bbox 916 2620 1077 2677; x_wconf 93' lang='lat' dir='ltr'><strong>modo</strong></span> <span class='ocrx_word' id='word_1_304' title='bbox 1104 2620 1330 2688; x_wconf 87' lang='lat' dir='ltr'><strong>accipio.</strong></span> <span class='ocrx_word' id='word_1_305' title='bbox 1361 2622 1489 2679; x_wconf 89' lang='lat' dir='ltr'><strong>Dico</strong></span> <span class='ocrx_word' id='word_1_306' title='bbox 1517 2622 1642 2694; x_wconf 85' lang='lat' dir='ltr'><strong>quid</strong></span> <span class='ocrx_word' id='word_1_307' title='bbox 1670 2639 1788 2678; x_wconf 92' lang='lat' dir='ltr'><strong>mo-</strong></span> 
     </span>
    </p>
   </div>
   <div class='ocr_carea' id='block_1_43' title="bbox 195 2710 1784 2786">
    <p class='ocr_par' dir='ltr' id='par_1_43' title="bbox 195 2710 1784 2786">
     <span class='ocr_line' id='line_1_43' title="bbox 195 2710 1784 2786; baseline 0.004 -22"><span class='ocrx_word' id='word_1_308' title='bbox 195 2722 341 2767; x_wconf 81' lang='lat' dir='ltr'><strong>veat.</strong></span> <span class='ocrx_word' id='word_1_309' title='bbox 374 2710 441 2766; x_wconf 87' lang='lat' dir='ltr'><strong>Et</strong></span> <span class='ocrx_word' id='word_1_310' title='bbox 465 2714 571 2767; x_wconf 89' lang='lat' dir='ltr'><strong>alia</strong></span> <span class='ocrx_word' id='word_1_311' title='bbox 605 2730 780 2769; x_wconf 88' lang='lat' dir='ltr'><strong>manu.</strong></span> <span class='ocrx_word' id='word_1_312' title='bbox 824 2713 1119 2770; x_wconf 88' lang='lat' dir='ltr'><strong>Petilianus</strong></span> <span class='ocrx_word' id='word_1_313' title='bbox 1148 2715 1432 2784; x_wconf 88' lang='lat' dir='ltr'><strong>episcopus</strong></span> <span class='ocrx_word' id='word_1_314' title='bbox 1476 2716 1784 2786; x_wconf 81' lang='lat' dir='ltr'><strong>recognovi.</strong></span> 
     </span>
    </p>
   </div>
   <div class='ocr_carea' id='block_1_44' title="bbox 194 2803 1793 2879">
    <p class='ocr_par' dir='ltr' id='par_1_44' title="bbox 194 2803 1793 2879">
     <span class='ocr_line' id='line_1_44' title="bbox 194 2803 1793 2879; baseline 0.001 -17"><span class='ocrx_word' id='word_1_315' title='bbox 194 2803 611 2863; x_wconf 84' lang='lat' dir='ltr'><strong>Fortunatianus</strong></span> <span class='ocrx_word' id='word_1_316' title='bbox 635 2808 904 2879; x_wconf 85' lang='lat' dir='ltr'><strong>episcopus</strong></span> <span class='ocrx_word' id='word_1_317' title='bbox 922 2804 1168 2863; x_wconf 79' lang='lat' dir='ltr'><strong>Ecclesite</strong></span> <span class='ocrx_word' id='word_1_318' title='bbox 1193 2808 1458 2863; x_wconf 75' lang='lat' dir='ltr'><strong>catholica:</strong></span> <span class='ocrx_word' id='word_1_319' title='bbox 1479 2809 1629 2863; x_wconf 87' lang='lat' dir='ltr'><strong>dixit.</strong></span> <span class='ocrx_word' id='word_1_320' title='bbox 1647 2808 1793 2864; x_wconf 80' lang='lat' dir='ltr'><strong>Man-</strong></span> 
     </span>
    </p>
   </div>
   <div class='ocr_carea' id='block_1_45' title="bbox 194 2896 1794 2971">
    <p class='ocr_par' dir='ltr' id='par_1_45' title="bbox 194 2896 1794 2971">
     <span class='ocr_line' id='line_1_45' title="bbox 194 2896 1794 2971; baseline 0.001 -18"><span class='ocrx_word' id='word_1_321' title='bbox 194 2897 451 2953; x_wconf 81' lang='lat' dir='ltr'><strong>datorum</strong></span> <span class='ocrx_word' id='word_1_322' title='bbox 476 2898 590 2953; x_wconf 91' lang='lat' dir='ltr'><strong>dies</strong></span> <span class='ocrx_word' id='word_1_323' title='bbox 619 2896 862 2969; x_wconf 88' lang='lat' dir='ltr'><strong>prolatus</strong></span> <span class='ocrx_word' id='word_1_324' title='bbox 900 2913 928 2953; x_wconf 88' lang='lat' dir='ltr'><strong>a</strong></span> <span class='ocrx_word' id='word_1_325' title='bbox 959 2899 1202 2971; x_wconf 85' lang='lat' dir='ltr'><strong>partibus</strong></span> <span class='ocrx_word' id='word_1_326' title='bbox 1241 2900 1516 2967; x_wconf 89' lang='lat' dir='ltr'><strong>recitetur,</strong></span> <span class='ocrx_word' id='word_1_327' title='bbox 1544 2911 1601 2955; x_wconf 92' lang='lat' dir='ltr'><strong>nt</strong></span> <span class='ocrx_word' id='word_1_328' title='bbox 1629 2916 1794 2971; x_wconf 84' lang='lat' dir='ltr'><strong>appa-</strong></span> 
     </span>
    </p>
   </div>
   <div class='ocr_carea' id='block_1_46' title="bbox 194 2989 1791 3062">
    <p class='ocr_par' dir='ltr' id='par_1_46' title="bbox 194 2989 1791 3062">
     <span class='ocr_line' id='line_1_46' title="bbox 194 2989 1791 3062; baseline 0.002 -16"><span class='ocrx_word' id='word_1_329' title='bbox 194 2998 318 3046; x_wconf 86' lang='lat' dir='ltr'><strong>reat</strong></span> <span class='ocrx_word' id='word_1_330' title='bbox 361 2989 429 3044; x_wconf 90' lang='lat' dir='ltr'><strong>de</strong></span> <span class='ocrx_word' id='word_1_331' title='bbox 475 2989 693 3045; x_wconf 89' lang='lat' dir='ltr'><strong>nomine</strong></span> <span class='ocrx_word' id='word_1_332' title='bbox 722 2989 983 3056; x_wconf 81' lang='lat' dir='ltr'><strong>defuncti,</strong></span> <span class='ocrx_word' id='word_1_333' title='bbox 1024 3007 1144 3061; x_wconf 75' lang='lat' dir='ltr'><strong>qua:</strong></span> <span class='ocrx_word' id='word_1_334' title='bbox 1174 3007 1299 3062; x_wconf 78' lang='lat' dir='ltr'><strong>pars</strong></span> <span class='ocrx_word' id='word_1_335' title='bbox 1349 2993 1399 3046; x_wconf 94' lang='lat' dir='ltr'><strong>in</strong></span> <span class='ocrx_word' id='word_1_336' title='bbox 1456 2992 1791 3049; x_wconf 87' lang='lat' dir='ltr'><strong>mendacium</strong></span> 
     </span>
    </p>
   </div>
   <div class='ocr_carea' id='block_1_47' title="bbox 196 3077 1792 3152">
    <p class='ocr_par' dir='ltr' id='par_1_47' title="bbox 196 3077 1792 3152">
     <span class='ocr_line' id='line_1_47' title="bbox 196 3077 1792 3152; baseline 0.001 -17"><span class='ocrx_word' id='word_1_337' title='bbox 196 3080 515 3152; x_wconf 87' lang='lat' dir='ltr'><strong>prosilierit.</strong></span> <span class='ocrx_word' id='word_1_338' title='bbox 551 3077 618 3134; x_wconf 88' lang='lat' dir='ltr'><strong>Et</strong></span> <span class='ocrx_word' id='word_1_339' title='bbox 647 3080 755 3135; x_wconf 89' lang='lat' dir='ltr'><strong>alia</strong></span> <span class='ocrx_word' id='word_1_340' title='bbox 777 3096 951 3135; x_wconf 87' lang='lat' dir='ltr'><strong>manu.</strong></span> <span class='ocrx_word' id='word_1_341' title='bbox 976 3081 1304 3152; x_wconf 81' lang='lat' dir='ltr'><strong>Recognovi.</strong></span> <span class='ocrx_word' id='word_1_342' title='bbox 1330 3081 1687 3149; x_wconf 32' lang='lat' dir='ltr'><strong>,Marcellinus</strong></span> <span class='ocrx_word' id='word_1_343' title='bbox 1715 3085 1792 3137; x_wconf 79' lang='lat' dir='ltr'><strong>vir</strong></span> 
     </span>
    </p>
   </div>
   <div class='ocr_carea' id='block_1_48' title="bbox 1890 1873 3484 1951">
    <p class='ocr_par' dir='ltr' id='par_1_48' title="bbox 1890 1873 3484 1951">
     <span class='ocr_line' id='line_1_48' title="bbox 1890 1873 3484 1951; baseline 0.006 -23"><span class='ocrx_word' id='word_1_344' title='bbox 1890 1873 2036 1944; x_wconf 83' lang='lat' dir='ltr'><strong>gine,</strong></span> <span class='ocrx_word' id='word_1_345' title='bbox 2063 1874 2116 1929; x_wconf 89' lang='lat' dir='ltr'><strong>in</strong></span> <span class='ocrx_word' id='word_1_346' title='bbox 2136 1874 2327 1931; x_wconf 88' lang='lat' dir='ltr'><strong>itinere</strong></span> <span class='ocrx_word' id='word_1_347' title='bbox 2348 1877 2635 1945; x_wconf 80' lang='lat' dir='ltr'><strong>deiecisse,</strong></span> <span class='ocrx_word' id='word_1_348' title='bbox 2670 1878 2791 1948; x_wconf 88' lang='lat' dir='ltr'><strong>quia</strong></span> <span class='ocrx_word' id='word_1_349' title='bbox 2819 1878 2977 1933; x_wconf 89' lang='lat' dir='ltr'><strong>aliter</strong></span> <span class='ocrx_word' id='word_1_350' title='bbox 2998 1894 3121 1934; x_wconf 89' lang='lat' dir='ltr'><strong>eum</strong></span> <span class='ocrx_word' id='word_1_351' title='bbox 3152 1878 3271 1949; x_wconf 83' lang='lat' dir='ltr'><strong>ejus</strong></span> <span class='ocrx_word' id='word_1_352' title='bbox 3300 1895 3484 1951; x_wconf 88' lang='lat' dir='ltr'><strong>prose-</strong></span> 
     </span>
    </p>
   </div>
   <div class='ocr_carea' id='block_1_49' title="bbox 1889 1966 3483 2042">
    <p class='ocr_par' dir='ltr' id='par_1_49' title="bbox 1889 1966 3483 2042">
     <span class='ocr_line' id='line_1_49' title="bbox 1889 1966 3483 2042; baseline 0.004 -22"><span class='ocrx_word' id='word_1_353' title='bbox 1889 1968 2034 2022; x_wconf 85' lang='lat' dir='ltr'><strong>cutio</strong></span> <span class='ocrx_word' id='word_1_354' title='bbox 2062 1966 2471 2023; x_wconf 87' lang='lat' dir='ltr'><strong>demonstravit.</strong></span> <span class='ocrx_word' id='word_1_355' title='bbox 2507 1968 2575 2023; x_wconf 86' lang='lat' dir='ltr'><strong>Et</strong></span> <span class='ocrx_word' id='word_1_356' title='bbox 2597 1970 2703 2023; x_wconf 91' lang='lat' dir='ltr'><strong>alia</strong></span> <span class='ocrx_word' id='word_1_357' title='bbox 2742 1986 2919 2024; x_wconf 90' lang='lat' dir='ltr'><strong>manu.</strong></span> <span class='ocrx_word' id='word_1_358' title='bbox 2949 1970 3280 2042; x_wconf 81' lang='lat' dir='ltr'><strong>Recognovi.</strong></span> <span class='ocrx_word' id='word_1_359' title='bbox 3330 1973 3483 2027; x_wconf 77' lang='lat' dir='ltr'><strong>Mar-</strong></span> 
     </span>
    </p>
   </div>
   <div class='ocr_carea' id='block_1_50' title="bbox 1891 2059 3481 2121">
    <p class='ocr_par' dir='ltr' id='par_1_50' title="bbox 1891 2059 3481 2121">
     <span class='ocr_line' id='line_1_50' title="bbox 1891 2059 3481 2121; baseline 0.006 -9"><span class='ocrx_word' id='word_1_360' title='bbox 1891 2059 2103 2114; x_wconf 86' lang='lat' dir='ltr'><strong>cellinus</strong></span> <span class='ocrx_word' id='word_1_361' title='bbox 2133 2061 2209 2113; x_wconf 87' lang='lat' dir='ltr'><strong>vir</strong></span> <span class='ocrx_word' id='word_1_362' title='bbox 2235 2061 2550 2116; x_wconf 72' lang='lat' dir='ltr'><strong>clarissimus</strong></span> <span class='ocrx_word' id='word_1_363' title='bbox 2579 2061 2812 2117; x_wconf 85' lang='lat' dir='ltr'><strong>tribunus</strong></span> <span class='ocrx_word' id='word_1_364' title='bbox 2855 2071 2904 2117; x_wconf 92' lang='lat' dir='ltr'><strong>et</strong></span> <span class='ocrx_word' id='word_1_365' title='bbox 2930 2063 3160 2118; x_wconf 86' lang='lat' dir='ltr'><strong>notarius</strong></span> <span class='ocrx_word' id='word_1_366' title='bbox 3186 2064 3336 2119; x_wconf 86' lang='lat' dir='ltr'><strong>dixit.</strong></span> <span class='ocrx_word' id='word_1_367' title='bbox 3378 2065 3481 2121; x_wconf 88' lang='lat' dir='ltr'><strong>Le-</strong></span> 
     </span>
    </p>
   </div>
   <div class='ocr_carea' id='block_1_51' title="bbox 1888 2152 3477 2228">
    <p class='ocr_par' dir='ltr' id='par_1_51' title="bbox 1888 2152 3477 2228">
     <span class='ocr_line' id='line_1_51' title="bbox 1888 2152 3477 2228; baseline 0.003 -23"><span class='ocrx_word' id='word_1_368' title='bbox 1888 2160 2044 2221; x_wconf 88' lang='lat' dir='ltr'><strong>gatur</strong></span> <span class='ocrx_word' id='word_1_369' title='bbox 2071 2152 2378 2221; x_wconf 90' lang='lat' dir='ltr'><strong>prosecutio</strong></span> <span class='ocrx_word' id='word_1_370' title='bbox 2399 2153 2685 2223; x_wconf 83' lang='lat' dir='ltr'><strong>postulata.</strong></span> <span class='ocrx_word' id='word_1_371' title='bbox 2708 2152 2936 2225; x_wconf 84' lang='lat' dir='ltr'><strong>Cumque</strong></span> <span class='ocrx_word' id='word_1_372' title='bbox 2953 2170 3015 2209; x_wconf 89' lang='lat' dir='ltr'><strong>ex</strong></span> <span class='ocrx_word' id='word_1_373' title='bbox 3027 2154 3200 2209; x_wconf 88' lang='lat' dir='ltr'><strong>codice</strong></span> <span class='ocrx_word' id='word_1_374' title='bbox 3212 2156 3477 2228; x_wconf 86' lang='lat' dir='ltr'><strong>legeretur,</strong></span> 
     </span>
    </p>
   </div>
   <div class='ocr_carea' id='block_1_52' title="bbox 1892 2244 3479 2304">
    <p class='ocr_par' dir='ltr' id='par_1_52' title="bbox 1892 2244 3479 2304">
     <span class='ocr_line' id='line_1_52' title="bbox 1892 2244 3479 2304; baseline 0.003 -4"><span class='ocrx_word' id='word_1_375' title='bbox 1892 2244 2229 2300; x_wconf 77' lang='lat' dir='ltr'><strong>Marcellinus</strong></span> <span class='ocrx_word' id='word_1_376' title='bbox 2267 2248 2347 2300; x_wconf 81' lang='lat' dir='ltr'><strong>vir</strong></span> <span class='ocrx_word' id='word_1_377' title='bbox 2381 2247 2698 2302; x_wconf 85' lang='lat' dir='ltr'><strong>clarissimus</strong></span> <span class='ocrx_word' id='word_1_378' title='bbox 2736 2247 2971 2302; x_wconf 86' lang='lat' dir='ltr'><strong>tribunus</strong></span> <span class='ocrx_word' id='word_1_379' title='bbox 2997 2259 3045 2302; x_wconf 93' lang='lat' dir='ltr'><strong>et</strong></span> <span class='ocrx_word' id='word_1_380' title='bbox 3071 2249 3304 2304; x_wconf 87' lang='lat' dir='ltr'><strong>notarius</strong></span> <span class='ocrx_word' id='word_1_381' title='bbox 3329 2250 3479 2304; x_wconf 82' lang='lat' dir='ltr'><strong>dixit.</strong></span> 
     </span>
    </p>
   </div>
   <div class='ocr_carea' id='block_1_53' title="bbox 1890 2337 3474 2412">
    <p class='ocr_par' dir='ltr' id='par_1_53' title="bbox 1890 2337 3474 2412">
     <span class='ocr_line' id='line_1_53' title="bbox 1890 2337 3474 2412; baseline 0.002 -19"><span class='ocrx_word' id='word_1_382' title='bbox 1890 2337 2031 2393; x_wconf 84' lang='lat' dir='ltr'><strong>Nihil</strong></span> <span class='ocrx_word' id='word_1_383' title='bbox 2063 2339 2194 2396; x_wconf 87' lang='lat' dir='ltr'><strong>mihi</strong></span> <span class='ocrx_word' id='word_1_384' title='bbox 2222 2339 2434 2395; x_wconf 86' lang='lat' dir='ltr'><strong>videtur</strong></span> <span class='ocrx_word' id='word_1_385' title='bbox 2457 2339 2688 2412; x_wconf 87' lang='lat' dir='ltr'><strong>amplius</strong></span> <span class='ocrx_word' id='word_1_386' title='bbox 2714 2341 2782 2395; x_wconf 91' lang='lat' dir='ltr'><strong>de</strong></span> <span class='ocrx_word' id='word_1_387' title='bbox 2805 2340 2904 2396; x_wconf 87' lang='lat' dir='ltr'><strong>hac</strong></span> <span class='ocrx_word' id='word_1_388' title='bbox 2929 2351 3083 2412; x_wconf 89' lang='lat' dir='ltr'><strong>parte</strong></span> <span class='ocrx_word' id='word_1_389' title='bbox 3103 2342 3474 2412; x_wconf 69' lang='lat' dir='ltr'><strong>quaerendum,</strong></span> 
     </span>
    </p>
   </div>
   <div class='ocr_carea' id='block_1_54' title="bbox 1890 2431 3479 2504">
    <p class='ocr_par' dir='ltr' id='par_1_54' title="bbox 1890 2431 3479 2504">
     <span class='ocr_line' id='line_1_54' title="bbox 1890 2431 3479 2504; baseline 0.004 -19"><span class='ocrx_word' id='word_1_390' title='bbox 1890 2431 1991 2486; x_wconf 82' lang='lat' dir='ltr'><strong>nisi</strong></span> <span class='ocrx_word' id='word_1_391' title='bbox 2023 2439 2080 2486; x_wconf 89' lang='lat' dir='ltr'><strong>ut</strong></span> <span class='ocrx_word' id='word_1_392' title='bbox 2126 2432 2227 2487; x_wconf 90' lang='lat' dir='ltr'><strong>sub</strong></span> <span class='ocrx_word' id='word_1_393' title='bbox 2270 2431 2645 2487; x_wconf 88' lang='lat' dir='ltr'><strong>testiﬁcatione</strong></span> <span class='ocrx_word' id='word_1_394' title='bbox 2672 2432 2851 2488; x_wconf 90' lang='lat' dir='ltr'><strong>divina</strong></span> <span class='ocrx_word' id='word_1_395' title='bbox 2882 2442 3057 2488; x_wconf 85' lang='lat' dir='ltr'><strong>utrum</strong></span> <span class='ocrx_word' id='word_1_396' title='bbox 3102 2432 3191 2491; x_wconf 89' lang='lat' dir='ltr'><strong>hic</strong></span> <span class='ocrx_word' id='word_1_397' title='bbox 3236 2450 3479 2504; x_wconf 72' lang='lat' dir='ltr'><strong>prxsens</strong></span> 
     </span>
    </p>
   </div>
   <div class='ocr_carea' id='block_1_55' title="bbox 1891 2523 3478 2597">
    <p class='ocr_par' dir='ltr' id='par_1_55' title="bbox 1891 2523 3478 2597">
     <span class='ocr_line' id='line_1_55' title="bbox 1891 2523 3478 2597; baseline 0.004 -19"><span class='ocrx_word' id='word_1_398' title='bbox 1891 2523 2054 2581; x_wconf 90' lang='lat' dir='ltr'><strong>fuerit</strong></span> <span class='ocrx_word' id='word_1_399' title='bbox 2082 2525 2149 2582; x_wconf 92' lang='lat' dir='ltr'><strong>de</strong></span> <span class='ocrx_word' id='word_1_400' title='bbox 2188 2542 2292 2597; x_wconf 88' lang='lat' dir='ltr'><strong>quo</strong></span> <span class='ocrx_word' id='word_1_401' title='bbox 2322 2527 2516 2597; x_wconf 88' lang='lat' dir='ltr'><strong>agitur,</strong></span> <span class='ocrx_word' id='word_1_402' title='bbox 2560 2526 2793 2597; x_wconf 88' lang='lat' dir='ltr'><strong>simplici</strong></span> <span class='ocrx_word' id='word_1_403' title='bbox 2824 2524 3162 2597; x_wconf 81' lang='lat' dir='ltr'><strong>professione</strong></span> <span class='ocrx_word' id='word_1_404' title='bbox 3192 2527 3478 2597; x_wconf 88' lang='lat' dir='ltr'><strong>pandatur.</strong></span> 
     </span>
    </p>
   </div>
   <div class='ocr_carea' id='block_1_56' title="bbox 1891 2616 3481 2691">
    <p class='ocr_par' dir='ltr' id='par_1_56' title="bbox 1891 2616 3481 2691">
     <span class='ocr_line' id='line_1_56' title="bbox 1891 2616 3481 2691; baseline 0.003 -20"><span class='ocrx_word' id='word_1_405' title='bbox 1891 2616 2151 2673; x_wconf 87' lang='lat' dir='ltr'><strong>Emeritus</strong></span> <span class='ocrx_word' id='word_1_406' title='bbox 2176 2618 2446 2691; x_wconf 86' lang='lat' dir='ltr'><strong>episcopus</strong></span> <span class='ocrx_word' id='word_1_407' title='bbox 2480 2618 2631 2673; x_wconf 81' lang='lat' dir='ltr'><strong>dixit.</strong></span> <span class='ocrx_word' id='word_1_408' title='bbox 2657 2617 2797 2686; x_wconf 88' lang='lat' dir='ltr'><strong>Quid</strong></span> <span class='ocrx_word' id='word_1_409' title='bbox 2835 2618 2880 2674; x_wconf 90' lang='lat' dir='ltr'><strong>si</strong></span> <span class='ocrx_word' id='word_1_410' title='bbox 2910 2632 2969 2674; x_wconf 88' lang='lat' dir='ltr'><strong>se</strong></span> <span class='ocrx_word' id='word_1_411' title='bbox 2995 2618 3132 2674; x_wconf 88' lang='lat' dir='ltr'><strong>alius</strong></span> <span class='ocrx_word' id='word_1_412' title='bbox 3163 2634 3258 2689; x_wconf 93' lang='lat' dir='ltr'><strong>pro</strong></span> <span class='ocrx_word' id='word_1_413' title='bbox 3290 2619 3481 2675; x_wconf 90' lang='lat' dir='ltr'><strong>eodem</strong></span> 
     </span>
    </p>
   </div>
   <div class='ocr_carea' id='block_1_57' title="bbox 1891 2700 3486 2797">
    <p class='ocr_par' dir='ltr' id='par_1_57' title="bbox 1891 2700 3486 2797">
     <span class='ocr_line' id='line_1_57' title="bbox 1891 2700 3486 2797; baseline 0.003 -33"><span class='ocrx_word' id='word_1_414' title='bbox 1891 2700 2174 2781; x_wconf 81' lang='lat' dir='ltr'><strong>apposuit?</strong></span> <span class='ocrx_word' id='word_1_415' title='bbox 2224 2710 2293 2765; x_wconf 88' lang='lat' dir='ltr'><strong>Et</strong></span> <span class='ocrx_word' id='word_1_416' title='bbox 2320 2711 2426 2797; x_wconf 77' lang='lat' dir='ltr'><strong>alia</strong></span> <span class='ocrx_word' id='word_1_417' title='bbox 2473 2727 2649 2791; x_wconf 85' lang='lat' dir='ltr'><strong>manu.</strong></span> <span class='ocrx_word' id='word_1_418' title='bbox 2692 2710 2964 2767; x_wconf 87' lang='lat' dir='ltr'><strong>Emeritus</strong></span> <span class='ocrx_word' id='word_1_419' title='bbox 3007 2710 3292 2784; x_wconf 87' lang='lat' dir='ltr'><strong>episcopus</strong></span> <span class='ocrx_word' id='word_1_420' title='bbox 3330 2727 3486 2769; x_wconf 81' lang='lat' dir='ltr'><strong>reco-</strong></span> 
     </span>
    </p>
   </div>
   <div class='ocr_carea' id='block_1_58' title="bbox 1843 2806 2072 2876">
    <p class='ocr_par' dir='ltr' id='par_1_58' title="bbox 1843 2806 2072 2876">
     <span class='ocr_line' id='line_1_58' title="bbox 1843 2806 2072 2876; baseline 0 -18"><span class='ocrx_word' id='word_1_421' title='bbox 1843 2809 1851 2815; x_wconf 82' lang='lat'><strong>&#39;</strong></span> <span class='ocrx_word' id='word_1_422' title='bbox 1892 2806 2072 2876; x_wconf 69' lang='lat' dir='ltr'><strong>gnovL</strong></span> 
     </span>
    </p>
   </div>
   <div class='ocr_carea' id='block_1_59' title="bbox 1966 2893 3486 2964">
    <p class='ocr_par' dir='ltr' id='par_1_59' title="bbox 1966 2893 3486 2964">
     <span class='ocr_line' id='line_1_59' title="bbox 1966 2893 3486 2964; baseline 0.002 -15"><span class='ocrx_word' id='word_1_423' title='bbox 1966 2893 2300 2964; x_wconf 79' lang='lat' dir='ltr'><strong>Marcellinus</strong></span> <span class='ocrx_word' id='word_1_424' title='bbox 2321 2896 2397 2951; x_wconf 87' lang='lat' dir='ltr'><strong>vir</strong></span> <span class='ocrx_word' id='word_1_425' title='bbox 2419 2896 2738 2951; x_wconf 85' lang='lat' dir='ltr'><strong>clarissimus</strong></span> <span class='ocrx_word' id='word_1_426' title='bbox 2760 2895 2994 2951; x_wconf 85' lang='lat' dir='ltr'><strong>tribunus</strong></span> <span class='ocrx_word' id='word_1_427' title='bbox 3018 2904 3065 2951; x_wconf 90' lang='lat' dir='ltr'><strong>et</strong></span> <span class='ocrx_word' id='word_1_428' title='bbox 3084 2895 3314 2951; x_wconf 75' lang='lat' dir='ltr'><strong>notarius</strong></span> <span class='ocrx_word' id='word_1_429' title='bbox 3331 2896 3486 2952; x_wconf 88' lang='lat' dir='ltr'><strong>dixit.</strong></span> 
     </span>
    </p>
   </div>
   <div class='ocr_carea' id='block_1_60' title="bbox 1895 2986 3489 3061">
    <p class='ocr_par' dir='ltr' id='par_1_60' title="bbox 1895 2986 3489 3061">
     <span class='ocr_line' id='line_1_60' title="bbox 1895 2986 3489 3061; baseline 0.004 -21"><span class='ocrx_word' id='word_1_430' title='bbox 1895 2986 1971 3041; x_wconf 88' lang='lat' dir='ltr'><strong>De</strong></span> <span class='ocrx_word' id='word_1_431' title='bbox 2005 2986 2106 3043; x_wconf 89' lang='lat' dir='ltr'><strong>boc</strong></span> <span class='ocrx_word' id='word_1_432' title='bbox 2131 2988 2219 3043; x_wconf 90' lang='lat' dir='ltr'><strong>Dei</strong></span> <span class='ocrx_word' id='word_1_433' title='bbox 2248 2988 2351 3044; x_wconf 90' lang='lat' dir='ltr'><strong>erit</strong></span> <span class='ocrx_word' id='word_1_434' title='bbox 2376 2989 2537 3044; x_wconf 90' lang='lat' dir='ltr'><strong>etiam</strong></span> <span class='ocrx_word' id='word_1_435' title='bbox 2565 2990 2684 3045; x_wconf 90' lang='lat' dir='ltr'><strong>sine</strong></span> <span class='ocrx_word' id='word_1_436' title='bbox 2713 2991 3042 3046; x_wconf 87' lang='lat' dir='ltr'><strong>sacramenti</strong></span> <span class='ocrx_word' id='word_1_437' title='bbox 3072 2989 3489 3061; x_wconf 87' lang='lat' dir='ltr'><strong>interpositione</strong></span> 
     </span>
    </p>
   </div>
   <div class='ocr_carea' id='block_1_61' title="bbox 1894 3075 3488 3153">
    <p class='ocr_par' dir='ltr' id='par_1_61' title="bbox 1894 3075 3488 3153">
     <span class='ocr_line' id='line_1_61' title="bbox 1894 3075 3488 3153; baseline 0.001 -16"><span class='ocrx_word' id='word_1_438' title='bbox 1894 3082 2038 3138; x_wconf 85' lang='lat' dir='ltr'><strong>circa</strong></span> <span class='ocrx_word' id='word_1_439' title='bbox 2069 3075 2349 3148; x_wconf 88' lang='lat' dir='ltr'><strong>fallentes,</strong></span> <span class='ocrx_word' id='word_1_440' title='bbox 2391 3080 2540 3137; x_wconf 90' lang='lat' dir='ltr'><strong>omni</strong></span> <span class='ocrx_word' id='word_1_441' title='bbox 2571 3096 2636 3138; x_wconf 83' lang='lat' dir='ltr'><strong>ex</strong></span> <span class='ocrx_word' id='word_1_442' title='bbox 2671 3092 2825 3153; x_wconf 88' lang='lat' dir='ltr'><strong>parte</strong></span> <span class='ocrx_word' id='word_1_443' title='bbox 2847 3082 3133 3151; x_wconf 88' lang='lat' dir='ltr'><strong>judicium.</strong></span> <span class='ocrx_word' id='word_1_444' title='bbox 3163 3082 3321 3140; x_wconf 90' lang='lat' dir='ltr'><strong>Unde</strong></span> <span class='ocrx_word' id='word_1_445' title='bbox 3357 3083 3488 3140; x_wconf 88' lang='lat' dir='ltr'><strong>reli-</strong></span> 
     </span>
    </p>
   </div>
   <div class='ocr_carea' id='block_1_62' title="bbox 194 3164 3567 3246">
    <p class='ocr_par' dir='ltr' id='par_1_62' title="bbox 194 3164 3567 3246">
     <span class='ocr_line' id='line_1_62' title="bbox 194 3164 3567 3246; baseline 0.001 -19"><span class='ocrx_word' id='word_1_446' title='bbox 194 3171 517 3227; x_wconf 86' lang='lat' dir='ltr'><strong>clarissimus</strong></span> <span class='ocrx_word' id='word_1_447' title='bbox 568 3171 804 3228; x_wconf 83' lang='lat' dir='ltr'><strong>tribunus</strong></span> <span class='ocrx_word' id='word_1_448' title='bbox 833 3181 879 3227; x_wconf 91' lang='lat' dir='ltr'><strong>et</strong></span> <span class='ocrx_word' id='word_1_449' title='bbox 924 3174 1154 3228; x_wconf 83' lang='lat' dir='ltr'><strong>notarius</strong></span> <span class='ocrx_word' id='word_1_450' title='bbox 1194 3172 1344 3228; x_wconf 84' lang='lat' dir='ltr'><strong>dixit.</strong></span> <span class='ocrx_word' id='word_1_451' title='bbox 1380 3174 1611 3228; x_wconf 80' lang='lat' dir='ltr'><strong>Mandati</strong></span> <span class='ocrx_word' id='word_1_452' title='bbox 1648 3174 1789 3230; x_wconf 88' lang='lat' dir='ltr'><strong>diem</strong></span> <span class='ocrx_word' id='word_1_453' title='bbox 1816 3164 1861 3227; x_wconf 89' lang='lat' dir='ltr'><strong>C</strong></span> <span class='ocrx_word' id='word_1_454' title='bbox 1889 3184 1999 3244; x_wconf 74' lang='lat' dir='ltr'><strong>‘qna</strong></span> <span class='ocrx_word' id='word_1_455' title='bbox 2041 3173 2493 3230; x_wconf 87' lang='lat' dir='ltr'><strong>subscribeutium</strong></span> <span class='ocrx_word' id='word_1_456' title='bbox 2527 3174 2745 3229; x_wconf 88' lang='lat' dir='ltr'><strong>nomina</strong></span> <span class='ocrx_word' id='word_1_457' title='bbox 2788 3175 3118 3246; x_wconf 79' lang='lat' dir='ltr'><strong>relegantur.</strong></span> <span class='ocrx_word' id='word_1_458' title='bbox 3146 3174 3212 3231; x_wconf 82' lang='lat' dir='ltr'><strong>Et</strong></span> <span class='ocrx_word' id='word_1_459' title='bbox 3232 3178 3485 3233; x_wconf 87' lang='lat' dir='ltr'><strong>recitavit.</strong></span> <span class='ocrx_word' id='word_1_460' title='bbox 3564 3198 3567 3199; x_wconf 48' lang='grc' dir='ltr'><em>ν</em></span> 
     </span>
    </p>
   </div>
   <div class='ocr_carea' id='block_1_63' title="bbox 195 3263 1790 3336">
    <p class='ocr_par' dir='ltr' id='par_1_63' title="bbox 195 3263 1790 3336">
     <span class='ocr_line' id='line_1_63' title="bbox 195 3263 1790 3336; baseline 0.002 -17"><span class='ocrx_word' id='word_1_461' title='bbox 195 3263 399 3336; x_wconf 83' lang='lat' dir='ltr'><strong>pandat</strong></span> <span class='ocrx_word' id='word_1_462' title='bbox 422 3264 679 3321; x_wconf 88' lang='lat' dir='ltr'><strong>ofﬁcium.</strong></span> <span class='ocrx_word' id='word_1_463' title='bbox 706 3264 1019 3336; x_wconf 79' lang='lat' dir='ltr'><strong>Ruﬁnianus</strong></span> <span class='ocrx_word' id='word_1_464' title='bbox 1039 3265 1205 3319; x_wconf 86' lang='lat' dir='ltr'><strong>scriba</strong></span> <span class='ocrx_word' id='word_1_465' title='bbox 1235 3265 1385 3320; x_wconf 86' lang='lat' dir='ltr'><strong>dixit.</strong></span> <span class='ocrx_word' id='word_1_466' title='bbox 1407 3264 1663 3322; x_wconf 80' lang='lat' dir='ltr'><strong>Recitabo</strong></span> <span class='ocrx_word' id='word_1_467' title='bbox 1685 3266 1790 3322; x_wconf 91' lang='lat' dir='ltr'><strong>sic-</strong></span> 
     </span>
    </p>
   </div>
   <div class='ocr_carea' id='block_1_64' title="bbox 196 3356 1790 3437">
    <p class='ocr_par' dir='ltr' id='par_1_64' title="bbox 196 3356 1790 3437">
     <span class='ocr_line' id='line_1_64' title="bbox 196 3356 1790 3437; baseline 0.001 -26"><span class='ocrx_word' id='word_1_468' title='bbox 196 3366 256 3412; x_wconf 90' lang='lat' dir='ltr'><strong>ut</strong></span> <span class='ocrx_word' id='word_1_469' title='bbox 284 3356 541 3427; x_wconf 70' lang='lat' dir='ltr'><strong>praecepit</strong></span> <span class='ocrx_word' id='word_1_470' title='bbox 573 3356 878 3413; x_wconf 78' lang='lat' dir='ltr'><strong>sublimitas</strong></span> <span class='ocrx_word' id='word_1_471' title='bbox 909 3368 997 3437; x_wconf 86' lang='lat' dir='ltr'><strong>tua</strong></span> <span class='ocrx_word' id='word_1_472' title='bbox 1025 3356 1169 3413; x_wconf 90' lang='lat' dir='ltr'><strong>diem</strong></span> <span class='ocrx_word' id='word_1_473' title='bbox 1216 3358 1476 3412; x_wconf 83' lang='lat' dir='ltr'><strong>mandati.</strong></span> <span class='ocrx_word' id='word_1_474' title='bbox 1510 3356 1579 3412; x_wconf 89' lang='lat' dir='ltr'><strong>Et</strong></span> <span class='ocrx_word' id='word_1_475' title='bbox 1608 3360 1790 3413; x_wconf 86' lang='lat' dir='ltr'><strong>recita-</strong></span> 
     </span>
    </p>
   </div>
   <div class='ocr_carea' id='block_1_65' title="bbox 194 3449 1791 3508">
    <p class='ocr_par' dir='ltr' id='par_1_65' title="bbox 194 3449 1791 3508">
     <span class='ocr_line' id='line_1_65' title="bbox 194 3449 1791 3508; baseline 0.002 -4"><span class='ocrx_word' id='word_1_476' title='bbox 194 3450 286 3504; x_wconf 80' lang='lat' dir='ltr'><strong>vit.</strong></span> <span class='ocrx_word' id='word_1_477' title='bbox 323 3449 453 3504; x_wconf 87' lang='lat' dir='ltr'><strong>Post</strong></span> <span class='ocrx_word' id='word_1_478' title='bbox 490 3449 827 3505; x_wconf 89' lang='lat' dir='ltr'><strong>consulatum</strong></span> <span class='ocrx_word' id='word_1_479' title='bbox 864 3449 1090 3506; x_wconf 83' lang='lat' dir='ltr'><strong>Varanis</strong></span> <span class='ocrx_word' id='word_1_480' title='bbox 1128 3450 1227 3505; x_wconf 91' lang='lat' dir='ltr'><strong>viri</strong></span> <span class='ocrx_word' id='word_1_481' title='bbox 1275 3451 1560 3507; x_wconf 88' lang='lat' dir='ltr'><strong>clarissimi</strong></span> <span class='ocrx_word' id='word_1_482' title='bbox 1599 3463 1791 3508; x_wconf 87' lang='lat' dir='ltr'><strong>oetavo</strong></span> 
     </span>
    </p>
   </div>
   <div class='ocr_carea' id='block_1_66' title="bbox 192 3540 1791 3615">
    <p class='ocr_par' dir='ltr' id='par_1_66' title="bbox 192 3540 1791 3615">
     <span class='ocr_line' id='line_1_66' title="bbox 192 3540 1791 3615; baseline 0.001 -18"><span class='ocrx_word' id='word_1_483' title='bbox 192 3540 461 3597; x_wconf 79' lang='lat' dir='ltr'><strong>kalendas</strong></span> <span class='ocrx_word' id='word_1_484' title='bbox 485 3540 672 3597; x_wconf 83' lang='lat' dir='ltr'><strong>Juuias</strong></span> <span class='ocrx_word' id='word_1_485' title='bbox 701 3542 1042 3615; x_wconf 86' lang='lat' dir='ltr'><strong>Carthagine.</strong></span> <span class='ocrx_word' id='word_1_486' title='bbox 1093 3542 1161 3598; x_wconf 88' lang='lat' dir='ltr'><strong>Et</strong></span> <span class='ocrx_word' id='word_1_487' title='bbox 1189 3560 1302 3598; x_wconf 88' lang='lat' dir='ltr'><strong>cum</strong></span> <span class='ocrx_word' id='word_1_488' title='bbox 1343 3540 1601 3612; x_wconf 67' lang='lat' dir='ltr'><strong>recitaret,</strong></span> <span class='ocrx_word' id='word_1_489' title='bbox 1646 3543 1791 3598; x_wconf 77' lang='lat' dir='ltr'><strong>Mar-</strong></span> 
     </span>
    </p>
   </div>
   <div class='ocr_carea' id='block_1_67' title="bbox 196 3620 1792 3692">
    <p class='ocr_par' dir='ltr' id='par_1_67' title="bbox 196 3620 1792 3692">
     <span class='ocr_line' id='line_1_67' title="bbox 196 3620 1792 3692; baseline 0.003 -5"><span class='ocrx_word' id='word_1_490' title='bbox 196 3633 415 3690; x_wconf 85' lang='lat' dir='ltr'><strong>cellinus</strong></span> <span class='ocrx_word' id='word_1_491' title='bbox 450 3633 528 3687; x_wconf 88' lang='lat' dir='ltr'><strong>vir</strong></span> <span class='ocrx_word' id='word_1_492' title='bbox 555 3634 872 3689; x_wconf 82' lang='lat' dir='ltr'><strong>clarissimus</strong></span> <span class='ocrx_word' id='word_1_493' title='bbox 900 3634 1136 3689; x_wconf 89' lang='lat' dir='ltr'><strong>tribunus</strong></span> <span class='ocrx_word' id='word_1_494' title='bbox 1159 3646 1206 3690; x_wconf 94' lang='lat' dir='ltr'><strong>et</strong></span> <span class='ocrx_word' id='word_1_495' title='bbox 1233 3620 1462 3691; x_wconf 82' lang='lat' dir='ltr'><strong>notarius</strong></span> <span class='ocrx_word' id='word_1_496' title='bbox 1489 3637 1637 3691; x_wconf 80' lang='lat' dir='ltr'><strong>dixit.</strong></span> <span class='ocrx_word' id='word_1_497' title='bbox 1675 3634 1792 3692; x_wconf 71' lang='lat' dir='ltr'><strong>Cre—</strong></span> 
     </span>
    </p>
   </div>
   <div class='ocr_carea' id='block_1_68' title="bbox 197 3727 1791 3798">
    <p class='ocr_par' dir='ltr' id='par_1_68' title="bbox 197 3727 1791 3798">
     <span class='ocr_line' id='line_1_68' title="bbox 197 3727 1791 3798; baseline 0 -15"><span class='ocrx_word' id='word_1_498' title='bbox 197 3734 318 3783; x_wconf 79' lang='lat' dir='ltr'><strong>tera</strong></span> <span class='ocrx_word' id='word_1_499' title='bbox 359 3727 721 3797; x_wconf 83' lang='lat' dir='ltr'><strong>perlegantur.</strong></span> <span class='ocrx_word' id='word_1_500' title='bbox 751 3727 1060 3798; x_wconf 79' lang='lat' dir='ltr'><strong>Ruﬁnianus</strong></span> <span class='ocrx_word' id='word_1_501' title='bbox 1101 3730 1266 3783; x_wconf 85' lang='lat' dir='ltr'><strong>scriba</strong></span> <span class='ocrx_word' id='word_1_502' title='bbox 1304 3731 1551 3783; x_wconf 84' lang='lat' dir='ltr'><strong>recitavit.</strong></span> <span class='ocrx_word' id='word_1_503' title='bbox 1594 3729 1791 3785; x_wconf 85' lang='lat' dir='ltr'><strong>Janua-</strong></span> 
     </span>
    </p>
   </div>
   <div class='ocr_carea' id='block_1_69' title="bbox 193 3818 1792 3891">
    <p class='ocr_par' dir='ltr' id='par_1_69' title="bbox 193 3818 1792 3891">
     <span class='ocr_line' id='line_1_69' title="bbox 193 3818 1792 3891; baseline 0.001 -17"><span class='ocrx_word' id='word_1_504' title='bbox 193 3818 409 3882; x_wconf 85' lang='lat' dir='ltr'><strong>riauus,</strong></span> <span class='ocrx_word' id='word_1_505' title='bbox 439 3818 760 3886; x_wconf 88' lang='lat' dir='ltr'><strong>Primianus,</strong></span> <span class='ocrx_word' id='word_1_506' title='bbox 811 3818 985 3884; x_wconf 83' lang='lat' dir='ltr'><strong>Felix,</strong></span> <span class='ocrx_word' id='word_1_507' title='bbox 1017 3820 1276 3885; x_wconf 89' lang='lat' dir='ltr'><strong>Donatus,</strong></span> <span class='ocrx_word' id='word_1_508' title='bbox 1316 3820 1636 3887; x_wconf 87' lang='lat' dir='ltr'><strong>Candorius,</strong></span> <span class='ocrx_word' id='word_1_509' title='bbox 1684 3820 1792 3891; x_wconf 77' lang='lat' dir='ltr'><strong>Op-</strong></span> 
     </span>
    </p>
   </div>
   <div class='ocr_carea' id='block_1_70' title="bbox 197 3910 1786 3977">
    <p class='ocr_par' dir='ltr' id='par_1_70' title="bbox 197 3910 1786 3977">
     <span class='ocr_line' id='line_1_70' title="bbox 197 3910 1786 3977; baseline 0 -12"><span class='ocrx_word' id='word_1_510' title='bbox 197 3918 365 3977; x_wconf 85' lang='lat' dir='ltr'><strong>tatus,</strong></span> <span class='ocrx_word' id='word_1_511' title='bbox 402 3911 749 3977; x_wconf 88' lang='lat' dir='ltr'><strong>Donalianus,</strong></span> <span class='ocrx_word' id='word_1_512' title='bbox 792 3911 1145 3975; x_wconf 82' lang='lat' dir='ltr'><strong>Antonianos,</strong></span> <span class='ocrx_word' id='word_1_513' title='bbox 1199 3910 1555 3973; x_wconf 85' lang='lat' dir='ltr'><strong>Victorianus,</strong></span> <span class='ocrx_word' id='word_1_514' title='bbox 1587 3910 1786 3976; x_wconf 91' lang='lat' dir='ltr'><strong>Fortis,</strong></span> 
     </span>
    </p>
   </div>
   <div class='ocr_carea' id='block_1_71' title="bbox 196 4000 1787 4068">
    <p class='ocr_par' dir='ltr' id='par_1_71' title="bbox 196 4000 1787 4068">
     <span class='ocr_line' id='line_1_71' title="bbox 196 4000 1787 4068; baseline -0.003 -9"><span class='ocrx_word' id='word_1_515' title='bbox 196 4012 255 4059; x_wconf 89' lang='lat' dir='ltr'><strong>et</strong></span> <span class='ocrx_word' id='word_1_516' title='bbox 298 4002 517 4066; x_wconf 68' lang='lat' dir='ltr'><strong>exteri;</strong></span> <span class='ocrx_word' id='word_1_517' title='bbox 565 4001 856 4068; x_wconf 87' lang='lat' dir='ltr'><strong>Primiano,</strong></span> <span class='ocrx_word' id='word_1_518' title='bbox 888 4000 1169 4066; x_wconf 90' lang='lat' dir='ltr'><strong>Petiliano,</strong></span> <span class='ocrx_word' id='word_1_519' title='bbox 1216 4000 1478 4068; x_wconf 79' lang='lat' dir='ltr'><strong>Emerita,</strong></span> <span class='ocrx_word' id='word_1_520' title='bbox 1526 4000 1787 4067; x_wconf 83' lang='lat' dir='ltr'><strong>Protasio,</strong></span> 
     </span>
    </p>
   </div>
   <div class='ocr_carea' id='block_1_72' title="bbox 195 4093 1789 4163">
    <p class='ocr_par' dir='ltr' id='par_1_72' title="bbox 195 4093 1789 4163">
     <span class='ocr_line' id='line_1_72' title="bbox 195 4093 1789 4163; baseline -0.003 -12"><span class='ocrx_word' id='word_1_521' title='bbox 195 4094 474 4161; x_wconf 83' lang='lat' dir='ltr'><strong>Montano,</strong></span> <span class='ocrx_word' id='word_1_522' title='bbox 506 4093 825 4161; x_wconf 87' lang='lat' dir='ltr'><strong>Gaudentio,</strong></span> <span class='ocrx_word' id='word_1_523' title='bbox 874 4093 1173 4159; x_wconf 85' lang='lat' dir='ltr'><strong>Adeodato,</strong></span> <span class='ocrx_word' id='word_1_524' title='bbox 1202 4094 1537 4163; x_wconf 75' lang='lat' dir='ltr'><strong>coepiscopis</strong></span> <span class='ocrx_word' id='word_1_525' title='bbox 1588 4095 1789 4148; x_wconf 90' lang='lat' dir='ltr'><strong>nostris</strong></span> 
     </span>
    </p>
   </div>
   <div class='ocr_carea' id='block_1_73' title="bbox 198 4182 1791 4258">
    <p class='ocr_par' dir='ltr' id='par_1_73' title="bbox 198 4182 1791 4258">
     <span class='ocr_line' id='line_1_73' title="bbox 198 4182 1791 4258; baseline -0.002 -18"><span class='ocrx_word' id='word_1_526' title='bbox 198 4195 495 4258; x_wconf 69' lang='lat' dir='ltr'><strong>prmsentes</strong></span> <span class='ocrx_word' id='word_1_527' title='bbox 517 4185 873 4256; x_wconf 78' lang='lat' dir='ltr'><strong>prxsentibus</strong></span> <span class='ocrx_word' id='word_1_528' title='bbox 899 4185 1149 4240; x_wconf 87' lang='lat' dir='ltr'><strong>salutem.</strong></span> <span class='ocrx_word' id='word_1_529' title='bbox 1180 4182 1244 4237; x_wconf 89' lang='lat' dir='ltr'><strong>Et</strong></span> <span class='ocrx_word' id='word_1_530' title='bbox 1267 4201 1381 4237; x_wconf 90' lang='lat' dir='ltr'><strong>cum</strong></span> <span class='ocrx_word' id='word_1_531' title='bbox 1398 4183 1656 4250; x_wconf 84' lang='lat' dir='ltr'><strong>recitaret,</strong></span> <span class='ocrx_word' id='word_1_532' title='bbox 1682 4184 1791 4237; x_wconf 87' lang='lat' dir='ltr'><strong>Au-</strong></span> 
     </span>
    </p>
   </div>
   <div class='ocr_carea' id='block_1_74' title="bbox 197 4274 1787 4349">
    <p class='ocr_par' dir='ltr' id='par_1_74' title="bbox 197 4274 1787 4349">
     <span class='ocr_line' id='line_1_74' title="bbox 197 4274 1787 4349; baseline -0.003 -17"><span class='ocrx_word' id='word_1_533' title='bbox 197 4279 359 4333; x_wconf 85' lang='lat' dir='ltr'><strong>relius</strong></span> <span class='ocrx_word' id='word_1_534' title='bbox 393 4278 656 4349; x_wconf 76' lang='lat' dir='ltr'><strong>episcomts</strong></span> <span class='ocrx_word' id='word_1_535' title='bbox 689 4276 931 4331; x_wconf 67' lang='lat' dir='ltr'><strong>Ecclesia!</strong></span> <span class='ocrx_word' id='word_1_536' title='bbox 958 4274 1223 4331; x_wconf 77' lang='lat' dir='ltr'><strong>catholica:</strong></span> <span class='ocrx_word' id='word_1_537' title='bbox 1267 4275 1414 4328; x_wconf 89' lang='lat' dir='ltr'><strong>dixit.</strong></span> <span class='ocrx_word' id='word_1_538' title='bbox 1466 4274 1787 4329; x_wconf 72' lang='lat' dir='ltr'><strong>Iamdudum</strong></span> 
     </span>
    </p>
   </div>
   <div class='ocr_carea' id='block_1_75' title="bbox 196 4366 1789 4442">
    <p class='ocr_par' dir='ltr' id='par_1_75' title="bbox 196 4366 1789 4442">
     <span class='ocr_line' id='line_1_75' title="bbox 196 4366 1789 4442; baseline -0.004 -15"><span class='ocrx_word' id='word_1_539' title='bbox 196 4370 318 4442; x_wconf 86' lang='lat' dir='ltr'><strong>ipse</strong></span> <span class='ocrx_word' id='word_1_540' title='bbox 369 4368 704 4439; x_wconf 84' lang='lat' dir='ltr'><strong>subscripsit.</strong></span> <span class='ocrx_word' id='word_1_541' title='bbox 763 4367 920 4425; x_wconf 87' lang='lat' dir='ltr'><strong>Modo</strong></span> <span class='ocrx_word' id='word_1_542' title='bbox 965 4368 1100 4423; x_wconf 80' lang='lat' dir='ltr'><strong>dixit</strong></span> <span class='ocrx_word' id='word_1_543' title='bbox 1153 4366 1393 4435; x_wconf 75' lang='lat' dir='ltr'><strong>Clericus</strong></span> <span class='ocrx_word' id='word_1_544' title='bbox 1449 4367 1789 4437; x_wconf 87' lang='lat' dir='ltr'><strong>subscripsit,</strong></span> 
     </span>
    </p>
   </div>
   <div class='ocr_carea' id='block_1_76' title="bbox 197 4458 1791 4530">
    <p class='ocr_par' dir='ltr' id='par_1_76' title="bbox 197 4458 1791 4530">
     <span class='ocr_line' id='line_1_76' title="bbox 197 4458 1791 4530; baseline -0.001 -14"><span class='ocrx_word' id='word_1_545' title='bbox 197 4460 366 4516; x_wconf 83' lang='lat' dir='ltr'><strong>modo</strong></span> <span class='ocrx_word' id='word_1_546' title='bbox 404 4461 710 4530; x_wconf 86' lang='lat' dir='ltr'><strong>episcopus.</strong></span> <span class='ocrx_word' id='word_1_547' title='bbox 756 4458 965 4515; x_wconf 84' lang='lat' dir='ltr'><strong>Etcum</strong></span> <span class='ocrx_word' id='word_1_548' title='bbox 994 4459 1199 4525; x_wconf 85' lang='lat' dir='ltr'><strong>diceret,</strong></span> <span class='ocrx_word' id='word_1_549' title='bbox 1244 4458 1313 4529; x_wconf 90' lang='lat' dir='ltr'><strong>(et</strong></span> <span class='ocrx_word' id='word_1_550' title='bbox 1343 4458 1447 4512; x_wconf 90' lang='lat' dir='ltr'><strong>alia</strong></span> <span class='ocrx_word' id='word_1_551' title='bbox 1475 4475 1652 4513; x_wconf 85' lang='lat' dir='ltr'><strong>manu.</strong></span> <span class='ocrx_word' id='word_1_552' title='bbox 1686 4458 1791 4514; x_wconf 82' lang='lat' dir='ltr'><strong>Re-</strong></span> 
     </span>
    </p>
   </div>
   <div class='ocr_carea' id='block_1_77' title="bbox 1893 3262 3488 3337">
    <p class='ocr_par' dir='ltr' id='par_1_77' title="bbox 1893 3262 3488 3337">
     <span class='ocr_line' id='line_1_77' title="bbox 1893 3262 3488 3337; baseline 0.004 -20"><span class='ocrx_word' id='word_1_553' title='bbox 1893 3262 2303 3331; x_wconf 86' lang='lat' dir='ltr'><strong>Quodvultdcus</strong></span> <span class='ocrx_word' id='word_1_554' title='bbox 2354 3263 2642 3334; x_wconf 90' lang='lat' dir='ltr'><strong>episcopus</strong></span> <span class='ocrx_word' id='word_1_555' title='bbox 2691 3263 2989 3320; x_wconf 86' lang='lat' dir='ltr'><strong>Volitauus.</strong></span> <span class='ocrx_word' id='word_1_556' title='bbox 3044 3264 3270 3337; x_wconf 83' lang='lat' dir='ltr'><strong>Cumque</strong></span> <span class='ocrx_word' id='word_1_557' title='bbox 3315 3283 3488 3323; x_wconf 81' lang='lat' dir='ltr'><strong>acces-</strong></span> 
     </span>
    </p>
   </div>
   <div class='ocr_carea' id='block_1_78' title="bbox 1893 3348 3491 3430">
    <p class='ocr_par' dir='ltr' id='par_1_78' title="bbox 1893 3348 3491 3430">
     <span class='ocr_line' id='line_1_78' title="bbox 1893 3348 3491 3430; baseline 0.004 -19"><span class='ocrx_word' id='word_1_558' title='bbox 1893 3357 2065 3422; x_wconf 85' lang='lat' dir='ltr'><strong>sisset,</strong></span> <span class='ocrx_word' id='word_1_559' title='bbox 2092 3356 2228 3411; x_wconf 83' lang='lat' dir='ltr'><strong>idem</strong></span> <span class='ocrx_word' id='word_1_560' title='bbox 2258 3356 2407 3412; x_wconf 89' lang='lat' dir='ltr'><strong>dixit.</strong></span> <span class='ocrx_word' id='word_1_561' title='bbox 2443 3348 2690 3414; x_wconf 84' lang='lat' dir='ltr'><strong>Mandavi</strong></span> <span class='ocrx_word' id='word_1_562' title='bbox 2721 3366 2774 3413; x_wconf 91' lang='lat' dir='ltr'><strong>et</strong></span> <span class='ocrx_word' id='word_1_563' title='bbox 2802 3359 3117 3430; x_wconf 84' lang='lat' dir='ltr'><strong>subscripsi.</strong></span> <span class='ocrx_word' id='word_1_564' title='bbox 3149 3358 3283 3415; x_wconf 85' lang='lat' dir='ltr'><strong>Item</strong></span> <span class='ocrx_word' id='word_1_565' title='bbox 3304 3363 3491 3417; x_wconf 86' lang='lat' dir='ltr'><strong>recita-</strong></span> 
     </span>
    </p>
   </div>
   <div class='ocr_carea' id='block_1_79' title="bbox 1893 3448 3491 3523">
    <p class='ocr_par' dir='ltr' id='par_1_79' title="bbox 1893 3448 3491 3523">
     <span class='ocr_line' id='line_1_79' title="bbox 1893 3448 3491 3523; baseline 0.003 -20"><span class='ocrx_word' id='word_1_566' title='bbox 1893 3450 1985 3503; x_wconf 79' lang='lat' dir='ltr'><strong>vit.</strong></span> <span class='ocrx_word' id='word_1_567' title='bbox 2010 3448 2253 3504; x_wconf 87' lang='lat' dir='ltr'><strong>Donatus</strong></span> <span class='ocrx_word' id='word_1_568' title='bbox 2282 3448 2571 3519; x_wconf 89' lang='lat' dir='ltr'><strong>episcopus</strong></span> <span class='ocrx_word' id='word_1_569' title='bbox 2600 3464 2631 3504; x_wconf 89' lang='lat' dir='ltr'><strong>a</strong></span> <span class='ocrx_word' id='word_1_570' title='bbox 2658 3449 2832 3507; x_wconf 85' lang='lat' dir='ltr'><strong>Turre</strong></span> <span class='ocrx_word' id='word_1_571' title='bbox 2857 3450 3109 3506; x_wconf 84' lang='lat' dir='ltr'><strong>Rotunda</strong></span> <span class='ocrx_word' id='word_1_572' title='bbox 3136 3450 3309 3523; x_wconf 74' lang='grc'><strong>(419).</strong></span> <span class='ocrx_word' id='word_1_573' title='bbox 3341 3452 3491 3508; x_wconf 84' lang='lat' dir='ltr'><strong>Cum-</strong></span> 
     </span>
    </p>
   </div>
   <div class='ocr_carea' id='block_1_80' title="bbox 1894 3540 3485 3614">
    <p class='ocr_par' dir='ltr' id='par_1_80' title="bbox 1894 3540 3485 3614">
     <span class='ocr_line' id='line_1_80' title="bbox 1894 3540 3485 3614; baseline 0.003 -21"><span class='ocrx_word' id='word_1_574' title='bbox 1894 3557 1991 3609; x_wconf 86' lang='lat' dir='ltr'><strong>que</strong></span> <span class='ocrx_word' id='word_1_575' title='bbox 2032 3540 2356 3605; x_wconf 83' lang='lat' dir='ltr'><strong>accessisset,</strong></span> <span class='ocrx_word' id='word_1_576' title='bbox 2398 3541 2533 3594; x_wconf 88' lang='lat' dir='ltr'><strong>idem</strong></span> <span class='ocrx_word' id='word_1_577' title='bbox 2577 3540 2724 3594; x_wconf 82' lang='lat' dir='ltr'><strong>dixit.</strong></span> <span class='ocrx_word' id='word_1_578' title='bbox 2768 3540 3011 3594; x_wconf 86' lang='lat' dir='ltr'><strong>Mandavi</strong></span> <span class='ocrx_word' id='word_1_579' title='bbox 3065 3550 3119 3596; x_wconf 89' lang='lat' dir='ltr'><strong>et</strong></span> <span class='ocrx_word' id='word_1_580' title='bbox 3167 3542 3485 3614; x_wconf 88' lang='lat' dir='ltr'><strong>subscripsi.</strong></span> 
     </span>
    </p>
   </div>
   <div class='ocr_carea' id='block_1_81' title="bbox 1894 3625 3484 3705">
    <p class='ocr_par' dir='ltr' id='par_1_81' title="bbox 1894 3625 3484 3705">
     <span class='ocr_line' id='line_1_81' title="bbox 1894 3625 3484 3705; baseline 0.003 -21"><span class='ocrx_word' id='word_1_581' title='bbox 1894 3630 2028 3685; x_wconf 85' lang='lat' dir='ltr'><strong>Item</strong></span> <span class='ocrx_word' id='word_1_582' title='bbox 2042 3625 2290 3685; x_wconf 82' lang='lat' dir='ltr'><strong>recitavit.</strong></span> <span class='ocrx_word' id='word_1_583' title='bbox 2306 3629 2575 3684; x_wconf 85' lang='lat' dir='ltr'><strong>Victorius</strong></span> <span class='ocrx_word' id='word_1_584' title='bbox 2589 3631 2876 3699; x_wconf 90' lang='lat' dir='ltr'><strong>episcopus</strong></span> <span class='ocrx_word' id='word_1_585' title='bbox 2890 3631 3297 3688; x_wconf 87' lang='lat' dir='ltr'><strong>Selendetensis</strong></span> <span class='ocrx_word' id='word_1_586' title='bbox 3310 3634 3484 3705; x_wconf 65' lang='grc'><strong>(420).</strong></span> 
     </span>
    </p>
   </div>
   <div class='ocr_carea' id='block_1_82' title="bbox 1895 3719 3487 3792">
    <p class='ocr_par' dir='ltr' id='par_1_82' title="bbox 1895 3719 3487 3792">
     <span class='ocr_line' id='line_1_82' title="bbox 1895 3719 3487 3792; baseline 0.004 -18"><span class='ocrx_word' id='word_1_587' title='bbox 1895 3721 2282 3775; x_wconf 86' lang='lat' dir='ltr'><strong>Crescentianus</strong></span> <span class='ocrx_word' id='word_1_588' title='bbox 2308 3720 2577 3790; x_wconf 84' lang='lat' dir='ltr'><strong>episcopus</strong></span> <span class='ocrx_word' id='word_1_589' title='bbox 2616 3719 2769 3774; x_wconf 84' lang='lat' dir='ltr'><strong>dixit.</strong></span> <span class='ocrx_word' id='word_1_590' title='bbox 2798 3719 2897 3775; x_wconf 83' lang='lat' dir='ltr'><strong>Hic</strong></span> <span class='ocrx_word' id='word_1_591' title='bbox 2934 3731 3047 3788; x_wconf 89' lang='lat' dir='ltr'><strong>est,</strong></span> <span class='ocrx_word' id='word_1_592' title='bbox 3075 3732 3318 3792; x_wconf 65' lang='lat' dir='ltr'><strong>aegrotat.</strong></span> <span class='ocrx_word' id='word_1_593' title='bbox 3354 3723 3487 3781; x_wconf 84' lang='lat' dir='ltr'><strong>Item</strong></span> 
     </span>
    </p>
   </div>
   <div class='ocr_carea' id='block_1_83' title="bbox 1892 3800 3482 3883">
    <p class='ocr_par' dir='ltr' id='par_1_83' title="bbox 1892 3800 3482 3883">
     <span class='ocr_line' id='line_1_83' title="bbox 1892 3800 3482 3883; baseline 0.003 -17"><span class='ocrx_word' id='word_1_594' title='bbox 1892 3813 2140 3867; x_wconf 87' lang='lat' dir='ltr'><strong>recitavit.</strong></span> <span class='ocrx_word' id='word_1_595' title='bbox 2203 3802 2624 3867; x_wconf 79' lang='lat' dir='ltr'><strong>Crescentianus</strong></span> <span class='ocrx_word' id='word_1_596' title='bbox 2680 3812 2965 3883; x_wconf 89' lang='lat' dir='ltr'><strong>episcopus</strong></span> <span class='ocrx_word' id='word_1_597' title='bbox 3021 3800 3482 3873; x_wconf 85' lang='lat' dir='ltr'><strong>Ammederensis.</strong></span> 
     </span>
    </p>
   </div>
   <div class='ocr_carea' id='block_1_84' title="bbox 1894 3902 3481 3981">
    <p class='ocr_par' dir='ltr' id='par_1_84' title="bbox 1894 3902 3481 3981">
     <span class='ocr_line' id='line_1_84' title="bbox 1894 3902 3481 3981; baseline 0.005 -22"><span class='ocrx_word' id='word_1_598' title='bbox 1894 3902 2121 3973; x_wconf 86' lang='lat' dir='ltr'><strong>Cumque</strong></span> <span class='ocrx_word' id='word_1_599' title='bbox 2140 3904 2456 3969; x_wconf 85' lang='lat' dir='ltr'><strong>accessisset,</strong></span> <span class='ocrx_word' id='word_1_600' title='bbox 2483 3905 2620 3959; x_wconf 87' lang='lat' dir='ltr'><strong>idem</strong></span> <span class='ocrx_word' id='word_1_601' title='bbox 2640 3904 2793 3958; x_wconf 85' lang='lat' dir='ltr'><strong>dixit.</strong></span> <span class='ocrx_word' id='word_1_602' title='bbox 2823 3905 3065 3962; x_wconf 87' lang='lat' dir='ltr'><strong>Mandavi</strong></span> <span class='ocrx_word' id='word_1_603' title='bbox 3089 3916 3144 3964; x_wconf 91' lang='lat' dir='ltr'><strong>et</strong></span> <span class='ocrx_word' id='word_1_604' title='bbox 3164 3909 3481 3981; x_wconf 84' lang='lat' dir='ltr'><strong>subscripsi.</strong></span> 
     </span>
    </p>
   </div>
   <div class='ocr_carea' id='block_1_85' title="bbox 1895 3996 3486 4072">
    <p class='ocr_par' dir='ltr' id='par_1_85' title="bbox 1895 3996 3486 4072">
     <span class='ocr_line' id='line_1_85' title="bbox 1895 3996 3486 4072; baseline 0.004 -19"><span class='ocrx_word' id='word_1_605' title='bbox 1895 3997 2026 4054; x_wconf 83' lang='lat' dir='ltr'><strong>Item</strong></span> <span class='ocrx_word' id='word_1_606' title='bbox 2047 3998 2295 4052; x_wconf 87' lang='lat' dir='ltr'><strong>recitavit.</strong></span> <span class='ocrx_word' id='word_1_607' title='bbox 2324 3996 2475 4052; x_wconf 79' lang='lat' dir='ltr'><strong>Felix</strong></span> <span class='ocrx_word' id='word_1_608' title='bbox 2503 3997 2790 4068; x_wconf 87' lang='lat' dir='ltr'><strong>episcopus</strong></span> <span class='ocrx_word' id='word_1_609' title='bbox 2816 3997 3106 4056; x_wconf 89' lang='lat' dir='ltr'><strong>Bullensis.</strong></span> <span class='ocrx_word' id='word_1_610' title='bbox 3143 4000 3366 4072; x_wconf 88' lang='lat' dir='ltr'><strong>Cumque</strong></span> <span class='ocrx_word' id='word_1_611' title='bbox 3393 4021 3486 4059; x_wconf 88' lang='lat' dir='ltr'><strong>ac-</strong></span> 
     </span>
    </p>
   </div>
   <div class='ocr_carea' id='block_1_86' title="bbox 1892 4078 3489 4165">
    <p class='ocr_par' dir='ltr' id='par_1_86' title="bbox 1892 4078 3489 4165">
     <span class='ocr_line' id='line_1_86' title="bbox 1892 4078 3489 4165; baseline 0.004 -19"><span class='ocrx_word' id='word_1_612' title='bbox 1892 4093 2153 4159; x_wconf 81' lang='lat' dir='ltr'><strong>cessisset,</strong></span> <span class='ocrx_word' id='word_1_613' title='bbox 2189 4078 2322 4145; x_wconf 82' lang='lat' dir='ltr'><strong>idem</strong></span> <span class='ocrx_word' id='word_1_614' title='bbox 2351 4090 2502 4145; x_wconf 91' lang='lat' dir='ltr'><strong>dixit.</strong></span> <span class='ocrx_word' id='word_1_615' title='bbox 2534 4089 2782 4147; x_wconf 83' lang='lat' dir='ltr'><strong>Mandavi</strong></span> <span class='ocrx_word' id='word_1_616' title='bbox 2814 4099 2869 4147; x_wconf 92' lang='lat' dir='ltr'><strong>et</strong></span> <span class='ocrx_word' id='word_1_617' title='bbox 2894 4092 3213 4165; x_wconf 86' lang='lat' dir='ltr'><strong>subscripsi.</strong></span> <span class='ocrx_word' id='word_1_618' title='bbox 3242 4096 3377 4150; x_wconf 88' lang='lat' dir='ltr'><strong>Item</strong></span> <span class='ocrx_word' id='word_1_619' title='bbox 3408 4115 3489 4154; x_wconf 82' lang='lat' dir='ltr'><strong>re-</strong></span> 
     </span>
    </p>
   </div>
   <div class='ocr_carea' id='block_1_87' title="bbox 1894 4182 3491 4257">
    <p class='ocr_par' dir='ltr' id='par_1_87' title="bbox 1894 4182 3491 4257">
     <span class='ocr_line' id='line_1_87' title="bbox 1894 4182 3491 4257; baseline 0.003 -20"><span class='ocrx_word' id='word_1_620' title='bbox 1894 4184 2084 4237; x_wconf 87' lang='lat' dir='ltr'><strong>citavit.</strong></span> <span class='ocrx_word' id='word_1_621' title='bbox 2112 4182 2439 4239; x_wconf 88' lang='lat' dir='ltr'><strong>Cresconius</strong></span> <span class='ocrx_word' id='word_1_622' title='bbox 2462 4183 2748 4254; x_wconf 89' lang='lat' dir='ltr'><strong>episcopus</strong></span> <span class='ocrx_word' id='word_1_623' title='bbox 2775 4197 2804 4237; x_wconf 91' lang='lat' dir='ltr'><strong>a</strong></span> <span class='ocrx_word' id='word_1_624' title='bbox 2826 4182 3101 4240; x_wconf 88' lang='lat' dir='ltr'><strong>Cibaliana</strong></span> <span class='ocrx_word' id='word_1_625' title='bbox 3128 4184 3305 4257; x_wconf 71' lang='grc'><strong>(421).</strong></span> <span class='ocrx_word' id='word_1_626' title='bbox 3334 4185 3491 4242; x_wconf 82' lang='lat' dir='ltr'><strong>Cunt-</strong></span> 
     </span>
    </p>
   </div>
   <div class='ocr_carea' id='block_1_88' title="bbox 1892 4275 3484 4353">
    <p class='ocr_par' dir='ltr' id='par_1_88' title="bbox 1892 4275 3484 4353">
     <span class='ocr_line' id='line_1_88' title="bbox 1892 4275 3484 4353; baseline 0.006 -24"><span class='ocrx_word' id='word_1_627' title='bbox 1892 4292 1988 4346; x_wconf 88' lang='lat' dir='ltr'><strong>que</strong></span> <span class='ocrx_word' id='word_1_628' title='bbox 2026 4276 2350 4343; x_wconf 87' lang='lat' dir='ltr'><strong>accessisset,</strong></span> <span class='ocrx_word' id='word_1_629' title='bbox 2397 4275 2533 4331; x_wconf 90' lang='lat' dir='ltr'><strong>idem</strong></span> <span class='ocrx_word' id='word_1_630' title='bbox 2581 4276 2731 4331; x_wconf 86' lang='lat' dir='ltr'><strong>dixit.</strong></span> <span class='ocrx_word' id='word_1_631' title='bbox 2782 4275 3027 4333; x_wconf 82' lang='lat' dir='ltr'><strong>Mandavi</strong></span> <span class='ocrx_word' id='word_1_632' title='bbox 3066 4288 3123 4334; x_wconf 90' lang='lat' dir='ltr'><strong>et</strong></span> <span class='ocrx_word' id='word_1_633' title='bbox 3164 4279 3484 4353; x_wconf 89' lang='lat' dir='ltr'><strong>subscripsi.</strong></span> 
     </span>
    </p>
   </div>
   <div class='ocr_carea' id='block_1_89' title="bbox 1894 4367 3489 4439">
    <p class='ocr_par' dir='ltr' id='par_1_89' title="bbox 1894 4367 3489 4439">
     <span class='ocr_line' id='line_1_89' title="bbox 1894 4367 3489 4439; baseline 0.004 -18"><span class='ocrx_word' id='word_1_634' title='bbox 1894 4367 2024 4423; x_wconf 87' lang='lat' dir='ltr'><strong>Item</strong></span> <span class='ocrx_word' id='word_1_635' title='bbox 2094 4368 2343 4422; x_wconf 88' lang='lat' dir='ltr'><strong>recitavit.</strong></span> <span class='ocrx_word' id='word_1_636' title='bbox 2423 4368 2605 4425; x_wconf 80' lang='lat' dir='ltr'><strong>Jurata</strong></span> <span class='ocrx_word' id='word_1_637' title='bbox 2674 4367 2961 4439; x_wconf 87' lang='lat' dir='ltr'><strong>episcopus</strong></span> <span class='ocrx_word' id='word_1_638' title='bbox 3032 4384 3063 4425; x_wconf 90' lang='lat' dir='ltr'><strong>a</strong></span> <span class='ocrx_word' id='word_1_639' title='bbox 3140 4370 3489 4429; x_wconf 77' lang='lat' dir='ltr'><strong>Turre-Ta-</strong></span> 
     </span>
    </p>
   </div>
   <div class='ocr_carea' id='block_1_90' title="bbox 1894 4460 3490 4532">
    <p class='ocr_par' dir='ltr' id='par_1_90' title="bbox 1894 4460 3490 4532">
     <span class='ocr_line' id='line_1_90' title="bbox 1894 4460 3490 4532; baseline 0.003 -15"><span class='ocrx_word' id='word_1_640' title='bbox 1894 4462 2255 4517; x_wconf 90' lang='lat' dir='ltr'><strong>mallumensi.</strong></span> <span class='ocrx_word' id='word_1_641' title='bbox 2288 4460 2515 4532; x_wconf 87' lang='lat' dir='ltr'><strong>Cumque</strong></span> <span class='ocrx_word' id='word_1_642' title='bbox 2543 4461 2858 4529; x_wconf 80' lang='lat' dir='ltr'><strong>accessisset,</strong></span> <span class='ocrx_word' id='word_1_643' title='bbox 2886 4462 3023 4517; x_wconf 88' lang='lat' dir='ltr'><strong>idem</strong></span> <span class='ocrx_word' id='word_1_644' title='bbox 3065 4463 3215 4519; x_wconf 88' lang='lat' dir='ltr'><strong>dixit.</strong></span> <span class='ocrx_word' id='word_1_645' title='bbox 3249 4464 3490 4521; x_wconf 80' lang='lat' dir='ltr'><strong>Mandavi</strong></span> 
     </span>
    </p>
   </div>
   <div class='ocr_carea' id='block_1_91' title="bbox 198 4550 3490 4627">
    <p class='ocr_par' dir='ltr' id='par_1_91' title="bbox 198 4550 3490 4627">
     <span class='ocr_line' id='line_1_91' title="bbox 198 4550 3490 4627; baseline 0.002 -19"><span class='ocrx_word' id='word_1_646' title='bbox 198 4552 481 4623; x_wconf 83' lang='lat' dir='ltr'><strong>cognovi.)</strong></span> <span class='ocrx_word' id='word_1_647' title='bbox 508 4552 841 4608; x_wconf 86' lang='lat' dir='ltr'><strong>Marcellinus</strong></span> <span class='ocrx_word' id='word_1_648' title='bbox 865 4553 944 4605; x_wconf 74' lang='lat' dir='ltr'><strong>vir</strong></span> <span class='ocrx_word' id='word_1_649' title='bbox 970 4552 1284 4607; x_wconf 85' lang='lat' dir='ltr'><strong>clarissimus</strong></span> <span class='ocrx_word' id='word_1_650' title='bbox 1305 4551 1539 4605; x_wconf 87' lang='lat' dir='ltr'><strong>tribunus</strong></span> <span class='ocrx_word' id='word_1_651' title='bbox 1567 4562 1614 4606; x_wconf 89' lang='lat' dir='ltr'><strong>et</strong></span> <span class='ocrx_word' id='word_1_652' title='bbox 1639 4566 1788 4607; x_wconf 91' lang='lat' dir='ltr'><strong>nota-</strong></span> <span class='ocrx_word' id='word_1_653' title='bbox 1815 4550 1869 4611; x_wconf 93' lang='lat' dir='ltr'><strong>D</strong></span> <span class='ocrx_word' id='word_1_654' title='bbox 1893 4565 1947 4612; x_wconf 90' lang='lat' dir='ltr'><strong>et</strong></span> <span class='ocrx_word' id='word_1_655' title='bbox 1976 4554 2294 4625; x_wconf 88' lang='lat' dir='ltr'><strong>subscripsi.</strong></span> <span class='ocrx_word' id='word_1_656' title='bbox 2321 4553 2458 4609; x_wconf 88' lang='lat' dir='ltr'><strong>Item</strong></span> <span class='ocrx_word' id='word_1_657' title='bbox 2482 4555 2735 4610; x_wconf 86' lang='lat' dir='ltr'><strong>recitavit.</strong></span> <span class='ocrx_word' id='word_1_658' title='bbox 2767 4553 3036 4610; x_wconf 87' lang='lat' dir='ltr'><strong>Liberalis</strong></span> <span class='ocrx_word' id='word_1_659' title='bbox 3061 4557 3348 4627; x_wconf 89' lang='lat' dir='ltr'><strong>episcopus</strong></span> <span class='ocrx_word' id='word_1_660' title='bbox 3388 4559 3490 4613; x_wconf 60' lang='lat' dir='ltr'><strong>Mi-</strong></span> 
     </span>
    </p>
   </div>
   <div class='ocr_carea' id='block_1_92' title="bbox 200 4646 1787 4718">
    <p class='ocr_par' dir='ltr' id='par_1_92' title="bbox 200 4646 1787 4718">
     <span class='ocr_line' id='line_1_92' title="bbox 200 4646 1787 4718; baseline 0.001 -16"><span class='ocrx_word' id='word_1_661' title='bbox 200 4650 311 4702; x_wconf 86' lang='lat' dir='ltr'><strong>rius</strong></span> <span class='ocrx_word' id='word_1_662' title='bbox 346 4646 496 4700; x_wconf 86' lang='lat' dir='ltr'><strong>dixit.</strong></span> <span class='ocrx_word' id='word_1_663' title='bbox 541 4646 852 4712; x_wconf 84' lang='lat' dir='ltr'><strong>Advertitis,</strong></span> <span class='ocrx_word' id='word_1_664' title='bbox 897 4654 1191 4717; x_wconf 75' lang='lat' dir='ltr'><strong>prxsentes</strong></span> <span class='ocrx_word' id='word_1_665' title='bbox 1229 4647 1390 4718; x_wconf 73' lang='lat'><strong>287</strong></span> <span class='ocrx_word' id='word_1_666' title='bbox 1431 4647 1787 4717; x_wconf 79' lang='lat' dir='ltr'><strong>praesentibus</strong></span> 
     </span>
    </p>
   </div>
   <div class='ocr_carea' id='block_1_93' title="bbox 200 4737 1791 4809">
    <p class='ocr_par' dir='ltr' id='par_1_93' title="bbox 200 4737 1791 4809">
     <span class='ocr_line' id='line_1_93' title="bbox 200 4737 1791 4809; baseline 0 -17"><span class='ocrx_word' id='word_1_667' title='bbox 200 4737 493 4809; x_wconf 75' lang='lat' dir='ltr'><strong>peragendi</strong></span> <span class='ocrx_word' id='word_1_668' title='bbox 535 4740 732 4809; x_wconf 87' lang='lat' dir='ltr'><strong>negotii</strong></span> <span class='ocrx_word' id='word_1_669' title='bbox 760 4738 974 4794; x_wconf 89' lang='lat' dir='ltr'><strong>dedisse</strong></span> <span class='ocrx_word' id='word_1_670' title='bbox 1000 4738 1331 4793; x_wconf 90' lang='lat' dir='ltr'><strong>mandatum.</strong></span> <span class='ocrx_word' id='word_1_671' title='bbox 1366 4738 1646 4805; x_wconf 88' lang='lat' dir='ltr'><strong>Quomodo</strong></span> <span class='ocrx_word' id='word_1_672' title='bbox 1692 4740 1791 4809; x_wconf 87' lang='lat' dir='ltr'><strong>igi-</strong></span> 
     </span>
    </p>
   </div>
   <div class='ocr_carea' id='block_1_94' title="bbox 202 4829 1791 4900">
    <p class='ocr_par' dir='ltr' id='par_1_94' title="bbox 202 4829 1791 4900">
     <span class='ocr_line' id='line_1_94' title="bbox 202 4829 1791 4900; baseline 0.002 -16"><span class='ocrx_word' id='word_1_673' title='bbox 202 4838 291 4885; x_wconf 91' lang='lat' dir='ltr'><strong>tur</strong></span> <span class='ocrx_word' id='word_1_674' title='bbox 317 4829 404 4884; x_wconf 85' lang='lat' dir='ltr'><strong>hic</strong></span> <span class='ocrx_word' id='word_1_675' title='bbox 429 4830 517 4900; x_wconf 90' lang='lat' dir='ltr'><strong>qui</strong></span> <span class='ocrx_word' id='word_1_676' title='bbox 548 4845 783 4897; x_wconf 80' lang='lat' dir='ltr'><strong>praesens</strong></span> <span class='ocrx_word' id='word_1_677' title='bbox 813 4831 865 4885; x_wconf 92' lang='lat' dir='ltr'><strong>in</strong></span> <span class='ocrx_word' id='word_1_678' title='bbox 894 4830 993 4886; x_wconf 89' lang='lat' dir='ltr'><strong>bac</strong></span> <span class='ocrx_word' id='word_1_679' title='bbox 1016 4831 1145 4886; x_wconf 91' lang='lat' dir='ltr'><strong>urbe</strong></span> <span class='ocrx_word' id='word_1_680' title='bbox 1171 4846 1230 4886; x_wconf 91' lang='lat' dir='ltr'><strong>se</strong></span> <span class='ocrx_word' id='word_1_681' title='bbox 1260 4832 1399 4887; x_wconf 87' lang='lat' dir='ltr'><strong>inter</strong></span> <span class='ocrx_word' id='word_1_682' title='bbox 1429 4840 1657 4887; x_wconf 66' lang='lat' dir='ltr'><strong>caeteros</strong></span> <span class='ocrx_word' id='word_1_683' title='bbox 1672 4831 1791 4887; x_wconf 88' lang='lat' dir='ltr'><strong>sine</strong></span> 
     </span>
    </p>
   </div>
   <div class='ocr_carea' id='block_1_95' title="bbox 198 4919 1796 4990">
    <p class='ocr_par' dir='ltr' id='par_1_95' title="bbox 198 4919 1796 4990">
     <span class='ocr_line' id='line_1_95' title="bbox 198 4919 1796 4990; baseline 0.002 -15"><span class='ocrx_word' id='word_1_684' title='bbox 198 4920 366 4975; x_wconf 89' lang='lat' dir='ltr'><strong>dubio</strong></span> <span class='ocrx_word' id='word_1_685' title='bbox 398 4919 678 4976; x_wconf 88' lang='lat' dir='ltr'><strong>mandasse</strong></span> <span class='ocrx_word' id='word_1_686' title='bbox 710 4921 983 4990; x_wconf 89' lang='lat' dir='ltr'><strong>professus</strong></span> <span class='ocrx_word' id='word_1_687' title='bbox 1010 4930 1094 4978; x_wconf 87' lang='lat' dir='ltr'><strong>est</strong></span> <span class='ocrx_word' id='word_1_688' title='bbox 1116 4931 1170 4978; x_wconf 92' lang='lat' dir='ltr'><strong>et</strong></span> <span class='ocrx_word' id='word_1_689' title='bbox 1192 4922 1242 4976; x_wconf 90' lang='lat' dir='ltr'><strong>in</strong></span> <span class='ocrx_word' id='word_1_690' title='bbox 1268 4923 1460 4978; x_wconf 89' lang='lat' dir='ltr'><strong>itinere</strong></span> <span class='ocrx_word' id='word_1_691' title='bbox 1480 4922 1677 4978; x_wconf 89' lang='lat' dir='ltr'><strong>dicitur</strong></span> <span class='ocrx_word' id='word_1_692' title='bbox 1699 4923 1796 4979; x_wconf 88' lang='lat' dir='ltr'><strong>de-</strong></span> 
     </span>
    </p>
   </div>
   <div class='ocr_carea' id='block_1_96' title="bbox 198 5010 1795 5085">
    <p class='ocr_par' dir='ltr' id='par_1_96' title="bbox 198 5010 1795 5085">
     <span class='ocr_line' id='line_1_96' title="bbox 198 5010 1795 5085; baseline 0.004 -18"><span class='ocrx_word' id='word_1_693' title='bbox 198 5010 417 5077; x_wconf 82' lang='lat' dir='ltr'><strong>fecisse,</strong></span> <span class='ocrx_word' id='word_1_694' title='bbox 450 5023 504 5069; x_wconf 92' lang='lat' dir='ltr'><strong>et</strong></span> <span class='ocrx_word' id='word_1_695' title='bbox 536 5014 587 5069; x_wconf 91' lang='lat' dir='ltr'><strong>in</strong></span> <span class='ocrx_word' id='word_1_696' title='bbox 617 5013 715 5069; x_wconf 88' lang='lat' dir='ltr'><strong>hac</strong></span> <span class='ocrx_word' id='word_1_697' title='bbox 740 5016 870 5073; x_wconf 91' lang='lat' dir='ltr'><strong>urbe</strong></span> <span class='ocrx_word' id='word_1_698' title='bbox 898 5016 1283 5085; x_wconf 75' lang='lat' dir='ltr'><strong>subscripsisse</strong></span> <span class='ocrx_word' id='word_1_699' title='bbox 1322 5016 1607 5071; x_wconf 86' lang='lat' dir='ltr'><strong>mandato?</strong></span> <span class='ocrx_word' id='word_1_700' title='bbox 1628 5017 1795 5073; x_wconf 86' lang='lat' dir='ltr'><strong>Adeo-</strong></span> 
     </span>
    </p>
   </div>
   <div class='ocr_carea' id='block_1_97' title="bbox 197 5105 1797 5179">
    <p class='ocr_par' dir='ltr' id='par_1_97' title="bbox 197 5105 1797 5179">
     <span class='ocr_line' id='line_1_97' title="bbox 197 5105 1797 5179; baseline 0.004 -19"><span class='ocrx_word' id='word_1_701' title='bbox 197 5105 354 5160; x_wconf 84' lang='lat' dir='ltr'><strong>datus</strong></span> <span class='ocrx_word' id='word_1_702' title='bbox 379 5108 647 5179; x_wconf 84' lang='lat' dir='ltr'><strong>episcopus</strong></span> <span class='ocrx_word' id='word_1_703' title='bbox 675 5108 823 5163; x_wconf 87' lang='lat' dir='ltr'><strong>dixit.</strong></span> <span class='ocrx_word' id='word_1_704' title='bbox 858 5108 991 5164; x_wconf 84' lang='lat' dir='ltr'><strong>Octo</strong></span> <span class='ocrx_word' id='word_1_705' title='bbox 1020 5108 1134 5164; x_wconf 85' lang='lat' dir='ltr'><strong>dies</strong></span> <span class='ocrx_word' id='word_1_706' title='bbox 1154 5111 1359 5165; x_wconf 91' lang='lat' dir='ltr'><strong>emensi</strong></span> <span class='ocrx_word' id='word_1_707' title='bbox 1388 5119 1534 5177; x_wconf 90' lang='lat' dir='ltr'><strong>sunt,</strong></span> <span class='ocrx_word' id='word_1_708' title='bbox 1567 5120 1623 5166; x_wconf 93' lang='lat' dir='ltr'><strong>ut</strong></span> <span class='ocrx_word' id='word_1_709' title='bbox 1646 5126 1797 5166; x_wconf 89' lang='lat' dir='ltr'><strong>man-</strong></span> 
     </span>
    </p>
   </div>
   <div class='ocr_carea' id='block_1_98' title="bbox 275 5268 1789 5343">
    <p class='ocr_par' dir='ltr' id='par_1_98' title="bbox 275 5268 1789 5343">
     <span class='ocr_line' id='line_1_98' title="bbox 275 5268 1789 5343; baseline 0.005 -19"><span class='ocrx_word' id='word_1_710' title='bbox 275 5268 427 5343; x_wconf 73' lang='grc'><strong>(418)</strong></span> <span class='ocrx_word' id='word_1_711' title='bbox 474 5272 635 5339; x_wconf 85' lang='lat' dir='ltr'><strong>Quasi</strong></span> <span class='ocrx_word' id='word_1_712' title='bbox 676 5273 827 5329; x_wconf 87' lang='lat' dir='ltr'><strong>hodie</strong></span> <span class='ocrx_word' id='word_1_713' title='bbox 853 5290 956 5329; x_wconf 87' lang='lat' dir='ltr'><strong>non</strong></span> <span class='ocrx_word' id='word_1_714' title='bbox 986 5290 1116 5328; x_wconf 87' lang='lat' dir='ltr'><strong>unus</strong></span> <span class='ocrx_word' id='word_1_715' title='bbox 1143 5273 1345 5343; x_wconf 76' lang='lat' dir='ltr'><strong>defecit.</strong></span> <span class='ocrx_word' id='word_1_716' title='bbox 1380 5275 1639 5329; x_wconf 82' lang='lat' dir='ltr'><strong>Nimirum</strong></span> <span class='ocrx_word' id='word_1_717' title='bbox 1674 5276 1789 5331; x_wconf 81' lang='lat' dir='ltr'><strong>Ma-</strong></span> 
     </span>
    </p>
   </div>
   <div class='ocr_carea' id='block_1_99' title="bbox 200 5340 1645 5417">
    <p class='ocr_par' dir='ltr' id='par_1_99' title="bbox 200 5340 1645 5417">
     <span class='ocr_line' id='line_1_99' title="bbox 200 5340 1645 5417; baseline 0.002 -21"><span class='ocrx_word' id='word_1_718' title='bbox 200 5340 520 5417; x_wconf 50' lang='lat' dir='ltr'><strong>xitnittianuj</strong></span> <span class='ocrx_word' id='word_1_719' title='bbox 548 5345 905 5417; x_wconf 77' lang='lat' dir='ltr'><strong>Bennefensis,</strong></span> <span class='ocrx_word' id='word_1_720' title='bbox 940 5360 1122 5414; x_wconf 83' lang='lat' dir='ltr'><strong>supra.</strong></span> <span class='ocrx_word' id='word_1_721' title='bbox 1154 5340 1271 5414; x_wconf 83' lang='lat' dir='ltr'><strong>cap.</strong></span> <span class='ocrx_word' id='word_1_722' title='bbox 1308 5347 1409 5399; x_wconf 79' lang='grc'><strong>155</strong></span> <span class='ocrx_word' id='word_1_723' title='bbox 1441 5346 1645 5417; x_wconf 14' lang='grc' dir='ltr'><strong>ριί198.</strong></span> 
     </span>
    </p>
   </div>
   <div class='ocr_carea' id='block_1_100' title="bbox 276 5413 1795 5486">
    <p class='ocr_par' dir='ltr' id='par_1_100' title="bbox 276 5413 1795 5486">
     <span class='ocr_line' id='line_1_100' title="bbox 276 5413 1795 5486; baseline 0.003 -20"><span class='ocrx_word' id='word_1_724' title='bbox 276 5413 432 5486; x_wconf 65' lang='lat' dir='ltr'><strong>(illi)</strong></span> <span class='ocrx_word' id='word_1_725' title='bbox 474 5413 637 5470; x_wconf 89' lang='lat' dir='ltr'><strong>Turre</strong></span> <span class='ocrx_word' id='word_1_726' title='bbox 664 5413 905 5471; x_wconf 77' lang='lat' dir='ltr'><strong>rotunda.</strong></span> <span class='ocrx_word' id='word_1_727' title='bbox 938 5413 1162 5469; x_wconf 75' lang='lat' dir='ltr'><strong>Ptblem.</strong></span> <span class='ocrx_word' id='word_1_728' title='bbox 1196 5413 1287 5470; x_wconf 85' lang='lat' dir='ltr'><strong>lib.</strong></span> <span class='ocrx_word' id='word_1_729' title='bbox 1324 5432 1395 5481; x_wconf 78' lang='grc' dir='ltr'><strong>ιν,</strong></span> <span class='ocrx_word' id='word_1_730' title='bbox 1422 5432 1469 5469; x_wconf 88' lang='lat' dir='ltr'><strong>c.</strong></span> <span class='ocrx_word' id='word_1_731' title='bbox 1498 5416 1550 5479; x_wconf 68' lang='lat'><strong>2,</strong></span> <span class='ocrx_word' id='word_1_732' title='bbox 1579 5416 1795 5486; x_wconf 79' lang='lat' dir='ltr'><strong>Raban-</strong></span> 
     </span>
    </p>
   </div>
   <div class='ocr_carea' id='block_1_101' title="bbox 202 5482 1792 5555">
    <p class='ocr_par' dir='ltr' id='par_1_101' title="bbox 202 5482 1792 5555">
     <span class='ocr_line' id='line_1_101' title="bbox 202 5482 1792 5555; baseline 0.003 -19"><span class='ocrx_word' id='word_1_733' title='bbox 202 5482 325 5536; x_wconf 87' lang='lat' dir='ltr'><strong>dam</strong></span> <span class='ocrx_word' id='word_1_734' title='bbox 356 5482 495 5539; x_wconf 73' lang='lat' dir='ltr'><strong>locat</strong></span> <span class='ocrx_word' id='word_1_735' title='bbox 538 5486 680 5540; x_wconf 75' lang='lat' dir='ltr'><strong>inter</strong></span> <span class='ocrx_word' id='word_1_736' title='bbox 720 5487 913 5555; x_wconf 84' lang='lat' dir='ltr'><strong>oppida</strong></span> <span class='ocrx_word' id='word_1_737' title='bbox 946 5486 1241 5547; x_wconf 61' lang='lat' dir='ltr'><strong>Numidiae,</strong></span> <span class='ocrx_word' id='word_1_738' title='bbox 1276 5503 1431 5547; x_wconf 82' lang='lat' dir='ltr'><strong>quam</strong></span> <span class='ocrx_word' id='word_1_739' title='bbox 1478 5502 1597 5539; x_wconf 89' lang='lat' dir='ltr'><strong>cum</strong></span> <span class='ocrx_word' id='word_1_740' title='bbox 1630 5485 1792 5541; x_wconf 85' lang='lat' dir='ltr'><strong>Turre</strong></span> 
     </span>
    </p>
   </div>
   <div class='ocr_carea' id='block_1_102' title="bbox 203 5557 1544 5625">
    <p class='ocr_par' dir='ltr' id='par_1_102' title="bbox 203 5557 1544 5625">
     <span class='ocr_line' id='line_1_102' title="bbox 203 5557 1544 5625; baseline -0.001 -17"><span class='ocrx_word' id='word_1_741' title='bbox 203 5558 427 5625; x_wconf 84' lang='lat' dir='ltr'><strong>rotunda</strong></span> <span class='ocrx_word' id='word_1_742' title='bbox 454 5559 744 5611; x_wconf 86' lang='lat' dir='ltr'><strong>convenire</strong></span> <span class='ocrx_word' id='word_1_743' title='bbox 770 5572 927 5625; x_wconf 86' lang='lat' dir='ltr'><strong>posse</strong></span> <span class='ocrx_word' id='word_1_744' title='bbox 954 5558 1256 5623; x_wconf 76' lang='lat' dir='ltr'><strong>suspicatur</strong></span> <span class='ocrx_word' id='word_1_745' title='bbox 1278 5557 1544 5610; x_wconf 76' lang='lat' dir='ltr'><strong>llaluzius.</strong></span> 
     </span>
    </p>
   </div>
   <div class='ocr_carea' id='block_1_103' title="bbox 277 5623 1788 5694">
    <p class='ocr_par' dir='ltr' id='par_1_103' title="bbox 277 5623 1788 5694">
     <span class='ocr_line' id='line_1_103' title="bbox 277 5623 1788 5694; baseline 0.004 -19"><span class='ocrx_word' id='word_1_746' title='bbox 277 5623 430 5694; x_wconf 56' lang='lat' dir='ltr'><strong>(tuo)</strong></span> <span class='ocrx_word' id='word_1_747' title='bbox 472 5623 869 5680; x_wconf 77' lang='lat' dir='ltr'><strong>Selcndetensis.</strong></span> <span class='ocrx_word' id='word_1_748' title='bbox 918 5628 1061 5679; x_wconf 90' lang='lat' dir='ltr'><strong>lntcr</strong></span> <span class='ocrx_word' id='word_1_749' title='bbox 1104 5628 1382 5694; x_wconf 89' lang='lat' dir='ltr'><strong>episcopos</strong></span> <span class='ocrx_word' id='word_1_750' title='bbox 1428 5628 1515 5694; x_wconf 92' lang='lat' dir='ltr'><strong>qui</strong></span> <span class='ocrx_word' id='word_1_751' title='bbox 1558 5626 1788 5681; x_wconf 88' lang='lat' dir='ltr'><strong>concilio</strong></span> 
     </span>
    </p>
   </div>
   <div class='ocr_carea' id='block_1_104' title="bbox 204 5689 1786 5763">
    <p class='ocr_par' dir='ltr' id='par_1_104' title="bbox 204 5689 1786 5763">
     <span class='ocr_line' id='line_1_104' title="bbox 204 5689 1786 5763; baseline 0.005 -21"><span class='ocrx_word' id='word_1_752' title='bbox 204 5689 617 5763; x_wconf 70' lang='lat' dir='ltr'><strong>Cartltaginensi</strong></span> <span class='ocrx_word' id='word_1_753' title='bbox 650 5696 774 5748; x_wconf 85' lang='lat' dir='ltr'><strong>anni</strong></span> <span class='ocrx_word' id='word_1_754' title='bbox 801 5696 904 5749; x_wconf 74' lang='grc'><strong>525</strong></span> <span class='ocrx_word' id='word_1_755' title='bbox 937 5689 1301 5750; x_wconf 77' lang='lat' dir='ltr'><strong>interfuerunt</strong></span> <span class='ocrx_word' id='word_1_756' title='bbox 1343 5689 1653 5751; x_wconf 80' lang='lat' dir='ltr'><strong>nominatur</strong></span> <span class='ocrx_word' id='word_1_757' title='bbox 1682 5694 1786 5750; x_wconf 61' lang='lat' dir='ltr'><strong>It&#39;e-</strong></span> 
     </span>
    </p>
   </div>
   <div class='ocr_carea' id='block_1_105' title="bbox 208 5761 1148 5835">
    <p class='ocr_par' dir='ltr' id='par_1_105' title="bbox 208 5761 1148 5835">
     <span class='ocr_line' id='line_1_105' title="bbox 208 5761 1148 5835; baseline 0.001 -18"><span class='ocrx_word' id='word_1_758' title='bbox 208 5761 477 5820; x_wconf 71' lang='lat' dir='ltr'><strong>licissimus</strong></span> <span class='ocrx_word' id='word_1_759' title='bbox 500 5768 769 5835; x_wconf 78' lang='lat' dir='ltr'><strong>episcopus</strong></span> <span class='ocrx_word' id='word_1_760' title='bbox 798 5764 1110 5822; x_wconf 82' lang='lat' dir='ltr'><strong>Sedelensis.</strong></span> <span class='ocrx_word' id='word_1_761' title='bbox 1142 5821 1148 5835; x_wconf 41' lang='lat' dir='ltr'>I</span> 
     </span>
    </p>
   </div>
   <div class='ocr_carea' id='block_1_106' title="bbox 1894 4636 3489 4717">
    <p class='ocr_par' dir='ltr' id='par_1_106' title="bbox 1894 4636 3489 4717">
     <span class='ocr_line' id='line_1_106' title="bbox 1894 4636 3489 4717; baseline 0.001 -14"><span class='ocrx_word' id='word_1_762' title='bbox 1894 4648 2140 4703; x_wconf 87' lang='lat' dir='ltr'><strong>iidiensis</strong></span> <span class='ocrx_word' id='word_1_763' title='bbox 2174 4644 2349 4717; x_wconf 69' lang='grc'><strong>(422).</strong></span> <span class='ocrx_word' id='word_1_764' title='bbox 2379 4645 2606 4717; x_wconf 69' lang='lat' dir='ltr'><strong>Cumque</strong></span> <span class='ocrx_word' id='word_1_765' title='bbox 2632 4647 2958 4713; x_wconf 86' lang='lat' dir='ltr'><strong>accessisset,</strong></span> <span class='ocrx_word' id='word_1_766' title='bbox 2985 4646 3119 4717; x_wconf 83' lang='lat' dir='ltr'><strong>idem</strong></span> <span class='ocrx_word' id='word_1_767' title='bbox 3160 4636 3310 4702; x_wconf 88' lang='lat' dir='ltr'><strong>dixit.</strong></span> <span class='ocrx_word' id='word_1_768' title='bbox 3342 4648 3489 4704; x_wconf 84' lang='lat' dir='ltr'><strong>Man-</strong></span> 
     </span>
    </p>
   </div>
   <div class='ocr_carea' id='block_1_107' title="bbox 1893 4740 3490 4813">
    <p class='ocr_par' dir='ltr' id='par_1_107' title="bbox 1893 4740 3490 4813">
     <span class='ocr_line' id='line_1_107' title="bbox 1893 4740 3490 4813; baseline 0.003 -16"><span class='ocrx_word' id='word_1_769' title='bbox 1893 4741 2021 4797; x_wconf 89' lang='lat' dir='ltr'><strong>davi</strong></span> <span class='ocrx_word' id='word_1_770' title='bbox 2045 4750 2100 4797; x_wconf 92' lang='lat' dir='ltr'><strong>et</strong></span> <span class='ocrx_word' id='word_1_771' title='bbox 2135 4740 2451 4812; x_wconf 87' lang='lat' dir='ltr'><strong>subscripsi.</strong></span> <span class='ocrx_word' id='word_1_772' title='bbox 2485 4740 2619 4796; x_wconf 89' lang='lat' dir='ltr'><strong>Item</strong></span> <span class='ocrx_word' id='word_1_773' title='bbox 2654 4741 2904 4796; x_wconf 85' lang='lat' dir='ltr'><strong>recitavit.</strong></span> <span class='ocrx_word' id='word_1_774' title='bbox 2944 4741 3177 4797; x_wconf 88' lang='lat' dir='ltr'><strong>Donatus</strong></span> <span class='ocrx_word' id='word_1_775' title='bbox 3203 4743 3490 4813; x_wconf 81' lang='lat' dir='ltr'><strong>episcopus</strong></span> 
     </span>
    </p>
   </div>
   <div class='ocr_carea' id='block_1_108' title="bbox 1894 4832 3486 4909">
    <p class='ocr_par' dir='ltr' id='par_1_108' title="bbox 1894 4832 3486 4909">
     <span class='ocr_line' id='line_1_108' title="bbox 1894 4832 3486 4909; baseline 0.001 -18"><span class='ocrx_word' id='word_1_776' title='bbox 1894 4836 2290 4906; x_wconf 85' lang='lat' dir='ltr'><strong>Auzagerensis</strong></span> <span class='ocrx_word' id='word_1_777' title='bbox 2320 4834 2496 4909; x_wconf 72' lang='grc'><strong>(425).</strong></span> <span class='ocrx_word' id='word_1_778' title='bbox 2529 4832 2760 4906; x_wconf 87' lang='lat' dir='ltr'><strong>Cumque</strong></span> <span class='ocrx_word' id='word_1_779' title='bbox 2791 4837 3111 4903; x_wconf 83' lang='lat' dir='ltr'><strong>accessisset,</strong></span> <span class='ocrx_word' id='word_1_780' title='bbox 3156 4837 3289 4890; x_wconf 88' lang='lat' dir='ltr'><strong>idem</strong></span> <span class='ocrx_word' id='word_1_781' title='bbox 3333 4837 3486 4893; x_wconf 84' lang='lat' dir='ltr'><strong>dixit.</strong></span> 
     </span>
    </p>
   </div>
   <div class='ocr_carea' id='block_1_109' title="bbox 1897 4910 3491 5001">
    <p class='ocr_par' dir='ltr' id='par_1_109' title="bbox 1897 4910 3491 5001">
     <span class='ocr_line' id='line_1_109' title="bbox 1897 4910 3491 5001; baseline 0.003 -20"><span class='ocrx_word' id='word_1_782' title='bbox 1897 4925 2144 4981; x_wconf 84' lang='lat' dir='ltr'><strong>Mandavi</strong></span> <span class='ocrx_word' id='word_1_783' title='bbox 2168 4935 2223 4981; x_wconf 87' lang='lat' dir='ltr'><strong>et</strong></span> <span class='ocrx_word' id='word_1_784' title='bbox 2243 4926 2562 4995; x_wconf 79' lang='lat' dir='ltr'><strong>subscripsi.</strong></span> <span class='ocrx_word' id='word_1_785' title='bbox 2583 4910 2713 4981; x_wconf 84' lang='lat' dir='ltr'><strong>Item</strong></span> <span class='ocrx_word' id='word_1_786' title='bbox 2737 4927 2982 4983; x_wconf 87' lang='lat' dir='ltr'><strong>recitavit.</strong></span> <span class='ocrx_word' id='word_1_787' title='bbox 2999 4928 3185 4983; x_wconf 80' lang='lat' dir='ltr'><strong>Victor</strong></span> <span class='ocrx_word' id='word_1_788' title='bbox 3205 4928 3491 5001; x_wconf 86' lang='lat' dir='ltr'><strong>episcopus</strong></span> 
     </span>
    </p>
   </div>
   <div class='ocr_carea' id='block_1_110' title="bbox 1896 5014 3491 5088">
    <p class='ocr_par' dir='ltr' id='par_1_110' title="bbox 1896 5014 3491 5088">
     <span class='ocr_line' id='line_1_110' title="bbox 1896 5014 3491 5088; baseline 0.003 -17"><span class='ocrx_word' id='word_1_789' title='bbox 1896 5016 2304 5088; x_wconf 81' lang='lat' dir='ltr'><strong>Villaregensis.</strong></span> <span class='ocrx_word' id='word_1_790' title='bbox 2346 5014 2575 5088; x_wconf 89' lang='lat' dir='ltr'><strong>Cumque</strong></span> <span class='ocrx_word' id='word_1_791' title='bbox 2618 5018 2942 5080; x_wconf 87' lang='lat' dir='ltr'><strong>accessisset,</strong></span> <span class='ocrx_word' id='word_1_792' title='bbox 2985 5018 3119 5072; x_wconf 88' lang='lat' dir='ltr'><strong>idem</strong></span> <span class='ocrx_word' id='word_1_793' title='bbox 3159 5019 3308 5073; x_wconf 89' lang='lat' dir='ltr'><strong>dixit.</strong></span> <span class='ocrx_word' id='word_1_794' title='bbox 3342 5020 3491 5076; x_wconf 83' lang='lat' dir='ltr'><strong>Man-</strong></span> 
     </span>
    </p>
   </div>
   <div class='ocr_carea' id='block_1_111' title="bbox 1899 5108 3491 5185">
    <p class='ocr_par' dir='ltr' id='par_1_111' title="bbox 1899 5108 3491 5185">
     <span class='ocr_line' id='line_1_111' title="bbox 1899 5108 3491 5185; baseline 0.004 -20"><span class='ocrx_word' id='word_1_795' title='bbox 1899 5110 2021 5165; x_wconf 91' lang='lat' dir='ltr'><strong>davi</strong></span> <span class='ocrx_word' id='word_1_796' title='bbox 2063 5119 2117 5166; x_wconf 88' lang='lat' dir='ltr'><strong>et</strong></span> <span class='ocrx_word' id='word_1_797' title='bbox 2146 5110 2464 5180; x_wconf 78' lang='lat' dir='ltr'><strong>subscripsi.</strong></span> <span class='ocrx_word' id='word_1_798' title='bbox 2494 5108 2628 5164; x_wconf 85' lang='lat' dir='ltr'><strong>Item</strong></span> <span class='ocrx_word' id='word_1_799' title='bbox 2657 5111 2904 5166; x_wconf 84' lang='lat' dir='ltr'><strong>recitavit.</strong></span> <span class='ocrx_word' id='word_1_800' title='bbox 2942 5110 3181 5168; x_wconf 91' lang='lat' dir='ltr'><strong>Donatus</strong></span> <span class='ocrx_word' id='word_1_801' title='bbox 3206 5113 3491 5185; x_wconf 88' lang='lat' dir='ltr'><strong>episcopus</strong></span> 
     </span>
    </p>
   </div>
   <div class='ocr_carea' id='block_1_112' title="bbox 1972 5275 3486 5355">
    <p class='ocr_par' dir='ltr' id='par_1_112' title="bbox 1972 5275 3486 5355">
     <span class='ocr_line' id='line_1_112' title="bbox 1972 5275 3486 5355; baseline 0.007 -26"><span class='ocrx_word' id='word_1_802' title='bbox 1972 5275 2125 5355; x_wconf 63' lang='grc' dir='ltr'><strong>(42η</strong></span> <span class='ocrx_word' id='word_1_803' title='bbox 2164 5276 2207 5328; x_wconf 84' lang='grc' dir='ltr'><em>Α</em></span> <span class='ocrx_word' id='word_1_804' title='bbox 2237 5276 2523 5355; x_wconf 68' lang='lat' dir='ltr'><strong>Cibaligna.</strong></span> <span class='ocrx_word' id='word_1_805' title='bbox 2552 5278 2797 5355; x_wconf 64' lang='lat' dir='ltr'><strong>Concilio</strong></span> <span class='ocrx_word' id='word_1_806' title='bbox 2817 5279 3226 5355; x_wconf 74' lang='lat' dir='ltr'><strong>Carthaginensi</strong></span> <span class='ocrx_word' id='word_1_807' title='bbox 3259 5283 3359 5338; x_wconf 89' lang='lat' dir='ltr'><strong>sub</strong></span> <span class='ocrx_word' id='word_1_808' title='bbox 3379 5282 3486 5355; x_wconf 84' lang='lat' dir='ltr'><strong>Cy-</strong></span> 
     </span>
    </p>
   </div>
   <div class='ocr_carea' id='block_1_113' title="bbox 1899 5346 3490 5423">
    <p class='ocr_par' dir='ltr' id='par_1_113' title="bbox 1899 5346 3490 5423">
     <span class='ocr_line' id='line_1_113' title="bbox 1899 5346 3490 5423; baseline 0.007 -24"><span class='ocrx_word' id='word_1_809' title='bbox 1899 5348 2086 5423; x_wconf 78' lang='lat' dir='ltr'><strong>priano</strong></span> <span class='ocrx_word' id='word_1_810' title='bbox 2113 5346 2357 5423; x_wconf 80' lang='lat' dir='ltr'><strong>interfuit</strong></span> <span class='ocrx_word' id='word_1_811' title='bbox 2383 5346 2674 5423; x_wconf 59' lang='lat' dir='ltr'><strong>Dgnatusa</strong></span> <span class='ocrx_word' id='word_1_812' title='bbox 2696 5349 2981 5423; x_wconf 85' lang='lat' dir='ltr'><strong>Cibaliana.</strong></span> <span class='ocrx_word' id='word_1_813' title='bbox 3008 5346 3175 5422; x_wconf 90' lang='lat' dir='ltr'><strong>Cujus</strong></span> <span class='ocrx_word' id='word_1_814' title='bbox 3198 5346 3490 5423; x_wconf 70' lang='lat' dir='ltr'><strong>provincia:</strong></span> 
     </span>
    </p>
   </div>
   <div class='ocr_carea' id='block_1_114' title="bbox 1898 5415 3491 5493">
    <p class='ocr_par' dir='ltr' id='par_1_114' title="bbox 1898 5415 3491 5493">
     <span class='ocr_line' id='line_1_114' title="bbox 1898 5415 3491 5493; baseline 0.006 -23"><span class='ocrx_word' id='word_1_815' title='bbox 1898 5415 2075 5481; x_wconf 77' lang='lat' dir='ltr'><strong>fuerit,</strong></span> <span class='ocrx_word' id='word_1_816' title='bbox 2112 5416 2401 5493; x_wconf 75' lang='lat' dir='ltr'><strong>incertum.</strong></span> <span class='ocrx_word' id='word_1_817' title='bbox 2427 5418 2593 5493; x_wconf 84' lang='lat' dir='ltr'><strong>Forte</strong></span> <span class='ocrx_word' id='word_1_818' title='bbox 2610 5421 2759 5493; x_wconf 80' lang='lat' dir='ltr'><strong>idem</strong></span> <span class='ocrx_word' id='word_1_819' title='bbox 2790 5437 2909 5475; x_wconf 90' lang='lat' dir='ltr'><strong>cum</strong></span> <span class='ocrx_word' id='word_1_820' title='bbox 2933 5415 3292 5493; x_wconf 59' lang='lat' dir='ltr'><strong>Sebefianensi</strong></span> <span class='ocrx_word' id='word_1_821' title='bbox 3326 5425 3491 5493; x_wconf 84' lang='lat' dir='ltr'><strong>Byza-</strong></span> 
     </span>
    </p>
   </div>
   <div class='ocr_carea' id='block_1_115' title="bbox 1896 5487 3484 5555">
    <p class='ocr_par' dir='ltr' id='par_1_115' title="bbox 1896 5487 3484 5555">
     <span class='ocr_line' id='line_1_115' title="bbox 1896 5487 3484 5555; baseline 0.004 -14"><span class='ocrx_word' id='word_1_822' title='bbox 1896 5501 2073 5546; x_wconf 67' lang='lat' dir='ltr'><strong>cenae,</strong></span> <span class='ocrx_word' id='word_1_823' title='bbox 2114 5487 2181 5541; x_wconf 89' lang='lat' dir='ltr'><strong>de</strong></span> <span class='ocrx_word' id='word_1_824' title='bbox 2220 5504 2321 5555; x_wconf 83' lang='lat' dir='ltr'><strong>qua</strong></span> <span class='ocrx_word' id='word_1_825' title='bbox 2348 5490 2559 5541; x_wconf 86' lang='lat' dir='ltr'><strong>notitia.</strong></span> <span class='ocrx_word' id='word_1_826' title='bbox 2592 5490 2773 5543; x_wconf 74' lang='lat' dir='ltr'><strong>Adfuit</strong></span> <span class='ocrx_word' id='word_1_827' title='bbox 2815 5492 3047 5545; x_wconf 87' lang='lat' dir='ltr'><strong>concilio</strong></span> <span class='ocrx_word' id='word_1_828' title='bbox 3077 5487 3484 5555; x_wconf 73' lang='lat' dir='ltr'><strong>Carthagittensi</strong></span> 
     </span>
    </p>
   </div>
   <div class='ocr_carea' id='block_1_116' title="bbox 1897 5556 3485 5627">
    <p class='ocr_par' dir='ltr' id='par_1_116' title="bbox 1897 5556 3485 5627">
     <span class='ocr_line' id='line_1_116' title="bbox 1897 5556 3485 5627; baseline 0.003 -17"><span class='ocrx_word' id='word_1_829' title='bbox 1897 5558 1996 5611; x_wconf 90' lang='lat' dir='ltr'><strong>sub</strong></span> <span class='ocrx_word' id='word_1_830' title='bbox 2018 5556 2307 5623; x_wconf 86' lang='lat' dir='ltr'><strong>Bouifacio,</strong></span> <span class='ocrx_word' id='word_1_831' title='bbox 2329 5556 2659 5611; x_wconf 77' lang='lat' dir='ltr'><strong>Constantius</strong></span> <span class='ocrx_word' id='word_1_832' title='bbox 2686 5561 2957 5627; x_wconf 85' lang='lat' dir='ltr'><strong>episcopus</strong></span> <span class='ocrx_word' id='word_1_833' title='bbox 2984 5562 3233 5616; x_wconf 72' lang='lat' dir='ltr'><strong>Ecclesia:</strong></span> <span class='ocrx_word' id='word_1_834' title='bbox 3257 5556 3485 5616; x_wconf 82' lang='lat' dir='ltr'><strong>Cerbuli-</strong></span> 
     </span>
    </p>
   </div>
   <div class='ocr_carea' id='block_1_117' title="bbox 1898 5627 3044 5694">
    <p class='ocr_par' dir='ltr' id='par_1_117' title="bbox 1898 5627 3044 5694">
     <span class='ocr_line' id='line_1_117' title="bbox 1898 5627 3044 5694; baseline 0.003 -14"><span class='ocrx_word' id='word_1_835' title='bbox 1898 5638 2049 5682; x_wconf 79' lang='lat' dir='ltr'><strong>tante.</strong></span> <span class='ocrx_word' id='word_1_836' title='bbox 2082 5640 2257 5679; x_wconf 84' lang='lat' dir='ltr'><strong>annon</strong></span> <span class='ocrx_word' id='word_1_837' title='bbox 2290 5627 2528 5694; x_wconf 83' lang='lat' dir='ltr'><strong>ejusdem</strong></span> <span class='ocrx_word' id='word_1_838' title='bbox 2563 5628 2705 5681; x_wconf 88' lang='lat' dir='ltr'><strong>sedis</strong></span> <span class='ocrx_word' id='word_1_839' title='bbox 2732 5644 2851 5681; x_wconf 90' lang='lat' dir='ltr'><strong>cum</strong></span> <span class='ocrx_word' id='word_1_840' title='bbox 2883 5631 3044 5684; x_wconf 82' lang='lat' dir='ltr'><strong>istis?</strong></span> 
     </span>
    </p>
   </div>
   <div class='ocr_carea' id='block_1_118' title="bbox 1965 5694 3472 5766">
    <p class='ocr_par' dir='ltr' id='par_1_118' title="bbox 1965 5694 3472 5766">
     <span class='ocr_line' id='line_1_118' title="bbox 1965 5694 3472 5766; baseline 0.005 -18"><span class='ocrx_word' id='word_1_841' title='bbox 1965 5694 2114 5766; x_wconf 61' lang='lat'><strong>(422)</strong></span> <span class='ocrx_word' id='word_1_842' title='bbox 2158 5696 2484 5749; x_wconf 74' lang='lat' dir='ltr'><strong>Militlicnsis.</strong></span> <span class='ocrx_word' id='word_1_843' title='bbox 2520 5697 2683 5763; x_wconf 81' lang='lat' dir='ltr'><strong>Cujus</strong></span> <span class='ocrx_word' id='word_1_844' title='bbox 2716 5698 3005 5765; x_wconf 73' lang='lat' dir='ltr'><strong>provincia:</strong></span> <span class='ocrx_word' id='word_1_845' title='bbox 3046 5698 3147 5763; x_wconf 88' lang='lat' dir='ltr'><strong>sit,</strong></span> <span class='ocrx_word' id='word_1_846' title='bbox 3184 5703 3472 5756; x_wconf 89' lang='lat' dir='ltr'><strong>incertum.</strong></span> 
     </span>
    </p>
   </div>
   <div class='ocr_carea' id='block_1_119' title="bbox 1966 5765 3474 5841">
    <p class='ocr_par' dir='ltr' id='par_1_119' title="bbox 1966 5765 3474 5841">
     <span class='ocr_line' id='line_1_119' title="bbox 1966 5765 3474 5841; baseline 0.008 -21"><span class='ocrx_word' id='word_1_847' title='bbox 1966 5765 2117 5839; x_wconf 70' lang='lat'><strong>(4‘25)</strong></span> <span class='ocrx_word' id='word_1_848' title='bbox 2156 5765 2545 5839; x_wconf 73' lang='lat' dir='ltr'><strong>Auzagercnsis.</strong></span> <span class='ocrx_word' id='word_1_849' title='bbox 2588 5768 2645 5824; x_wconf 87' lang='lat' dir='ltr'><strong>in</strong></span> <span class='ocrx_word' id='word_1_850' title='bbox 2683 5767 2957 5839; x_wconf 83' lang='lat' dir='ltr'><strong>provincia</strong></span> <span class='ocrx_word' id='word_1_851' title='bbox 2998 5767 3277 5841; x_wconf 81' lang='lat' dir='ltr'><strong>Byzacena</strong></span> <span class='ocrx_word' id='word_1_852' title='bbox 3314 5772 3474 5832; x_wconf 88' lang='lat' dir='ltr'><strong>notit.</strong></span> 
     </span>
    </p>
   </div>
  </div>
