3838 6222
185 285 330 357 1319

1150 306 1374 376 GESTA
1416 305 1868 379 COLL-ATIONIS
1909 307 2529 380 CARTHAGINENSIS.

3346 309 3488 382 tsso

183 415 461 506 adulterio
495 417 758 475 detectus.
791 417 988 494 Adhuc
1025 423 1225 495 pendet
1264 426 1526 497 cognitio.
1559 424 1784 481 Marcet-
1813 429 1858 488 Α
1893 437 2076 498 postea
2109 437 2566 499 supervenerunt:
2594 431 2633 486 li
2674 432 2835 488 etiam
2863 431 2992 504 jubc
3027 440 3079 487 ut
3109 435 3307 506 cogniti
3336 453 3488 496 acce-

180 505 328 565 linus
354 509 430 567 vir
458 510 776 576 clarissimus
799 511 1032 568 tribunus
1058 523 1103 568 ct
1125 519 1356 574 notarius
1376 518 1528 573 dixit.
1561 518 1788 590 Episco-

181 612 318 671 pum
351 601 550 656 sufficit
585 602 930 668 ordinatum;
966 603 1067 666 bac
1107 617 1256 676 parte
1288 591 1511 675 transito
1533 651 1546 676 ,
1580 612 1786 681 reliqua

181 703 473 766 percurrat
511 694 773 752 ofﬁcium.
797 691 873 754 'Et
898 699 1146 755 recitavit.
1177 699 1464 762 Faustinus
1501 705 1790 776 episcopus

113 856 115 858 _
180 783 538 850 Nationensis
581 788 754 862 (458).
805 789 1034 861 Cumque
1082 791 1404 863 accessisset,
1453 799 1587 854 idem
1633 799 1784 854 dixit.

181 877 576 972 Adversariunt
606 897 713 936 non
738 882 932 957 habeo,
960 883 1208 948 mandavi
1233 896 1285 942 et
1310 887 1624 960 subscripsi.
1651 888 1786 945 Item

180 971 437 1037 recitauit.
473 971 776 1034 marcianus
805 976 1092 1047 episcopus
1113 976 1573 1036 Eminentius.....
1608 981 1780 1053 (4⁸59).

181 1063 604 1135 Episcopus.....
653 1067 708 1124 in
751 1068 948 1136 itinere
996 1073 1274 1128 remansit.
1319 1072 1472 1132 Felix
1521 1074 1786 1137 Novasin-

180 1158 372 1216 nensis
403 1160 696 1233 subscripsi
733 1177 833 1234 pro
862 1177 952 1222 eo.
982 1164 1203 1236 Alypius
1245 1169 1512 1239 episcopus
1545 1169 1785 1230 Ecclesire

176 1252 454 1316 catholicae
515 1253 666 1314 dixit.
726 1253 1012 1323 Quomodo
1076 1268 1371 1328 prasentes
1429 1264 1787 1331 praesentibus

179 1345 617 1425 mandaverunt?
655 1345 812 1419 Felix
855 1349 1265 1416 Nouasinnensis
1310 1355 1584 1428 episcOpus
1632 1360 1781 1415 dixit.

177 1439 306 1511 Ipse
351 1456 438 1497 me
484 1445 696 1514 rogavit
742 1445 796 1501 in
839 1444 1068 1514 itinere,
1113 1455 1167 1503 et
1210 1463 1312 1520 ego
1359 1464 1455 1520 pro
1498 1451 1616 1523 ipso
1656 1452 1786 1508 sub-

179 1533 400 1606 scripsi.

251 1626 382 1690 9.09.
412 1629 749 1698 Marcellinus
775 1633 852 1688 uir
877 1633 1198 1690 clarissimus
1221 1633 1456 1704 tribunus
1482 1644 1530 1693 et
1553 1638 1788 1695 notarius

174 1719 338 1782 dixit.
368 1721 521 1777 Licet
553 1721 655 1786 hoc
679 1723 878 1789 lectum
903 1732 1068 1802 atque
1108 1725 1313 1791 dictum
1345 1726 1446 1793 sit,
1475 1726 1619 1798 quod
1645 1743 1782 1798 prta.-

174 1821 368 1872 sentes
407 1816 788 1896 praesentibus
813 1817 1242 1887 mandaverunt;
1292 1829 1472 1879 tamen
1512 1837 1581 1878 ne
1624 1836 1775 1886 mora
1805 1826 1854 1888 Β
1885 1817 2163 1884 latisunt,
2213 1818 2515 1879 intimetur.
2562 1822 2870 1892 Rufinianus
2911 1826 3078 1880 scriba
3104 1829 3251 1881 dixit.
3283 1825 3484 1882 Catho-
3569 1864 3572 1865 ν

174 1907 454 1979 superﬂua
496 1916 826 1980 conteratur,
861 1909 1069 1982 reliqua
1107 1925 1390 1984 percurrat
1417 1915 1676 1972 officium.
1710 1914 1780 1976 Et

171 1998 430 2053 recitavit.
483 1999 744 2056 Martialis
786 2003 1074 2074 episcopus
1123 2004 1408 2062 ldicrensis
1457 2023 1552 2077 pro
1598 2008 1814 2073 Felice,

171 2088 446 2154 Garbensi
479 2092 633 2166 (440)
671 2103 729 2157 et
764 2094 920 2164 iusto
948 2097 1233 2158 Formensi
1262 2098 1434 2172 (441),
1469 2102 1560 2172 qui
1597 2103 1650 2157 in
1693 2102 1782 2160 iti-

168 2197 311 2244 nere
348 2199 510 2246 causa
553 2184 883 2255 inﬁrmitatis
934 2189 1138 2250 detenti
1185 2201 1349 2272 sunt,
1401 2209 1500 2263 pro
1533 2195 1613 2253 eis
1654 2195 1782 2253 sub1-

171 2277 395 2348 scripsi.
439 2279 776 2348 Marcellinus
811 2285 889 2342 uir
916 2274 1236 2347 clarissimus
1277 2290 1512 2358 tribunus
1540 2301 1589 2347 et
1632 2303 1782 2356 nota-

170 2369 289 2426 rius
315 2370 470 2431 dixit.
517 2372 692 2457 Etiam
734 2374 838 2432 hoc
881 2380 1146 2449 superiori
1193 2392 1408 2440 constat
1436 2399 1558 2456 esse
1597 2386 1778 2457 consi-

171 2463 329 2520 mile.
359 2463 429 2532 Et
460 2454 672 2538 adjecit.
701 2467 857 2526 Aliud
884 2472 1161 2528 recitetur.
1190 2454 1491 2531 Marcianus
1514 2454 1782 2547 episcopus

172 2555 428 2616 Ecclesia:
463 2561 732 2621 catholica:
775 2563 928 2620 dixit.
975 2564 1129 2622 Felix
1169 2568 1457 2639 episcopus
1487 2553 1780 2639 GarbenSis

166 2650 246 2707 de
291 2649 594 2718 domosua
627 2670 733 2718 non
779 2656 967 2715 exivit.
1014 2656 1084 2726 Et
1125 2658 1374 2716 recitavit.
1421 2659 1779 2732 [Gaudentius

170 2744 465 2815 episcopus
501 2745 826 2818 Tigisitanus
871 2748 1099 2824 (442).]
1143 2750 1448 2811 Cresconius
1508 2754 1780 2825 episcopus

173 2836 492 2907 Siguitanus
539 2837 688 2911 (445)
739 2828 891 2906 dixit.
935 2839 1273 2914 Gaudentius
1315 2829 1521 2914 collega
1569 2855 1776 2912 noster,

170 2930 466 3002 episcopus
495 2932 597 2990 loci
621 2932 928 3006 Tigisitani,
957 2934 1289 2996 inﬁrmitatis
1309 2951 1476 2995 causa
1500 2937 1554 2993 in
1577 2937 1775 2993 itinere

170 3026 471 3091 remansit;
507 3040 608 3095 pro
641 3041 706 3082 eo
732 3028 1052 3098 subscripsi.

247 3118 378 3174 211).
431 3116 842 3182 Fortunatianus
896 3121 1164 3192 episcopus
1220 3120 1470 3178 Ecclesia:
1513 3123 1782 3180 catholica

1893 522 2042 578 dant.
2076 521 2144 575 Et
2173 523 2276 577 alia
2303 540 2478 578 manu.
2513 525 2845 595 Rccognovi.

1962 612 2088 668 213.
2125 612 2459 673 Marcellinus
2501 616 2576 669 vir
2615 617 2934 676 clarissimus
2979 621 3214 676 tribunus
3246 634 3294 676 et
3337 633 3488 678 nota-

1889 707 2000 773 rius
2043 707 2192 762 dixit.
2236 705 2457 764 Interim
2492 722 2678 766 eorum
2725 728 2978 768 numerus
3021 715 3114 784 qui
3144 715 3488 785 subscripse-

1889 800 2035 866 runt,
2059 799 2128 854 ab
2149 797 2333 856 ofﬁcio
2352 799 2773 857 demonstretur.
2811 803 3121 873 Ruﬁnianus
3143 806 3310 861 s‘criba
3331 807 3485 863 dixit.

1891 892 2128 963 Excepta
2174 908 2237 950 ea
2291 892 2484 967 pagina
2530 892 2674 964 quin
2697 911 2939 954 errorem
2970 898 3132 954 habet
3164 901 3215 956 in
3247 899 3489 957 subscri-

1888 986 2071 1056 ptione
2121 987 2556 1053 Donatistarum,
2592 988 2898 1046 invenimus
2929 991 3149 1046 nomina
3193 993 3487 1052 contineri.

1890 1078 2224 1142 Marcellinus
2265 1081 2328 1138 V.
2359 1080 2420 1136 C.
2456 1082 2692 1139 tribunus
2723 1092 2768 1138 et
2798 1087 3027 1140 notarius
3055 1085 3202 1140 dixit.
3238 1087 3353 1158 Ipsa
3395 1103 3488 1148 au-

1889 1180 1994 1228 tem
2015 1174 2202 1244 pagina
2226 1183 2358 1245 quot
2379 1175 2688 1231 nominibus
2711 1165 3301 1250 contineturiiAlypius
3323 1181 3483 1250 episc.

1888 1263 2032 1324 Eccl.
2063 1267 2332 1327 catholica:
2352 1267 2503 1332 dixit.
2532 1266 2638 1324 Sex
2666 1269 3041 1326 annumeratis
3067 1271 3226 1325 etiam
3250 1272 3484 1328 absenti-

1889 1356 2006 1416 bus.
2044 1356 2254 1425 Etcum
2299 1359 2490 1417 diceret
2529 1360 2635 1434 (Et
2671 1362 2783 1417 alia
2822 1379 3000 1417 manu.
3049 1363 3298 1434 Recog.).
3334 1363 3486 1433 Ruﬁ-

1887 1449 2073 1516 nianus
2099 1451 2267 1512 scriba
2288 1452 2436 1511 dixit.
2471 1453 2600 1523 Sex,
2630 1469 2693 1511 ac
2718 1455 2796 1512 sic
2835 1455 3144 1512 efﬁciuntur
3169 1470 3358 1513 omnes
3386 1455 3484 1512 du-

1885 1542 2029 1598 centi
2060 1545 2393 1614 septuaginta
2421 1561 2639 1606 novem.

1955 1632 2084 1688 21L.
2127 1633 2468 1697 Marcellinus
2509 1640 2587 1695 uir
2617 1639 2935 1699 clarissimus
2977 1641 3214 1697 tribunus
3250 1651 3297 1696 et
3327 1633 3488 1696 nota?

1887 1726 1997 1784 rius
2021 1727 2169 1785 dixit.
2203 1727 2441 1797 Alterius
2471 1737 2683 1802 quoque
2714 1736 2881 1802 partis
2907 1745 3039 1806 quot
3067 1737 3304 1806 episcopi
3342 1737 3482 1791 reci-

1883 1911 2000 1974 lica:
2029 1912 2195 1982 partis
2241 1913 2480 1985 episcopi
2511 1913 2810 1971 secundum
2863 1916 3314 1986 subscriptionem
3359 1917 3482 1973 huic

1881 2006 2032 2066 brevi
2059 2006 2317 2067 insertam
2345 2006 2657 2065 efﬁciuntur
2683 2010 2899 2066 ducenti
2927 2012 3207 2081 sexaginta
3236 2028 3355 2078 sex,
3390 2029 3485 2066 ex-

1881 2098 2050 2168 ceptis
2080 2098 2164 2158 his
2185 2114 2321 2168 quos
2352 2099 2537 2158 dicunt
2559 2102 2788 2158 necdum
2816 2103 3227 2173 subscripsisse.
3269 2163 3273 2166 ,

1951 2189 2077 2252 215.
2123 2184 2459 2263 Marcellinus
2493 2191 2556 2249 ν.
2588 2193 2649 2248 C.
2678 2193 2912 2251 tribunus
2955 2205 3003 2250 et
3049 2195 3282 2251 notarius
3326 2197 3476 2250 dixit.

1880 2281 2033 2350 Nunc
2057 2292 2191 2353 quot
2213 2292 2340 2341 sunt
2366 2284 2402 2346 ii
2434 2299 2574 2355 quos
2609 2287 2995 2356 subscripsisse
3022 2295 3318 2354 testantur,
3366 2290 3477 2344 edi-

1879 2392 2006 2437 cere
2036 2392 2145 2432 non
2190 2386 2491 2435 morentur.
2532 2378 2752 2452 Alypius
2788 2381 3062 2450 episcopus
3104 2379 3353 2436 Ecclesia:
3395 2399 3484 2436 ca-

1861 2470 2086 2528 tholica:
2133 2471 2283 2529 dixit.
2358 2470 2656 2528 Transeant
2717 2482 2772 2529 et
2819 2483 3235 2544 cognoscantur.
3279 2474 3481 2545 Viginti

1882 2572 2026 2625 sunt.
2060 2562 2126 2623 Et
2153 2564 2260 2620 alia
2296 2580 2472 2625 manu.
2519 2565 2847 2637 Recognovi.
2898 2565 3236 2622 Marcellinus
3263 2567 3341 2623 air
3366 2567 3481 2625 ola-

1857 2657 2116 2718 ‘t‘itsimus
2147 2657 2380 2716 tribunus
2409 2667 2456 2713 et
2488 2660 2722 2716 notarius
2758 2660 2910 2714 dixit.
2951 2659 3123 2730 Ergo,
3167 2659 3213 2714 si
3249 2650 3478 2726 adsunt,

1882 2767 2035 2821 suam
2069 2752 2269 2810 debent
2290 2752 2487 2823 singuli
2515 2752 2893 2808 demonstrare
2928 2752 3293 2823 prxsentiam.
3323 2750 3480 2809 Cunt-

1882 2861 1978 2916 que
2003 2844 2331 2916 Apronianus
2358 2846 2628 2914 episcopus
2669 2845 2992 2910 accessisset,
3028 2843 3362 2901 Marcellinus
3405 2845 3480 2899 vir

1885 2939 2202 2995 clarissimus
2241 2937 2474 2992 tribunus
2504 2946 2551 2991 et
2587 2938 2820 2992 notarius
2849 2936 3000 2992 dixit.
3037 2933 3210 3006 Cujus
3246 2950 3306 2991 es
3345 2933 3477 2990 civi-

1889 3029 2013 3086 tatis
2037 3029 2359 3099 episcopusi
2388 3027 2717 3098 Apronianus
2738 3029 3008 3100 episcOpus
3029 3026 3279 3099 Ecclesia:
3302 3027 3480 3081 catho—

1885 3123 1999 3177 licte
2024 3122 2172 3177 dixit.
2212 3119 2544 3177 Mazacensis
2576 3119 2749 3191 (444).
2781 3119 3115 3183 Marcellinus
3155 3119 3232 3174 vir
3255 3119 3484 3176 clarissi-

174 3208 334 3274 dixit.
365 3209 643 3275 Testawm
681 3211 753 3266 sit
780 3213 918 3275 actis
960 3213 1326 3273 sublimitatis
1347 3224 1483 3286 tuae,
1513 3215 1635 3271 ideo
1667 3216 1781 3272 haec
1807 3211 1852 3280 Ε
1887 3232 1998 3269 mus
2028 3213 2260 3269 tribunus
2301 3224 2349 3268 et
2391 3213 2621 3268 notarius
2649 3212 2795 3268 dixit.
2829 3211 3113 3278 Mandato,
3145 3211 3228 3265 cui
3260 3226 3356 3280 per
3384 3210 3482 3266 ab-

172 3299 295 3357 ﬁeri
321 3309 379 3355 ut
403 3302 583 3370 major
605 3302 849 3358 videatur
869 3319 1054 3360 eorum
1082 3320 1340 3367 numerus
1365 3308 1773 3379 episcoporum;

168 3392 425 3462 quamvis
467 3407 567 3449 nec
606 3393 686 3449 sic
726 3393 1020 3454 Catholicis
1063 3395 1238 3465 possit
1284 3396 1512 3467 aequari.
1560 3396 1630 3453 Et
1671 3398 1778 3457 alia

171 3501 355 3542 manu.
392 3485 726 3557 Recognovi.
765 3486 896 3550 ltent
921 3488 1175 3547 recitavit.
1207 3489 1453 3549 Donatus
1492 3489 1778 3562 episcopus

170 3577 554 3635 Sucardcnsis.
602 3579 932 3642 Marinianus
976 3583 1242 3658 episcopus
1269 3583 1417 3644 dixit.
1464 3584 1559 3639 llic
1602 3584 1779 3653 estin

169 3671 434 3739 civitate;
457 3673 560 3729 sed
589 3662 835 3745 aegretat.

246 3769 377 3825 2H.
420 3769 760 3828 Marcellinus
789 3772 867 3828 uir
901 3772 1220 3828 clarissimus
1259 3771 1494 3828 tribunus
1536 3782 1581 3826 et
1623 3781 1774 3828 nota-

176 3861 296 3922 rius
325 3861 474 3917 dixit.
500 3861 572 3918 Ut
593 3863 779 3928 statui,
815 3863 948 3916 lecta
982 3864 1034 3919 in
1064 3864 1258 3918 seriem
1289 3863 1596 3918 referentur
1620 3872 1770 3918 acto-

178 3968 326 4008 rum.
358 3952 588 4020 Quotcni
631 3961 812 4009 autem
859 3954 968 4008 sint
1014 3953 1294 4024 utriusque
1324 3954 1491 4023 part-is
1534 3955 1774 4024 episcopi

171 4057 411 4114 quorum
438 4043 764 4115 subscriptio
796 4044 1018 4100 recitata
1057 4053 1174 4112 est,
1201 4045 1526 4101 .cauculatim
1575 4046 1776 4117 pandat

171 4132 440 4199 cilicium.
1302 4187 1312 4195 .

247 4223 380 4280 9.12.
431 4225 648 4297 Alypius
691 4227 967 4297 cpiscopus
1014 4225 1265 4285 Ecclesia
1309 4230 1573 4291 catholica

173 4317 374 4376 Adhuc
409 4328 533 4376 sunt
566 4328 868 4390 .pratsentes
897 4313 1118 4390 collegae
1149 4321 1356 4389 nostri,
1395 4323 1488 4393 qui
1531 4314 1771 4387 subseri.

172 4415 542 4486 ptionessuas
557 4412 817 4483 mandato
846 4428 952 4467 non
981 4412 1312 4478 indiderunt.
1340 4414 1599 4494 Occupati
1624 4415 1773 4478 enim

175 4507 396 4564 fuerant
434 4507 518 4577 vel
559 4496 921 4574 infirmitate,
947 4505 1034 4570 vel
1072 4507 1430 4574 necessitate,
1465 4508 1560 4568 ‘sel
1610 4508 1772 4565 etiam

1881 3305 2110 3363 sentiam
2137 3321 2246 3360 non
2273 3304 2664 3373 subscripsisti,
2691 3304 2999 3359 censentis?
3025 3301 3355 3374 Apronianus
3375 3302 3483 3372 epi-

1881 3414 2068 3468 scopus
2092 3397 2338 3462 Ecclesia:
2363 3395 2628 3451 catholicos
2650 3394 2704 3449 Μ
2709 3394 2968 3448 azacensis
2989 3393 3138 3457 dixit.
3161 3391 3478 3451 Consentio.

1881 3487 2017 3543 Item
2045 3499 2093 3543 et
2124 3489 2392 3544 accedente
2423 3486 2708 3544 Maximino
2737 3485 3008 3552 Suffetano
3037 3486 3298 3557 episc0po,
3344 3484 3482 3540 Mar-

1883 3581 2096 3636 cellinus
2121 3582 2198 3636 vir
2224 3580 2538 3636 clarissimus
2562 3580 2803 3635 tribunus
2829 3588 2875 3632 et
2895 3579 3127 3633 notarius
3158 3579 3308 3633 dixit.
3337 3577 3481 3634 Con—

1882 3673 2053 3732 sentis
2080 3682 2136 3727 tu
2165 3687 2376 3743 quoque
2404 3672 2690 3727 mandato?
2729 3671 2878 3724 Idem
2918 3671 3083 3737 dixit,
3114 3671 3406 3727 Consentio
3427 3681 3483 3727 ct

1884 3765 2099 3820 mando.
2155 3758 2609 3818 ltem'accedentc
2670 3763 2870 3818 Victore
2915 3763 3154 3832 episcctpo
3200 3762 3477 3832 Ajurensi,

1882 3842 2016 3910 idem
2036 3854 2184 3912 dixit.
2216 3853 2409 3908 Mando
2436 3863 2489 3908 et
2515 3853 2820 3910 consentio.
2847 3852 2981 3909 Item
3007 3846 3276 3912 accedente
3304 3851 3482 3918 Felice

1882 3949 2120 4021 episcopo
2163 3948 2327 4020 289
2366 3945 2585 4004 Ficense
2619 3945 2794 4020 (445),
2827 3947 2962 4001 idem
2999 3947 3150 4001 dixit.
3198 3947 3393 4003 Mando
3422 3956 3478 4003 et

1881 4037 2182 4098 consentio.
2240 4038 2374 4096 Item
2427 4041 2694 4096 accedente
2735 4039 2908 4096 Felice
2957 4041 3195 4111 episcopo
3249 4039 3482 4098 Macria-

1883 4132 2210 4198 nensi,'idem
2239 4132 2392 4187 dixit.
2418 4129 2616 4186 Mando
2647 4141 2698 4187 et
2719 4130 3020 4187 consentio.
3050 4130 3186 4185 Item
3213 4131 3482 4188 accedente

1881 4226 2045 4281 Lucio
2073 4226 2309 4299 episcoyo
2349 4223 2573 4281 Oliuensi
2604 4223 2782 4295 (446),
2811 4223 2948 4278 idem
2990 4223 3142 4279 dixit.
3182 4224 3380 4284 Mando
3425 4232 3482 4280 ct

1881 4321 2180 4376 consentio.
2214 4317 2348 4373 Item
2387 4318 2656 4374 accedente
2685 4317 3013 4374 Tertulliano
3057 4320 3293 4391 episcopo
3327 4319 3485 4378 Hirc—

1882 4415 2025 4470 nensi
2049 4414 2226 4486 (447),
2254 4413 2390 4469 idem
2417 4413 2568 4469 dixit.
2597 4411 2793 4469 Mando
2821 4423 2875 4468 et
2901 4413 3203 4472 consentio.
3236 4413 3264 4466 l
3272 4424 3371 4484 tem
3397 4429 3485 4469 uc-

1882 4508 2086 4562 cedeutc
2110 4504 2314 4562 Joanne
2338 4504 2670 4561 Gummilano
2698 4502 2852 4578 (448)
2880 4506 3141 4577 episcopo,
3169 4504 3305 4560 idem
3331 4504 3484 4560 dixit.

246 4662 402 4745 (4ἲᾷ8)
443 4662 796 4745 Nationensis.
825 4662 882 4720 in
905 4663 1179 4736 provincia
1207 4665 1508 4737 Byzacena,
1533 4664 1774 4726 utdocet
1797 4665 1851 4726 Β
1878 4665 2007 4745 ._Siga
2051 4662 2262 4745 colonia
2293 4661 2456 4745 apud
2499 4662 2856 4720 Ptolemteum
2883 4661 2979 4718 lib.
3013 4677 3064 4729 tr,
3107 4676 3226 4731 cap.
3258 4661 3315 4729 2,
3348 4670 3404 4716 et
3428 4662 3482 4722 in

168 4737 367 4799 notitia
400 4749 547 4792 num.
577 4735 666 4798 75.

242 4806 421 4879 (439)_
437 4804 788 4879 Eminentius.
822 4805 982 4860 Forte
1013 4805 1492 4879 Eminentianensis.
1527 4808 1589 4873 in
1616 4808 1767 4871 Mau-

1885 4733 2164 4794 ltlnerario
2200 4733 2482 4790 Antonini.

1946 4805 2104 4879 (444)
2145 4805 2486 4866 Mazacensis.
2535 4805 2595 4862 In
2636 4803 2912 4871 Numidia,
2960 4812 3020 4860 ut
3073 4803 3231 4860 docet
3274 4804 3468 4864 notitia

170 4875 370 4949 sjtania
390 4875 656 4949 Sitifensi,
677 4875 836 4949 notit.
854 4893 1006 4935 num.
1027 4877 1113 4944 14,
1132 4877 1558 4949 etsuppleudum
1584 4889 1770 4948 postea
1878 4875 2030 4936 num.
2061 4875 2184 4949 8l._'

171 4944 784 5011 Felix‘Novasinnensis
831 4949 1101 5018 episcopus
1148 4944 1401 5005 dixit'fln
1446 4944 1638 5015 itinere
1676 4967 1771 5014 Ie-

170 5019 398 5097 mansit,
425 5017 717 5097 subscripsi
735 5033 845 5097 pro
867 5034 952 5074 eo.
979 5017 1131 5076 Hunc
1157 5019 1334 5097 locum
1364 5022 1438 5078 ita
1470 5022 1763 5082 restituen-

169 5090 305 5147 dum
325 5103 452 5160 esse
464 5097 631 5160 putat
658 5088 924 5160 Baluzius.

244 5158 404 5232 (440)
447 5157 713 5232 (ἶανὺεῃδὶ.
741 5158 799 5215 In
831 5161 1096 5229 Numidia,
1129 5169 1185 5216 ut
1211 5162 1367 5232 docet
1399 5164 1584 5220 notitia
1614 5181 1764 5228 num.

173 5222 314 5298 109,
359 5222 880 5303 VictorisCarbensis
918 5222 1127 5300 mentio
1174 5233 1231 5288 lit
1261 5222 1506 5300 inpetis
1551 5222 1768 5303 concilii

170 5304 442 5374 Cirtensis
470 5312 525 5374 et
543 5302 686 5372 apud
714 5302 965 5374 Optatum
993 5304 1085 5359 lib.
1117 5321 1157 5370 ι,
1192 5323 1338 5359 num.
1375 5306 1463 5362 14.

251 5371 407 5501 344:)
448 5371 734 5430 Formensi.
763 5371 979 5430 'ltidcm
1022 5377 1075 5429 in
1118 5375 1371 5432 Numidia
1416 5379 1572 5432 nolit.
1617 5395 1767 5432 num.

296 5487 306 5501 .
403 5445 550 5500 rbani
604 5444 900 5501 Formensis
955 5447 1202 5501 meminit
1256 5447 1484 5501 Ontatus
1542 5449 1636 5501 lib.
1693 5465 1766 5501 ιι.

175 5444 306 5518 104,
352 5444 550 5500 Urbani
604 5444 900 5501 Formensis
955 5447 1202 5503 meminit
1256 5447 1484 5518 Optatus
1542 5449 1636 5504 lib.
1693 5465 1766 5518 ll,

177 5516 208 5589 §
239 5517 328 5589 18a

1947 4949 2102 5022 (445)
2135 4947 2373 5022 Picense.
2424 4946 2483 5022 In
2533 4947 2855 5022 [ﬁant-itania
2882 4945 3263 5022 Si_tifensi,_ttt
3313 4945 3477 5010 docet

1813 5017 2255 5078 "notitia'num.
2308 5021 2400 5075 2‘3.
2449 5019 2509 5076 In
2540 5019 2759 5075 Tabulis
2787 5017 3230 5088 Peutingerianis
3272 5032 3484 5075 metune

1877 5103 2026 5148 ratur
2056 5094 2124 5148 ad
2154 5091 2360 5158 Ficum,
2391 5093 2480 5162 qui
2506 5091 2657 5146 locus
2683 5091 2738 5146 in
2773 5089 3039 5145 Antonini
3068 5088 3357 5145 Itinerario
3401 5088 3482 5148 ως

1875 5175 2028 5219 catur
2059 5167 2198 5218 inter
2230 5165 2543 5231 Satafam,‘et
2572 5162 2856 5233 Igilgilim.

1950 5236 2100 5305 (446)
2135 5229 2380 5291 Οιὶυεηδῖ.
2415 5229 2818 5305 lit—Mauritania
2858 5230 3122 5305 Sitiiett_si_.
3160 5229 3292 5305 Nam
3329 5229 3482 5305 Oliva

1879 5300 2090 5362 locatur
2111 5305 2256 5362 inter
2285 5306 2531 5361 Assavam
2569 5315 2625 5359 et
2663 5303 2903 5375 Maptum
2937 5303 2992 5358 in
3021 5301 3230 5358 Tabula
3257 5300 3482 5357 Peutin-

1878 5379 2115 5450 geriana.

1951 5446 2098 5519 (447)
2130 5447 2436 5519 Hirenensi.
2463 5445 2780 5519 Habeturin
2809 5444 2999 5498 notitia
3033 5443 3349 5519 provinciae
3377 5443 3484 5519 ily-

1880 5513 2089 5574 zaccnre
2113 5535 2259 5572 Itum.
2289 5519 2378 5574 94.
2409 5516 2607 5570 Irensis
2636 5516 2926 5584 episcopus,
2960 5521 3017 5568 et
3039 5513 3347 5584 Synodica:
3375 5513 3485 5584 ny.—

249 5585 400 5657 (449)
442 5580 782 5657 Τίϐίδλιαηαὲτο
831 5587 1165 5657 Μτιυτίιτιηίθθ
1207 5589 1577 5646 Caesariensis.
1630 5589 1767 5644 Nam
1872 5604 2191 5644 zacenorum
2218 5593 2268 5643 in
2296 5587 2526 5643 concilio
2553 5580 2916 5657 Latcrnnensi
2952 5584 3052 5657 sub
3089 5580 3325 5635 Mat-tino
3353 5580 3484 5634 sub-

175 5656 784 5729 suprasubscripserat
831 5658 968 5729 alter
1015 5656 1330 5728 Tigisitanus
1386 5661 1653 5729 episcopus
1702 5660 1761 5716 in

175 5725 540 5798 Numidiatut
567 5741 599 5798 a_
624 5727 777 5783 nobis
804 5725 1146 5798 observatum
1179 5743 1398 5798 estcap.
1418 5725 1560 5798 ⁷155.

1871 5659 2054 5715 scribit
2075 5658 2374 5713 Theodorus
2401 5657 2668 5724 episcopus
2686 5651 3028 5724 llirinensis.

1938 5728 2088 5800 (448)
2135 5718 2484 5800 Gummitano.
2533 5718 2791 5800 Ejusdem
2831 5719 3189 5800 provincite,
3235 5727 3295 5772 ut
3322 5718 3485 5800 tinget

251 5794 409 5867 (445)
441 5786 772 5865 Βίριιίιαηαε.
825 5797 952 5852 Erat
989 5797 1040 5852 in
1085 5786 1402 5856 Mauritania
1442 5797 1764 5856 Caesariensi
1868 5786 2242 5856 noiitia'num.
2284 5797 2390 5864 89,
2414 5786 2666 5853 concilio
2699 5786 3120 5861 Carthaginensi
3171 5803 3317 5846 anno
3346 5786 3479 5856 525,
