3838 6222
414 221 548 278 1351

1369 214 1598 275 GESTA
1635 215 2090 276 COLLATIONIS
2130 214 2758 293 CARTHAGINENSIS.

3574 221 3702 277 1352

411 332 606 389 Mando
654 341 710 388 et
758 332 1056 389 consentio.
1111 331 1246 385 Item
1293 333 1565 413 accedente
1615 333 1846 406 Ampelio
1899 332 2002 388 Va-
2032 336 2086 395 Α
2110 335 2262 389 dixit.
2297 335 2484 392 Utrum
2518 312 2553 390 ii
2586 343 2790 390 tantum
2822 333 3002 389 adsint
3041 332 3132 402 qui
3161 345 3190 385 a
3227 331 3479 401 partibus
3511 349 3703 389 secun-

413 426 558 496 gensi
584 422 735 497 (449)
762 424 895 476 idem
932 421 1082 476 dixit.
1119 420 1313 476 Mando
1339 433 1394 478 et
1421 414 1726 480 cOnsentio.
1759 424 1893 480 Item
1919 443 2006 479 ac-

411 520 618 575 cedente
647 515 880 570 Primula
910 514 1148 586 episcOpo
1182 514 1436 590 Vagense,
1463 519 1600 572 idem
1630 519 1784 573 dixit.
1813 517 2007 574 Mando

410 619 464 664 et
507 607 807 662 consentio.
869 605 1087 677 Alypius
1130 607 1400 678 episcOpus
1454 607 1701 664 Ecclesia:
1741 608 2007 664 catholica:

407 699 556 754 dixit.
595 698 696 754 Diu
723 698 1034 755 observavit
1057 699 1298 755 Severus
1327 700 1501 773 (450),
1533 701 1629 757 sed
1673 717 1814 757 nunc
1860 700 2009 756 inﬁr-

406 789 596 845 mitate
630 789 900 845 discessit.
951 789 1085 844 Item
1122 792 1392 846 accedente
1419 792 1617 865 Regina
1653 793 1890 862 episcopo
1918 791 2007 844 Ti-

405 879 702 951 gillabensi,
744 879 882 934 idem
924 879 1077 936 dixit.
1109 881 1307 938 Mando
1342 891 1398 938 et
1436 883 1737 940 consentio.
1787 883 2004 952 Alypius

403 968 676 1040 episcopus
724 969 970 1026 Ecclesia:
1009 972 1277 1028 catholicae
1320 974 1469 1027 dixit.
1516 974 1812 1043 Delphinus
1853 970 2003 1043 (451)

402 1056 693 1133 episcopus
720 1063 806 1119 hic
835 1073 953 1131 est,
998 1065 1093 1121 sed
1129 1065 1437 1121 inﬁrmitate
1471 1067 1760 1121 detinetur.
1790 1065 1919 1119 Nam
1948 1072 2004 1118 et

405 1153 789 1212 Faustinianus
809 1157 1095 1228 episc0pus
1126 1159 1543 1214 Rusiceadensis
1571 1157 1658 1212 hic
1687 1166 1795 1219 est,
1824 1158 1876 1210 in
1902 1155 2002 1210 hac

401 1247 646 1314 civitate,
675 1248 771 1304 sed
801 1248 943 1303 male
974 1249 1158 1314 habet,
1192 1259 1245 1304 et
1271 1249 1419 1303 Felix
1443 1251 1778 1304 Serteitanus
1807 1247 1997 1318 pedem

401 1340 570 1397 dolet.
595 1340 730 1396 Item
753 1344 1024 1396 accedente
1049 1340 1252 1396 Victore
1272 1343 1511 1412 episwpo
1537 1339 1842 1407 Abitinensi,
1864 1341 2001 1395 idem

399 1434 549 1488 dixit.
580 1433 773 1488 Mando
799 1443 851 1489 et
879 1433 1181 1488 consentio.
1222 1432 1350 1488 Item
1388 1434 1658 1489 accedente
1686 1431 1860 1488 .Enea
1886 1433 1998 1503 epi-

395 1541 551 1595 scopo
580 1542 613 1578 a
644 1524 928 1578 Turbunice
968 1523 1147 1596 (452),
1191 1525 1327 1579 idem
1363 1525 1518 1581 dixit.
1554 1526 1749 1580 Mando
1791 1534 1845 1581 et
1871 1541 2002 1580 con-

393 1617 589 1672 sentio.
646 1615 778 1670 Item
834 1621 1104 1672 accedente
1155 1616 1450 1672 Annibanio
1502 1609 1744 1689 episcopo
1792 1616 1999 1671 Abbiri-

2111 424 2238 480 dum
2263 427 2541 495 imperiale
2566 433 2893 497 praeceptum
2916 425 3073 480 electi
3100 437 3222 478 esse
3245 433 3574 486 noscuntur.
3599 428 3708 481 edi-

2109 525 2198 572 cat
2226 517 2487 591 ofﬁcium.
2521 517 2832 586 Ruﬁnianus
2854 517 3020 570 scriba
3048 515 3201 568 dixit.
3234 514 3414 570 Partis
3447 517 3704 572 Ecclesiae

2109 608 2386 663 catholicae
2413 607 2705 662 secundum
2730 608 2955 661 formam
2989 605 3152 661 edicti
3183 614 3265 660 tot
3283 615 3433 661 stant
3460 649 3476 674 ,
3503 606 3560 660 id
3589 617 3699 674 est,

2108 700 2295 755 decem
2318 708 2370 754 et
2397 709 2538 765 octo,
2571 698 2623 752 id
2642 707 2747 764 est,
2779 708 2986 768 septem
3009 709 3243 766 actores,
3275 709 3490 771 septem
3515 702 3694 756 consi-

2107 788 2246 844 liarii
2267 832 2281 855 ,
2313 772 2367 843 et
2389 799 2620 858 quatuor
2659 788 2725 842 ad
2756 789 2992 844 chartas.
3030 789 3202 844 Etiam
3227 788 3296 847 ex
3322 800 3481 861 parte
3513 793 3699 848 Donati

2105 877 2320 930 adstant
2341 876 2528 931 decem
2559 886 2610 931 et
2635 885 2780 943 oeto,
2806 887 3017 949 septem
3038 890 3253 938 actores
3278 921 3294 949 ,
3324 891 3542 953 septem
3572 898 3702 940 cou-

2105 965 2290 1020 sﬂiarii
2314 1007 2329 1030 ,
2359 974 2415 1021 et
2445 977 2676 1037 quatuor
2705 967 2775 1024 ad
2797 969 3039 1026 chartas.

2173 1056 2304 1114 219.
2347 1057 2685 1135 Marcellinus
2708 1063 2782 1116 uir
2803 1063 3123 1119 clarissimus
3145 1067 3378 1122 tribunus
3403 1077 3455 1123 et
3484 1069 3703 1126 notarius

2104 1151 2256 1204 dixit.
2288 1150 2482 1206 Edicat
2522 1153 2794 1220 officium,
2832 1167 3097 1227 quantum
3141 1158 3250 1214 diei
3297 1160 3416 1230 jam
3461 1160 3698 1216 videatur

2102 1257 2404 1299 emensum.
2438 1244 2752 1314 Rufinianus
2773 1251 2941 1304 scriba
2963 1251 3114 1304 dixit.
3148 1250 3435 1322 Exempta:
3457 1261 3586 1308 sunt
3609 1254 3697 1307 ho-

2105 1351 2180 1391 rae
2210 1337 2461 1393 undecim
2489 1339 2619 1396 diei.
2884 1351 2889 1355 ‘
3055 1333 3058 1336 “
3191 1354 3194 1359 '

2172 1428 2302 1484 220.
2347 1429 2683 1487 Marcellinus
2714 1433 2791 1488 vir
2831 1434 3148 1490 clarissimus
3193 1436 3435 1490 tribunus
3466 1446 3515 1492 et
3555 1449 3694 1492 nota-

2102 1522 2210 1585 rius
2242 1523 2392 1578 dixit.
2423 1525 2690 1593 Quoniam
2726 1527 2830 1582 diei
2857 1543 2994 1597 pene
3015 1543 3233 1585 omnem
3259 1540 3469 1598 partem
3495 1538 3697 1584 consult

2103 1632 2400 1682 emensam,
2445 1618 2649 1674 idcirco
2680 1629 2861 1675 utrum
2885 1636 2953 1677 ex
2979 1622 3258 1678 communi
3300 1638 3575 1677 consensu
3604 1638 3691 1678 nc-

393 1718 517 1764 tano
543 1707 724 1780 (153),
757 1709 892 1764 idem
919 1710 1067 1764 dixit.
1103 1709 1296 1765 Mando
1321 1722 1376 1766 et
1411 1713 1712 1767 consentio.
1750 1710 1886 1767 Item
1914 1728 1999 1766 ac-
2027 1721 2076 1781 Β
2102 1711 2304 1780 gotium
2348 1709 2556 1767 dilferri
2586 1713 2828 1782 placeat,
2874 1712 3171 1770 intimetur.
3206 1714 3283 1769 Ab
3314 1718 3547 1787 utrisque
3574 1733 3685 1785 par-

396 1801 604 1857 cedente
648 1800 824 1856 Felice
866 1802 1107 1873 episcopo
1138 1789 1384 1858 "Novensi
1431 1800 1616 1874 (454),
1667 1802 1801 1856 idem
1847 1803 1998 1857 dixit.

402 1893 596 1949 Mando
648 1905 703 1950 et
757 1893 1060 1952 consentio.
1108 1893 1242 1948 Item
1288 1894 1556 1948 accedente
1603 1894 1818 1964 Argyr-io
1870 1895 2000 1950 Siti-

401 1989 550 2058 pensi
580 1986 750 2059 (455),
778 1987 914 2041 idem
943 1987 1094 2041 dixit.
1125 1985 1317 2041 Mando
1347 1995 1403 2040 et
1433 1987 1736 2041 consentio.

465 2080 592 2138 216.
629 2079 966 2135 Marcellinus
1004 2079 1082 2134 vir
1121 2079 1440 2134 clarissimus
1471 2079 1705 2132 tribunus
1751 2087 1799 2132 et
1841 2087 1990 2133 nota-

401 2175 513 2238 rius
543 2174 695 2229 dixit.
726 2172 866 2242 Quot
893 2183 1018 2228 sunt
1048 2172 1135 2228 isti
1161 2186 1391 2241 quorum
1417 2171 1684 2242 professio
1706 2187 1848 2226 nunc
1874 2186 2000 2242 pro-

396 2267 589 2329 cessit,
627 2265 806 2322 edicat
837 2265 1100 2320 cilicium.
1137 2263 1397 2335 Nampius
1423 2265 1588 2319 scriba
1616 2265 1766 2319 dixit.
1800 2265 1999 2336 Viginti

394 2373 541 2420 sunt.
575 2361 912 2416 Marcellinus
944 2361 1022 2415 uir
1050 2360 1376 2414 clarissimus
1408 2360 1640 2414 tribunus
1679 2371 1725 2414 et
1767 2361 1998 2415 notarius

402 2454 554 2510 dixit.
582 2436 838 2509 omnium
875 2451 1256 2523 episcoporum
1290 2453 1458 2524 partis
1489 2453 1766 2520 utriusque
1803 2452 1999 2507 claruit

396 2556 451 2603 et
477 2555 624 2603 certa
651 2559 776 2601 esse
815 2544 1068 2600 mandata
1095 2585 1110 2611 ,
1146 2553 1200 2599 et
1230 2543 1416 2598 ﬁrmas
1460 2527 1675 2598 adstare
1707 2557 1990 2612 personas.

396 2638 466 2694 Et
490 2638 613 2694 ideo
639 2637 840 2694 debent
866 2635 1210 2708 egredientes
1242 2634 1434 2706 reliqui
1477 2636 1556 2691 eis
1581 2635 1692 2706 jam
1730 2644 1992 2706 priestare

394 2738 692 2796 secretum,
723 2727 920 2799 quibus
952 2743 1114 2784 omne
1140 2727 1415 2798 negmium
1443 2710 1818 2782 crediderunt.

469 2823 598 2878 217.
640 2803 860 2893 Alypius
905 2821 1176 2892 episcopus
1223 2816 1473 2873 Ecclesiae
1523 2818 1794 2875 catholica:
1835 2819 1986 2874 dixit.

399 2915 671 2986 Scriptum
701 2914 773 2970 sit
797 2923 1012 2970 centum
1045 2913 1232 2984 viginti
1262 2927 1385 2969 esse
1419 2913 1700 2978 absentes,
1732 2927 1868 2984 quos
1897 2920 1990 2968 aut

397 3009 702 3073 inﬁrmitas,
725 3017 813 3062 aut
843 3017 999 3073 setas,
1031 3015 1122 3061 aut
1144 3014 1292 3061 certe
1315 3005 1613 3061 necessitas
1641 3004 1893 3060 detinuit.
1918 3004 1988 3059 Et

2103 1803 2237 1859 tibus
2257 1805 2450 1861 dictum
2472 1815 2562 1860 est.
2595 1806 2779 1863 Placet
2806 1824 2818 1860 :
2847 1810 3100 1878 quoniam
3124 1807 3237 1878 jam
3270 1808 3375 1863 iste
3403 1807 3525 1862 dies
3549 1807 3690 1863 vide-

2102 1907 2189 1952 llll‘
2214 1910 2490 1953 emensus.

2169 1988 2296 2042 221.
2332 1987 2667 2043 Marcellinus
2707 1990 2784 2042 air
2829 1990 3147 2044 clarissimus
3197 1989 3436 2043 tribunus
3466 1999 3513 2042 et
3553 1996 3688 2041 nota-

2096 2081 2206 2133 rius
2232 2079 2385 2134 dixit.
2417 2079 2474 2134 ln
2503 2095 2663 2150 quem
2710 2080 2853 2136 diem
2898 2080 3013 2135 haec
3053 2081 3166 2150 ipsa
3197 2080 3691 2152 comperendinatio

2097 2171 2399 2239 dill'eratur,
2430 2187 2555 2242 pars
2586 2181 2820 2240 utraque
2845 2172 3113 2245 designet.

2170 2264 2388 2337 Alypius
2416 2267 2687 2335 episcopus
2727 2265 2972 2322 Ecclesia:
3018 2267 3287 2323 catholici:
3341 2268 3494 2323 dixit.
3544 2266 3687 2321 Sicut

2097 2357 2278 2412 edicto
2304 2357 2557 2412 nobilitas
2590 2365 2678 2412 tua
2709 2359 3342 2438 praescripsit,‘crastino
3364 2359 3686 2426 intermisso,

2096 2439 2322 2520 propter
2349 2449 2771 2520 descriptionem
2811 2450 3133 2508 Schedarum
3152 2494 3168 2521 ,
3196 2452 3460 2522 perendie
3489 2453 3534 2508 si
3563 2468 3688 2524 prx-

2109 2540 2246 2610 cipis
2268 2540 2694 2597 observabimus.
2728 2541 2795 2595 Et
2823 2543 2928 2596 alia
2958 2560 3138 2607 manu.
3164 2543 3501 2614 Recognovi.
3534 2544 3687 2597 Adeo-

2094 2633 2245 2687 datus
2267 2634 2542 2704 episcOpus
2564 2634 2717 2689 dixit.
2749 2635 2924 2690 Etiam
2953 2651 3052 2692 nos
3079 2637 3478 2705 consentimus,
3508 2648 3565 2692 ut
3601 2653 3683 2706 pe-

2095 2726 2324 2782 rendino
2348 2726 2434 2782 die
2455 2727 2727 2798 negotium
2754 2736 3063 2800 peragatur.
3092 2729 3158 2785 Et
3178 2732 3288 2786 alia
3312 2748 3492 2786 manu.
3519 2732 3683 2788 Adeo-

2093 2819 2250 2874 datus
2277 2821 2566 2890 episcopus
2591 2821 2904 2892 recognovi.
3333 2818 3335 2820 ’

2161 2910 2290 2964 222.
2324 2910 2659 2967 Marcellinus
2704 2915 2781 2968 vir
2819 2915 3140 2970 clarissimus
3181 2917 3423 2971 tribunus
3469 2927 3515 2971 et
3545 2929 3684 2971 nota-

2090 3003 2199 3058 rius
2226 3004 2375 3059 dixit.
2409 3005 2559 3060 Sicut
2585 3007 2828 3075 partibus
2871 3008 3110 3077 placuit,
3140 3009 3429 3079 interjecta
3473 3011 3560 3065 die
3587 3026 3676 3064 nc-

396 3103 503 3156 alia
531 3116 708 3154 manu.
735 3099 1067 3170 Recognovi.
1100 3097 1438 3152 Marcellinus
1456 3098 1534 3151 vir
1553 3097 1868 3152 clarissimus
1898 3098 1991 3151 tri-
2017 3104 2063 3168 ί]
2093 3097 2296 3168 gotium
2324 3108 2620 3167 repetatur.
2647 3097 2782 3154 Illud
2809 3109 2990 3155 autem
3020 3113 3268 3170 utrmque
3294 3113 3483 3173 partes
3511 3104 3682 3158 obser-

395 3192 563 3248 bunus
592 3200 639 3247 et
681 3192 914 3246 notarius
941 3190 1091 3244 dixit.
1133 3181 1405 3258 Scriptum
1435 3190 1538 3245 erit
1563 3189 1854 3244 Petilianus
1885 3190 1991 3262 epi-

391 3303 576 3359 παρίω
595 3286 746 3340 dixit.
777 3283 1051 3356 Scriptum
1078 3283 1151 3338 sit
1177 3283 1346 3338 multo
1385 3283 1568 3353 plures
1597 3282 1859 3356 [nostros]
1897 3284 1988 3338 ab-

397 3388 579 3437 sentes
617 3393 738 3436 esse
760 3419 776 3446 ,
809 3378 973 3434 etiam
1018 3375 1319 3433 Cathedras
1346 3377 1592 3432 viduatas
1613 3417 1628 3440 ,
1661 3378 1852 3447 quibus
1879 3378 1993 3448 epi-

397 3472 548 3543 scopi
575 3470 857 3528 ordinandi
887 3477 1033 3524 snnl.
1059 3468 1131 3522 Et
1158 3468 1264 3524 alia
1291 3484 1469 3522 manu.
1520 3467 1590 3523 Ut
1614 3482 1795 3538 supra.
1842 3467 1990 3521 Mar-

392 3549 607 3621 cellinus
631 3565 710 3619 uir
738 3563 1055 3618 clarissimus
1086 3561 1322 3616 tribunus
1347 3571 1395 3615 et
1422 3562 1653 3616 notarius
1694 3561 1846 3617 dixit.
1879 3561 1991 3616 Hoc

390 3673 606 3734 quoque
625 3667 774 3728 gesta
796 3654 1128 3712 retinebunt.
1157 3645 1573 3708 Fortunatianus
1596 3653 1868 3723 episcOpus
1890 3651 1992 3707 Ec-

392 3751 564 3810 clesix
591 3749 857 3806 catholicis
898 3747 1154 3805 Siccensis
1183 3747 1334 3802 dixit.
1373 3747 1506 3815 Quia
1535 3746 1604 3802 de
1633 3745 1868 3801 viduatis
1898 3762 1991 3801 ca-

397 3844 606 3901 thedris
647 3842 787 3898 dixit
833 3842 1211 3896 sanctissimus
1261 3839 1593 3902 Petilianus,
1631 3855 1728 3894 nos
1777 3854 1994 3909 quoque

395 3921 678 4007 scraginta
727 3944 958 4006 quatuor
988 3948 1185 3988 vacuas
1230 3931 1435 3986 habere
1465 3931 1549 3986 his
1577 3931 1742 4001 gestis
1780 3930 1994 3984 intima-

393 4043 535 4084 mns.
571 4026 906 4081 Marcellinus
935 4025 1011 4079 vir
1039 4024 1360 4078 clarissimus
1395 4022 1625 4076 tribunus
1654 4031 1704 4076 et
1751 4023 1983 4075 notarius

392 4122 545 4177 dixit.
577 4120 752 4178 Etiam
780 4120 881 4177 hoc
910 4118 1080 4173 haeret
1109 4116 1339 4188 publicis
1367 4115 1735 4170 monumentis
1763 4113 1854 4187 [Et
1891 4116 1984 4169 ad»

393 4216 536 4282 iecit.
570 4213 905 4270 Remaneant
934 4212 1214 4282 utriusque
1243 4212 1413 4282 partis
1438 4211 1678 4283 episc0pi
1710 4211 1800 4281 qui
1824 4211 1982 4267 electi

388 4304 535 4378 sunt]
558 4316 614 4362 et
641 4305 728 4360 alii
755 4314 968 4361 exeant.
1003 4304 1208 4373 Quibus
1239 4305 1506 4375 egressis:

457 4397 585 4454 218.
621 4397 956 4454 Marcellinus
984 4397 1060 4452 vir
1087 4396 1402 4453 clarissimus
1424 4396 1656 4452 tribunus
1684 4405 1732 4452 et
1756 4399 1986 4453 notarius

2102 3203 2228 3244 vare
2251 3189 2525 3245 debebunt
2543 3232 2556 3255 ,
2591 3199 2647 3245 ut
2684 3190 2996 3262 designatos
3024 3194 3283 3248 custodes
3308 3195 3680 3263 exeeptoribus

2099 3292 2261 3354 atque
2291 3284 2568 3340 codicibus
2594 3283 2647 3339 in
2667 3284 3038 3342 describendis
3065 3287 3280 3343 schedis
3305 3289 3584 3359 invigilare
3611 3287 3680 3341 fa-

2099 3375 2276 3442 ciant,
2307 3385 2570 3445 quatenus
2598 3375 2828 3432 ﬁdeliter
2852 3378 3029 3433 omnia
3053 3379 3474 3435 conscribuntur
3506 3398 3522 3438 :
3563 3380 3681 3434 alios

2105 3485 2321 3540 quoque
2369 3470 2554 3536 binos,
2590 3477 2650 3525 ut
2693 3472 2942 3541 quaterni
2991 3473 3132 3535 sint.
3181 3475 3327 3528 sicut
3369 3473 3672 3543 dispositum

2100 3573 2214 3628 est,
2245 3562 2327 3616 his
2352 3564 2445 3632 qui
2471 3579 2644 3633 nuper
2669 3552 3022 3634 exceperunt,
3049 3563 3310 3619 adhibere
3341 3564 3614 3620 custodes.

2166 3656 2291 3711 225.
2320 3657 2536 3728 Alypius
2558 3657 2829 3729 episcOpus
2857 3656 3105 3712 Ecclesia;-
3125 3657 3394 3712 catholica:
3410 3658 3558 3712 dixit.
3582 3654 3670 3710 Alii

2094 3748 2202 3804 duo
2237 3758 2535 3819 praesentes
2558 3759 2713 3817 sunt,
2747 3751 2889 3805 sicut
2908 3749 3025 3820 jam.
3045 3760 3098 3804 et
3125 3749 3364 3805 ofﬁcium
3394 3749 3670 3822 suggessit,

2095 3842 2144 3897 id
2174 3852 2256 3896 est
2276 3883 2290 3909 ,
2319 3843 2511 3898 fratres
2548 3843 2718 3897 nostri
2745 3841 2855 3897 Leo
2883 3850 2937 3898 et
2965 3843 3232 3898 Asterius.
3280 3841 3351 3897 Et
3377 3843 3485 3897 alia
3515 3860 3667 3897 maria.

2094 3936 2434 4006 Recognovi.
2475 3935 2777 3990 Primianus
2806 3937 3078 4008 episcopus
3107 3937 3259 3992 dixit.
3298 3937 3504 3993 Damus
3529 3939 3668 3994 etiam

2097 4046 2195 4086 nos
2222 4029 2482 4086 custodes
2505 4030 2806 4086 tabularum
2830 4039 3078 4102 quatuor.
3110 4031 3259 4086 Duos
3280 4029 3392 4102 jam
3421 4032 3666 4107 dedimus,

2095 4121 2233 4178 duos
2264 4136 2406 4177 nunc
2433 4122 2791 4192 subrogamus
2816 4165 2830 4189 ,
2867 4121 2921 4177 id
2947 4131 3061 4188 est,
3089 4122 3444 4178 Veratianum
3478 4135 3532 4179 et
3557 4124 3666 4178 Vic-

2034 4243 2048 4252 -
2095 4226 2292 4283 torem,
2327 4226 2622 4288 praesentes
2642 4218 2876 4288 collegas
2905 4228 3142 4274 nostros.
3174 4217 3243 4272 Et
3261 4219 3368 4274 alia
3390 4236 3559 4273 manu.
3585 4218 3666 4272 Pe-

2095 4312 2316 4368 tilianus
2345 4313 2634 4385 episcopus
2676 4314 2990 4384 recognovi.
3025 4313 3365 4368 Marcellinus
3397 4316 3473 4368 air
3508 4315 3666 4368 claris-

2097 4404 2257 4460 simus
2302 4404 2536 4461 tribunus
2587 4413 2635 4460 ct
2664 4406 2897 4460 notarius
2927 4406 3077 4460 dixit.
3114 4404 3293 4460 Etiam
3342 4404 3461 4461 istis
3496 4404 3665 4459 adver-

389 4555 681 4635 subscribit
735 4554 1047 4635 Sabinianus
1089 4556 1357 4635 episcgpm
1414 4557 1572 4626 plebis
1637 4555 1976 4635 Gummengr-
2005 4561 2055 4620 D
2154 4562 2310 4634 (450)
2342 4561 2580 4635 seuerus.
2630 4563 2931 4635 Episcopus
2960 4563 3300 4619 Milevitanus
3333 4564 3654 4625 catholicus,

391 4641 578 4686 tarum.
627 4628 911 4698 Synodica:
952 4627 1169 4682 Patrum
1215 4627 1614 4698 Byzacenorum
1646 4630 1699 4682 in
1740 4629 1975 4684 concilio

390 4700 734 4770 Lateranensi
761 4698 863 4753 sub
890 4698 1117 4770 Mar-tino
1141 4700 1461 4770 subscripsit
1479 4698 1771 4770 Stephanus
1800 4698 1971 4770 Epist.

389 4769 605 4827 civitatis
636 4767 949 4824 Gummasis.
979 4768 1190 4824 Smcalo
1215 4769 1545 4832 undecimo,
1572 4767 1813 4837 iempore
1844 4767 1980 4826 Leo-

390 4845 475 4899 nis
516 4839 586 4896 IX
624 4854 745 4894 cum
775 4838 1034 4894 Ecclesia:
1073 4838 1341 4894 Africanae
1380 4840 1619 4908 episcopi
1662 4841 1732 4894 ob
1778 4841 1975 4896 Barba-

390 4929 573 4971 rornm
615 4911 849 4980 illuviem
895 4910 1133 4980 quinque
1173 4919 1379 4963 tantum
1422 4920 1805 4976 superessent,
1838 4926 1976 4966 unus

389 5001 458 5042 ex
486 4984 553 5039 iis
577 4990 694 5038 erat
735 4979 1124 5048 Gumm’itanus,
1155 4981 1246 5050 qui
1294 4980 1539 5050 primatis
1569 4995 1762 5050 nonien
1795 4992 1848 5034 et
1881 4983 1978 5036 ho-

390 5070 579 5112 norem
609 5052 913 5120 ambiebat,
944 5062 1002 5107 ut
1045 5060 1194 5124 patet
1232 5049 1306 5107 exi
1338 5051 1534 5107 Leonis
1564 5049 1634 5104 IX
1671 5052 1914 5122 epistolis
1942 5053 1976 5108 5

388 5144 614 5278 θιῖιὶιθ)
649 5193 899 5278 ﬁngens-1:.
927 5192 983 5250 In
1012 5195 1244 5278 concilio
1284 5193 1701 5278 Carthaginiensi.
1741 5194 1841 5277 sub
1870 5195 1974 5277 Cy:

388 5264 771 5342 pri'ano'adluit
798 5264 1018 5342 Libasus
1040 5283 1071 5320 a
1109 5264 1532 5342 Vaga,_concil_io
1560 5264 1970 5342 garthagiuen‘si

385 5335 486 5398 sub
515 5341 683 5400 Grato
709 5337 948 5391 interfuit
977 5335 1220 5408 Crescens
1257 5337 1526 5408 Vagensis.
1564 5335 1888 5392 Ptblemzeus
1920 5345 1974 5391 ct

388 5413 593 5469 Plinius
618 5409 811 5481 duplic
885 5426 918 5481 'r
941 5407 1140 5481 Vagam
1166 5407 1466 5481 agnoscunt
1491 5449 1503 5481 ,
1527 5424 1706 5481 unam
1741 5410 1790 5462 in
1825 5411 1973 5464 Mau-

387 5485 577 5540 ritania
601 5479 953 5546 Caesariensi,
981 5479 1220 5536 alteram
1252 5483 1302 5535 in
1345 5479 1614 5535 Numidia.
1665 5483 1973 5548 Ampelium

389 5555 547 5638 hujus
584 5554 924 5638 episcopum.
951 5553 1118 5637 fuisse
1158 5553 1500 5638 crediderim.
1559 5553 1622 5634 [ξι
1661 5552 1769 5606 duo
1795 5562 1976 5638 ἐει-λιιι

389 5622 632 5695 episcopi
656 5622 1028 5696 hujusurbis,
1064 5639 1185 5679 cum
1218 5625 1491 5696 Ampelius
1514 5623 1745 5694 primum
1795 5623 1973 5679 Dona-

395 5702 517 5759 tista
537 5694 604 5752 ad
631 5694 926 5753 Ecclesium
948 5696 1289 5754 accessisset.

2082 4633 2344 4707 ad’quem
2370 4633 2658 4707 Augustini
2681 4633 2909 4707 epistola
2952 4636 3044 4704 7'5,
3077 4645 3133 4691 et
3170 4637 3328 4706 cujus
3357 4636 3570 4706 epistola
3602 4635 3660 4690 ad

2082 4706 2440 4776 Augustinum
2474 4717 2555 4761 est
2583 4706 2671 4762 69.

2153 4778 2306 4850 (451)
2337 4777 2647 4850 Delphinus.
2683 4777 2981 4850 Episcopus
3009 4777 3308 4843 Numidiae,
3341 4789 3398 4834 ut
3439 4787 3576 4850 patet
3596 4793 3653 4833 ex

2082 4848 2257 4918 capite
2277 4847 2369 4914 63,
2400 4860 2454 4903 et
2484 4865 2550 4904 ex
2582 4849 2806 4918 epistola
2833 4850 2935 4905 158
2964 4849 3023 4906 S.
3060 4851 3369 4920 Augustini.

2157 4938 2308 5011 (452)
2337 4940 2377 4994 Α
2404 4939 2715 4995 Turbunice.
2748 4941 3047 4996 Provinciae
3075 4943 3499 5010 proconsularis.
3537 4941 3654 4997 Nam

2083 5009 2367 5080 Synodicm
2405 5011 2620 5080 Patrum
2659 5012 2816 5080 hujus
2848 5009 3140 5078 provincia:
3169 5015 3221 5068 in
3248 5016 3481 5071 concilio
3504 5013 3652 5069 Late-

2079 5079 2299 5159 ranensi
2338 5079 2438 5134 sub
2484 5081 2726 5159 Martiae
2752 5083 3047 5159 subscribit
3079 5081 3328 5159 Crescens
3368 5087 3530 5159 gratia
3571 5084 3656 5138 Dei

2080 5152 2348 5223 episcOpus
2379 5160 2568 5204 sanctae
2599 5150 2848 5206 Ecclesia:
2876 5152 3279 5210 Tiburnicensis.

2151 5244 2303 5314 (455-)
2338 5243 2657 5298 Abbiritano.
2710 5244 3126 5298 Abbiritanorum
3166 5247 3380 5304 scilicet
3421 5250 3650 5303 minorum

2079 5315 2131 5371 in
2159 5315 2352 5370 ﬁnibus
2376 5316 2665 5384 provincia:
2695 5316 3114 5383 proconsularis.

2150 5404 2304 5478 (45b)
2339 5403 2599 5478 Novensi,
2631 5384 2742 5478 seti
2783 5405 3036 5461 Nobensi.
3080 5408 3294 5478 Duplex
3333 5406 3577 5464 Nobensis
3603 5408 3648 5462 in

2079 5477 2392 5534 Mauritania
2439 5477 2794 5546 Caesariensi,
2833 5488 2892 5534 ut
2925 5478 3084 5535 docet
3135 5477 3295 5535 nctit.
3340 5495 3476 5536 unus
3512 5495 3643 5535 num.

2081 5551 2168 5616 19,
2192 5549 2330 5603 alter
2359 5564 2511 5604 num.
2543 5547 2634 5604 95.

2154 5617 2305 5691 (455)
2337 5619 2608 5689 Sitipensi.
2638 5618 2802 5692 Cujus
2827 5621 3120 5694 provinciae
3142 5623 3247 5693 sit,
3281 5624 3552 5682 incertum.
