3838 6222
231 199 371 256 1553

1184 194 1415 254 GESTA
1453 190 1900 251 COLLATIONIS
1937 186 2557 247 CARTHAGINENSIS.

3371 192 3391 246 1
3402 189 3507 249 351

225 315 496 379 sontibus,
520 311 572 369 id
600 311 739 383 quod
766 317 948 382 postea
971 321 1253 381 exceptum
1285 321 1397 376 est,
1424 309 1648 381 signatis
1673 324 1813 363 nunc
1840 324 1888 384 Α
1918 305 2280 372 venientibus,
2307 308 2457 361 locus
2480 302 2795 361 considendi
2825 316 2944 359 esse
2966 319 3073 361 non
3098 313 3327 375 poterat.
3348 310 3501 368 Unde

231 406 428 462 tabulis
456 404 693 461 crastino
717 403 1073 460 describetur.
1112 403 1174 457 Et
1198 404 1306 457 alia
1334 420 1508 456 manu.
1540 403 1802 456 Etlamur.

229 497 365 553 Item
392 497 496 552 alia
517 512 695 551 manu.
741 495 953 551 Hilarus
980 502 1035 551 et
1063 495 1321 551 Martialis
1347 482 1664 565 esceptores
1695 494 1811 549 edi-

226 589 432 646 dimus.

494 678 796 752 Expliciunt
821 679 974 739 Gesta
1004 681 1183 753 prima:
1210 681 1536 753 cognitionis.

394 839 554 912 290
598 837 939 896 INCIPIUNT
996 838 1218 896 GESTA
1288 837 1630 895 SECUNDE

785 928 1235 988 COGNITIONIS.
1516 954 1517 957 η

302 1047 510 1103 Flavius
536 1046 867 1102 Marcellinus
888 1046 964 1100 vir
985 1044 1300 1099 clarissimus
1334 1053 1380 1098 et
1400 1043 1697 1113 spectabilis
1718 1043 1813 1097 tri-

220 1141 390 1196 bunus
410 1152 454 1197 et
478 1142 703 1196 notarius
728 1138 876 1194 dixit.
900 1137 1149 1195 Omnium
1174 1136 1500 1191 conscientia
1523 1136 1807 1200 retinetur,

219 1232 277 1287 id
309 1248 395 1287 me
421 1231 619 1286 dudum
643 1229 821 1285 edicto
860 1228 1136 1299 proposito
1166 1226 1335 1282 fuisse
1377 1226 1679 1296 pollicitum
1704 1267 1719 1292 ,
1753 1236 1807 1279 ut

221 1320 483 1393 quidquid
523 1321 663 1376 inter
692 1320 972 1389 utriusque
1004 1317 1171 1387 partis
1198 1306 1488 1387 episcOpos
1517 1327 1768 1385 ageretur
1788 1357 1804 1382 ,

219 1414 453 1470 subinde
497 1415 551 1469 in
597 1412 862 1482 publicam
889 1410 1136 1466 notitiam
1168 1410 1498 1479 perveniret.
1543 1407 1699 1464 Unde
1744 1423 1805 1464 ea

218 1527 343 1582 qua:
373 1510 586 1565 interim
623 1518 773 1581 gesta
816 1515 973 1571 sunt,
1021 1505 1290 1561 sanctitati
1321 1511 1516 1560 vestrm
1546 1503 1806 1558 demons-

220 1613 369 1660 trare
392 1603 607 1667 curavi,
636 1608 903 1672 quatenus
929 1596 1097 1652 habiti
1120 1606 1323 1665 partem
1345 1594 1625 1650 conﬂictus
1645 1592 1806 1648 etiam

218 1698 397 1753 oculis
419 1692 692 1766 judicetis.
724 1691 790 1746 Et
816 1692 921 1746 alia
950 1706 1125 1743 manu.
1151 1687 1517 1757 Proponatur.

296 1794 348 1848 1.
385 1790 510 1845 Post
558 1788 879 1842 consulatum
932 1783 1155 1838 Varanis
1201 1779 1298 1834 viri
1343 1777 1620 1833 clarissimi
1666 1775 1813 1831 tertio

220 1899 387 1938 nonas
414 1879 604 1935 Iunias
634 1880 687 1933 in
716 1875 985 1933 secretario
1018 1872 1357 1927 Thermarum
1386 1867 1812 1941 Gargilianarum

217 1968 548 2042 Carthagini,
581 1962 897 2020 adstantibus
925 1961 1250 2017 Sebastiano.
1281 1956 1601 2011 Maximiano
1630 1964 1677 2008 et
1710 1952 1812 2005 Pe-

220 2069 337 2126 tro,
365 2041 488 2113 uiris
524 2053 859 2110 devotissimis
891 2047 1253 2118 protectoribus
1279 2044 1567 2099 domesticis
1590 2085 1604 2108 ,
1641 2041 1776 2097 Ursa
1795 2082 1809 2108 ,

222 2152 472 2207 Petronio
498 2157 544 2203 et
570 2146 753 2201 Liboso
773 2142 1084 2207 ducenariis,
1110 2141 1197 2195 sed
1220 2148 1267 2195 et
1296 2137 1573 2206 Bonifacio
1600 2144 1649 2189 et
1680 2134 1815 2188 Eva-

219 2246 305 2302 sio
332 2240 709 2317 apparitoribus
742 2234 1026 2291 illustrium
1051 2242 1199 2303 atque
1224 2229 1554 2285 eminentium
1581 2234 1809 2297 potesta-

225 2347 358 2403 tum,
378 2333 546 2389 Fileto
565 2331 860 2402 apparitore
886 2327 1100 2382 illustris
1123 2325 1372 2381 comitium
1392 2322 1549 2388 sedis,
1579 2321 1812 2376 Exitioso

224 2431 465 2505 adjutore
492 2423 868 2490 Cornicularii,
898 2420 1162 2486 Possidio,
1198 2416 1554 2488 Quodvultdeo
1580 2425 1624 2472 et
1657 2415 1814 2470 Colo-

224 2524 363 2588 nico,
391 2518 709 2595 adjutoribus
733 2515 1212 2573 commentariorum
1236 2512 1387 2583 oﬂicii
1413 2508 1626 2564 Domini
1650 2510 1810 2564 nostri

224 2618 325 2674 uiri
352 2614 625 2671 clarissimi
665 2621 712 2666 et
756 2609 1043 2682 spectabilis
1074 2604 1391 2678 proconsulis
1411 2644 1427 2669 ,
1467 2601 1689 2673 Nauigia
1715 2600 1811 2655 ad-

214 2711 399 2781 jutore
417 2719 743 2761 numerorum
773 2699 978 2755 Domini
1002 2697 1162 2751 nostri
1187 2695 1281 2749 viri
1302 2692 1572 2748 clarissimi
1592 2700 1640 2745 et
1661 2707 1779 2764 spec
1794 2721 1807 2731 -

224 2801 397 2855 labilis
424 2799 601 2853 vicarii
623 2839 637 2864 ,
677 2794 903 2865 Nampio
943 2792 1112 2846 scriba
1138 2788 1287 2860 ofﬁcii
1314 2787 1409 2841 uiri
1435 2785 1706 2840 clarissimi
1733 2784 1807 2837 lc-

223 2893 334 2963 gati
360 2892 513 2945 alma:
532 2887 877 2954 Carthaginis,
900 2882 1184 2953 Ruﬁniano
1212 2878 1381 2934 scriba
1408 2877 1505 2931 viri
1534 2874 1810 2930 clarissimi

224 2981 481 3037 curatoris
504 2979 652 3034 celsas
673 2975 1021 3045 Carthaginis,
1045 2969 1416 3041 accipientibus
1442 2969 1594 3023 etiam
1622 2964 1807 3020 Hilaro

222 3083 271 3130 et
293 3072 611 3129 Praetextata
632 3066 981 3141 exceptoribus
1009 3062 1217 3117 Domini
1241 3061 1399 3114 nostri
1420 3058 1514 3112 viri
1536 3054 1807 3111 clarissimi
1831 3083 1876 3144 C

221 3174 269 3221 et
318 3162 605 3236 spectabilis
658 3156 1012 3233 proconsulis,
1063 3152 1227 3206 Fabio
1278 3158 1546 3218 exceptare
1593 3144 1805 3200 Domini

219 3257 387 3313 nostri
410 3257 505 3310 viri
533 3251 805 3308 clarissimi
847 3256 894 3304 et
924 3244 1215 3319 spectabilis
1244 3242 1422 3297 vicarii
1445 3282 1459 3306 ,
1493 3250 1539 3295 et
1580 3238 1803 3293 Romula

220 3358 488 3417 exceptare
511 3347 609 3401 uiri
638 3343 908 3399 clarissimi
929 3341 1084 3412 legati
1110 3339 1258 3395 alma:
1282 3334 1610 3409 Carthaginis
1630 3374 1643 3398 ,
1668 3333 1805 3386 exci-

219 3438 478 3511 pientibus
506 3452 704 3510 quoque
728 3434 983 3489 Januario
1029 3442 1076 3488 et
1116 3423 1282 3485 Vitale
1311 3426 1522 3482 notariis
1565 3423 1805 3478 Ecclesia:

218 3533 510 3600 catholicte,
538 3530 743 3586 Victore
764 3539 808 3584 et
831 3528 1098 3583 Cresconio
1121 3523 1333 3578 notariis
1361 3514 1802 3574 Ecclesite'Dana-

218 3626 491 3693 tistarum,
546 3621 761 3677 Libosus
812 3617 1118 3673 ducenarius
1164 3612 1441 3667 illustrium
1490 3616 1797 3679 potestatum

217 3719 352 3773 dixit
379 3734 398 3772 :
427 3714 689 3785 Quoniam
720 3714 773 3768 in
804 3710 1122 3765 hodiernum
1150 3705 1292 3760 diem
1321 3699 1798 3770 comperendinata

215 3806 466 3878 Cognitio
513 3811 631 3869 est,
679 3810 737 3857 et
775 3806 1070 3870 prmsentes
1121 3804 1246 3850 sunt
1292 3791 1571 3861 utriusque
1631 3788 1799 3858 partis

216 3896 495 3968 episcopi,
518 3894 562 3949 si
586 3892 739 3962 jubet
762 3888 1061 3945 sublimitas
1093 3896 1202 3949 tua,
1244 3883 1690 3939 intromittentur.

288 3987 345 4039 2.
376 3982 591 4038 Flavius
634 3978 971 4036 Marcellinus
1015 3978 1091 4031 vir
1136 3975 1453 4030 clarissimus
1495 3971 1725 4025 tribunus
1750 3977 1797 4023 et

214 4075 448 4132 notarius
475 4074 625 4128 dixit.
660 4071 907 4126 Veniant.
938 4068 1003 4123 Et
1033 4066 1274 4139 ingressis
1300 4062 1547 4130 Aurelio,
1568 4061 1755 4133 Alypio
1778 4101 1793 4126 ,

212 4169 521 4241 Augustino,
562 4164 845 4228 Vincentio,
878 4160 1183 4225 Fortunato,
1216 4156 1624 4219 Fortunatiano,
1658 4151 1794 4206 Pos-

210 4264 350 4319 sidio
375 4304 391 4330 ,
425 4261 628 4317 Novato
647 4300 661 4325 ,
696 4257 960 4313 Florentio
987 4297 1001 4321 ,
1033 4253 1324 4309 Maurentio
1348 4292 1364 4317 ,
1393 4247 1575 4303 Prisco
1597 4288 1613 4312 ,
1642 4245 1795 4300 Sere-

210 4360 391 4421 niano,
418 4355 710 4427 Banifacio,
738 4352 1007 4416 Scillacio,
1037 4349 1304 4415 Denterio,
1337 4345 1527 4407 Leone,
1554 4341 1751 4396 Asteria
1773 4380 1789 4406 ,

1920 401 2041 469 quia
2076 417 2217 456 nunc
2248 400 2498 456 delinitas
2540 399 2695 455 video
2735 400 3049 455 convenisse
3082 417 3374 472 personas,
3407 405 3500 460 dc-

1919 505 2112 560 precor
2151 502 2208 546 ut
2238 494 2321 546 Vel
2352 507 2493 548 nunc
2523 492 2711 547 sedere
2732 491 3041 562 dignemini.

1988 586 2041 639 4.
2074 584 2363 641 Petilianus
2391 589 2661 657 episcopus
2691 586 2839 640 dixit.
2884 586 3135 641 Patribus
3177 591 3373 646 nostris
3404 593 3498 647 ab-

1914 680 2157 735 sentibus
2183 694 2287 735 non
2312 680 2584 749 sedemus,
2609 682 2853 736 maxime
2878 695 2998 735 cum
3025 681 3142 752 lege
3170 682 3348 738 divina
3377 700 3500 740 con-

1917 786 2100 828 sessus
2136 772 2512 851 prohibeatur;
2559 789 2629 829 ne
2671 789 2793 829 cum
2825 774 3127 845 hujusmodi
3175 776 3496 834 adversariis

1917 866 2120 921 nostris
2158 866 2443 922 considere
2470 866 2718 922 velimus.
2762 866 2830 920 Et
2867 868 2971 922 alia
2998 884 3173 921 manu.
3204 869 3499 926 Petilianus

1915 956 2199 1026 episcopus
2220 958 2530 1026 recognovi.

1987 1048 2042 1103 5.
2080 1047 2416 1103 Marcellinus
2455 1050 2531 1103 vir
2566 1050 2881 1104 clarissimus
2907 1052 3138 1106 tribunus
3184 1063 3228 1107 et
3272 1056 3497 1109 notarius

1914 1139 2064 1193 dixit.
2096 1140 2150 1195 Si
2178 1141 2492 1210 petitionem
2516 1156 2689 1196 meam
2717 1134 2969 1197 sanctitas
2995 1156 3168 1198 vestra
3195 1144 3378 1199 audire
3405 1164 3501 1199 ne-

1913 1229 2080 1299 glexit
2103 1270 2118 1297 ,
2150 1241 2211 1284 ut
2229 1231 2512 1286 considere
2538 1232 2870 1302 dignaretur,
2903 1236 3003 1287 hoc
3037 1236 3167 1289 mihi
3192 1239 3495 1306 extorqueri

1916 1334 2023 1374 non
2062 1324 2294 1390 poterit,
2333 1323 2623 1391 quominus
2667 1324 2862 1378 stando
2886 1338 3241 1397 cognoscam.
3277 1327 3500 1397 Cumque

1915 1414 2142 1485 episcopi
2186 1414 2428 1468 catholici
2468 1416 2842 1479 surrexissent,
2894 1426 3044 1485 atque
3086 1435 3253 1473 sessus
3300 1422 3497 1492 judicis

1911 1504 2228 1573 auferretur,
2258 1504 2489 1575 ejusdem
2506 1507 2704 1577 judicis
2721 1508 2976 1577 jussione,
3005 1519 3052 1561 et
3081 1508 3151 1563 D.
3186 1509 3260 1563 Ν.
3292 1513 3370 1564 uir
3391 1514 3498 1567 cla-

1910 1595 2142 1649 rissimus
2172 1604 2220 1649 et
2248 1596 2541 1667 spectabilis
2570 1595 2903 1651 Marcellinus
2931 1598 3163 1653 tribunus
3184 1613 3233 1654 et
3268 1604 3498 1658 notarius

1841 1713 1889 1773 Β
1913 1687 2148 1741 stetisset.

1988 1777 2041 1834 6.
2075 1777 2365 1833 Petilianus
2394 1779 2663 1851 episcopus
2685 1778 2836 1834 dixit.
2861 1779 3133 1851 Scriptum
3159 1783 3250 1849 sit,
3279 1783 3381 1839 hoc
3398 1792 3499 1840 tua:

1916 1870 2205 1924 voluntatis
2249 1885 2373 1926 esse
2394 1911 2409 1937 ,
2444 1885 2549 1925 non
2581 1880 2805 1927 nostrae.
2838 1870 2905 1924 Et
2933 1873 3039 1926 alia
3068 1890 3240 1928 manu.
3278 1874 3497 1931 Petilia-

1914 1978 2016 2018 nus
2046 1963 2330 2033 episcopus
2358 1966 2663 2031 recognovi.

1985 2054 2041 2107 '7.
2073 2051 2406 2107 Marcellinus
2444 2052 2519 2106 vir
2559 2053 2873 2108 clarissimus
2915 2054 3147 2109 tribunus
3181 2065 3230 2110 et
3267 2059 3496 2112 notarius

1913 2142 2064 2197 dixit.
2111 2142 2273 2199 Decet
2320 2158 2407 2198 me
2446 2144 2598 2201 vobis
2640 2145 2904 2199 stantibus
2949 2147 3149 2201 habere
3192 2147 3497 2217 hujusmodi

1914 2234 2289 2301 voluntatem,
2320 2249 2439 2304 qua:
2475 2233 2541 2289 ad
2574 2236 2931 2290 reverentiam
2968 2247 3232 2292 tantorum
3266 2241 3499 2309 pertinet

1913 2325 2275 2381 sacerdotum.
2322 2323 2613 2380 Petilianus
2660 2327 2930 2397 episcopus
2982 2328 3131 2381 dixit.
3189 2330 3495 2386 llonoriﬁcc

1912 2416 2127 2471 feceris.
2184 2415 2253 2470 Et
2295 2418 2399 2471 alia
2429 2435 2606 2471 manu.
2662 2418 2955 2474 Petiliauus
3002 2421 3287 2491 episcotius
3344 2440 3496 2480 reco-

1910 2521 2089 2576 gnovn
2542 2550 2548 2559 .

1982 2597 2037 2654 8.
2069 2596 2330 2653 Martialis
2383 2609 2619 2669 exceptor
2671 2600 2819 2654 dixit.
2872 2598 3182 2671 Cujusmodi
3230 2605 3495 2660 notariam

1910 2691 2152 2762 episcopi
2177 2691 2435 2747 hesterno
2475 2693 2742 2749 nobilitati
2772 2704 2875 2748 ture
2906 2694 3229 2763 obtulerint,
3270 2699 3406 2753 hanc.
3438 2700 3491 2754 in

1911 2786 2158 2840 manibus
2188 2784 2451 2841 habemus
2496 2802 2508 2838 :
2538 2786 2581 2839 si
2616 2785 2861 2856 praecipit
2904 2787 3158 2842 nobilitas
3192 2798 3276 2843 tua
3306 2831 3321 2854 ,
3352 2792 3492 2845 reci-

1912 2883 2104 2931 tamus.
3210 2888 3211 2891 ‘

1981 2968 2036 3024 9.
2089 2968 2423 3024 Marcellinus
2453 2970 2529 3024 uir
2566 2970 2878 3024 clarissimus
2910 2960 3152 3041 tribunus
3181 2984 3230 3029 et
3265 2979 3493 3032 notarius

1910 3060 2062 3115 dixit.
2095 3061 2172 3117 Ne
2201 3062 2328 3129 quid
2372 3062 2607 3119 celatum
2653 3065 2789 3132 parti
2834 3064 2990 3120 alteri
3040 3067 3315 3135 videatur,
3358 3074 3494 3125 rcci-

1912 3161 2075 3206 tetur.

1982 3241 2070 3296 10.
2104 3241 2393 3295 Petilianus
2424 3244 2692 3311 episcopus
2719 3243 2869 3297 dixit.
2902 3244 3201 3316 Episcopus
3228 3265 3325 3304 uos
3353 3252 3484 3307 veri-

1909 3331 2031 3388 tatis
2066 3332 2266 3388 Christi
2322 3335 2532 3389 Domini
2590 3322 2795 3401 nostri,
2828 3348 2882 3391 et
2926 3337 3189 3408 dicimus,
3245 3351 3299 3398 et
3350 3362 3489 3415 saepe

1905 3423 2041 3477 actis
2092 3423 2321 3493 publicis
2368 3424 2570 3479 dictum
2612 3432 2715 3480 est.
2767 3426 3029 3482 Donatum
3076 3442 3256 3485 autem
3288 3447 3488 3491 sancta:

1904 3518 2213 3583 meritoria},
2275 3509 2598 3588 martyrialis
2644 3518 2831 3587 gloriae
2874 3522 3047 3574 virum
3099 3538 3482 3590 prmcessorcm

1904 3608 2115 3663 scilicet
2140 3616 2402 3674 nostrum,
2451 3619 2828 3663 ornamentum
2864 3610 3114 3665 Ecclesia:
3159 3613 3314 3669 istius
3356 3619 3485 3674 ἀνί.

1905 3700 2057 3764 tatis,
2086 3698 2205 3753 loco
2232 3712 2328 3751 suo
2362 3698 2659 3769 meritoque
2682 3713 3018 3755 veneramur.
3068 3700 3135 3755 Et
3162 3704 3267 3759 alia
3307 3724 3477 3765 manu.

1901 3788 2197 3844 Petilianus
2224 3787 2510 3857 episc0pus
2536 3791 2844 3859 recognovi.

1972 3882 2060 3937 11.
2109 3880 2381 3935 Possidius
2418 3881 2685 3952 episcOpus
2718 3880 2963 3937 Ecclesia:
3012 3885 3277 3943 catholico:
3330 3893 3481 3947 dixit.

1903 3974 2201 4044 Episcopos
2227 3973 2473 4027 veritatis
2506 3972 2735 4041 probare
2780 3986 2915 4041 opus
2949 3964 3072 4041 est,
3111 3991 3216 4033 non
3251 3979 3476 4050 jactare.

1900 4062 1969 4117 Et
1993 4062 2100 4116 alia
2124 4078 2299 4115 manu.
2330 4061 2655 4132 Recognovi.

1973 4154 2059 4207 12.
2092 4151 2425 4206 Marcellinus
2446 4152 2521 4205 vir
2544 4152 2860 4208 clarissimus
2881 4154 3114 4210 tribunus
3156 4169 3203 4212 et
3250 4166 3477 4220 notarius

1898 4244 2049 4298 dixit.
2082 4242 2442 4311 Utrarumque
2476 4243 2703 4311 partium
2732 4248 3139 4313 prosecutiones
3165 4264 3317 4320 gesta
3346 4261 3475 4311 reti-

1896 4336 2121 4391 nebunt.
2154 4332 2223 4387 Et
2256 4334 2465 4405 adjecit.
2499 4333 2655 4399 Quod
2694 4347 3020 4407 praeceptum
3050 4349 3163 4407 est,
3196 4345 3474 4403 recitatur.

208 4461 257 4506 et
285 4450 536 4505 Restituto
555 4424 576 4514 Ἴ,
604 4446 854 4518 episcopis
904 4443 1148 4498 Ecclesia:
1189 4437 1495 4502 catholicae;
1546 4435 1790 4506 ingressis
1816 4457 1867 4517 D
1901 4425 2159 4481 Martialis
2188 4434 2424 4495 exceptor
2450 4425 2699 4478 recitavit.
2724 4424 2854 4481 Post
2884 4430 3219 4486 consulatum
3252 4434 3475 4494 Varanis

210 4541 367 4596 etiam
403 4556 468 4594 ex
497 4540 600 4593 alio
626 4539 809 4604 latere,
846 4534 1141 4597 Primiano,
1180 4530 1437 4585 Petiliano
1464 4568 1479 4593 ,
1514 4525 1741 4581 Emerita
1770 4564 1785 4589 ,

211 4631 486 4697 Protasio,
525 4629 799 4693 Montano,
835 4625 1158 4688 Gaudentio,
1196 4621 1493 4685 Adeodato,
1538 4615 1787 4689 episcOpis

210 4725 371 4793 partis
398 4721 617 4785 Donati,
651 4716 983 4773 Marcellinus
1011 4716 1086 4768 uir
1128 4713 1442 4768 clarissimus
1483 4708 1713 4764 tribunus
1743 4715 1788 4760 et

209 4816 441 4869 notarius
468 4813 595 4865 dixit
626 4827 645 4865 :

278 4904 333 4958 5.
369 4901 437 4956 Et
454 4901 729 4970 superiore
762 4897 963 4968 judicio
993 4911 1138 4967 saepe
1180 4910 1266 4951 me
1297 4894 1558 4950 obtulisse
1586 4890 1781 4947 certis-

210 4993 405 5049 simum
446 4999 563 5056 est,
606 4999 660 5045 et
688 5004 829 5044 nunc
854 4987 1201 5057 deprecor’ut
1228 4987 1421 5043 sedere
1461 4981 1779 5053 dignemini.

207 5084 432 5154 Cumque
480 5082 722 5136 catholici
766 5082 990 5153 episcopi
1048 5080 1420 5144 consedissent,
1492 5075 1782 5130 Petilianus

205 5179 475 5249 episcopus
501 5177 648 5231 dixit.
679 5174 827 5243 Quod
856 5174 1034 5244 priore
1055 5173 1260 5244 judicio
1293 5172 1486 5227 iactum
1522 5183 1630 5222 non
1659 5176 1779 5230 est,

204 5267 384 5324 facere
407 5283 511 5323 non
543 5266 824 5323 audemus.
871 5265 936 5320 Et
987 5267 1091 5319 alia
1117 5281 1297 5319 manu.
1340 5261 1631 5318 Petilianus
1667 5256 1783 5325 epi-

204 5377 401 5433 scopas
428 5361 731 5433 recognovi.
750 5359 1085 5414 Marcellinus
1112 5360 1186 5413 vir
1204 5357 1516 5411 clarissimus
1546 5352 1779 5405 tribunus

186 5464 250 5515 ,ει
281 5455 512 5511 notarius
534 5454 686 5507 dixit.
710 5451 860 5507 Licet
885 5460 939 5505 et
966 5450 1242 5518 superiore
1284 5444 1486 5516 judicio
1512 5458 1596 5497 me
1621 5440 1779 5494 obtu-

208 5547 336 5601 lisse
363 5543 699 5599 meminerim
723 5582 737 5606 ,
770 5550 946 5595 tamen
994 5539 1083 5592 illa
1120 5538 1351 5591 arbitror
1398 5544 1521 5587 tunc
1558 5529 1780 5584 minime

202 5638 401 5695 factum
432 5648 552 5689 esse
593 5632 833 5693 ratione,
860 5629 986 5697 quia
1022 5627 1206 5682 multis
1247 5621 1613 5682 sacerdotibus
1648 5631 1779 5674 con-

586 5722 853 5781 Pnnou.
928 5718 1041 5778 XI.

1895 4516 1995 4570 viri
2021 4516 2305 4570 clarissimi
2334 4522 2525 4584 quarto
2553 4530 2721 4568 nonas
2742 4514 2909 4581 Junii,
2946 4517 3129 4573 Flavio
3157 4523 3472 4585 Marcellino

1899 4610 2017 4663 viro
2046 4606 2347 4662 clarissimo
2373 4604 2725 4674 etspectabili
2763 4607 2976 4661 tribuno
3002 4619 3057 4663 et
3089 4617 3325 4685 notario,
3358 4621 3473 4678 Pri-

1894 4699 2125 4763 mianus,
2154 4697 2468 4761 Petiliauus,
2504 4695 2777 4751 Emeritos
2797 4738 2810 4762 ,
2841 4698 3137 4768 Protasius,
3164 4703 3465 4782 Montanus,

1894 4791 2257 4853 Gaudentius,
2294 4788 2640 4853 Adeodatus,
2682 4789 2921 4859 epiSCOpl
2949 4800 3003 4845 et
3027 4791 3340 4854 defensores
3372 4804 3473 4860 Ec-

1895 4886 2077 4942 clesize
2099 4884 2362 4948 veritatis,
2388 4897 2482 4951 per
2511 4882 2775 4936 notariam
2809 4881 2923 4935 hanc
2953 4882 3139 4939 dicunt
3168 4904 3180 4939 :
3206 4890 3467 4953 Hesterna

1888 4978 1975 5035 die
2004 4978 2111 5033 kal.
2145 4975 2286 5031 Junii
2321 4976 2459 5027 inter
2490 4988 2588 5027 nos
2616 4981 2672 5027 et
2698 4971 3040 5030 adversarios
3071 4990 3285 5040 nostros
3313 5003 3468 5058 spec-

1890 5068 2130 5123 tabilitas
2162 5074 2248 5119 tua
2278 5062 2465 5117 audire
2487 5062 2701 5131 dignata
2733 5070 2837 5116 est.
2870 5063 2934 5117 Et
2965 5069 3217 5133 quoniam
3250 5082 3468 5141 evoluta

1886 5173 2025 5230 pene
2063 5157 2149 5210 die
2187 5152 2428 5223 partibus
2473 5151 2784 5221 patientiam
2823 5156 3109 5226 prmbens,
3156 5164 3423 5239 aliquanta

1885 5218 2005 5317 qua:
2046 5218 2305 5315 principia
2333 5218 2529 5311 negotii
2573 5218 3049 5312 fuerattt,-audire
3090 5218 3463 5333 dignatio—sues:

1850 5332 2126 5412 'Opusqne
2153 5347 2235 5392 est
2273 5334 2338 5388 ad
2376 5348 2626 5401 causam,
2659 5346 2714 5389 ut
2749 5339 3058 5397 mandatum
3092 5352 3232 5417 quod
3275 5355 3465 5413 adver-

1886 5429 2015 5486 sarii
2047 5427 2214 5481 nostri
2247 5425 2575 5491 obtulerunt,
2608 5426 2760 5483 nobis
2784 5429 2836 5485 in
2867 5435 3111 5489 notitiam
3139 5441 3460 5521 perferatur,

1886 5519 2137 5592 quoniam
2164 5518 2335 5571 series
2356 5527 2597 5571 actorum
2625 5530 2845 5590 propter
2865 5524 2947 5577 sui
2971 5525 3325 5591 prolixitatem
3354 5518 3458 5601 non

1886 5619 2064 5683 potest
2098 5608 2360 5677 explicari
2386 5649 2399 5673 ,
2432 5623 2499 5664 ne
2521 5609 2769 5680 imparati
2800 5613 2865 5663 ad
2884 5610 3141 5678 judicium
3168 5623 3350 5682 venire
3380 5636 3457 5690 vi-
