3838 6222
424 304 561 359 1555

1384 298 1606 357 GESTA
1645 289 2092 354 COILATIONIS
2129 291 2747 355 CARTHAGINENSIS.

3552 294 3676 351 i556

425 421 671 482 dcamur,
702 418 752 473 id
784 418 1089 474 mandatum
1135 416 1276 488 quod
1301 413 1594 470 adversarii
1625 411 1796 467 nostri
1827 410 2004 480 legen-
2028 418 2077 477 Α
2174 411 2261 467 25.
2298 411 2558 468 Εηιενὶιιιε
2583 415 2847 484 episcopus
2903 411 3050 466 dixit.
3116 408 3174 467 Si
3220 408 3403 480 iubes,
3459 405 3676 463 edantur

427 514 554 566 dum
587 512 875 579 dederunt,
915 512 966 566 in
1011 509 1418 582 exemplaribus
1457 506 1612 561 nobis
1645 502 1832 566 hodie,
1865 501 2006 572 quod

428 615 511 659 est
537 615 726 674 quarto
759 604 846 659 die
893 618 1154 658 nonarum
1186 601 1468 656 Juniarum
1492 641 1506 662 ,
1538 597 1653 652 dari
1685 593 1962 666 przecipias
1985 632 2002 662 ,

431 705 485 750 ιιι
514 696 758 750 instructi
792 695 1010 766 negotio
1040 693 1196 749 nobis
1223 691 1464 761 injuncto
1495 690 1685 745 adesse
1712 689 2002 742 valeamus.

429 785 493 840 Et
513 788 615 840 alia
634 803 808 841 manu.
838 786 1144 840 Primianus
1169 784 1451 854 episcopus
1476 781 1598 836 huic
1627 782 1852 836 notaria:
1878 778 2006 835 sub-

426 878 617 946 scripsi
639 888 832 947 quarto
855 890 1026 931 nonas
1052 875 1240 930 Junias
1266 873 1596 944 Carthagini.
1627 872 1834 926 Flavius
1860 871 2004 925 Mur-

425 969 636 1022 cellinus
663 970 738 1022 vir
764 967 1080 1022 clarissimus
1109 966 1340 1020 tribunus
1368 974 1414 1022 et
1436 965 1665 1018 notarius
1690 963 1838 1017 dixit.
1861 961 2005 1030 Quo-

427 1060 567 1113 niam
608 1075 672 1115 ea
719 1075 836 1128 quae
869 1058 1242 1114 instructionis
1287 1058 1455 1128 gratia
1499 1056 1835 1126 postulantur
1877 1068 2004 1109 con-

424 1148 544 1203 cedi
574 1147 774 1202 debere
806 1147 1151 1217 perSpieuum
1201 1155 1317 1210 est,
1361 1157 1418 1199 ut
1461 1145 1605 1198 nulla
1641 1143 2004 1214 cognitionem

423 1239 657 1295 futuram
700 1256 973 1294 morarum
1016 1239 1397 1310 impedimenta
1444 1239 1804 1309 suspendant,
1854 1252 2004 1292 man-

422 1331 608 1386 datum
654 1347 682 1384 a
712 1331 991 1387 catholicis
1040 1333 1318 1403 Episcopis
1366 1331 1586 1398 datum,
1635 1331 1734 1386 sub
1775 1345 1838 1385 ea
1882 1345 2003 1400 quae

423 1424 668 1479 cominus
707 1424 998 1479 constituta
1044 1433 1128 1480 est
1179 1425 1460 1481 custodum
1489 1424 1861 1480 adservatione
1880 1423 2003 1478 des-

424 1517 688 1586 criptum,
721 1516 874 1573 vobis
911 1516 1123 1574 tradere
1152 1517 1440 1572 maturabit
1479 1515 1738 1572 ofﬁcium.
1780 1512 2004 1584 Cumque

422 1609 704 1675 recitasset,

495 1701 582 1756 15.
618 1701 952 1757 Marcellinus
989 1703 1066 1755 vir
1090 1702 1407 1756 clarissimus
1435 1700 1665 1754 tribunus
1694 1709 1741 1754 et
1775 1697 2001 1753 notarius

2077 502 2266 560 .nobis
2320 504 2569 574 primitus
2615 514 2799 576 gesta,
2829 505 3132 575 relegantur
3177 518 3208 557 a
3263 501 3446 566 nobis,
3497 515 3674 555 recen-

2107 603 2326 650 seantur
2353 597 2518 652 verba
2557 606 2736 652 nostra
2791 605 2848 653 et
2886 595 3322 652 adversariorum
3375 591 3674 647 instructio.

2108 684 2199 740 Sic
2228 686 2434 756 legibus
2455 701 2668 758 semper
2695 701 3012 743 concessum
3041 694 3144 741 est.
3178 684 3304 740 Hice
3360 692 3448 739 est
3489 681 3674 736 buma-

2107 777 2246 832 nitas
2267 793 2468 833 rerum.
2504 779 2571 852 Et
2599 781 2702 834 alia
2731 796 2904 835 manu.
2954 777 3227 835 Emeritus
3271 775 3558 847 episcopus
3587 790 3670 830 re-

2106 869 2352 940 cognovL

2173 961 2263 1017 26.
2289 961 2602 1020 Fortunatus
2628 964 2894 1035 episcopus
2936 963 3178 1018 Ecclesia
3224 959 3497 1015 catholica:
3521 958 3668 1011 dixit.

2105 1052 2357 1121 Quamvis
2406 1071 2596 1112 recens
2636 1057 2776 1112 actio
2823 1055 3027 1112 nullum
3073 1051 3668 1129 potuerit'przeterire,

2104 1153 2282 1201 tamen
2312 1162 2378 1203 ex
2421 1146 2522 1204 hoc
2566 1163 2760 1206 sensus
2814 1148 3107 1204 nobilitatis
3134 1156 3240 1202 tuae
3267 1145 3518 1200 volumus
3555 1157 3669 1198 esse

2104 1238 2342 1307 edoctos,
2374 1249 2430 1295 ut
2451 1241 2816 1312 intelligantur
2867 1242 2976 1312 jam
3028 1227 3287 1296 dilatione
3330 1236 3558 1309 quadam
3606 1235 3668 1290 ad

2103 1345 2280 1386 causa:
2307 1333 2574 1404 negotium
2603 1334 2745 1392 nolle
2763 1336 2968 1392 venire.
3024 1333 3092 1389 Et
3137 1332 3244 1388 alia
3291 1346 3466 1386 manu.
3505 1327 3666 1384 Reco-

2102 1424 2282 1493 gnovL

2171 1515 2262 1570 27.
2292 1515 2619 1572 Marcellinus
2638 1519 2714 1574 vir
2735 1518 3048 1573 clarissimus
3099 1516 3334 1571 tribunus
3369 1523 3414 1567 et
3445 1512 3668 1568 notarius
3705 1503 3711 1506 ’

2101 1607 2252 1662 dixit.
2282 1607 2510 1680 Legatur
2547 1611 2688 1682 quod
2713 1612 2960 1682 praecepi,
3010 1618 3069 1665 nt
3097 1609 3341 1666 noverim
3399 1607 3467 1663 ad
3515 1620 3665 1676 quem

2102 1699 2382 1755 articulum
2412 1703 2483 1756 sit
2508 1701 2683 1758 delata
2711 1702 2965 1774 cognitio.

423 1793 572 1845 dixit.
607 1793 763 1847 Lecta
804 1793 972 1862 gestis
1004 1793 1273 1847 indentur.
1309 1791 1372 1844 Et
1397 1792 1603 1865 adjecit.
1635 1791 1896 1860 Quoniam
1917 1791 2001 1845 in-
2029 1802 2076 1862 Β
2171 1789 2261 1844 28.
2292 1789 2545 1847 Emeritus
2566 1795 2828 1864 episcopus
2849 1795 2998 1849 dixit.
3022 1792 3078 1850 Si
3101 1791 3286 1863 jubes,
3319 1790 3386 1845 ad
3408 1790 3511 1844 hoc
3531 1803 3670 1843 com-

424 1890 506 1936 ter
536 1882 732 1936 multas
760 1882 1130 1946 conditiones,
1159 1883 1225 1936 de
1255 1882 1449 1952 quibus
1485 1883 1762 1952 superiore
1798 1880 2000 1952 judicio

421 1970 700 2027 definitum
731 1984 847 2038 est,
875 1989 1034 2028 unam
1055 1973 1205 2032 illam
1235 1981 1446 2030 constat
1486 1973 1651 2029 fuisse
1678 1973 1917 2039 dilatam,
1942 1980 2001 2027 ut

420 2069 559 2124 sicut
602 2084 701 2139 ego
751 2068 1258 2124 interlocutionibus
1321 2070 1489 2134 meis,
1541 2068 1615 2122 ita
1660 2066 1997 2138 prosecutioo

419 2161 578 2215 nibus
601 2161 758 2232 291
791 2163 900 2215 suis
941 2161 1308 2230 unusquisque
1335 2159 1734 2223 subscriberet,
1774 2157 1900 2227 quid
1929 2156 1998 2212 de

421 2250 522 2305 hoc
552 2252 796 2322 videatur
825 2251 1095 2305 sanctitati
1128 2259 1322 2305 vestra:
1351 2249 1558 2304 debetis
1588 2249 1823 2304 edicere.
2003 2238 2008 2241 ’

495 2345 580 2398 Μ.
606 2344 916 2413 Augustinus
947 2345 1211 2412 episcopus
1239 2340 1483 2397 Ecclesia:
1532 2342 1796 2397 catholica:
1847 2341 1996 2395 dixit.

420 2435 528 2491 Nos
561 2437 612 2491 in
643 2435 745 2490 hoc
769 2436 1110 2490 consensisse
1151 2435 1346 2490 litteris
1375 2433 1576 2488 nostris
1605 2433 1993 2504 expressimus.

420 2526 488 2582 Et
515 2529 618 2582 alia
644 2546 815 2582 manu.
853 2528 1178 2598 Recognovi.
1247 2588 1254 2594 ,

492 2623 578 2677 15.
614 2621 948 2676 Marcellinus
973 2620 1048 2673 vir
1075 2619 1388 2674 clarissimus
1443 2617 1668 2672 tribunus
1691 2627 1740 2672 et
1771 2617 2000 2670 notarius

421 2712 570 2767 dixit.
603 2712 741 2780 Quid
773 2713 930 2768 etiam
958 2712 1205 2766 voluntas
1233 2711 1395 2782 partis
1424 2710 1643 2766 alterius
1676 2707 1889 2778 habeat,
1915 2708 1996 2764 in-

421 2805 659 2859 timetur.

494 2893 578 2947 16.
613 2892 900 2947 Petilianus
927 2895 1197 2962 episcopus
1217 2891 1368 2946 dixit.
1395 2891 1614 2946 Multum
1651 2906 1751 2946 nos
1797 2888 1996 2945 sollici-

422 2993 505 3038 tos
533 2983 678 3050 facit,
710 2984 850 3054 quod
895 2984 964 3039 de
1004 2985 1157 3040 nobis
1209 2985 1261 3039 id
1302 2984 1559 3054 quteritur
1585 3026 1601 3052 ,
1633 2984 1793 3054 idque
1851 2997 1991 3051 prte-

421 3078 649 3148 cipimur
684 3077 880 3142 facere,
930 3079 1071 3148 quod
1126 3092 1255 3133 usus
1300 3091 1588 3148 numquam
1615 3077 1812 3132 habere
1862 3090 1995 3130 con-

2104 1883 2236 1954 petit
2264 1884 2411 1940 mibi.
2442 1885 2772 1941 Marcellinus
2792 1888 2867 1942 vir
2893 1887 3210 1942 clarissimus
3256 1884 3494 1939 tribunus
3517 1891 3564 1937 et
3585 1898 3667 1934 no-

2100 1976 2259 2030 tarius
2286 1977 2435 2032 dixit.
2464 1977 2595 2051 Age.
2615 1977 2888 2035 Emeritus
2916 1980 3181 2051 episcopus
3200 1979 3353 2032 dixit.
3389 1976 3527 2032 Sunt
3560 1974 3668 2046 qui-

2100 2066 2221 2123 dem
2252 2068 2479 2125 humana
2509 2071 2716 2142 ingenia
2749 2071 2820 2126 ita
2845 2071 3126 2127 velocitate
3150 2069 3235 2126 sui
3286 2077 3538 2141 prompta
3566 2107 3582 2132 ,
3609 2073 3660 2120 ut

2101 2159 2184 2213 vel
2213 2158 2325 2214 visu
2351 2162 2431 2217 vel
2453 2162 2638 2217 auditu
2665 2161 2820 2217 facile
2846 2171 3037 2217 cuncta
3063 2161 3298 2230 capiant,
3345 2173 3467 2228 quae
3495 2158 3548 2212 in
3575 2172 3664 2211 eo-

2099 2267 2214 2305 rum
2237 2254 2477 2308 notitiam
2506 2253 2865 2324 perferuntur.
2896 2253 3000 2309 Sed
3031 2253 3133 2307 hoc
3173 2252 3347 2307 doctis
3392 2249 3533 2304 forte
3581 2256 3668 2300 aut

2099 2342 2321 2398 eruditis
2348 2345 2476 2400 viris
2505 2359 2603 2414 pro
2630 2347 2708 2400 rei
2735 2345 2899 2415 ipsius
2924 2343 3185 2414 qualitate
3215 2341 3540 2412 permissum
3561 2336 3624 2390 sit
3649 2353 3662 2401 ;

2099 2451 2184 2491 me
2211 2447 2386 2492 autem
2409 2436 2476 2492 ad
2500 2436 2639 2492 hanc
2669 2451 2781 2491 rem
2826 2437 3003 2490 minus
3048 2434 3303 2489 idoneum
3343 2446 3468 2487 esse
3516 2428 3664 2499 proli-

2098 2544 2233 2590 teor.
2266 2534 2397 2603 Quis
2422 2535 2568 2590 enim
2591 2535 2772 2604 levem
2816 2546 3000 2587 vocem
3031 2539 3085 2586 et
3112 2528 3328 2584 facilem
3371 2540 3662 2582 sermonem

2099 2628 2215 2697 ipso
2245 2644 2380 2699 pene
2433 2629 2585 2698 apice
2613 2633 2942 2690 transeunte,
2971 2631 3059 2676 aut
3098 2635 3258 2677 sensu
3312 2619 3545 2674 retinere
3581 2627 3664 2671 aut

2098 2720 2381 2790 concipere
2409 2727 2606 2789 potest,
2635 2717 2715 2772 vir
2743 2714 2977 2769 nobilis?
3003 2728 3122 2768 cum
3143 2711 3211 2766 ad
3240 2718 3526 2765 tractatum
3555 2723 3660 2762 om-

2098 2830 2222 2871 nem
2236 2812 2796 2883 diseeptationemque
2809 2816 2862 2862 et
2881 2805 3045 2860 verba
3066 2813 3326 2858 etsensus
3345 2809 3401 2856 et
3419 2801 3660 2854 interiora

2099 2906 2206 2960 sint
2230 2905 2428 2974 negetii
2459 2900 2855 2972 pertractanda.
2883 2897 3024 2968 Ergo
3062 2911 3184 2951 cum
3215 2896 3284 2950 de
3313 2892 3508 2949 scheda
3537 2893 3660 2964 legi-

2099 3006 2205 3062 tur,
2234 3005 2287 3049 et
2315 2995 2460 3048 leves
2503 3006 2666 3048 voces
2710 3005 2838 3046 aura
2878 2987 3274 3059 quodammodo
3326 2986 3661 3049 ventilantur,

2097 3101 2286 3142 sensus
2308 3083 2477 3140 nostri
2505 3097 2698 3153 capere
2748 3089 2802 3136 et
2851 3081 3086 3136 retinere
3134 3092 3241 3133 non
3293 3085 3538 3147 possunt.
3567 3074 3661 3131 Ubi

421 3171 612 3227 suevit.
671 3170 738 3225 Et
783 3171 887 3224 alia
934 3187 1106 3225 manu.
1164 3169 1456 3226 Petilianus
1509 3169 1791 3239 episc0pus
1837 3182 1992 3224 reco-

2108 3177 2203 3234 hoc
2233 3186 2325 3232 aut
2351 3177 2432 3231 cui
2459 3188 2772 3230 concessum
2794 3173 2919 3227 est?
2942 3171 3001 3227 Si
3027 3170 3125 3224 hac
3177 3167 3436 3224 felicitate
3478 3165 3662 3236 ingenii

459 3281 598 3321 IIOVI.

459 3281 598 3321 novr.

421 3281 453 3336 Β
495 3357 584 3409 17.
640 3354 1045 3409 Fortunatianus
1105 3355 1374 3424 episcopus
1434 3353 1672 3408 Ecclesia:
1732 3351 1997 3406 catholicae

423 3447 573 3500 dixit.
604 3446 879 3501 Testatum
909 3446 977 3500 sit
1006 3454 1212 3515 partem
1241 3445 1516 3500 adversam
1548 3445 1816 3510 noluisse,
1851 3443 1996 3513 quod

421 3539 598 3594 edicto
629 3537 929 3594 nobilitatis
955 3550 1059 3594 tua:
1088 3539 1415 3609 publicatum
1444 3547 1544 3594 est.
1583 3537 1652 3592 Et
1678 3538 1781 3592 alia
1817 3546 1992 3590 manu.

422 3631 745 3702 Recognovi.

494 3724 578 3779 18.
613 3723 903 3778 Petilianus
933 3725 1200 3793 episcopus
1245 3724 1395 3777 dixit.
1451 3721 1730 3778 Testatum
1775 3721 1845 3775 sit
1899 3735 1997 3776 vos

421 3814 595 3869 adhuc
653 3815 921 3871 Ecclesias
975 3817 1255 3886 plerasque
1316 3831 1420 3869 non
1489 3815 1829 3882 reddidisse,
1895 3828 1997 3869 nec

421 3901 615 3961 fecisse
659 3908 789 3963 satis
835 3906 998 3976 priori
1025 3907 1144 3976 ejus
1188 3907 1383 3962 edicto.
1438 3905 1503 3960 Et
1549 3908 1653 3961 alia
1696 3921 1869 3959 manu.
1925 3903 1998 3960 Ut

421 4011 601 4066 supra.

497 4094 580 4149 19.
610 4092 939 4149 Marcellinus
959 4097 1033 4149 vir
1053 4094 1363 4149 clarissimus
1391 4092 1621 4146 tribunus
1663 4102 1710 4146 et
1764 4091 1998 4145 notarius

422 4183 572 4237 dixit.
602 4184 742 4253 Ergo
781 4185 847 4238 ad
891 4187 1150 4256 integram
1201 4195 1477 4256 gestorum
1531 4183 1686 4238 fidem
1742 4191 1994 4238 contenta

421 4285 506 4330 est
542 4277 794 4330 sanctitas
821 4287 997 4332 vestra
1019 4279 1337 4334 custodibus
1366 4279 1433 4332 ab
1466 4285 1691 4346 utraque
1724 4285 1874 4346 parte
1901 4276 1998 4330 de-

421 4366 696 4436 lectis,qui
730 4368 951 4422 notariis
991 4378 1048 4423 et
1073 4370 1452 4440 exceptoribns
1479 4361 1991 4437 videnturappbsiti.

493 4460 582 4514 20.
615 4457 898 4512 Petilianus
929 4462 1192 4531 episcopus
1221 4463 1369 4516 dixit.
1399 4461 1636 4516 Edantur
1678 4459 1833 4514 nobis
1887 4457 1997 4527 pri-

2102 3268 2357 3340 gaudent,
2386 3279 2490 3320 non
2519 3279 2578 3320 se
2598 3263 2804 3333 jactent
2827 3261 2894 3317 de
2916 3258 3217 3331 arrogantia
3239 3259 3514 3314 memoria:
3539 3273 3659 3311 sure.

2100 3359 2228 3414 Mihi
2258 3365 2433 3412 autem
2461 3370 2567 3410 non
2615 3354 2870 3424 competit
2919 3353 3024 3407 nisi
3077 3354 3274 3422 saepius
3323 3360 3569 3420 repetere
3615 3358 3663 3404 et

2101 3454 2351 3510 diuturna
2397 3449 2627 3504 lectione
2671 3447 2906 3512 edoceri,
2936 3454 2994 3500 ut
3023 3445 3179 3500 fidem
3209 3447 3324 3501 veri
3361 3439 3661 3517 [inveniam]

2102 3556 2158 3602 et
2186 3560 2306 3615 quae
2337 3532 2566 3598 dixerim
2587 3539 2840 3610 relegam,
2865 3547 2920 3595 et
2936 3554 3054 3608 qua:
3091 3537 3438 3592 adversarius
3485 3535 3665 3604 obiecit

2101 3638 2401 3693 advertam.
2425 3634 2687 3703 lntelligis
2719 3633 2790 3686 ita
2819 3647 2932 3688 rem
2955 3645 3076 3688 esse
3101 3640 3399 3702 gestorum,
3427 3631 3546 3684 ideo
3570 3643 3664 3681 me-

2104 3727 2290 3784 moria:
2321 3725 2707 3794 scripturarum
2735 3737 2830 3792 per
2855 3723 3061 3778 litteras
3087 3721 3400 3792 digeruntur
3427 3762 3441 3783 .
3475 3736 3540 3774 ne
3563 3717 3662 3774 sola

2104 3820 2366 3874 memoria
2392 3831 2510 3887 quas
2530 3830 2697 3885 capax
2737 3801 2981 3871 essenon
3011 3823 3207 3885 potest,
3257 3814 3532 3870 oblivione
3576 3811 3662 3866 de-

2105 3919 2257 3981 cepta
2287 3909 2412 3980 quid
2442 3907 2670 3975 gesserit
2705 3907 2930 3962 nesciat.
2980 3906 3164 3976 Neque
3205 3907 3349 3962 enim
3401 3907 3553 3960 aliter
3588 3917 3662 3957 sa-

2105 4004 2304 4075 pientia
2329 4000 2643 4075 providente
2683 4001 3068 4069 scripturarum
3112 3999 3304 4054 notitia
3359 4010 3661 4054 monumen-

2106 4099 2282 4167 tisque
2337 4092 2562 4164 publicis
2605 4093 2817 4162 provisa
2844 4101 2945 4156 est,
2972 4092 3074 4148 nisi
3106 4101 3164 4146 ut
3191 4107 3257 4146 ex
3281 4083 3533 4154 lectione,
3556 4100 3660 4156 qua:

2109 4206 2204 4260 per
2235 4190 2501 4244 silentium
2533 4183 2701 4252 forte,
2742 4194 2834 4240 aut
2884 4201 2980 4256 per
3031 4186 3250 4256 longum
3280 4193 3490 4252 tempus
3523 4223 3538 4246 ,
3585 4189 3662 4234 aut

2107 4296 2204 4351 per
2237 4281 2470 4350 ipsorum
2511 4285 2721 4330 actuum
2753 4275 3210 4332 continuationem
3237 4276 3418 4330 minus
3440 4273 3553 4343 capi
3590 4279 3662 4326 at-

2107 4387 2213 4441 que
2245 4372 2418 4425 minus
2447 4368 2666 4438 intelligi
2709 4376 2906 4437 potest,
2948 4377 3003 4422 et
3027 4383 3093 4424 ex
3117 4365 3351 4422 lectione
3395 4373 3451 4420 et
3476 4380 3538 4420 ex
3563 4364 3663 4433 ipso

2106 4463 2325 4517 assiduo
2352 4468 2576 4515 tractatu
2605 4458 3018 4529 pos'sitagnosci,
3047 4457 3174 4527 quid
3201 4459 3272 4513 sit
3287 4457 3489 4526 judicio
3511 4456 3663 4512 venti-

424 4552 583 4603 mitus
613 4557 786 4620 gesta,
823 4558 947 4602 tunc
972 4552 1434 4620 respondebimus.
1477 4551 1543 4624 Et
1570 4551 1677 4606 alia
1699 4566 1869 4603 manu.
1897 4550 1998 4605 Pe-
2022 4536 2077 4599 Ῑ)
2105 4555 2300 4609 latum.
2335 4551 2493 4607 Vides
2521 4566 2667 4620 ergo,
2704 4551 2797 4606 Vir
2822 4549 3041 4614 nobilis,
3065 4549 3208 4619 justa
3231 4565 3328 4606 nos
3366 4551 3661 4622 deposcere,

421 4642 640 4695 tilianus
667 4642 956 4710 episcopus
981 4645 1283 4710 rec0gnovi.

491 4733 553 4786 21
581 4733 795 4802 Alypius
815 4734 1083 4802 episcopus
1113 4732 1356 4788 Ecclesite
1394 4735 1660 4790 catholica:
1693 4735 1843 4788 dixit.
1893 4735 2001 4787 Du-

421 4825 619 4879 bitatur
639 4841 767 4895 ergo
791 4825 873 4878 vel
897 4824 963 4878 de
985 4825 1089 4878 lide
1111 4824 1269 4878 ofﬁcii
1296 4867 1311 4891 ,
1345 4829 1426 4883 vel
1456 4829 1524 4884 de
1563 4829 1669 4884 fide
1689 4827 2003 4894 custodum,

425 4919 489 4973 Et
519 4918 621 4973 alia
645 4935 817 4971 manu.
853 4917 1178 4986 Recognovi.

488 5013 577 5065 22.
612 5010 943 5066 Marcellinus
975 5010 1049 5062 vir
1076 5009 1389 5063 clarissimus
1422 5013 1649 5067 tribunus
1679 5023 1725 5067 et
1766 5012 1996 5066 notarius

423 5106 570 5159 dixit.
603 5106 682 5161 Ad
711 5108 812 5161 hoc
826 5101 1343 5157 etiamconsensissc
1373 5107 1709 5161 sanctitatem
1735 5113 1998 5172 vestram,

419 5201 756 5268 superiorum
791 5203 1061 5264 gestorum
1095 5194 1226 5248 ﬁdes
1255 5194 1531 5248 evidenter
1553 5198 1806 5252 ostendit.

485 5295 577 5350 25.
594 5295 880 5349 Petilia/tus
899 5291 1159 5360 episcopus
1183 5289 1330 5342 dixit.
1360 5289 1618 5358 Legamus
1633 5301 1686 5347 et
1709 5305 1993 5348 recensea-

415 5402 552 5441 mus.
580 5387 647 5439 Et
675 5389 778 5442 alia
799 5398 976 5438 manu.
1005 5379 1073 5436 Ut
1100 5395 1281 5448 supra.

483 5479 573 5534 24.
600 5475 940 5534 Marcellinus
965 5473 1039 5527 vir
1068 5472 1380 5526 clarissimus
1433 5470 1663 5525 tribunus
1692 5482 1736 5526 et
1761 5473 1990 5527 notarius

412 5572 558 5623 dixit.
594 5573 655 5626 Et
681 5573 745 5626 de
774 5567 1091 5626 custodibus
1121 5563 1188 5618 ab
1215 5572 1440 5632 utraque
1466 5570 1619 5632 parte
1645 5562 1890 5632 delectis,
1934 5573 1991 5619 et

411 5663 474 5715 ad
505 5680 660 5730 quam
686 5676 898 5734 partem
925 5660 1082 5716 fuerit
1117 5657 1281 5712 dilata
1313 5655 1569 5726 cognitio,
1589 5656 1673 5739 ab
1697 5655 1876 5712 officio
1904 5671 1990 5712 re-

406 5755 614 5810 citetur.

2107 4663 2211 4703 nec
2240 4661 2334 4716 per
2365 4643 2644 4698 transitum
2675 4657 2892 4697 causam
2923 4641 3121 4697 debere
3147 4642 3421 4710 ventilari,
3451 4643 3541 4697 sed
3567 4640 3664 4696 edi-

2104 4741 2177 4795 tis
2205 4738 2368 4808 gestis
2395 4737 2445 4789 in
2476 4736 2721 4790 notitiam
2749 4742 2989 4788 nostram
3032 4734 3171 4788 datis
3201 4776 3217 4801 ,
3265 4735 3534 4790 universis
3561 4747 3664 4803 per—

2106 4829 2377 4894 tractatis,
2409 4841 2622 4881 causam
2649 4825 2847 4881 debere
2872 4841 3222 4897 cognoscere.
3263 4825 3331 4880 Et
3376 4827 3482 4880 alia
3505 4838 3657 4878 ntanu.

2110 4921 2182 4978 Ut
2203 4936 2380 4989 supra.

2182 5013 2272 5067 29.
2321 5010 2586 5064 Possidius
2624 5011 2889 5080 episcOpus
2942 5011 3187 5066 Ecclesia
3230 5009 3497 5065 catholica:
3534 5006 3658 5058 dixit.

2108 5105 2384 5173 Scriptum
2416 5111 2497 5156 est
2527 5119 2540 5154 :
2571 5100 2655 5154 Ex
2680 5102 2996 5172 multiloquio
3022 5119 3124 5156 non
3154 5100 3366 5170 eﬂugies
3404 5106 3656 5168 peccatum.

2112 5199 2229 5254 Hoc
2257 5199 2508 5267 quoniam
2531 5212 2628 5251 nos
2649 5207 2772 5252 ante
2791 5198 2978 5253 oculos
2995 5197 3277 5260 habemus,
3294 5194 3405 5248 Deo
3426 5191 3659 5260 inspiran-

2113 5301 2188 5358 te,
2219 5290 2430 5345 verbosi
2461 5288 2634 5344 videri
2663 5289 2929 5344 nolumus.
2953 5288 3161 5357 Itaque,
3184 5287 3229 5340 si
3253 5284 3450 5355 placet,
3470 5280 3532 5335 ad
3553 5293 3658 5334 cau-

2107 5397 2224 5435 sam
2252 5381 2515 5444 veniatur,
2576 5396 2693 5450 qua:
2716 5381 2957 5450 proxime
2983 5380 3064 5449 agi
3107 5377 3312 5448 poterit
3340 5384 3395 5431 et
3423 5371 3614 5429 deﬁniri
3640 5408 3653 5434 ,

2113 5472 2429 5526 moratorias
2484 5478 2662 5525 autem
2719 5470 3139 5540 prosecutiones.
3189 5465 3261 5520 Et
3307 5481 3423 5520 cum
3469 5466 3649 5519 diceret.

2116 5561 2206 5633 (Et
2249 5565 2356 5617 alia
2393 5579 2565 5616 manu.
2604 5561 2959 5632 Recognovi.)
3003 5559 3344 5615 Marcellinus
3387 5558 3462 5613 uir
3499 5555 3655 5610 claris—-

2111 5670 2222 5709 ntus
2265 5653 2492 5708 tribunus
2531 5664 2578 5709 et
2625 5651 2860 5708 notarius
2883 5651 3029 5708 dixit.
3053 5650 3293 5724 Legatur
3324 5693 3337 5719 ,
3382 5648 3514 5722 quod
3539 5659 3653 5720 pm

2103 5762 2247 5816 cepi.
