3838 6222
239 397 378 451 ’13ὸ7

1199 396 1424 489 ΟΕβΤᾹ
1456 397 1901 460 ωιιΑτιοΝιε
1943 397 2563 470 CARTUACINENSlS.

3357 427 3490 486 1558

309 511 400 568 30.
430 509 690 568 Emeritus
742 513 1008 585 episcopus
1057 515 1209 579 dixit.
1265 512 1422 574 Sicut
1455 517 1523 575 de
1552 519 1819 610 scriptura
1843 519 1899 583 Α
1923 534 1987 577 ea
2023 525 2143 594 quae
2185 526 2335 581 vobis
2375 526 2442 584 ad
2479 527 2851 599 plenissimam
2887 529 3293 610 instructionem
3339 540 3487 596 suffl-

236 602 542 671 proposuit,
565 603 824 674 scriptum
850 612 935 660 est
959 605 1115 661 nobis
1148 623 1162 661 :
1195 606 1468 678 Sapientia
1518 608 1814 665 abscondita

235 697 506 748 thesaurus
531 692 740 749 inrisus.
775 694 906 763 Qua:
947 697 1142 753 utilitas
1176 699 1238 752 in
1287 699 1550 771 utroque?
1592 700 1660 755 Et
1706 700 1814 756 alia

233 801 417 839 manu.
440 786 707 842 Emeritos
732 787 1019 859 episeOpus
1039 790 1353 861 recognovi.
1409 802 1412 805 '

307 878 400 935 51.
433 877 700 934 Possidius
740 881 1004 954 episcopus
1059 881 1303 948 Ecclesia
1349 883 1617 940 catholica
1659 885 1809 940 dixit.

232 966 294 1023 In
323 970 662 1041 multiloquio
689 986 976 1044 nunquam
1000 972 1105 1028 fuit
1141 975 1428 1046 sapientia.
1458 974 1529 1030 Et
1551 977 1657 1032 alia
1702 993 1814 1032 ma—

227 1077 326 1116 nu.
359 1061 683 1134 Recognovi.

308 1157 395 1212 32.
427 1155 686 1214 Martialis
714 1169 952 1228 exceptor
976 1173 1040 1214 ex
1059 1159 1231 1215 codice
1247 1160 1498 1217 recitauit.
1548 1157 1812 1218 Ndu‘l‘ttas

227 1255 325 1303 tua
353 1248 506 1304 dixit.
531 1249 794 1318 Quoniam
815 1250 921 1306 diei
945 1238 1084 1321 pene
1111 1265 1325 1307 omnem
1352 1260 1560 1324 partem
1599 1261 1813 1309 constat

229 1355 534 1409 emensam,
565 1341 767 1397 ideirco
791 1354 969 1397 utrum
995 1353 1066 1398 ex
1097 1344 1367 1397 communi
1408 1358 1683 1400 consensu
1709 1343 1813 1399 dif-

219 1430 362 1487 ferri
391 1432 661 1502 negotium
686 1432 914 1502 placeat,
957 1433 1255 1490 intimetur.
1311 1434 1386 1489 Ab
1433 1436 1665 1506 utrisque
1688 1452 1808 1507 par-

223 1523 367 1577 tibus
398 1524 590 1579 dictum
612 1533 736 1580 est:
768 1525 944 1581 Placet
966 1526 1263 1597 ~,-qnouiam
1292 1527 1402 1599 iam
1444 1528 1544 1582 iste
1590 1527 1706 1583 dies
1735 1529 1810 1583 vi-

227 1615 390 1671 detur
410 1629 679 1672 emensus.
708 1615 968 1673 Nobilitas
1019 1627 1114 1673 tua
1156 1619 1305 1675 dixit.
1356 1619 1419 1703 in
1450 1636 1616 1691 quem
1665 1620 1829 1700 diem"

227 1707 348 1763 haec
375 1708 492 1779 ipsa
517 1709 1013 1779 comperendinatio
1043 1711 1349 1781 uideretur,
1395 1727 1528 1782 pars
1584 1722 1809 1786 utraque

226 1798 493 1871 designet.
523 1802 741 1874 Alypius
769 1804 1032 1874 episcopus
1078 1803 1321 1862 Ecclesia:
1350 1806 1619 1861 catholica:
1653 1807 1803 1861 dixit.

1915 628 2042 671 cere
2063 617 2396 687 .credidistis,
2422 621 2678 678 hesterno
2705 621 2793 679 die
2817 622 2902 679 edi
2923 623 3096 692 vobis,
3129 627 3251 684 data
3280 635 3488 692 notaria

1912 707 2215 776 postulans.

1983 799 2074 855 57.
2099 799 2678 874 Petitianuscpiscopus
2702 805 2851 860 dixit.
2895 805 3084 863 Dicant
3136 818 3480 883 exceptore's,

1914 899 2092 947 utrum
2124 908 2395 966 exponere
2425 913 2526 952 una
2548 897 2635 954 die
2661 899 2953 970 potuerint,
2980 902 3123 972 quod
3161 909 3262 960 una
3289 906 3380 966 die
3405 909 3482 966 ri-

1912 979 2070 1041 detur
2090 1000 2212 1043 esse
2229 987 2558 1065 confectum.
2588 989 2654 1046 Et
2677 993 2783 1048 alia
2810 1001 2984 1052 manu.
3014 993 3083 1052 Ut
3110 1007 3292 1070 Supra.

1984 1075 2072 1134 38.
2107 1077 2446 1138 Marcellinus
2469 1085 2547 1138 uir
2572 1084 2886 1141 clarissimus
2910 1089 3142 1145 tribunus
3173 1101 3219 1147 et
3248 1095 3478 1151 notarius

1912 1169 2061 1225 dixit.
2091 1168 2440 1243 Exceptore‘s,
2469 1183 2644 1232 utrum
2685 1177 2939 1235 hesterno
2969 1180 3053 1236 die
3079 1183 3256 1238 omnia
3295 1196 3481 1256 potue-

1911 1261 2020 1349 rint
2046 1263 2099 1318 in
2120 1265 2343 1348 schedis
2369 1275 2519 1338 gesta
2544 1269 2804 1338 describi,
2836 1272 2976 1343 apud
3009 1282 3126 1330 acta
3173 1277 3474 1349 designent.

1913 1345 2176 1410 Martialis
2204 1367 2440 1430 exceptor
2463 1362 2612 1417 dixit.
2643 1361 2830 1419 Adhuc
2852 1376 3056 1433 partem
3101 1367 3153 1422 in
3190 1345 3478 1441 codicibus

1911 1443 2193 1504 habemus.
2229 1450 2508 1522 Siquidem
2546 1455 2711 1511 etiam
2746 1456 2788 1513 ii
2817 1457 3054 1531 episcOpi
3077 1462 3166 1533 qui
3198 1464 3354 1522 nobis
3383 1480 3479 1524 cus

1908 1537 2093 1594 s'todes
2118 1539 2228 1596 dati
2251 1552 2396 1609 sunt,
2420 1559 2525 1600 non
2551 1547 2817 1603 nesciunt.

1980 1630 2069 1686 39.
2103 1629 2393 1690 Petilianus
2415 1637 2688 1707 episcopus
2725 1640 2874 1695 dixit.
2918 1641 3135 1714 Accepit
3181 1634 3480 1705 sublimitas

1911 1727 1998 1776 tua
2029 1731 2096 1777 ex
2139 1726 2494 1795 responsione
2529 1729 2721 1799 ofﬁcii,
2758 1734 2875 1789 acta
2913 1734 3088 1792 adhuc
3127 1737 3330 1810 digesta
3371 1757 3477 1798 non

1909 1831 2030 1874 esse
2052 1818 2109 1874 in
2131 1820 2377 1892 paginas,
2404 1837 2506 1879 nec
2527 1838 2647 1882 esse
2675 1826 2817 1898 Quod
2847 1843 2973 1912 pars
2993 1841 3214 1904 utraque
3237 1834 3379 1908 legat
3403 1846 3482 1892 ate

227 1892 382 1949 Sicut
409 1894 584 1951 edicto
605 1896 860 1954 nobilitas
891 1906 977 1952 tua
1002 1899 1347 1970 praescripsit,
1380 1902 1620 1956 crastino
1642 1901 1808 1958 inter-
1835 1901 1883 1962 Β
1910 1913 2015 1979 que
2036 1916 2338 1982 recenseat,
2367 1929 2467 1971 nec
2495 1915 2610 1973 dari
2640 1892 2732 1974 aut
2772 1892 3014 1978 revocari
3042 1892 3318 1984 memoria;
3347 1945 3479 2000 pau-

226 1988 400 2044 misso
421 2000 640 2060 propter
664 1992 1081 2063 descriptionem
1111 1997 1431 2053 schedarum
1457 2038 1475 2064 ,
1524 1997 1801 2068 perendie,

226 2081 273 2133 si
300 2082 569 2150 praecipis,
596 2082 968 2140 observemus.
1003 2087 1292 2143 Adeodalus
1342 2089 1608 2160 episcopus
1655 2090 1804 2144 dixit.

229 2171 404 2224 Etiam
433 2187 532 2228 nos
569 2166 937 2231 consentimus
956 2185 1018 2231 ut
1047 2177 1346 2246 perendino
1387 2177 1487 2234 die
1532 2174 1805 2249 negotium

228 2275 532 2335 peragatur.
563 2265 819 2324 Nobilitas
858 2278 947 2324 tua
995 2270 1143 2325 dixit.
1199 2270 1348 2327 Sicut
1389 2271 1635 2342 partibus
1690 2273 1805 2343 plac

226 2361 378 2428 cuit,
422 2363 717 2431 perendino
766 2365 855 2422 die
901 2367 1176 2437 negotium
1216 2375 1507 2438 repetetur.
1562 2366 1632 2424 Et
1687 2385 1804 2423 ciem

225 2453 510 2520 recitasset,
548 2452 884 2510 Marcellinus
904 2459 978 2512 vir
1007 2459 1322 2514 clarissimus
1350 2459 1580 2515 tribunus
1618 2471 1665 2515 et
1713 2477 1806 2516 no-

227 2545 393 2600 tarius
417 2544 567 2600 dixit.
608 2546 763 2604 Videt
789 2550 1046 2604 sanctitas
1087 2560 1276 2607 vestra
1323 2559 1511 2607 contra
1557 2553 1805 2622 proprios

226 2651 330 2692 vos
357 2639 542 2694 venire
573 2655 684 2694 non
729 2655 888 2711 posse
938 2656 1258 2698 consensus.
1307 2641 1463 2700 Unde
1510 2657 1670 2698 causa
1722 2643 1804 2698 di-

225 2737 403 2784 catur.

299 2822 388 2878 35.
419 2820 675 2880 Emeritus
712 2825 980 2898 episcopus
1005 2826 1153 2881 dixit.
1187 2825 1300 2882 Non
1341 2825 1474 2881 adeo
1516 2827 1801 2882 immemo-

222 2929 315 2968 res
341 2929 526 2970 sumus
548 2924 816 2974 utcontra
857 2927 1037 2974 nostra
1068 2920 1382 2973 veniamus:
1424 2933 1524 2973 nec
1567 2932 1668 2990 ego
1715 2917 1802 2972 hic

222 3005 488 3060 incuriam
514 3007 671 3063 ofﬁcii
695 3017 788 3064 aut
807 3019 1152 3080 exceptorum
1183 3009 1559 3082 negligentiam
1578 3009 1797 3074 damno,

223 3099 314 3152 ubi
343 3098 583 3169 intelligo
606 3099 913 3169 prolixitate
942 3113 1216 3172 gestorum
1245 3101 1355 3174 [ad]
1386 3100 1528 3156 diem
1577 3100 1800 3156 minime

221 3207 512 3248 occurrere
543 3195 808 3264 pomisse.
841 3193 996 3260 Quod
1023 3194 1079 3248 si
1099 3195 1293 3248 factum
1324 3203 1406 3248 est
1428 3235 1441 3258 ,
1491 3201 1546 3247 et
1569 3192 1791 3262 expliei-

1909 1999 2080 2058 lulum
2107 2006 2296 2075 possit.
2325 2006 2560 2065 Proinde
2587 2010 2887 2070 sublimitas
2927 2023 3050 2085 tua,
3079 1999 3360 2090 quoniam,
3393 2039 3480 2080 res

1910 2093 2134 2151 honesta
2162 2099 2497 2169 postulatur,
2546 2099 2727 2174 largiri
2771 2103 3023 2176 dignetur
3053 2114 3194 2181 quod
3225 2117 3479 2187 petimus,

1910 2197 1969 2244 ut
2002 2199 2153 2262 gesta
2193 2207 2258 2247 ex
2290 2207 2439 2265 more
2466 2194 2713 2251 edantur.
2751 2197 3019 2270 Legamus
3063 2211 3123 2257 ut
3156 2209 3482 2277 reSpondere

1904 2282 2200 2351 possimus.
2233 2282 2302 2339 Et
2331 2286 2438 2341 alia
2465 2303 2641 2343 manu.
2683 2287 2976 2350 Petilianus
3015 2296 3296 2370 episcopus
3329 2317 3480 2359 reco-~

1906 2387 2087 2442 guovr.

1978 2464 2067 2521 40.
2100 2464 2317 2537 Alypius
2336 2468 2601 2540 episcopus
2626 2466 2872 2531 Ecclesia
2891 2477 3154 2535 calholicte
3173 2481 3320 2538 dixit.
3339 2469 3482 2542 Lon-

1905 2554 2088 2625 gitudo
2152 2565 2425 2626 gestorum
2472 2561 2637 2632 magis
2681 2564 2732 2618 in
2771 2579 2995 2622 numero
3035 2578 3089 2625 et
3126 2575 3476 2643 reSpousione

1903 2645 2182 2717 utriusque
2218 2649 2386 2718 partis
2427 2653 2802 2725 episcoporum
2840 2668 2951 2726 est,
3000 2676 3156 2733 quam
3199 2665 3250 2720 in
3299 2667 3477 2739 aliqua

1903 2739 2369 2797 commendatione
2396 2745 2616 2814 negotii.
2637 2747 2778 2803 Nihil
2799 2764 2932 2823 ergo
2955 2762 3036 2808 est
3060 2755 3198 2811 unde
3225 2767 3474 2815 causetur

1903 2844 2030 2899 pars
2078 2831 2287 2888 diversa
2309 2874 2324 2899 ,
2379 2845 2470 2890 aut
2496 2836 2654 2894 hodie
2683 2843 2914 2912 cognitio
2944 2846 3219 2905 dideratur
3247 2869 3261 2917 ;
3285 2855 3477 2922 prxci-

1903 2937 2009 2991 pue
2028 2923 2148 2992 quia
2178 2924 2335 2981 etiam
2366 2926 2465 2996 ipsi
2495 2930 2727 2999 professi
2753 2946 2878 2990 sunt
2899 2938 2967 2993 ad
2993 2939 3310 3000 hodiernum
3334 2947 3481 3004 diem

1903 3013 2253 3074 diderendum
2303 3035 2423 3077 esse
2459 3025 2753 3093 negotium.
2812 3026 2879 3082 Et
2922 3033 3031 3087 alia
3089 3052 3262 3094 manu.
3303 3040 3477 3099 Reco-n

1900 3112 2081 3181 gnovi.

1972 3203 2061 3257 41.
2088 3193 2420 3261 Marcellinus
2447 3207 2524 3261 uir
2553 3205 2869 3269 clarissimus
2885 3214 3123 3273 tribunus
3160 3229 3208 3274 et
3247 3224 3474 3279 notarius

222 3286 294 3341 tis
320 3286 568 3341 omnibus
589 3295 745 3357 gesta
776 3302 864 3341 res
903 3292 1018 3354 est,
1051 3301 1148 3341 cur
1183 3301 1289 3342 non
1325 3286 1377 3340 in
1414 3285 1657 3339 notitiam
1699 3299 1797 3339 no-
1823 3280 1868 3343 C
1901 3292 2049 3346 dixit.
2079 3291 2151 3349 Ut
2175 3295 2367 3351 iterum
2395 3299 2635 3366 partibus
2659 3301 2939 3360 evidenter
2987 3320 3262 3378 appareat,
3314 3329 3473 3370 vene-

217 3391 391 3437 stram
415 3397 534 3454 quae
560 3390 676 3438 acta
706 3381 1383 3452 suntperferuntur?Cum
1413 3381 1555 3437 enim
1586 3397 1649 3435 ea
1678 3396 1797 3450 qua:
1899 3380 2143 3440 rabilium
2166 3386 2400 3442 virorum
2429 3389 2606 3446 denuo
2631 3393 2894 3463 professio
2917 3399 3192 3456 recitetur.
3253 3399 3470 3462 Petilia-

217 3473 475 3528 nobilitas
506 3483 594 3528 tua
625 3474 1077 3544 recenserijussit
1104 3475 1172 3530 ab
1207 3472 1388 3529 ofﬁcio
1419 3472 1614 3528 fuerint
1667 3487 1798 3527 ven-
1898 3493 1993 3531 nus
2015 3479 2283 3550 episcopus
2305 3481 2454 3536 dixit.
2481 3481 2636 3540 Unde
2663 3484 3016 3546 recitabitur?
3043 3490 3109 3547 Et
3135 3496 3241 3549 alia
3285 3514 3462 3554 manu.

219 3564 400 3631 tilata,
443 3580 667 3622 necesse
701 3577 756 3621 ut
788 3569 1022 3638 acceptis
1059 3567 1321 3622 universis
1359 3575 1584 3622 tractem
1613 3564 1793 3621 discu-
1895 3567 1965 3624 Ut
1991 3585 2173 3640 supra.
2203 3571 2479 3629 Montanus
2495 3579 2763 3647 cpiscopus
2800 3569 2950 3636 dixit.
2985 3582 3060 3643 De
3085 3586 3283 3644 scheda
3312 3592 3464 3649 nobis

214 3655 455 3726 tiamque
481 3657 674 3727 quibus
715 3658 894 3714 causis
928 3659 1188 3728 quibusve
1227 3658 1400 3712 modis
1436 3656 1662 3712 debeam
1710 3671 1795 3711 re-
1893 3660 2170 3715 recitetur.
2202 3661 2271 3715 Et
2297 3664 2401 3716 alia
2426 3681 2597 3717 manu.
2628 3664 2696 3722 Ut
2725 3683 2904 3738 supra.

193 3749 508 3819 spondere.
536 3750 760 3806 Tantam
793 3751 989 3805 etenim
1021 3766 1086 3805 ex
1116 3749 1368 3804 mandato
1412 3750 1625 3803 illorum
1663 3761 1792 3802 con-
1962 3745 2050 3808 ιε.
2081 3752 2415 3808 Marcellinus
2435 3757 2513 3810 vir
2536 3757 2847 3814 clarissimus
2894 3757 3126 3821 tribunus
3152 3776 3201 3823 et
3229 3766 3459 3831 notarius

209 3840 482 3895 fusionem
506 3855 683 3897 causae
712 3856 836 3896 esse
859 3841 1111 3911 cognovi,
1135 3848 1194 3893 ut
1222 3848 1275 3893 et
1298 3839 1371 3916 de
1388 3837 1674 3907 praeteritis
1708 3837 1788 3890 in-
1889 3842 2038 3895 dixit.
2072 3841 2212 3913 Ergo
2236 3859 2355 3914 quae
2380 3845 2651 3903 codicibus
2678 3859 2926 3925 tenentur
2950 3856 3168 3927 inserta,
3199 3877 3319 3919 eum
3345 3875 3460 3922 tan-

208 3931 348 3985 strui
375 3930 598 3985 debeam
623 3971 637 3996 ,
663 3938 718 3984 et
753 3945 1040 4009 agnoscam
1080 3928 1147 3984 de
1185 3928 1538 3998 praesentibts
1578 3927 1661 3981 cui
1699 3927 1787 3982 de-
1891 3931 1928 3986 ti
1953 3933 2258 3990 sacerdotes
2279 3936 2528 3993 cusmdes
2552 3940 3035 4015 appositi/fuerint,
3083 3950 3134 4006 in
3168 3953 3457 4013 dubitatio.

207 4005 366 4074 beam
416 4018 762 4089 respondere.
807 4005 876 4073 Et
905 4020 1012 4074 alia
1072 4035 1246 4073 manu.
1309 4017 1579 4074 Emeritos
1631 4032 1786 4072 reco-
1884 4040 2010 4080 nem
2030 4025 2261 4096 aliquam
2291 4027 2598 4086 existimant
2620 4032 2970 4090 devocanda?

202 4110 388 4193 gnavi.
444 4186 446 4188 ν
601 4190 604 4194 Ι
1192 4200 1194 4202 ν
1260 4197 1277 4210 Ι.
1640 4185 1647 4190 ⁷
1705 4199 1716 4210 .
1954 4118 2042 4173 45.
2073 4106 2362 4174 Petilianus
2388 4122 2652 4194 episcopus
2676 4125 2827 4182 dixit.
2853 4126 3016 4187 Notas
3042 4146 3149 4189 non
3173 4138 3450 4210 novimus;

399 4186 735 4255 Marcellinus
759 4200 835 4255 vir
858 4201 1170 4256 clarissimus
1192 4197 1420 4255 tribunus
1458 4209 1504 4254 et
1551 4185 1780 4261 notarius

202 4294 358 4350 dixit.
386 4279 536 4350 Licet
566 4294 831 4365 professio
852 4289 1151 4351 sanctitatis
1175 4304 1368 4350 vestrae
1384 4294 1495 4348 sola
1524 4290 1775 4356 sulliciat,

206 4397 388 4442 tamen
412 4372 668 4456 quidquid
700 4386 847 4440 vobis
869 4386 934 4440 a‘d
963 4379 1368 4441 instructionem
1401 4374 1775 4454 plenissimam

199 4464 511 4532 credidistis
541 4493 697 4548 posse
719 4474 989 4546 sufﬁcere,
1024 4471 1275 4534 hesterna
1297 4477 1383 4532 die
1401 4487 1454 4531 et
1475 4475 1775 4547 postulasse

1881 4226 2058 4283 neque
2084 4228 2147 4268 ea
2168 4223 2358 4270 natura
2411 4232 2585 4271 rerum
2618 4227 2722 4287 est,
2776 4229 2935 4293 atque
2963 4223 3220 4295 ipsarum,
3280 4242 3337 4287 ut
3379 4235 3450 4291 ita

1879 4303 2111 4359 dixerim
2139 4303 2456 4370 litterarum,
2481 4316 2538 4362 ut
2558 4309 2838 4381 quisquam
2864 4323 3020 4370 notas
3045 4316 3186 4389 legat
3222 4323 3446 4381 alienas.

1878 4393 1934 4450 lu
1963 4395 2236 4452 codicibus
2275 4399 2457 4469 legere
2494 4416 2600 4455 non
2643 4396 2946 4472 possumus.
2979 4408 3092 4465 Nisi
3144 4413 3285 4468 edita
3337 4419 3451 4474 fue-

1877 4486 1986 4542 rint
2012 4497 2159 4559 gesta
2190 4489 2242 4544 in
2267 4491 2494 4576 paginis,
2523 4508 2630 4548 non
2663 4493 2836 4551 habeo
2874 4498 3017 4568 quod
3047 4509 3293 4572 tractem,
3339 4523 3447 4564 non

198 4569 363 4640 292
395 4581 488 4623 vos
509 4579 563 4624 et
590 4571 863 4638 accepisse
893 4585 1004 4624 non
1031 4567 1251 4625 dubium
1301 4577 1402 4624 est.
1436 4562 1588 4624 Unde
1629 4581 1772 4622 nunc

1914 4578 2048 4633 abeo
2073 4580 2214 4649 quod
2245 4581 2436 4652 legam.
2473 4570 2549 4637 Et
2602 4587 2708 4639 alia
2734 4562 2910 4642 manu:
2951 4582 3022 4646 Ut
3063 4608 3242 4663 supra.
3279 4562 3448 4652 'Mar;

196 4658 268 4712 ad
296 4673 474 4713 causas
501 4659 752 4713 meritum
781 4661 1042 4714 veniatur.

1797 4651 1845 4709 ί)
1871 4670 2083 4726 cellinus
2112 4673 2189 4726 vir
2213 4651 2530 4730 clarissimus
2569 4677 2800 4732 tribunus
2836 4688 2882 4733 et
2924 4651 3150 4737 notarius
3173 4685 3322 4742 dixit.
3376 4691 3450 4748 Ut

267 4758 356 4812 55.
388 4755 673 4811 Petilianus
697 4759 966 4827 episcOpus
993 4757 1143 4811 dixit.
1175 4756 1423 4811 Advertit
1465 4754 1767 4810 sublimitas
1871 4764 2070 4820 dictum
2093 4774 2205 4833 est,
2237 4767 2428 4823 iterum
2472 4769 2858 4826 venerabilia")
2901 4773 3137 4830 virorum
3179 4769 3444 4848 professio

192 4855 285 4900 tua
315 4856 660 4916 exceptorem
690 4863 756 4903 ex
779 4848 1052 4903 codicibus
1075 4849 1272 4919 legisse
1297 4847 1426 4918 quid
1455 4846 1767 4902 nudiuster-

191 4936 336 4992 tiana
363 4938 450 4992 die
471 4939 903 5009 velpromissum
928 4940 1086 4996 fuerit
1111 4942 1193 4996 vel
1223 4940 1646 5012 pronuntiatum.
1685 4938 1762 4993 Ex

188 5043 295 5098 qua
322 5042 382 5083 re
404 5031 570 5100 magis
586 5044 818 5101 agnosco
840 5041 954 5088 acta
977 5031 1151 5088 adhuc
1170 5031 1413 5103 eXposita
1444 5048 1549 5087 non
1576 5031 1758 5086 fuisse.

187 5121 344 5188 Quod
375 5123 420 5177 si
441 5124 683 5193 exposita
717 5135 914 5181 suntet
945 5135 1124 5196 parata
1147 5169 1163 5195 ,
1201 5127 1339 5183 idem
1386 5135 1641 5197 exceptor
1674 5141 1760 5180 rc-

113 5250 118 5255 -
186 5214 472 5283 spondeat.
502 5215 742 5273 Proferat
763 5229 931 5290 gesta.
959 5220 1268 5286 SubScribe,
1292 5229 1593 5275 tractamus
1620 5261 1633 5286 ,
1664 5235 1757 5290 po-

1869 4858 2142 4914 recitetur.

1939 4950 2028 5008 44.
2056 4951 2312 5007 Martialis
2342 4963 2578 5024 exceptor
2600 4972 2663 5010 ex
2686 4957 2858 5010 codice
2872 4958 3053 5012 iterum
3071 4971 3308 5019 notarum
3337 4967 3440 5040 [τε.

1867 5043 2058 5098 citavit.
2092 5044 2350 5100 Nobilitas
2374 5044 2482 5118 tua]
2506 5047 2655 5100 dixit.
2686 5046 2943 5114 Quoniam
2987 5049 3094 5106 diei
3148 5068 3284 5123 pene
3320 5074 3436 5115 om.

1864 5151 1986 5191 nem
2011 5145 2213 5205 partem
2236 5147 2442 5192 constat
2464 5152 2758 5200 emensam,
2779 5135 2980 5194 idcirco
2998 5149 3176 5204 utrum
3201 5161 3267 5202 ex
3287 5161 3435 5205 com-

1863 5225 2012 5280 muni
2046 5241 2308 5280 consensu
2345 5216 2547 5281 (ἥσθη-ἱ
2587 5227 2854 5296 negotium
2890 5229 3099 5299 placeat
3131 5234 3428 5306 intimetur,

183 5315 302 5364 stea
330 5311 736 5379 respondemus.
763 5311 1446 5372 Et.aliamanu.Petilianus
1475 5314 1758 5383 episcopus
1861 5315 1939 5374 Ab
1967 5316 2196 5384 utrisque
2222 5316 2450 5383 partibus
2473 5315 2669 5369 dictum
2692 5327 2785 5370 est.
2817 5313 3020 5388 Placet,
3053 5338 3300 5390 quoniam
3317 5328 3428 5395 jam

183 5402 494 5481 recognovi.

1858 5405 1960 5459 iste
1999 5403 2115 5457 dies
2157 5403 2369 5459 videtur
2407 5419 2679 5461 ernensus.
2729 5405 2988 5462 Nobilitas
3033 5413 3121 5464 tua
3169 5411 3316 5468 dixit.
3369 5413 3427 5471 In

256 5480 346 5543 36'.
377 5480 710 5546 Marcellinus
739 5495 814 5547 vir
840 5494 1153 5551 clarissimus
1197 5496 1426 5550 tribunus
1451 5505 1496 5549 et
1525 5493 1753 5547 notarius
1857 5510 2014 5566 quem
2070 5493 2211 5548 diem
2254 5494 2370 5548 lucc
2412 5495 2523 5563 ipsa
2562 5497 3057 5565 comperendinatio
3100 5501 3376 5559 dilferatur
3406 5550 3421 5572 ,

181 5581 331 5633 dixit.
363 5581 908 5663 Studium-dilationis
934 5601 1195 5655 agnosco,
1225 5595 1521 5643 ettmutatze
1559 5585 1751 5638 volun-
1840 5601 1980 5658 .pars
2019 5596 2242 5654 ulraque
2279 5585 2544 5654 designet.
2594 5585 2812 5657 Alypius
2859 5589 3128 5664 cpiscopus
3178 5587 3426 5650 Ecclesiae

181 5673 309 5726 tatis
335 5660 606 5748 indicium.
657 5675 912 5729 Potuerat
943 5679 1100 5732 «enim
1149 5680 1411 5734 sanctitas
1457 5685 1632 5732 vestra
1683 5691 1750 5731 ex
1854 5677 2117 5733 catholica:
2139 5675 2292 5728 dixit.
2328 5675 2478 5730 Sicut
2518 5675 2694 5730 edicto
2743 5660 2995 5733 nobilitas
3017 5660 3114 5735 "tua
3141 5685 3423 5754 prxscrip—

179 5746 546 5831 magnitudine
596 5774 910 5835 gestorum,
935 5774 1014 5821 ἰιι
1055 5768 1215 5824 hodie
1265 5769 1533 5839 negotium
1569 5767 1752 5823 diiier-
1851 5770 1941 5833 sit,
1969 5767 2202 5821 crastino
2229 5765 2536 5820 intermisso
2564 5765 3212 5837 promet-descriptionem
3252 5772 3416 5830 sche-

178 5864 330 5910 retnr
355 5855 618 5927 superiori
645 5855 845 5926 judicio
878 5857 1166 5925 postulare.
1210 5859 1324 5916 lluc
1363 5858 1574 5914 additur
1605 5851 1746 5928 quod
1849 5848 2059 5924 darem,
2091 5847 2370 5926 perendie,
2402 5857 2444 5912 si
2469 5856 2736 5927 praecipis,
2763 5845 3127 5920 observemus.
3179 5863 3418 5922 Adcoda-
