3860 6212
441 334 575 392 1559

1352 318 1576 380 GESTA
1612 276 2057 376 COLLATIONIS
2093 310 2720 370 canrnacmwsrs;

3561 300 3691 360 1560

443 456 523 501 tus
549 443 816 514 episcOpus
839 437 986 494 dixit.
1013 435 1186 492 Etiam
1223 448 1320 490 nos
1358 432 1723 489 consentimus
1755 471 1770 496 ,
1821 437 1880 483 ut
1919 443 2012 498 pe—
2039 429 2086 487 A
2111 426 2251 496 justa
2285 426 2441 481 nobis
2467 427 2771 481 nullatenus
2801 419 3252 492 denegentur..Et
3272 417 3381 474 alia
3408 433 3576 471 manu.
3601 417 3694 471 Pe-

443 535 630 592 rendie
655 531 922 603 negotium
949 538 1250 601 peragatur.
1287 526 1691 582 Sublimitastua
1719 523 1869 576 dixit.
1899 521 2016 577 Sic-

446 635 508 683 ut
537 625 770 696 partibus
794 623 1012 694 placuit,
1048 619 1338 690 perendino
1366 618 1453 673 die
1486 617 1757 687 negotium
1808 623 2017 683 repete-

446 732 554 777 tur.
608 720 674 775 Et
712 736 827 773 cum
890 718 1163 781 recitasset,
1215 713 1494 768 Petilianus
1535 713 1802 785 episwpus
1861 709 2012 762 dixit.

448 816 599 873 Unde
623 814 781 884 legit?

515 906 604 962 45.
638 902 977 959 Marcellinus
1004 903 1079 956 uir
1105 900 1413 956 clarissimus
1461 901 1693 954 tribunus
1715 906 1760 951 et
1786 895 2016 950 notarius

450 997 603 1052 dixit.
636 995 773 1062 Quid
796 1009 953 1058 super
983 992 1082 1047 hac
1109 1001 1262 1063 parte
1284 992 1457 1062 legum
1488 990 1559 1044 sit
1583 988 1902 1042 auctoritate
1927 985 2021 1039 de—

445 1087 686 1153 ﬁnitum,
723 1087 1057 1140 sanctitatem
1111 1094 1344 1140 vestram
1389 1083 1623 1151 arbitror
1675 1095 1780 1133 non
1829 1078 2016 1140 latere,

447 1196 568 1236 cum
594 1188 778 1234 contra
823 1178 1064 1247 pr0prios
1117 1191 1222 1231 non
1268 1175 1427 1228 liceat
1477 1171 1660 1227 venire
1700 1183 2015 1225 consensus.

383 1315 387 1318 -
449 1271 624 1337 Unde,
648 1285 835 1340 nequa
882 1269 1020 1324 forte
1070 1268 1138 1323 de
1181 1263 1561 1334 exceptoribus
1613 1261 1774 1318 ofﬁcii
1832 1259 2019 1314 fraude

449 1364 684 1434 suspecti
714 1362 839 1430 sint,
868 1377 931 1416 ex
957 1360 1151 1414 tabulis
1175 1358 1504 1412 notariorum
1527 1351 2017 1410 ecclesiasticorum

449 1456 564 1512 haec
585 1457 771 1512 eadem
800 1454 1037 1511 conditio
1064 1451 1351 1521 relegatur.

517 1549 608 1606 46.
637 1549 896 1602 Emeritus
917 1546 1185 1615 episcopus
1226 1541 1377 1596 dixit.
1405 1538 1831 1610 lngredieutibus
1867 1535 2020 1589 nobis

448 1642 699 1698 nobilitas
723 1650 814 1694 tua
835 1635 1071 1692 interfari
1104 1634 1319 1705 dignata
1346 1643 1448 1695 est,
1487 1633 1530 1686 si
1558 1631 1748 1686 edictis
1778 1628 2020 1699 proposi-
2105 1649 2107 1652 ί

449 1737 520 1791 tis
545 1734 922 1790 adhiberemus
949 1745 1246 1796 assensum,
1279 1737 1333 1782 et
1374 1737 1551 1781 utrum
1598 1723 2022 1793 subscriptiones

451 1840 663 1887 nostras
691 1825 1218 1883 accommodaremus
1261 1820 1494 1891 propriis
1532 1815 2014 1888 prosecutionibus.
2049 1822 2103 1881 Β

451 1921 552 1976 Cui
577 1921 654 1976 rei
683 1918 1035 1980 sotisfaciam,
1093 1932 1197 1969 non
1246 1913 1494 1968 adverto.
1524 1910 1692 1964 Tenet
1743 1923 1831 1962 me
1877 1905 2021 1961 enim

453 2014 788 2086 propositum
841 2009 1134 2064 nobilitatis
1162 2017 1286 2071 tuae,
1316 2020 1422 2076 quo
1446 2018 1532 2059 me
1573 1999 2021 2069 subscriptionem

454 2105 641 2162 indere
664 2103 849 2175 gestis,
879 2112 935 2157 et
960 2100 1208 2155 universa
1236 2113 1352 2168 qua:
1373 2096 1581 2165 publice
1610 2102 1726 2147 aeta
1752 2099 1894 2154 sunt,
1928 2105 2024 2158 pu-

380 2252 384 2253 ,
453 2199 591 2254 blice
615 2196 836 2267 propelli
864 2193 1177 2263 promisisti.
1223 2189 1372 2244 Nunc
1420 2198 1595 2242 autem
1636 2199 1799 2254 cogor
1842 2195 2021 2253 agere,

451 2284 655 2344 e't'ante
680 2287 1000 2357 agnitionem
1036 2292 1304 2354 gestorum
1356 2279 1408 2332 in
1460 2277 1733 2346 negotium
1776 2271 2024 2344 prtecipi-

450 2381 570 2436 tari.
594 2379 724 2447 Quae
752 2380 851 2434 ista
899 2377 1069 2432 sunt?
1123 2373 1257 2440 Quid
1307 2372 1536 2439 primum
1574 2369 1769 2439 eligam
1793 2366 1977 2422 nescio
2006 2406 2021 2432 ,

449 2473 590 2544 quod
621 2481 800 2526 votum
831 2480 1038 2524 tuorum
1072 2467 1395 2537 iudiciorum
1443 2472 1651 2519 teneam
1697 2477 1801 2516 non
1864 2475 2027 2531 agno-

450 2582 564 2623 sco.
591 2567 644 2623 Si
677 2559 1122 2620 subscribendum
1153 2569 1236 2615 est
1265 2559 1506 2628 paginae;
1539 2556 1729 2611 edatur
1751 2554 1937 2625 pagina
1968 2561 2030 2607 ut

453 2658 716 2715 subscribi
758 2658 945 2726 possit.
975 2655 1031 2711 Si
1063 2653 1216 2722 hujus
1261 2653 1337 2706 rei
1378 2659 1460 2705 est
1511 2648 1752 2704 facienda
1793 2648 2025 2717 jactura,

454 2751 687 2807 edictum
719 2757 866 2802 tuum
890 2761 1050 2801 omne
1075 2743 1342 2799 vacillabit
1367 2759 1380 2805 ;
1420 2741 1675 2812 quidquid
1705 2738 2027 2810 proposuisti

459 2841 514 2897 in
541 2841 806 2912 publicam
848 2837 1230 2893 conscientiam
1270 2835 1595 2889 destruetur.
1651 2832 1838 2886 Dixisti
1886 2829 2028 2883 enim

459 2947 530 2989 ex
555 2928 944 2999 subscriptione
971 2937 1153 2983 nostra
1183 2936 1237 2981 et
1266 2942 1328 2980 ex
1360 2922 1704 2980 sublimitatis
1735 2931 1838 2974 ture
1866 2918 2032 2973 aduo-

458 3024 662 3077 tatione
688 3030 882 3077 cuncta
905 3036 1024 3090 quze
1047 3028 1191 3088 gesta
1216 3024 1340 3070 sunt
1381 3017 1433 3069 in
1471 3015 1718 3067 notitiam
1762 3010 2028 3079 publicam

459 3117 656 3172 debere
680 3114 902 3168 deferri.
933 3112 1091 3165 Prius
1119 3120 1200 3164 est
1222 3124 1350 3179 ergo
1379 3117 1436 3162 ut
1471 3121 1532 3161 ea
1555 3121 1673 3176 qua:
1712 3114 1858 3173 gesta
1913 3110 2034 3156 sunt

457 3209 774 3270 recitentur,
808 3215 863 3261 et
890 3205 1228 3276 publicentur
1259 3243 1275 3269 ,
1327 3213 1380 3257 et
1425 3207 1812 3269 agnoscantur,
1860 3206 1917 3250 ut
1967 3210 2031 3250 ex

456 3303 662 3373 judicio
686 3313 788 3355 tua:
813 3297 1157 3355 sublimitatis
1186 3295 1250 3350 ad
1279 3304 1472 3350 caetera
1508 3307 1628 3362 qua:
1673 3299 1798 3344 sunt
1840 3288 2039 3358 negotii

460 3393 729 3448 veniatur.
766 3390 831 3444 Et
872 3391 975 3443 alia
1017 3404 1192 3441 manu.
1239 3386 1505 3439 Etneritus
1556 3383 1839 3450 episcopus
1886 3395 2040 3434 reco‘

458 3482 655 3555 gnovi.-
676 3476 679 3477 ⁷

536 3575 626 3630 47.
676 3571 1005 3626 Marcellinus
1047 3568 1123 3622 uir
1162 3564 1472 3620 clarissimus
1497 3561 1727 3616 tribunus
1748 3569 1794 3614 et
1816 3560 2042 3614 notarius

468 3667 616 3721 dixit.
640 3665 792 3721 Sicut
819 3663 1170 3718 interlocutus
1195 3675 1333 3721 sum,
1374 3655 1442 3710 ab
1477 3653 1856 3710 ecclesiasticis
1894 3659 2044 3706 nota-

463 3763 560 3816 riis
583 3775 645 3815 ea
670 3774 788 3830 quae
818 3758 886 3813 ab
909 3753 1286 3825 exceptoribus
1314 3749 1478 3807 officii
1501 3747 1722 3805 recitata
1745 3753 1889 3814 sunt,
1923 3760 2043 3816 per.

467 3859 775 3909 ettrrantur.

540 3946 630 4000 48.
660 3941 944 3997 Petilianus
970 3939 1236 4008 episwpus
1259 3935 1406 3988 dixit.
1431 3932 1579 3987 Tene
1628 3929 1841 3983 modum
1870 3938 2041 3992 tuum,

469 4035 552 4090 vir
577 4033 821 4095 nobilis;
882 4041 1005 4084 tene
1058 4027 1374 4096 promissam
1427 4035 1570 4090 saepe
1604 4020 1888 4090 justitiam.
1914 4017 2044 4074 Nam

470 4144 594 4184 cum
624 4143 651 4180 a
684 4133 836 4194 parte
861 4133 1044 4176 nostra
1070 4115 1495 4172 nudiustertiana
1520 4111 1609 4166 die
1641 4111 1828 4164 fuisset
1864 4108 2049 4176 objec-

472 4229 609 4286 tum,
636 4215 778 4287 quod
806 4215 923 4268 dies
945 4211 1214 4282 legitimus
1244 4223 1418 4262 causa:
1445 4205 1554 4274 jam
1585 4202 1860 4257 videretur
1887 4201 2048 4255 fuisse

473 4317 792 4369 transactus,
826 4316 878 4360 et
906 4320 933 4357 a
961 4317 1122 4358 causa
1147 4298 1408 4355 cecidisse
1437 4312 1530 4351 eos
1562 4296 1649 4364 qui
1683 4308 1779 4348 nos
1814 4295 1865 4346 in
1907 4291 2051 4360 judi-

471 4403 614 4460 cium
638 4403 984 4461 voeaverunt,
1011 4393 1179 4449 coacti
1200 4405 1381 4445 sumus
1403 4387 1455 4444 id
1480 4387 1638 4450 velle,
1663 4394 1719 4439 ut
1741 4383 2051 4439 recedentes

476 4495 544 4550 ab
570 4492 756 4548 eadem
785 4487 1092 4544 conditione
1130 4483 1181 4538 in
1226 4492 1435 4550 tempus
1464 4492 1702 4548 praesens
1740 4473 2050 4530 consentire

2120 520 2337 575 tilianus
2363 520 2650 589 episcopus
2680 516 2986 587 recognovi.

2189 635 2280 689 49.
2310 633 2650 689 Marcellinus
2677 634 2753 687 vir
2780 632 3090 686 clarissimus
3130 629 3360 683 tribunus
3387 636 3433 681 et
3474 625 3695 679 notarius

2119 725 2265 781 dixit.
2298 725 2422 781 Hanc
2449 726 2650 780 rectius
2669 733 2725 779 et
2741 725 2940 794 justius
2974 723 3247 792 prmterito
3266 720 3474 790 judicio
3500 717 3696 773 debue-

2119 829 2238 873 rant
2261 819 2544 888 postulari,
2576 819 2627 872 in
2654 832 2760 888 quo
2799 833 2862 872 ex
2895 831 3166 871 consensu
3207 813 3494 883 utriusque
3537 811 3698 880 partis

2122 910 2174 963 in
2203 907 2344 963 hunc
2368 909 2510 963 diem
2531 909 2695 963 dilata
2720 909 2954 979 cognitio
2981 916 3084 962 est.
3119 905 3274 963 Unde
3324 905 3393 959 ab
3446 903 3700 959 ecclesia-

2120 1000 2266 1056 sticis
2297 1001 2525 1055 notariis
2547 1001 2611 1054 ad
2637 1016 2794 1063 quam
2829 1011 3033 1068 partem
3066 980 3231 1053 fuerit
3258 998 3422 1051 dilata
3462 993 3699 1066 cognitio

2122 1095 2280 1165 293
2304 1094 2580 1149 recitetur.
2616 1092 2901 1148 Petilianus
2930 1093 3202 1163 cpiscOpus
3230 1091 3378 1144 dixit.
3412 1089 3554 1159 Ergo
3600 1088 3699 1142 cir—

2121 1186 2394 1239 cumveuti
2414 1199 2619 1240 sumus.
2647 1183 2715 1238 Et
2744 1185 2848 1238 alia
2870 1200 3044 1236 manu.
3074 1181 3140 1237 Ut
3161 1195 3344 1250 supra.
3397 1178 3703 1250 Augustinus

2122 1279 2389 1349 episcopus
2445 1279 2691 1334 Ecclesia:
2735 1278 3002 1332 catholica:
3041 1276 3191 1330 dixit.
3243 1273 3359 1328 Non
3404 1281 3488 1328 est
3528 1280 3700 1325 nostra

2119 1387 2278 1427 causa
2308 1370 2535 1439 factum,
2582 1369 2724 1440 quod
2771 1369 2925 1434 nobis
2953 1367 3142 1423 volunt
3190 1365 3460 1434 imputare
3508 1363 3698 1417 fratres

2123 1467 2291 1522 nostri
2333 1481 2363 1521 e
2405 1466 2622 1521 diverso
2653 1465 2924 1519 sistentes.
2966 1459 3032 1514 Et
3057 1478 3173 1515 cum
3216 1459 3431 1520 diceret,
3483 1454 3574 1527 (Et
3603 1456 3702 1507 alia

2122 1576 2297 1614 manu.
2327 1556 2692 1630 liecognovi.)
2745 1556 3029 1610 Petilianus
3064 1553 3335 1623 episcopus
3366 1549 3519 1603 dixit.
3565 1546 3700 1615 lnju-

2122 1653 2256 1707 riam
2285 1653 2440 1708 nobis
2465 1651 2620 1706 facis.
2654 1648 2722 1704 Et
2749 1651 2855 1704 alia
2881 1664 3054 1701 manu.
3085 1646 3155 1701 Ut
3175 1659 3358 1713 supra.

2193 1764 2284 1820 50.
2311 1764 2625 1835 Augustinus
2659 1763 2923 1835 episcOpus
2966 1757 3216 1812 Ecclesia:
3252 1755 3522 1811 catholica
3548 1752 3691 1806 dixit.

2127 1856 2370 1912 Edictum
2405 1856 2700 1910 nobilitatis
2729 1863 2834 1909 tuto
2859 1854 2938 1908 sic
2967 1867 3024 1906 se
3050 1851 3209 1905 habet
3229 1890 3243 1914 ,
3275 1857 3526 1919 quartum
3556 1861 3698 1901 men-

2126 1966 2237 2006 sem
2263 1949 2511 2006 concludi
2542 1947 2608 2003 ad
2631 1948 2771 2002 diem
2795 1944 3147 2000 kalendarum
3175 1941 3345 1996 Junii.
3377 1942 3517 1997 Ante
3538 1950 3702 1992 autem

2127 2058 2225 2099 nos
2255 2044 2536 2105 venimus;
2570 2050 2623 2096 et
2653 2034 2752 2108 ipsi
2792 2038 2884 2108 qui
2917 2036 3164 2091 videntur
3189 2034 3342 2089 nohis
3382 2033 3509 2087 hinc
3541 2031 3705 2087 facere

2127 2135 2400 2200 invidiam,
2425 2142 2614 2189 octavo
2639 2129 2897 2208 kalendas
2919 2128 3106 2184 Junias
3135 2125 3529 2180 mandaverunt
3553 2144 3566 2176 :
3595 2139 3706 2178 cum

2127 2227 2344 2296 utique,
2398 2226 2444 2280 si
2493 2235 2618 2280 ante
2657 2225 2796 2278 diem
2847 2229 3133 2284 venerant,
3175 2227 3300 2273 ante
3348 2218 3527 2287 ipsum
3571 2216 3706 2270 diem

2129 2319 2387 2374 mandare
2425 2317 2726 2372 debuerint.
2773 2314 3003 2383 Legatur
3044 2313 3204 2366 etiam
3242 2310 3413 2380 ipsius
3465 2308 3707 2362 Primiani

2131 2411 2419 2483 professio,
2436 2410 2500 2464 ad
2523 2425 2680 2479 quem
2707 2409 2849 2463 diem
2865 2423 2921 2463 se
2945 2405 3211 2477 pollicitus
3237 2419 3320 2460 εει
3335 2418 3704 2466 occursurum,

2129 2515 2184 2559 et
2203 2504 2440 2559 solvatur
2463 2504 2560 2557 ista
2587 2503 2814 2572 qumstio
2836 2541 2852 2564 ,
2884 2499 2951 2555 de
2990 2513 3091 2570 qua
3124 2497 3279 2552 nobis
3303 2497 3415 2566 jam
3455 2495 3594 2566 apud
3623 2508 3710 2572 po-

2131 2599 2312 2668 pulum
2362 2610 2556 2667 magna
2596 2569 2798 2650 invidia
2839 2569 3101 2649 concitata
3143 2599 3245 2646 est.
3291 2589 3358 2643 Et
3401 2589 3510 2642 alia
3548 2569 3709 2641 mu.

2132 2689 2458 2760 Recoguovi.

2205 2806 2292 2860 5i.
2329 2804 2668 2858 Marcellinus
2697 2806 2773 2856 vir
2810 2801 3122 2854 clarissimus
3158 2799 3396 2853 tribunus
3425 2807 3475 2851 et
3497 2795 3710 2851 notarius

2133 2897 2284 2951 dixit.
2310 2896 2434 2950 Haec
2457 2895 2737 2964 superiore
2754 2892 2956 2962 judicio
2977 2889 3335 2945 determinata
3357 2889 3466 2959 jam
3491 2897 3707 2952 constat,

2135 2991 2434 3060 prmsertim
2463 3004 2584 3044 cum
2624 3001 2868 3055 personae
2907 2985 2975 3040 ab
3009 2996 3232 3055 utraque
3264 2993 3418 3054 parte
3449 2983 3710 3037 videantur

2136 3096 2255 3136 esse
2287 3079 2529 3134 firmatae.
2575 3079 2644 3134 Et
2671 3088 2849 3133 tamen
2888 3077 2932 3131 si
2965 3091 3085 3131 cum
3113 3089 3273 3134 causa
3298 3075 3528 3145 coeperit
3554 3083 3709 3128 retra-

2062 3209 2108 3271 C
2137 3175 2290 3237 ctari,
2343 3173 2604 3244 putaverit
2652 3172 2767 3227 haec
2806 3169 3062 3225 sanctitas
3107 3177 3196 3222 tua
3240 3165 3558 3237 relegendo,
3593 3175 3708 3219 tunc

2141 3265 2338 3318 rectius
2377 3264 2719 3332 relegentur;
2761 3261 3004 3332 quamvis
3032 3257 3366 3328 superﬂuum
3391 3259 3498 3323 sit,
3529 3266 3582 3311 ut
3604 3266 3710 3324 post

2139 3354 2599 3409 confirmationem
2622 3367 2973 3422 personarum
3005 3351 3119 3406 haec
3135 3352 3313 3407 denuo
3339 3356 3705 3405 retractentur.

2141 3444 2315 3509 Unde,
2363 3451 2421 3497 ut
2468 3442 2746 3496 interfatus
2783 3457 2923 3505 sum,
2972 3443 3039 3498 ab
3076 3442 3462 3499 ecclesiasticis
3504 3440 3708 3495 notariis

2141 3535 2281 3606 quod
2310 3543 2628 3604 prteceptum
2661 3543 2744 3589 est
2775 3534 3048 3588 recitetur.

2159 3621 2163 3625 ’
2215 3627 2303 3681 52.
2340 3625 2592 3681 Euteritus
2612 3626 2881 3694 episcopus
2905 3623 3054 3678 dixit.
3082 3620 3355 3692 Scriptum
3377 3622 3451 3676 sit
3479 3633 3600 3676 tunc
3624 3634 3708 3674 nos

2143 3719 2196 3773 in
2218 3717 2359 3773 diem
2382 3717 2727 3773 consensisse
2749 3731 2870 3772 cum
2896 3717 2989 3772 isti.
3009 3730 3162 3770 suam
3189 3715 3514 3770 retinuerint
3537 3713 3707 3768 volun-

2143 3818 2327 3866 tatem.
2363 3809 2428 3863 Et
2453 3811 2558 3864 alia
2585 3825 2759 3864 manu.
2793 3807 2862 3864 Ut
2891 3822 3071 3878 supra.

2216 3923 2306 3978 5'5.
2339 3922 2670 3978 Marcellinus
2703 3923 2780 3976 vir
2812 3922 3128 3976 clarissimus
3162 3917 3398 3973 tribunus
3426 3927 3475 3972 et
3503 3914 3707 3970 notarius

2147 4014 2295 4068 dixit.
2331 4013 2604 4084 Susceptus
2631 4013 2822 4068 tabula:
2846 4013 2914 4068 ab
2937 4010 3316 4066 ecclesiasticis
3347 4009 3568 4065 notariis
3594 4005 3708 4062 reci-

2149 4115 2344 4160 tentur.
2371 4105 2593 4174 Curaque
2613 4108 2750 4161 intra
2776 4106 3040 4162 Sabanunt
3065 4105 3140 4178 (id
3160 4115 3245 4160 est
3267 4103 3482 4175 limum)
3502 4105 3707 4158 uolumen

2151 4200 2348 4254 schedaz
2361 4200 2803 4254 membranaceum
2831 4215 2925 4270 pro
2952 4209 3094 4268 parte
3123 4197 3441 4265 descriptum
3470 4206 3520 4250 et
3540 4194 3706 4247 codices

2151 4282 2440 4344 tabularum
2466 4292 2656 4361 pariter
2682 4290 2952 4360 obsignati,
2970 4289 3269 4361 judiciariis
3295 4283 3706 4352 oﬂcrrcnturads—

2151 4382 2400 4451 pectibus,
2442 4381 2774 4436 Marcellinus
2803 4382 2880 4434 vir
2913 4379 3227 4434 clarissimus
3258 4379 3490 4432 tribunus
3517 4389 3563 4432 et
3587 4385 3705 4429 nota-

2152 4476 2260 4530 rius
2280 4476 2427 4530 dixit.
2452 4475 2713 4530 Custodes
2738 4474 2952 4529 edicant
2977 4481 3154 4527 utrum
3184 4472 3336 4540 signa
3363 4469 3700 4541 cognoverint.

478 4589 804 4642 videremur.
837 4579 1006 4637 Nemo
1026 4576 1158 4633 mihi
1179 4576 1249 4631 sit
1279 4574 1378 4629 hac
1406 4574 1459 4626 in
1480 4582 1632 4642 parte
1680 4570 1938 4638 ingratus,
1968 4567 2050 4620 vir
2075 4582 2129 4643 D
2154 4567 2256 4624 Leo
2299 4570 2562 4641 episcopus
2605 4566 2846 4622 Ecclesia:
2885 4565 3153 4624 catholica:
3181 4563 3334 4618 dixit.
3369 4564 3609 4632 Agnosco
3643 4560 3703 4613 si-

481 4679 695 4734 nobilis.
725 4676 855 4730 Nam
888 4673 934 4728 si
964 4687 1062 4741 ego
1109 4667 1348 4724 concessi
1389 4663 1715 4719 tantumdem
1764 4660 2047 4730 temporis,

440 4773 442 4777 ’
481 4771 643 4826 salvis
671 4770 754 4823 his
782 4779 991 4828 tamen,
1025 4764 1068 4815 si
1114 4761 1187 4814 illi
1219 4756 1725 4826 adstipulationibus
1776 4754 1887 4807 suis
1941 4769 2048 4807 non

481 4862 679 4918 fuerint
715 4857 966 4928 refragati
994 4897 1007 4919 ,
1061 4870 1154 4907 cur
1195 4853 1322 4905 mihi
1365 4851 1527 4903 breve
1587 4863 1691 4902 non
1737 4847 2049 4902 conceditur

479 4966 690 5023 tempus
713 4964 769 5007 ιιι
793 4952 1098 5005 scribantur
1122 4953 1291 5015 gesta,
1315 4939 1760 4995 utsubscribatur
1807 4955 1834 4991 a
1883 4940 2050 4994 subli-

481 5050 667 5102 mitate
697 5057 803 5105 tua,
829 5044 1146 5110 videamque
1177 5053 1238 5092 ac
1279 5035 1542 5104 perlegam
1570 5034 1654 5087 cui
1688 5034 1761 5087 rei
1809 5033 2047 5087 subscri-

481 5141 609 5195 bere
630 5139 875 5200 debeam,
899 5136 1298 5203 percipiamque
1319 5144 1382 5182 ac
1404 5128 1653 5194 recipiam
1681 5141 1828 5181 meos
1848 5126 2054 5180 scilicet

481 5246 674 5286 sensus
706 5273 720 5296 ,
779 5226 1208 5280 adversariorum
1256 5235 1468 5291 quoque
1519 5219 1862 5273 calliditatem
1921 5217 2050 5271 sub-

481 5321 737 5387 tilemque
766 5318 1024 5385 argutiam
1051 5332 1065 5378 ;
1101 5324 1157 5367 ut
1179 5312 1381 5366 scilicet
1405 5310 1708 5378 plenissime
1733 5312 2048 5372 instructus,

480 5410 867 5465 intentionibus
897 5421 1083 5461 eorum
1106 5406 1314 5458 valeant
1344 5403 1716 5470 respondere?
1750 5404 2051 5456 Humanum

478 5517 603 5557 esse
624 5500 854 5555 arbitror
882 5509 1039 5568 atque
1069 5499 1289 5566 justum.
1339 5495 1416 5550 Ne
1460 5493 1691 5556 dedvris,
1725 5494 1804 5547 vir
1833 5493 2049 5554 nubilis,

478 5594 602 5648 huic
640 5593 716 5648 rei
752 5601 911 5663 atque
941 5592 1063 5646 huic
1107 5588 1415 5659 justissimze
1438 5586 1675 5655 petitioni
1695 5585 1891 5654 aliquid
1911 5581 2052 5652 quod

481 5689 534 5742 in
575 5687 990 5743 sollicitudinem
1036 5685 1244 5739 abeam.
1289 5679 1564 5749 Siquidem
1609 5686 1660 5731 te
1697 5677 2049 5744 juStissimum

469 5777 813 5845 promiseris,
844 5784 898 5830 et
919 5790 1015 5827 nos
1046 5774 1098 5827 id
1136 5771 1361 5827 credere
1396 5770 1466 5822 sit
1503 5780 1760 5832 necesse,
1795 5765 1842 5819 si
1873 5773 2049 5819 tamen

2153 4662 2338 4732 gilium
2367 4675 2563 4715 meum.
2609 4658 2936 4713 Marinianus
2965 4657 3236 4728 episcopus
3276 4655 3450 4708 dixit:
3489 4661 3704 4722 Agnosco

2155 4754 2384 4824 sigillum
2429 4767 2627 4807 meum.
2673 4750 3003 4805 Marcellinus
3031 4749 3107 4801 vir
3148 4748 3470 4801 clarissimus
3508 4746 3705 4799 tribunus

2155 4855 2201 4900 et
2229 4847 2458 4900 notarius
2485 4845 2648 4899 dixit:
2676 4844 2936 4912 Quoaiam
2968 4842 3036 4896 ab
3064 4849 3289 4911 utraque
3327 4848 3480 4909 parte
3507 4839 3703 4906 impres-

2153 4937 2357 4990 sionem
2387 4938 2657 5006 siguorum
2686 4935 2917 5006 aguitam
2945 4940 3177 4996 constat,
3207 4947 3271 4988 ea
3301 4948 3422 5003 quas
3450 4927 3660 5003 νῖκαιρὶ
3680 4941 3702 4978 I

2153 5029 2377 5082 notariis
2405 5029 2730 5098 relegantur.

2221 5117 2308 5170 54.
2334 5116 2614 5173 Petilianus
2625 5121 2891 5190 episwpus
2909 5118 3072 5174 dixit:
3091 5117 3184 5174 Sic
3197 5117 3374 5171 solent
3390 5117 3700 5170 testamenta,

2152 5223 2258 5262 non
2284 5216 2432 5276 gesta
2463 5210 2708 5262 reserari.
2742 5208 2809 5262 Et
2841 5211 2944 5263 alia
2971 5226 3148 5262 manu.
3181 5207 3253 5263 Ut
3277 5220 3464 5275 supra.

2223 5299 2310 5352 55.
2345 5298 2676 5352 Marcellinus
2705 5302 2779 5352 vir
2805 5301 3124 5375 clarissimus
3163 5301 3396 5354 tribunus
3429 5307 3475 5351 et
3507 5291 3699 5348 notarii!

2157 5392 2318 5444 dixit:
2362 5389 2514 5456 Quod
2561 5399 2777 5457 propter
2810 5393 3229 5448 sollicitudinem
3268 5392 3434 5461 partis
3461 5389 3697 5454 utriusque

2155 5483 2351 5534 lactant
2384 5487 2499 5541 est.
2543 5487 2600 5532 et
2638 5495 2702 5533 ex
2739 5484 3005 5536 communi
3033 5499 3301 5538 consensu
3335 5498 3441 5536 non
3468 5481 3698 5535 δεθείη-

2157 5573 2436 5644 prehendi.
2471 5570 2758 5625 Petilianus
2784 5574 3048 5643 episcopus
3071 5576 3232 5627 dixit:
3254 5573 3372 5628 Non
3399 5563 3694 5642 reprehendo

2155 5667 2441 5731 cautelam,
2466 5663 2559 5718 sed
2584 5672 2703 5731 peto
2726 5662 3064 5734 [secundum]
3085 5665 3524 5720 consuetudinem
3545 5669 3690 5716 rerum

2155 5770 2212 5816 ut
2237 5769 2382 5829 gesta
2414 5758 2649 5828 legitime
2680 5763 3017 5826 exponentur
3038 5795 3053 5822 ,
3093 5765 3151 5808 ut
3188 5754 3293 5825 legi
3328 5771 3391 5810 ac
3420 5743 3691 5825 pertractari
