3860 6212
215 232 349 290 1361

1146 232 1372 290 GESTA
1411 226 1863 288 COLLATIONIS
1901 224 2526 309 CABTIIAGINENSIS.

3364 227 3502 284 136%

211 349 442 420 possint.
489 348 618 416 Qum
670 364 756 405 res
804 351 1001 421 urget?
1046 349 1183 416 Quid
1229 346 1548 404 l'estinatbr?
1603 343 1670 398 Et
1711 345 1816 399 alia
1843 350 1892 407 Λ
1993 343 2329 421 Marcellinus
2376 346 2450 397 vir
2501 343 2817 399 clarissimus
2872 343 3108 398 tribunus
3174 353 3221 398 et
3277 345 3504 398 notarius

211 455 390 494 manu.
422 440 716 495 Petilianus
746 444 1033 511 episc0pus
1067 441 1371 511 recognovi.

210 606 217 611 _
284 536 374 591 56.
410 537 725 607 Augustinus
756 539 1025 606 episcopus
1070 535 1310 591 Ecclesice
1348 536 1615 590 catholij
1642 533 1808 587 dixit:

211 627 329 685 Hoc
365 631 539 684 solum
579 639 795 684 constet
823 618 969 700 ipsos
1001 644 1114 683 rem
1149 631 1292 685 velle
1321 629 1556 686 diﬂ‘erre.
1588 629 1655 685 Ut
1677 641 1810 682 con-

208 720 369 774 cedat
414 719 714 774 sublimitas
769 730 877 786 tua,
937 720 1167 788 petimus
1225 730 1296 775 te.
1357 721 1659 775 Humanum
1703 728 1806 785 est,

209 808 556 864 COnsiderare
609 809 839 874 volunt,
896 808 1170 864 discutere
1224 811 1455 876 volunt,
1509 812 1808 878 paratiores

209 902 402 955 Volunt
440 901 647 968 venire,
673 917 747 976 ne
785 901 1031 957 nolentes
1072 901 1289 958 dill'erre
1328 901 1621 971 prolixiora
1658 913 1807 972 gesta

211 990 501 1058 faciamus,
544 1002 601 1049 et
640 995 754 1066 ipsa
791 1003 1064 1064 gestorum
1094 995 1370 1064 prolixitas
1399 995 1630 1066 majores
1657 996 1809 1052 nobis

212 1101 399 1141 moras
427 1088 670 1142 incutiat.
702 1086 896 1145 Etalia
920 1105 1094 1141 manu.
1122 1087 1452 1157 Recognovi.

286 1179 378 1234 57.
417 1178 748 1235 Marcellinus
777 1182 852 1234 uir
881 1180 1194 1235 clarissimus
1221 1179 1457 1233 tribunus
1492 1190 1539 1234 et
1573 1181 1808 1236 notarius

211 1269 385 1324 dixit:
411 1269 481 1324 Et
512 1278 565 1324 ut
591 1270 642 1325 in
669 1270 813 1326 hunc
833 1271 974 1326 diem
995 1271 1228 1341 cognitio
1255 1270 1582 1336 differretur,
1608 1272 1807 1326 utrius-

211 1375 319 1431 que
349 1362 514 1430 partis
567 1373 776 1419 constat
801 1365 961 1420 fuisse
987 1380 1332 1431 consensum,
1359 1365 1499 1434 quod
1529 1365 1685 1421 video
1711 1365 1809 1420 ho-

210 1453 300 1508 die
327 1455 584 1525 prodesse
608 1472 715 1512 non
749 1472 932 1527 posse.
960 1457 1214 1524 Interim,
1241 1467 1299 1512 ut
1328 1459 1590 1529 princepi,
1624 1459 1690 1514 ab
1716 1474 1808 1513 ec-

209 1547 533 1604 clesiasticis
581 1549 808 1604 notariis
852 1549 919 1602 ad
969 1565 1129 1621 quam
1179 1561 1389 1622 partem
1439 1550 1599 1606 fuerit
1645 1551 1808 1606 dilata

209 1639 452 1708 cognitio
483 1639 761 1695 recitetur.

1910 420 2084 490 dixit:
2110 435 2344 490 Possunt
2376 433 2537 488 hodie
2568 433 2781 488 schedia
2809 435 2890 489 vel
2916 435 2980 491 ab
3010 432 3189 489 officio
3219 434 3500 502 compleri,
3596 440 3600 445 ·

1909 527 2002 603 τοι,
2018 528 2088 581 ab
2105 535 2326 596 utraque
2351 536 2501 596 parte
2523 525 2827 580 subscribi?
2853 525 3066 581 llilarus
3078 538 3315 598 exceptor
3335 525 3464 580 dixit
3488 544 3501 582 :

1909 623 2080 678 Hodie
2102 623 2330 679 schedas
2361 622 2719 693 completnus.

1984 717 2318 772 Marcellinus
2371 717 2444 769 vir
2510 715 2824 769 clarissimus
2875 715 3108 770 tribunus
3171 725 3216 769 et
3273 713 3503 769 notarius

1910 811 2081 865 dixit:
2113 811 2375 879 Quoniam
2405 808 2670 880 suggessit
2703 806 2940 863 officium
2978 807 3137 862 hodie
3177 823 3236 862 se
3273 805 3503 862 schedas

1911 918 2070 973 posse
2106 903 2381 972 con-iplere
2400 944 2415 969 ,
2445 901 2624 958 edient
2653 902 2910 956 sanctitas
2934 911 3114 956 vestra
3144 911 3318 956 utrum
3345 901 3506 957 hodie

1909 993 1997 1048 vel
2023 995 2258 1048 crastino
2286 994 2372 1048 die
2402 995 2471 1048 sit
2500 1003 2692 1064 parata
2713 991 3075 1047 subscribere.
3271 1061 3274 1064 _

1983 1086 2072 1141 62.
2100 1087 2392 1142 Adeodatus
2438 1089 2703 1159 episcOpus
2735 1087 2904 1141 dixit:
2941 1084 3078 1141 Cum
3119 1086 3273 1142 nobis
3307 1086 3506 1144 scheda

1911 1178 2088 1232 oblata
2116 1177 2294 1244 fuerit,
2319 1179 2741 1235 subscribemus.
2777 1179 2845 1233 Et
2871 1179 2976 1234 alia
2997 1195 3170 1233 manu.
3203 1179 3511 1236 Adeodatus
3546 1196 3550 1200 '

1911 1273 2194 1341 episcopus
2222 1273 2537 1342 recognovi.

1987 1367 2076 1420 65.
2122 1365 2459 1420 Marcellinus
2489 1366 2564 1419 vir
2601 1366 2919 1420 clarissimus
2948 1365 3181 1420 tribunus
3208 1375 3257 1420 et
3280 1365 3512 1420 notarius

1913 1458 2092 1512 dixit:
2144 1457 2334 1511 Edieat
2389 1473 2529 1512 nunc
2587 1458 2824 1513 cilicium
2879 1467 2998 1528 post
3059 1457 3510 1529 subscriptionem

1913 1549 2262 1615 schedarum,
2293 1552 2455 1605 etiam
2489 1552 2540 1604 in
2570 1551 2808 1605 editione
2836 1556 3112 1621 geSlorum
3139 1561 3270 1621 quot
3298 1550 3508 1606 dierum

1915 1643 2164 1697 sulﬁcere
2199 1645 2368 1719 possit
2398 1644 2514 1698 sine
2539 1643 2644 1697 ulla
2673 1646 3020 1698 excusatione
3051 1644 3258 1698 dilatio.

285 1731 376 1798 68.
413 1729 718 1785 ‘Petilianus
759 1731 1028 1802 episcopus
1066 1733 1227 1787 dixit:
1280 1731 1548 1804 Scriptum
1594 1734 1664 1788 sit
1706 1733 1809 1787 hoc
1841 1734 1885 1795 Β
1984 1736 2072 1791 64.
2107 1735 2323 1790 Hilarus
2359 1747 2595 1807 exceptor
2625 1736 2787 1790 dixit:
2819 1736 2874 1791 Si
2898 1736 3133 1790 crastino
3163 1736 3252 1791 die
3276 1735 3514 1791 subscri-

211 1838 324 1878 non
348 1834 542 1894 nostro
563 1825 693 1877 vitio
718 1824 855 1892 fieri,
884 1824 976 1878 sed
1004 1833 1206 1878 tantum
1235 1825 1378 1895 quod
1408 1826 1598 1879 notarii
1625 1839 1814 1879 occur-

161 1981 174 1989 ,
213 1931 339 1972 rere
370 1932 476 1972 non
521 1925 830 1988 potuerunt,
875 1918 956 1971 vel
995 1927 1334 1987 exceptores.
1384 1914 1450 1970 Et
1492 1915 1597 1970 alia
1634 1933 1811 1973 manu.

214 2007 513 2064 Politianus
554 2011 842 2080 episcopus
871 2009 1178 2081 recognovi.

290 2103 379 2158 59.
415 2101 752 2158 Marcellinus
781 2105 856 2158 vir
886 2104 1202 2158 clarissimus
1235 2103 1469 2158 tribunus
1509 2111 1554 2157 et
1582 2104 1815 2158 notarius

218 2194 394 2249 dixit:
447 2193 656 2249 Recita.
687 2193 974 2249 Januarius
1002 2195 1234 2250 notarius
1273 2177 1515 2250 Ecclesia:
1554 2194 1815 2266 Sitifensis

221 2291 386 2359 partis
427 2289 616 2344 Donati
651 2307 711 2344 ex
747 2292 922 2345 codice
949 2291 1198 2345 recitavit.
1240 2277 1499 2345 Nobilitas
1527 2301 1616 2345 tua
1645 2291 1813 2344 dixit:

223 2382 420 2438 Edicat
442 2382 676 2438 oflicium
705 2371 1094 2454 quantum-jam
1121 2385 1226 2439 diei
1251 2385 1493 2440 videatur
1512 2399 1812 2440 emensum.

224 2473 538 2542 Ruﬁnianus
559 2476 722 2530 scriba
747 2477 840 2530 viri
862 2476 1132 2530 clarissimi
1155 2477 1404 2530 curatoris
1426 2477 1556 2530 dixit
1581 2493 1593 2530 :
1627 2476 1820 2530 Exem-

227 2575 336 2638 ptaa
359 2567 650 2623 suntborae
683 2569 930 2624 undecim
957 2569 1085 2623 diei.
1117 2567 1378 2623 Nobilitas
1395 2579 1480 2623 tua
1496 2569 1624 2623 dixit
1643 2568 1821 2637 :Quo—

229 2659 374 2712 niam
407 2658 515 2713 diei
544 2675 679 2729 pene
700 2655 914 2716 omnem
941 2669 1144 2734 partem
1174 2671 1386 2716 constat
1415 2677 1716 2728 emensam,
1740 2661 1820 2716 id-

229 2754 385 2806 circo
414 2761 591 2807 utrum
624 2767 689 2807 ex
719 2754 996 2809 communi
1026 2768 1293 2808 consensu
1321 2754 1520 2808 dilferri
1552 2755 1821 2825 negotium

231 2849 445 2920 placeat
477 2850 775 2906 intimetur.
819 2851 891 2905 Ab
930 2861 1147 2920 utraque
1177 2860 1321 2923 parte
1361 2851 1554 2906 dictum
1581 2861 1673 2906 est.
1705 2851 1824 2906 Pla-

229 2949 342 3008 cet,
371 2941 637 3011 quOniam
687 2944 789 3000 iste
832 2944 948 3000 dies
991 2944 1204 3000 videtur
1241 2959 1515 3000 emensus.
1569 2943 1826 2999 Nobilitas

230 3046 328 3092 tua
356 3038 527 3093 dixit:
569 3039 635 3093 ln'
657 3054 815 3108 quem
853 3038 994 3094 diem
1035 3038 1153 3094 hazc
1183 3040 1294 3110 ipsa
1327 3041 1827 3108 comperendinatio

1917 1831 2124 1899 pserint
2145 1830 2229 1884 vel
2255 1829 2439 1894 hodie,
2467 1842 2754 1898 possumus
2772 1829 2859 1884 die
2887 1838 3152 1897 noctuque
3175 1827 3514 1900 invigilantes

1918 1933 2039 1993 post
2066 1923 2278 1979 tertium
2310 1923 2452 1977 diem
2484 1933 2632 1991 gesta
2664 1921 2858 1988 edere,
2905 1923 2976 1976 ita
3008 1932 3064 1977 ut
3094 1923 3286 1977 notarii
3323 1936 3514 1978 eorum

1917 2016 2072 2070 nobis
2107 2014 2175 2069 de
2212 2014 2411 2069 scheda
2450 2001 2752 2082 subscripta
2796 2013 3020 2068 dictent.
3070 2012 3404 2068 Marcellinus
3439 2015 3516 2067 uir

1917 2107 2226 2161 clarissimas
2278 2106 2513 2159 tribunus
2555 2115 2600 2158 et
2642 2106 2874 2158 notarius
2890 2106 3067 2159 dixit:
3111 2106 3242 2173 Quis
3269 2107 3370 2160 iste
3398 2105 3515 2160 dies

1919 2199 1991 2252 sit
2013 2199 2080 2253 ab
2108 2195 2290 2252 ofﬁcio
2315 2197 2650 2265 designetur.
2689 2197 3000 2267 Rufinianus
3031 2197 3198 2251 scriba
3220 2198 3315 2252 viri
3335 2199 3517 2252 claris-

1920 2291 2036 2345 simi
2070 2290 2326 2344 curatoris
2369 2289 2502 2345 dixit
2544 2307 2556 2342 :
2613 2288 2917 2344 Hodiernus
2961 2289 3078 2345 dies
3113 2300 3195 2344 est
3235 2306 3292 2345 tu
3350 2307 3518 2348 nonas

1919 2381 2126 2437 Junias.
2160 2381 2494 2437 Marcellinus
2515 2383 2591 2436 vir
2615 2383 2934 2438 clarissimus
2962 2383 3195 2437 tribunus
3218 2395 3263 2439 et
3285 2386 3520 2443 notarius

1921 2473 2091 2528 dixit:
2117 2473 2265 2529 Diem
2291 2489 2475 2544 quxro
2507 2487 2615 2543 quo
2641 2473 2728 2529 edi
2755 2483 2907 2544 gesta
2938 2476 3263 2544 promissum
3285 2487 3387 2533 est.
3419 2476 3532 2532 Hi4

1925 2567 2064 2621 larus
2089 2574 2329 2636 exceptor
2359 2567 2524 2622 dixit:
2565 2567 2860 2623 Possumus
2889 2576 3039 2639 gesta
3084 2568 3248 2625 edere
3287 2572 3519 2642 septimo

1922 2659 2106 2716 iduum
2135 2660 2412 2716 Juniarum
2442 2659 2550 2716 die.

1999 2753 2087 2808 65.
2120 2752 2457 2809 Marcellinus
2487 2755 2562 2808 vir
2595 2755 2913 2809 clarissimus
2940 2757 3174 2813 tribunus
3209 2768 3254 2813 et
3287 2762 3521 2819 notarius

1929 2843 2090 2898 dixit:
2144 2843 2298 2900 Licet
2348 2845 2457 2915 jam
2511 2845 2579 2901 de
2623 2846 3050 2916 professionibus
3092 2851 3337 2908 dubietas
3388 2854 3521 2910 mihi

1931 2946 2121 3006 magna
2169 2933 2438 3003 nascatur,
2488 2948 2665 2994 tamen
2710 2940 2890 2995 denuo
2927 2953 3105 2998 utrum
3146 2954 3298 3000 sexto
3338 2947 3519 3002 iduum

1933 3031 2097 3105 295.
2115 3031 2392 3087 Juniarnm
2424 3033 2543 3100 die,
2575 3035 2825 3090 omnibus
2849 3036 3164 3106 ambagibus
3195 3042 3518 3111 amputatis,

230 3129 535 3197 diﬂ'eratur,
581 3147 707 3202 pars
747 3142 975 3203 utraque
1003 3132 1271 3204 designet.
1317 3133 1534 3204 Alypius
1560 3135 1829 3205 episcopus
1857 3126 1903 3190 C
1935 3125 2206 3196 negmium
2255 3125 2326 3180 sit
2368 3125 2665 3198 principale
2707 3128 3042 3184 tractandum
3066 3172 3080 3196 ,
3130 3145 3256 3202 pars
3295 3140 3523 3205 utraque

145 3299 147 3303 ι
233 3223 484 3306 Ecclesiae
520 3227 788 3281 catholica:
828 3227 992 3281 dixit:
1032 3228 1182 3283 Sicut
1228 3227 1405 3282 edicto
1444 3226 1697 3282 nobilitas
1741 3237 1830 3282 tua

229 3318 590 3388 praescripsit,
628 3320 866 3373 crastino
907 3317 1219 3373 intermisso
1259 3328 1476 3388 propter
1511 3319 1832 3374 schedarum

232 3411 657 3479 descriptionem
697 3411 985 3482 perendie,
1029 3411 1075 3467 si
1124 3413 1406 3481 praecipis,
1456 3397 1832 3467 observamus.

235 3502 532 3558 Adeodatus
578 3506 846 3577 episcopus
895 3505 1067 3559 dixit:
1115 3505 1288 3559 Etiam
1324 3521 1420 3559 nos
1466 3506 1836 3560 consentimus

151 3671 155 3674 _
236 3608 302 3652 ut.
333 3597 630 3666 perendino
659 3598 746 3653 die
771 3598 1043 3668 negOtium
1078 3607 1383 3668 peragatur.
1419 3597 1724 3654 Sublimitas
1751 3610 1837 3652 tua

237 3691 414 3745 dixit:
447 3691 596 3746 Sicut
620 3691 864 3762 partibus
887 3691 1109 3768 placuit,
1136 3689 1431 3762 perendino
1455 3688 1548 3746 die
1565 3693 1836 3760 negotium

237 3792 533 3856 repetetur.
570 3782 638 3836 Et
667 3800 782 3836 cum
813 3784 1093 3837 recitasset.
1289 3790 1291 3792 ’

319 3875 408 3929 60.
444 3875 886 3930 Marcellinusuir
915 3876 1231 3930 clarissimus
1262 3875 1491 3929 tribunus
1532 3884 1576 3929 et
1612 3875 1842 3929 notarius

246 3970 413 4024 dixit:
451 3968 812 4041 Utrarumque
851 3971 1079 4040 partium
1121 3970 1455 4040 professione
1487 3979 1840 4024 monstratum

239 4059 329 4117 est
359 4062 413 4116 in
439 4061 592 4140 hunc
614 4063 756 4117 diem
788 4063 1148 4133 cognitionem
1195 4065 1361 4118 fuisse
1392 4063 1644 4129 dilatam,
1685 4063 1754 4116 ita
1789 4071 1844 4118 ut

244 4153 407 4210 hodie
426 4156 698 4226 negotium
721 4166 1061 4212 tractaretur.

322 4249 411 4303 6|.
448 4248 735 4304 Petilianus
767 4253 1039 4323 episcopus
1079 4251 1248 4305 dixit:
1286 4250 1339 4307 Si
1376 4251 1846 4320 perleceruntge-

244 4349 329 4395 sta
359 4353 700 4414 exceptores,
734 4354 942 4414 agatur.
984 4343 1046 4397 Et
1082 4345 1186 4398 alia
1212 4362 1385 4399 manu.
1419 4344 1486 4400 Ut
1517 4361 1700 4415 supra.

325 4431 801 4492 MarcellittuV‘vir
856 4440 1462 4493 clarissimus'tribunus
1519 4449 1566 4493 et
1621 4442 1848 4495 notarius

1933 3218 2198 3290 designet.

2009 3311 2100 3366 66.
2131 3312 2449 3381 Augustinus
2489 3313 2758 3385 episcOpus
2795 3313 3040 3370 Ecclesia
3068 3316 3334 3372 catholica:
3356 3317 3485 3377 dixit
3511 3335 3529 3373 :

1938 3403 2047 3460 Nos
2076 3413 2129 3458 et
2172 3402 2331 3458 hodie
2364 3403 2636 3472 volumus,
2679 3417 2733 3461 et
2765 3407 2812 3462 si
2854 3407 2967 3462 fieri
3008 3418 3211 3479 posset,
3244 3411 3531 3466 vellemus.

1939 3495 2144 3552 Tamen
2175 3500 2298 3568 quia
2329 3498 2624 3554 humanum
2667 3499 2764 3554 fuit
2805 3500 2906 3556 hoc
2933 3501 3234 3578 concedere
3270 3502 3528 3559 fratribus

1942 3593 2142 3648 nostris
2171 3592 2314 3662 quod
2352 3592 2507 3648 nobis
2534 3608 2638 3648 non
2677 3593 2874 3662 injuste
2912 3593 3162 3649 videntur
3186 3597 3489 3665 postulasse
3517 3640 3531 3665 ,
3558 3619 3562 3622 ’

1940 3685 2007 3738 ad
2032 3683 2172 3738 diem
2201 3693 2414 3753 sextum,
2442 3683 2625 3739 iduum
2646 3683 2926 3740 Juniarum
2945 3727 2960 3753 ,
2988 3685 3277 3756 adjuvante
3303 3688 3533 3745 Domino

1944 3776 2053 3830 Deo
2091 3784 2299 3841 nostro,
2349 3775 2629 3830 adfuturos
2675 3791 2773 3833 nos
2818 3777 2884 3833 ad
2941 3779 3304 3849 peragendum
3338 3782 3537 3851 princi-

1945 3869 2065 3940 pale
2100 3870 2376 3940 negotium
2414 3869 2675 3941 Ecclesia:
2721 3871 3058 3940 pollicemur.
3107 3871 3170 3926 Et
3214 3874 3319 3928 alia
3356 3859 3535 3930 manu.

1945 3963 2272 4033 Recognovi.
2308 3961 2642 4018 Marcellinus
2669 3965 2747 4018 uir
2771 3965 3088 4020 clarissimus
3117 3961 3348 4036 tribunus
3373 3979 3418 4022 et
3447 3985 3540 4022 no-

1946 4057 2105 4111 tarius
2135 4057 2301 4112 dixit:
2343 4056 2524 4113 Etiam
2557 4072 2679 4128 pars
2709 4058 2811 4113 alia
2849 4057 2975 4130 quid
3018 4059 3307 4116 voluntatis
3346 4059 3544 4134 habeat

1946 4149 2196 4221 dignetur
2234 4149 2468 4205 edicere.
2756 4140 2760 4144 ’
3051 4181 3058 4190 ~
3441 4204 3446 4210 .

2020 4244 2111 4300 67.
2160 4243 2424 4299 Emeritus
2469 4246 2741 4317 episcOpus
2786 4247 2956 4302 dixit:
3002 4247 3076 4303 De
3117 4246 3548 4320 professionibus

1952 4338 2150 4393 nostris
2179 4339 2320 4392 nulla
2363 4348 2444 4393 est
2475 4339 2817 4409 ambiguitas.
2861 4339 3128 4409 Quantum
3158 4352 3334 4398 autem
3365 4343 3432 4398 ad
3460 4345 3548 4399 in-

1951 4433 2337 4496 structionem,
2382 4447 2540 4503 quam
2590 4432 2706 4489 fieri
2738 4433 2938 4490 debere
2975 4436 3026 4490 in
3054 4436 3256 4506 judicio
3281 4437 3548 4510 ﬂagitavi-

249 4528 424 4583 dixit:
464 4528 608 4584 Licet
654 4532 1012 4599 apertissimis
1053 4531 1208 4585 fuerit
1243 4530 1668 4598 professionibus
1704 4532 1849 4587 desi-
1876 4521 1928 4583 D
1956 4541 2105 4592 mus,
2150 4525 2382 4580 advertit
2414 4515 2664 4581 nobilitas
2693 4536 2781 4581 tua
2811 4543 2912 4582 nos
2934 4529 3077 4598 justa
3104 4542 3157 4585 et
3190 4530 3425 4601 legitima
3455 4548 3556 4604 po-

250 4632 474 4693 gnatum
500 4622 552 4675 in
578 4638 736 4692 quem
760 4622 899 4676 diem
923 4622 1146 4678 dilatant
1171 4616 1612 4693 essetjudicium,
1646 4635 1846 4690 tamen,
1905 4620 1908 4621 ⁷

255 4731 324 4768 ne
362 4713 489 4784 quid
536 4716 582 4769 ei
623 4717 762 4786 parti
805 4731 923 4784 qure
959 4716 1271 4770 dilationem
1315 4715 1555 4784 postulat
1597 4724 1851 4784 negatum

253 4820 377 4862 esse
420 4806 693 4871 videatur,
743 4808 976 4877 cognitio
1017 4808 1317 4874 differetur,
1356 4808 1426 4862 ita
1475 4818 1533 4862 ut
1576 4807 1752 4864 edicat
1798 4808 1854 4863 in

254 4913 417 4969 quem
445 4896 587 4951 diem
617 4897 807 4953 debeat
835 4898 1096 4970 judicium
1129 4899 1403 4970 protelari.

333 4989 624 5046 Petilianus
686 4991 960 5064 episcOpus
1018 4993 1149 5048 dixit
1195 5009 1212 5047 :
1277 4993 1484 5049 Dicant
1537 5005 1856 5064 excepturos

257 5085 478 5157 quando
505 5086 700 5141 edituri
745 5096 870 5141 sunt
897 5096 1069 5158 gesta.
1105 5086 1173 5141 Et
1205 5089 1309 5144 alia
1344 5106 1522 5142 manu.
1564 5088 1858 5145 Petilianus

257 5180 550 5250 episcopus
589 5182 901 5251 recognovi.
939 5179 1272 5236 Marcellinus
1304 5183 1390 5236 vit’
1415 5183 1729 5236 clarissimus
1770 5184 1861 5237 tri-

260 5274 430 5328 bunus
461 5281 510 5327 et
548 5275 781 5329 notarius
827 5256 994 5329 dixit:
1031 5259 1363 5346 Esceptores
1393 5276 1611 5346 quando
1640 5285 1866 5346 possunt

259 5365 316 5420 in
340 5363 558 5419 schedis
599 5375 747 5436 gesta
788 5364 1056 5421 conscribi
1088 5379 1141 5420 et
1167 5367 1369 5422 edenda
1412 5369 1708 5437 compleri,
1758 5367 1870 5422 edi-

263 5475 393 5515 cere
415 5475 523 5514 non
552 5469 852 5514 morentur.
886 5461 1099 5515 Hilarus
1122 5473 1359 5532 exceptor
1380 5463 1508 5516 dixit
1531 5480 1542 5514 :
1570 5461 1835 5517 Sicutcon
1852 5495 1866 5504 -

264 5567 461 5608 sensus
484 5553 714 5608 accessit
752 5533 1104 5622 utrarumque
1133 5557 1396 5622 partium,
1436 5555 1560 5609 dum
1591 5557 1640 5607 in
1671 5557 1873 5616 scheda

272 5647 684 5718 prosecutiones
709 5661 835 5702 suae
863 5647 1297 5718 Subscripserint,
1328 5658 1456 5703 tunc
1486 5630 1701 5703 demum
1720 5649 1871 5705 diem

271 5739 610 5797 edendorum
642 5751 918 5811 gestorum
952 5754 1237 5811 possumus
1263 5740 1498 5798 edicere.

1959 4621 2213 4674 stulasse.
2266 4620 2416 4673 Diem
2457 4630 2636 4674 autem
2688 4629 2968 4684 statutum,
3031 4623 3133 4678 hoc
3165 4632 3286 4687 est,
3339 4633 3554 4679 sextum

1962 4711 2143 4765 iduum
2183 4709 2463 4766 Juuiarum
2487 4752 2504 4778 ,
2537 4712 2580 4765 si
2613 4711 2754 4766 Deus
2805 4714 3048 4781 jusserit,
3104 4713 3557 4782 observabimus;

1965 4798 2036 4860 ita
2075 4817 2250 4860 tamen
2296 4817 2353 4860 ut
2396 4805 2631 4876 acceptis
2676 4808 2842 4875 gestis
2884 4808 3038 4862 nobis
3068 4808 3325 4879 largiatur
3354 4809 3559 4878 aliquid

1963 4900 2303 4970 aequissimus
2325 4899 2515 4970 judex,
2553 4915 2660 4969 quo
2689 4902 2858 4969 possit
2884 4915 3006 4955 esse
3035 4891 3311 4956 t'ractatus.
3358 4901 3423 4955 Et
3455 4904 3564 4958 alia

1963 5010 2138 5048 manu.
2173 4986 2441 5048 Emeritos
2468 4993 2754 5063 episc0pus
2779 4994 3086 5063 recognovi.
3125 4993 3460 5050 Marcellinus
3483 4998 3560 5051 vir

1962 5086 2281 5160 clarissimus
2308 5086 2544 5140 tribunus
2566 5096 2610 5139 et
2640 5086 2872 5140 notarius
2897 5087 3065 5161 dixit:
3098 5086 3340 5158 Septimo
3376 5089 3565 5147 iduum

1965 5179 2247 5234 Juniarum
2273 5178 2362 5232 die
2394 5177 2675 5233 matutinis
2713 5179 2861 5234 horis
2891 5179 3047 5236 vobis
3077 5191 3224 5252 gesta
3263 5181 3565 5239 tradentur.

1972 5274 2181 5329 Edicite
2210 5283 2388 5328 utrum
2415 5273 2519 5328 alia
2547 5274 2738 5337 die.»id
2760 5282 2866 5340 est,
2892 5283 3045 5330 sexto
3061 5275 3243 5331 iduum
3267 5275 3575 5344 Juniarum,

1973 5366 2165 5420 adesse
2193 5365 2489 5435 dignemini
2528 5373 2587 5420 ut
2627 5367 2924 5437 principale
2956 5369 3228 5439 negetium
3262 5381 3564 5440 peragatur.

1980 5457 2232 5512 Emeritus
2265 5459 2535 5529 episcOpus
2569 5459 2742 5514 dixit:
2780 5459 3066 5516 Aderimus
3096 5461 3159 5514 ad
3200 5461 3493 5529 judicium,
3528 5462 3575 5515 si

1977 5569 2095 5622 qua:
2130 5553 2318 5606 statuit
2350 5553 2605 5608 nobilitas
2629 5563 2737 5618 tua,
2767 5553 3049 5607 habuerint
3078 5553 3345 5606 efl‘ecunn.
3373 5549 3440 5601 Et
3467 5552 3576 5605 alia

1979 5662 2155 5699 manu.
2194 5646 2463 5701 Emeritus
2493 5649 2778 5718 episc0pus
2804 5645 3112 5713 recitgnovi.
3381 5635 3392 5646 “

2054 5740 2142 5797 68.
2194 5740 2536 5798 Marcellinus
2563 5743 2639 5796 vir
2668 5738 2983 5794 clarissimus
3016 5735 3246 5792 tribunus
3271 5744 3318 5791 et
3345 5734 3581 5790 notarius
