3860 6212
376 114 511 169 1363

1293 113 1520 178 GESTA
1557 111 2004 188 COLLATIONlS
2043 114 2628 180 CAETHAGINENSIS

3450 159 3454 164 ~
3495 124 3622 178 ιδει

377 231 548 288 dixit:
577 229 843 285 Memorcs
885 229 1108 302 periculi
1137 238 1192 285 et
1220 228 1569 300 professionis
1606 229 1836 301 propria:
1862 244 1951 282 ex-
1976 231 2179 298 Ainde
2218 234 2465 291 instructi
2500 235 2556 289 in
2576 232 2780 304 judicio
2819 235 3159 294 sublimitatis
3207 246 3311 292 tua:
3340 241 3622 311 responde-

375 332 621 394 ceptores
644 323 933 376 constituto
963 321 1050 376 die
1068 363 1091 389 ν
1117 321 1392 376 matutinis
1419 319 1565 375 horis
1589 362 1604 387 ,
1635 319 1690 375 id
1720 330 1801 376 est
1818 361 1832 385 ,
1861 335 1948 380 86-.

374 415 544 484 ptimo
572 411 752 468 iduu'm
781 411 1090 477 Iuniarum,
1121 420 1270 483 gesta
1299 411 1461 467 edere
1486 410 1840 477 festinabant,
1877 413 1951 470 ita

372 514 434 561 ut
461 505 651 561 notarii
692 503 855 574 partis
890 503 1170 573 utriusque
1211 503 1268 566 in
1304 501 1554 564 dictando
1597 517 1702 560 non
1745 501 1943 560 desint.

370 584 515 655 Sciat
538 606 714 651 autem
745 605 968 665 utraque
998 608 1122 665 pars
1149 591 1329 649 ofﬁcio
1355 608 1416 648 se
1441 608 1631 649 cavere
1651 593 1851 650 debere
1877 593 1947 650 de

367 687 710 762 perceptione
734 694 1006 760 gestorum
1034 686 1167 744 hora
1191 685 1394 758 pariter
1431 685 1723 757 designata.
1755 686 1945 744 Sacer-

368 781 546 837 dotale
571 794 699 836 vero
725 787 827 844 est,
854 788 911 841 ut
939 777 1226 849 amputatis
1254 777 1568 848 ambagibus
1599 777 1741 834 nulla
1763 792 1944 834 mora-

365 887 484 928 rum
510 871 889 944 impedimenta
919 877 1219 925 nectantur.
1386 931 1390 936 ,
1472 913 1485 931 ,

439 964 528 1021 69.
585 964 801 1037 Alypius
854 962 1120 1034 episcopus
1163 959 1408 1016 Ecclesia:
1453 959 1720 1015 catholica:
1769 960 1944 1016 dixit:

363 1057 671 1115 Secundum
718 1063 1042 1128 praeceptum
1085 1054 1380 1113 nobilitatis
1424 1055 1566 1119 tuas,
1624 1069 1745 1112 cum
1789 1063 1940 1126 gesta

364 1147 780 1219 susceperimus,
809 1145 877 1201 de
900 1143 1294 1214 subscriptione
1322 1154 1376 1198 et
1398 1143 1464 1201 de
1486 1152 1726 1214 tempore
1750 1158 1941 1202 conse-

362 1252 589 1313 quenter
613 1239 939 1298 cavebimus.
964 1237 1030 1293 Et
1051 1238 1157 1295 alia
1183 1253 1359 1298 manu.
1390 1236 1716 1308 Recognovi.

435 1334 522 1390 70.
573 1332 832 1389 Emeritus
875 1329 1143 1401 episcopus
1178 1330 1353 1385 dixit:
1399 1329 1534 1384 Cum
1573 1329 1750 1398 oblata
1785 1329 1941 1386 nobis

363 1424 566 1479 fuerint
588 1433 735 1494 gesta
756 1465 772 1490 ,
799 1420 1194 1482 satisfaciemus
1219 1420 1494 1491 judicatis.
1526 1420 1601 1483 Et
1617 1422 1726 1476 alia
1755 1438 1935 1479 manu.

361 1517 633 1572 Emeritos
657 1517 941 1587 episcopus
971 1514 1279 1585 recognovi.

2053 333 2193 390 rent,
2219 339 2379 380 causa
2401 325 2504 380 sibi
2525 325 2854 385 edendorum
2876 336 3152 397 gestorum
3179 328 3425 384 inducias
3447 340 3622 400 postu-

2050 416 2249 471 larunt.
2299 415 2452 474 Nunc
2497 425 2739 488 utraeque
2782 426 2958 489 partes
3001 433 3099 492 pro
3141 415 3346 475 foribus
3395 428 3539 486 sunt,
3576 421 3621 476 si

2049 506 2316 576 praecipis,
2353 506 2799 572 intromittentur.

2119 597 2172 652 Et.
2220 594 2434 652 Flavius
2473 598 2808 656 Marcellinus
2849 601 2926 655 uir
2959 601 3271 656 clarissimus
3313 601 3541 657 tribunus
3576 614 3624 659 et

2048 691 2277 746 notarius
2304 690 2432 745 dixit
2457 706 2485 754 :,
2514 690 2761 746 Veniant.
2808 691 2874 746 Et
2903 693 3145 764 ingressis
3170 694 3426 766 episcOpis
3452 695 3619 749 catho-

2046 783 2160 838 licis
2187 783 2415 847 Aurelio,
2436 784 2645 856 Alypio,
2669 785 2970 857 Augustino,
2999 786 3288 854 Vincentio,
3319 786 3616 855 Fortunato,

2045 875 2443 944 Fortunatiano,
2493 887 2539 933 et
2589 878 2851 945 Possidio,
2895 897 3012 934 cum
3060 879 3286 947 Nouato,
3337 880 3619 948 Florentia,

2046 967 2358 1034 Maurentio,
2399 968 2688 1042 Bonifacio,
2735 967 2938 1036 Prisco,
2978 971 3260 1027 Sereniano
3295 981 3342 1026 et
3380 971 3618 1027 Scillacio

2043 1061 2361 1131 coepiscOpis
2385 1060 2510 1126 suis,
2541 1059 2799 1129 Deuterio,
2831 1060 3019 1129 Leone,
3049 1063 3271 1130 Asteria,
3300 1071 3352 1116 et
3375 1061 3620 1117 Restituto

2041 1167 2183 1222 atque
2200 1152 2511 1221 coepiscopis
2532 1163 2578 1207 et
2599 1153 2887 1208 custodibus
2906 1162 3197 1226 gestorum:
3220 1152 3355 1210 Item
3381 1170 3409 1208 e
3430 1155 3619 1209 diuerso

2039 1244 2281 1314 ingressis
2302 1247 2553 1318 episcopis
2580 1246 2984 1315 Donatistarum,
3020 1248 3314 1316 Primiano,
3341 1247 3620 1317 Petiliano,

2042 1335 2293 1404 Emerita,
2325 1339 2593 1404 Montano,
2638 1339 2944 1408 Gaudentio,
2988 1329 3277 1408 Adeodato,
3310 1359 3428 1397 cum
3463 1342 3613 1397 Pere-

2041 1429 2210 1498 grina,
2243 1431 2398 1498 Apto,
2426 1429 2706 1501 Clarentio,
2735 1443 2782 1487 et
2804 1431 3062 1488 Habetdea
3087 1436 3402 1504 coepiscopis
3427 1450 3613 1490 eorum.

2111 1521 2164 1575 '5.
2220 1520 2555 1578 Marcellinus
2592 1524 2670 1578 vir
2694 1511 3010 1579 clarissimus
3044 1527 3276 1581 tribunus
3308 1529 3361 1581 ‘et
3394 1529 3616 1583 notariis

433 1611 522 1665 Ἡ.
558 1609 889 1665 Marcellinus
916 1609 993 1664 vir
1031 1607 1342 1665 clarissimus
1371 1605 1606 1666 tribunus
1633 1615 1678 1662 et
1707 1608 1938 1662 notarius
1967 1619 2016 1681 Β
2042 1613 2204 1668 dixit:
2246 1611 2466 1670 Certum
2508 1623 2591 1670 est
2632 1615 2705 1670 ob
2731 1615 2832 1670 hoc
2862 1607 3086 1671 dilatum
3127 1616 3296 1672 fuisse
3326 1618 3612 1688 negotium,

363 1702 492 1758 dixit
510 1718 538 1756 :~
558 1700 735 1758 Etiam
761 1699 919 1760 istius
939 1697 1047 1758 diei
1083 1707 1232 1768 gesta
1251 1739 1270 1764 ,
1293 1712 1362 1755 ne
1380 1712 1482 1767 qua
1507 1698 1677 1768 possit
1703 1714 1822 1754 esse
1843 1698 1939 1756 de-

361 1811 468 1850 nuo
501 1791 779 1859 causatio,
825 1789 1012 1855 eadem
1042 1788 1131 1844 die
1167 1788 1330 1846 edere
1368 1788 1519 1844 vobis
1550 1788 1824 1848 iestinabit
1853 1789 1936 1846 ol-

361 1885 562 1940 ﬁcium.
1747 1920 1750 1923 -

432 1974 520 2030 7‘2.
568 1975 784 2046 Alypius
837 1974 1105 2044 episcopus
1151 1969 1397 2032 Ecclesia:
1452 1972 1718 2030 catholica
1771 1975 1943 2033 dixit:

362 2069 524 2125 Multa
547 2068 976 2124 nudiustertiana
1005 2067 1092 2122 die
1115 2067 1243 2123 falsa
1268 2068 1468 2138 iactata
1491 2079 1636 2124 sunt.
1656 2067 1736 2124 Ne
1754 2069 1938 2139 hujus-

359 2162 509 2218 modi
555 2159 892 2215 illusionibus
933 2159 1159 2229 populus
1206 2160 1574 2230 perturbetur,
1623 2161 1856 2230 petimus
1881 2169 1941 2216 ut

359 2253 506 2322 ipsos
529 2251 726 2322 petisse
747 2250 1054 2306 dilationem
1085 2250 1380 2309 nobilitatis
1405 2259 1510 2312 tuae
1539 2252 1716 2308 edicto
1740 2267 1935 2309 nosca-

360 2353 466 2399 tur.
503 2343 566 2398 Et
596 2344 699 2402 alia
724 2359 903 2399 manu.
928 2343 1255 2416 Recognovi.

434 2436 523 2492 7'5.
557 2435 889 2492 Marcellinus
918 2436 994 2490 vir
1031 2436 1343 2493 clarissimus
1373 2437 1603 2496 tribunus
1633 2446 1679 2494 et
1707 2437 1936 2500 notarius

359 2529 525 2582 dixit:
563 2523 637 2582 Ea
663 2543 780 2598 qua:
806 2528 1034 2598 populus
1069 2527 1307 2598 loquitur
1341 2530 1677 2586 sanctitatem
1702 2540 1935 2588 vestram

357 2635 674 2690 permovere
709 2635 815 2677 non
855 2620 1135 2680 condecet.
1179 2621 1381 2677 Tamen
1401 2662 1415 2687 .
1448 2623 1588 2678 sicut
1614 2622 1788 2680 edicto
1813 2636 1935 2680 meo

363 2713 642 2770 definitum
665 2721 767 2779 est,
794 2721 942 2785 geSta
972 2723 1354 2783 proponentur.
1389 2713 1456 2768 Et
1483 2715 1644 2785 infra.

431 2807 645 2862 Hilarus
673 2815 727 2863 et
756 2806 1013 2863 Martialis
1041 2815 1360 2876 exceptores
1389 2806 1692 2871 edidimus,I
1736 2813 1792 2860 et
1821 2805 1940 2860 hinc

357 2899 605 2956 similiter
635 2909 690 2956 ut
717 2914 877 2972 supra
900 2899 1322 2958 emendavimus.

2041 1715 2098 1759 ut
2131 1703 2388 1761 hodierno
2414 1705 2503 1761 die
2529 1707 2697 1777 gestis
2726 1706 2886 1763 editis
2911 1708 3222 1778 principalis
3250 1710 3395 1764 actio
3431 1719 3617 1764 tracta-

2039 1803 2207 1852 retur.
2235 1795 2390 1864 Quod
2414 1805 2590 1852 utrum
2622 1796 2823 1853 factum
2851 1799 2957 1866 sit,
2989 1798 3165 1854 edicat
3187 1798 3450 1856 ofﬁcium.
3478 1802 3619 1858 Mar-

2041 1886 2176 1942 tialis
2201 1898 2436 1958 exceptor
2466 1887 2533 1943 ο.
2564 1887 2641 1943 Ν.
2669 1889 2772 1943 viri
2792 1890 3064 1945 clarissimi
3101 1898 3147 1945 et
3181 1893 3476 1962 spectabilis
3505 1911 3617 1966 pro-

2040 1979 2264 2035 consulis
2291 1980 2459 2035 dixit:
2505 1980 2729 2036 Gonstat
2772 1981 2923 2051 juxta
2960 1991 3288 2053 praeceptum
3332 1985 3615 2041 nobilitatis

2039 2078 2146 2125 tuae
2178 2080 2329 2142 gesta
2366 2079 2491 2129 ante
2530 2086 2653 2128 eum
2692 2071 2831 2128 diem
2867 2073 3009 2129 edita
3039 2089 3141 2145 qua
3173 2075 3415 2144 parvitas
3443 2086 3617 2134 nostra

2038 2161 2215 2222 fuerat
2243 2161 2501 2232 professa.
2531 2163 2710 2232 Quod,
2737 2165 2781 2218 si
2802 2165 2958 2234 jubet
2983 2165 3239 2222 nobilitas
3266 2175 3378 2234 tua,
3409 2169 3475 2223 ad
3507 2169 3614 2237 ple-

2037 2267 2162 2308 nam
2192 2252 2350 2310 lidem
2381 2270 2448 2310 ex
2473 2256 2805 2314 cautionibus
2835 2257 3002 2328 partis
3038 2259 3319 2330 utriusque
3358 2270 3616 2316 monstra-

2035 2345 2231 2402 bimus.

2108 2438 2160 2492 4.
2209 2435 2543 2495 Marcellinus
2579 2440 2656 2495 vir
2692 2441 3003 2498 clarissimus
3034 2442 3266 2498 tribunus
3307 2451 3357 2498 et
3391 2443 3616 2497 notarius

2037 2529 2196 2584 dixit:
2242 2529 2579 2587 Recltentur.
2625 2531 2883 2589 Martialis
2927 2543 3161 2606 exceptor
3206 2535 3460 2588 recitavit.
3496 2533 3617 2589 Post

2037 2621 2376 2679 consulatum
2415 2621 2642 2678 Varanis
2683 2623 2788 2680 viri
2825 2625 3110 2682 clarissimi
3150 2633 3343 2681 octavo
3379 2626 3496 2681 idus
3528 2626 3614 2680 Ju-

2040 2713 2188 2782 nias,
2239 2713 2655 2770 Fortunatianus
2704 2716 2987 2786 episcopus
3036 2717 3337 2775 catholicus
3389 2721 3613 2778 civitatis

2035 2803 2370 2859 Siccensium
2415 2796 2608 2875 scripsi
2673 2821 2759 2862 me
2809 2816 2958 2877 geSta
3013 2808 3241 2879 geminae
3297 2811 3612 2881 cognitionis

2035 2896 2235 2965 pariter
2274 2897 2597 2965 suscepisse,
2643 2896 2822 2954 habita
2862 2899 3090 2969 primum
3131 2900 3220 2959 die
3264 2899 3608 2960 kalendarum

357 3018 660 3090 Explicat”,
689 3015 840 3072 Gem
869 3017 1102 3070 munda,
1133 3015 1442 3086 Jognmam
1464 3054 1480 3079 ν
1525 3015 1612 3069 πω
1649 3012 1932 3068 Dammm
1960 2990 2004 3059 C
2037 2987 2319 3046 Juniarum
2345 3007 2359 3058 ;
2406 2989 2532 3046 item
2561 2991 2740 3047 habita
2768 2991 2857 3048 die
2885 2993 3042 3050 tertia
3077 3008 3336 3051 nonarum
3365 3013 3378 3060 ;
3426 3008 3478 3052 et
3507 3011 3608 3052 sus-

833 3107 1126 3162 dilationem
1170 3114 1526 3178 poposcerunt.

442 3241 779 3301 lNClPlUNT
818 3238 1041 3296 GESTA
1080 3237 1358 3297 TERTUE
1398 3237 1844 3294 COGNITIONIS.

430 3361 482 3418 l.
498 3359 620 3416 Post
649 3358 970 3415 consulatum
990 3353 1211 3414 Varanis
1232 3353 1326 3406 uiri
1352 3352 1621 3408 clarissimi
1650 3360 1793 3405 sexto
1816 3351 1932 3404 idus

357 3454 538 3511 Iunias
568 3451 865 3525 Carthagini
902 3450 955 3503 in
990 3447 1277 3506 Secretario
1306 3443 1642 3502 Thermarum
1668 3439 1930 3514 Gargilia.

357 3562 562 3611 narum,
601 3545 921 3608 adstantibus
959 3525 1286 3604 Sebastiano;
1317 3536 1636 3594 Maximiano
1673 3545 1718 3590 et
1752 3535 1928 3600 Petro,

356 3640 478 3694 viris
504 3636 859 3701 devotissimis,
883 3632 1250 3705 protectoribus
1272 3629 1577 3694 domesticis,
1606 3626 1930 3684 adstantibus

356 3733 508 3786 etiam
533 3728 798 3783 Vincentio
827 3735 873 3780 et
902 3725 1134 3780 Taurillo
1151 3724 1285 3796 Quiris
1309 3721 1640 3782 devotissimus
1662 3719 1929 3790 agentibus

356 3824 412 3877 in
455 3820 633 3885 rebus,
687 3816 841 3882 Ursa,
884 3815 1123 3870 Petronio
1159 3824 1206 3871 et
1249 3813 1432 3875 bibosa
1472 3811 1762 3874 ducenariis
1806 3811 1930 3866 illu-

352 3913 537 3969 strium
575 3913 894 3977 potestatum,
939 3903 1204 3973 Bonifacio
1244 3914 1291 3963 et
1324 3902 1509 3966 Evasio
1553 3901 1930 3974 apparitoribus

352 4002 636 4058 illustrium
683 4007 830 4068 atque
890 3993 1212 4049 eminentium
1264 4003 1603 4066 potestatum,
1656 3992 1827 4052 Fileto
1878 4001 1928 4060 et

358 4092 638 4150 Octaviano
666 4084 1042 4159 apparitoribus
1062 4083 1273 4141 illustris
1299 4086 1546 4145 comitium
1573 4085 1729 4156 sedis,
1753 4084 1926 4138 Resti-

356 4195 467 4241 tuto
520 4193 567 4241 et
612 4180 843 4240 Exitioso
887 4174 1206 4248 adjutoribus
1249 4177 1610 4245 cornicularii,
1660 4176 1923 4249 Possidio,

358 4271 711 4344 Quodvultdeo
736 4279 782 4329 et
817 4265 1060 4328 Colonico
1096 4265 1418 4338 adjutoribus
1451 4270 1926 4331 commentariorum

2034 3083 2152 3151 cepi
2179 3083 2425 3140 tradente
2447 3083 2690 3139 Martiale
2714 3097 3002 3160 exceptore
3024 3087 3166 3144 sedis
3190 3090 3605 3159 proconsularis,

2032 3174 2123 3244 qui
2153 3174 2222 3232 sit
2261 3175 2545 3246 deputatus
2577 3175 2763 3231 Flavio
2806 3176 3117 3235 Marcellino
3159 3180 3276 3235 viro
3318 3183 3606 3239 clarissiqu

2035 3266 2248 3323 tribuno
2277 3275 2334 3322 et
2369 3267 2578 3322 notario
2607 3266 2695 3323 die
2729 3278 2914 3328 octava
2956 3270 3135 3328 iduum
3164 3271 3446 3332 Juniarum
3482 3274 3607 3330 hora

2033 3356 2140 3414 diei
2162 3359 2342 3430 quinta
2374 3359 2426 3414 in
2460 3358 2695 3415 Ecclesia
2719 3361 2981 3419 catholica
3001 3367 3270 3424 restituta.
3291 3368 3358 3423 Et
3372 3371 3605 3437 quamvis

2033 3461 2351 3522 exceptores
2365 3453 2593 3524 septimo
2607 3452 2789 3512 iduum
2803 3453 3078 3510 Juniarum
3092 3467 3246 3529 gesta
3269 3461 3606 3526 promiserint

2034 3542 2194 3617 295
2225 3542 2488 3608 edituros,
2513 3542 2704 3598 melius
2736 3553 2912 3599 tamen
2937 3560 3122 3601 eorum
3153 3545 3432 3603 festinavit
3456 3550 3601 3604 indu-

2032 3636 2182 3699 stria,
2207 3645 2260 3689 ut
2291 3637 2444 3691 nobis
2464 3645 2587 3691 ante
2605 3637 2744 3692 diem
2769 3638 3086 3707 promissum
3110 3648 3228 3697 acta
3249 3642 3601 3712 cognitionum

2031 3728 2260 3783 duarum
2283 3730 2484 3799 pariter
2515 3730 2875 3788 traderentur.
2915 3732 3120 3800 Quibus
3152 3735 3420 3805 perceptis
3441 3778 3457 3802 ,
3491 3721 3603 3791 loco

2033 3827 2088 3875 et
2117 3825 2359 3889 tempore
2383 3822 2749 3892 suprascripto
2780 3824 3070 3880 instructos
3110 3840 3210 3885 nos
3251 3825 3318 3882 ad
3353 3842 3602 3900 peragen-

2032 3908 2156 3965 dum
2179 3909 2449 3981 negotium
2473 3912 2560 3968 die
2584 3914 2674 3983 qui
2699 3915 2832 3971 actis
2855 3927 3141 3984 expressus
3161 3926 3266 3986 est,
3285 3911 3602 3988 'pollicemur

2031 4016 2151 4057 esse
2180 4013 2451 4059 venturos.
2494 4002 2717 4075 Cumque
2757 4008 3050 4076 recitasset,
3089 4009 3224 4066 idem
3258 4011 3428 4067 dixit:
3466 4011 3601 4085 Lego

2029 4093 2212 4159 aliam,
2241 4095 2285 4149 si
2309 4095 2550 4166 praecipit
2577 4097 2825 4155 nobilitas
2848 4108 2955 4156 tua.

2101 4187 2153 4239 5.
2207 4183 2542 4244 Marcellinus
2569 4189 2648 4243 vir
2685 4190 3000 4245 clarissimus
3031 4191 3265 4249 tribunus
3302 4204 3352 4246 et
3379 4197 3598 4250 notarius

2029 4275 2179 4334 dixit.
2205 4277 2364 4348 Lege.
2392 4277 2649 4337 Martialis
2673 4291 2911 4352 exceptor
2929 4282 3330 4348 recitavit.,P05t
3357 4289 3596 4344 consula-

355 4369 518 4440 ofﬁcii
555 4365 624 4422 Π.
662 4363 734 4419 Ν.
763 4361 860 4419 viri
893 4359 1161 4417 clarissimi
1193 4367 1240 4417 et
1266 4358 1552 4425 spectabilis
1579 4364 1920 4433 proconsulis,
1949 4373 2004 4440 1)
2028 4375 2139 4431 tum
2164 4366 2390 4430 Varianis
2415 4371 2515 4426 viri
2544 4371 2827 4430 clarissimi
2852 4380 3042 4427 octavo
3071 4373 3192 4428 idus
3219 4373 3428 4443 lunias,
3456 4378 3594 4434 Mon-

352 4460 575 4532 Navigio
610 4456 848 4532 adjutore
892 4466 1237 4516 numerorum,
1280 4458 1327 4505 et
1367 4448 1643 4524 Peregrina
1688 4455 1925 4526 adjutore

349 4555 749 4626 subadjuvarum
791 4545 950 4618 ofﬁcii
975 4543 1044 4598 ο.
1069 4543 1144 4598 Ν.
1171 4543 1266 4597 viri
1281 4541 1550 4598 clarissimi
1570 4552 1616 4598 et
1636 4547 1924 4612 spectabilis

347 4647 548 4711 vicarii,
591 4642 816 4711 Nampia
861 4637 1029 4694 scriba
1058 4634 1220 4707 ofﬁcii
1244 4634 1337 4687 viri
1364 4632 1637 4694 clarissimi
1663 4634 1813 4707 legati
1841 4636 1922 4691 αι..

348 4753 447 4794 ma:
472 4734 819 4808 Carthaginis,
853 4729 1134 4800 Ruﬁniano
1163 4725 1326 4780 scriba
1352 4724 1449 4784 viri
1474 4724 1743 4786 clarissimi
1773 4743 1922 4781 cura-

351 4830 477 4886 toris
502 4830 648 4890 celsa:
677 4822 1002 4899 Carthaginis
1024 4836 1045 4888 ;
1084 4815 1448 4887 accipientibus
1483 4816 1635 4879 etiam
1665 4814 1847 4876 Hilaro
1877 4829 1922 4874 et

347 4920 661 4986 Prtetextato
691 4912 1043 4989 exceptaribus
1082 4910 1151 4968 .0.
1190 4907 1265 4968 Ν.
1306 4909 1397 4966 uiri
1433 4909 1703 4971 clarissimi
1727 4917 1777 4965 et
1804 4926 1922 4980 δρα.

345 5013 544 5069 stabilis
570 5009 910 5082 proconsulis,
938 5004 1101 5064 Fabio
1128 5010 1394 5073 exceptare
1419 4999 1486 5058 ι).
1519 4998 1592 5062 Ν.
1618 5000 1713 5061 viri
1741 5001 1922 5056 claris-

343 5107 460 5160 simi
485 5116 530 5159 ct
557 5099 844 5173 spectabilis
875 5096 1072 5163 vicarii,
1109 5093 1329 5156 Romulo
1353 5097 1616 5164 exceptare
1659 5087 1812 5158 V..C.
1845 5088 1919 5144 le-

344 5198 449 5269 gati
478 5198 626 5251 alnus
651 5190 976 5266 Carthaginis
995 5230 1011 5254 ,
1041 5184 1404 5260 excipientibus
1436 5198 1631 5253 quoque
1659 5181 1915 5246 Januario

341 5301 390 5346 et
435 5289 598 5346 Vitale
639 5286 849 5346 notariis
886 5281 1130 5340 Ecclesiae
1166 5276 1449 5344 catholicis,
1488 5273 1690 5332 Victore
1715 5282 1759 5328 et
1795 5273 1912 5328 Cra-

343 5384 515 5439 sconia
546 5379 757 5437 notariis
787 5374 1031 5434 Ecclesite
1063 5371 1469 5435 Donatistarum,
1502 5365 1664 5425 Ursus
1692 5365 1913 5419 ducena-

341 5474 466 5543 rius,
498 5472 774 5527 illustrium
825 5475 1130 5542 potestatum
1169 5466 1298 5520 dixit
1330 5479 1348 5519 :
1396 5459 1674 5524 Praiterito
1709 5457 1912 5530 judicio

341 5563 650 5639 ponatiame
671 5563 836 5633 partis
862 5560 1098 5638 episcopi
1127 5560 1179 5618 in
1202 5558 1519 5642 hodiernam
1542 5555 1709 5634 diem,
1735 5562 1794 5610 ut
1815 5554 1910 5611 ex-

2027 4467 2183 4520 Ianus
2249 4461 2532 4534 episcopus
2603 4462 2836 4529 civitatis
2901 4462 3239 4521 Zamensium
3302 4470 3582 4538 regiorum.

2023 4551 2225 4626 Scripsi
2276 4554 2448 4622 vobis,
2479 4555 2654 4615 Hilare
2687 4563 2742 4612 et
2785 4555 3103 4614 Praztextate
3128 4557 3464 4629 ex‘ceptores,
3510 4580 3586 4621 me

2023 4646 2296 4715 accepisse
2323 4661 2353 4700 a
2381 4633 2531 4706 vobis
2569 4656 2718 4720 gesta
2746 4648 2970 4716 gemina:
3000 4650 3361 4719 cognitionis;
3403 4654 3455 4710 in
3481 4658 3584 4727 quis

2023 4736 2123 4791 bus
2154 4753 2254 4792 una
2304 4753 2422 4793 cum
2456 4737 2798 4793 traditoribus
2827 4747 2881 4794 ct
2926 4744 3356 4806 persecutoribus
3401 4749 3587 4804 nostris

2022 4828 2380 4896 conﬂiximus,
2429 4828 2609 4888 habita
2645 4828 2871 4898 primum
2902 4829 2990 4888 die
3033 4829 3385 4892 kalendarum
3414 4837 3585 4894 lunia-

2021 4937 2164 4988 rum,
2206 4931 2261 4979 et
2287 4922 2388 4979 alia
2436 4919 2612 4978 habita
2644 4918 2731 4976 die
2781 4924 2932 4978 tertio
2963 4936 3227 4982 nonarum
3257 4928 3581 5007 earumdem,

2024 5029 2142 5082 quae
2169 5029 2264 5074 vos
2291 5021 2606 5083 exceptares
2653 5013 3029 5082 suprascriptae
3075 5017 3220 5099 sedis
3248 5023 3582 5088 proconsula-

1972 5144 1975 5145 γ
2023 5105 2129 5175 ris,
2168 5105 2461 5164 tradidistis
2502 5103 2658 5162 nobis
2693 5117 2875 5162 coram
2906 5106 3143 5175 patribus
3165 5118 3221 5163 et
3256 5111 3577 5182 coepiscopis

2021 5187 2218 5252 nostris
2245 5198 2333 5255 die
2360 5207 2546 5255 octava
2561 5192 2751 5256 iduum
2773 5197 3073 5266 Iuniarum,
3103 5201 3232 5256 hora
3255 5201 3366 5258 diei
3411 5205 3573 5268 tertia,

2019 5286 2073 5340 in
2102 5287 2335 5346 Ecclesia
2363 5277 2730 5364 TheOprepia;
2754 5288 2943 5358 quibus
2957 5295 3222 5364 perceptis
3246 5293 3426 5351 locoet
3451 5304 3572 5353 tim-

2021 5393 2152 5453 pore
2187 5382 2580 5452 suprascripto,
2612 5380 2920 5451 proﬁtemur
2949 5400 3048 5442 nos
3085 5385 3153 5441 ad
3197 5389 3458 5457 agendum
3485 5403 3570 5444 ne-

2022 5473 2224 5546 gotium
2268 5474 2354 5534 die
2381 5475 2518 5538 actis
2551 5488 2799 5546 expressa
2823 5477 3010 5542 ordine
3052 5479 3262 5562 integro
3299 5495 3417 5546 este
3456 5497 3566 5543 ren-

2012 5573 2185 5624 ωτοε.
