3860 6212
125 203 152 258 1
166 201 270 258 365

128 410 291 466 dixit.
338 409 520 466 Lectae
565 409 842 465 cautiones
871 404 1036 477 gestis
1085 404 1439 476 prresentibus
1466 404 1707 459 adhaere-

126 501 289 556 bunt.
328 497 396 553 Et
421 499 629 573 adjecit.
657 497 919 566 Quoniam
963 501 1177 551 constat
1196 502 1319 550 ante
1349 493 1493 549 diem
1521 493 1713 548 editio-

127 607 260 649 nem
281 591 473 648 factam
501 606 622 648 esse
642 600 934 664 gestorum,
959 597 1205 660 superest
1223 595 1284 643 ut
1305 587 1598 659 principale
1619 600 1710 642 ne-

126 684 338 756 gotium
372 690 722 753 proponatur.

203 777 258 831 7.
302 775 616 847 Augustinus
663 774 926 844 episc0pus
970 769 1212 826 Ecclesia:
1257 769 1519 824 cat/taliae
1556 768 1705 822 dixit.

121 866 434 936 Principale
457 865 730 937 negotium
752 862 956 934 jamdiu
977 870 1126 918 estut
1141 861 1386 931 cupimus
1408 859 1704 916 terminari.

121 958 382 1024 Proinde,
416 956 462 1013 si
503 958 586 1012 vel
629 971 755 1012 sero
796 954 1135 1031 conceditur,
1176 953 1425 1025 probent,
1454 951 1706 1022 quoniam

119 1068 196 1108 ex
250 1063 403 1122 parte
453 1049 682 1105 adversa
725 1062 846 1106 esse
895 1041 1226 1110 desiderant,
1275 1046 1472 1100 totiens
1501 1043 1709 1112 objecta

120 1146 391 1208 Ecclesia:
419 1153 617 1200 sanctae
642 1131 920 1199 catholicae
946 1149 1057 1195 toto
1085 1138 1216 1194 orbe
1244 1137 1453 1192 diffusa:
1481 1135 1708 1191 crimina

119 1248 185 1294 et
215 1251 507 1308 numquam
529 1235 773 1308 probata.
805 1232 875 1288 Et
902 1249 1016 1287 cum
1036 1232 1249 1305 diceret,
1275 1229 1368 1307 (Et
1385 1217 1502 1284 "alia
1525 1245 1703 1283 manu.

118 1328 487 1400 Recognovi.)
1288 1331 1293 1338 ‘

198 1421 256 1476 8.
296 1418 592 1474 Adeodatus
628 1416 897 1489 episcopus
923 1415 1072 1469 dixit.
1104 1414 1430 1484 Proponant.
1462 1411 1705 1468 Sciamus

117 1512 257 1583 quid
289 1519 473 1582 agunt.
507 1508 576 1563 Et
602 1509 706 1564 alia
735 1524 911 1562 manu.
955 1505 1264 1563 Adeodatus
1287 1505 1566 1577 episcopus
1594 1505 1704 1560 sal-

117 1621 190 1660 va
220 1603 580 1676 appellatione
609 1602 921 1674 recognovi.

1051 195 1276 254 GESTA
1313 192 1762 252 COLLATIONIS
1798 194 2412 259 CARTHAGINENSIS.

203 321 257 375 6.
293 317 628 372 Marcellinus
675 316 750 370 vir
787 314 1100 369 clarissimus
1149 313 1379 367 tribunus
1408 322 1455 367 et
1482 312 1710 372 notarius
1735 313 1784 372 Α
1813 311 1957 367 docti
2031 312 2287 383 fuerimus
2310 358 2326 383 ,
2399 317 2732 388 respondere
2791 322 3084 380 valeamus.

3261 213 3398 268 i366

3172 321 3240 376 Et
3292 327 3395 378 alia

1813 422 1988 460 manu.
2046 406 2316 463 Emeritus
2359 410 2648 483 episcopus
2678 412 2827 469 salva
2853 414 3213 486 appellatione
3242 431 3394 472 τερος

1812 499 1991 569 gnovL

1889 591 1976 646 16.
1993 590 2408 650 Fortunatianus
2425 597 2694 668 episcOpus
2712 597 2934 660 ecclesiis
2957 598 3222 654 catholica!
3240 601 3389 656 dixit.

1812 681 2120 739 Difﬁdentia
2151 696 2234 741 est
2265 701 2446 768 causae
2480 703 2739 758 personas
2768 690 2906 748 velle
2935 691 3223 760 discutere,
3259 708 3393 764 quas

1812 775 1994 844 priore
2015 777 2269 833 conﬂictu
2292 779 2438 836 visus
2469 791 2553 836 est
2581 782 2949 839 conﬁrmasse.
2997 783 3065 839 Et
3107 784 3228 842 ideo
3266 801 3391 842 cau-

1811 881 1930 921 sam
1957 869 2216 926 Ecclesia:
2268 887 2610 944 peragamus,
2662 890 2803 945 quas,
2835 875 2974 932 sicut
3001 878 3261 948 promissa
3291 888 3394 943 est,

1811 966 1925 1014 toto
1955 967 2219 1016 terrarum
2247 964 2380 1020 orbe
2401 963 2734 1022 diffunditur.
2782 965 2850 1021 Et
2885 967 2988 1021 alia
3015 983 3188 1021 manu.
3223 968 3392 1025 Reco-

1809 1055 1988 1124 gnovL

1809 1155 1839 1212 {-.
1883 1147 1974 1202 17.
2007 1147 2344 1221 Marcellinus
2377 1150 2453 1204 vir
2480 1150 2792 1208 clarissimus
2824 1153 3053 1207 tribunus
3089 1161 3135 1207 et
3161 1153 3388 1206 notarius

1810 1227 1960 1292 dixit.
2013 1237 2283 1295 Sanctitas
2309 1248 2398 1295 tua
2439 1242 2897 1311 propositionem,
2947 1252 3203 1314 quantum
3246 1244 3389 1298 arbi-

1811 1337 1946 1396 tror,
1980 1346 2085 1386 non
2114 1331 2402 1406 diligenter
2426 1332 2678 1389 advertit.
2711 1333 2828 1389 Alia
2851 1335 2990 1389 enim
3024 1343 3236 1390 constat
3265 1349 3385 1390 esse

1809 1421 2052 1491 quaesita.
2152 1496 2155 1499 _

1884 1513 1969 1570 18.
2004 1515 2221 1588 Alypius
2244 1517 2506 1588 episcOpus
2547 1514 2793 1572 Ecclesia:
2821 1518 3084 1572 catholica:
3123 1518 3271 1572 dixit.
3305 1519 3384 1572 Ad

1810 1603 1862 1659 id
1885 1619 2014 1677 ergo
2037 1608 2177 1677 quod
2207 1609 2552 1678 quaesierunt,
2579 1609 2707 1678 jube
2748 1610 2960 1665 recitari
2993 1613 3161 1680 partis
3189 1611 3382 1664 utrius-

195 1698 251 1754 9.
306 1695 600 1752 Vincentius
647 1697 914 1765 episcopus
962 1693 1206 1758 Ecclesia:
1247 1691 1516 1746 catholicae
1552 1691 1696 1745 dixit.

1814 1714 1912 1769 que
1937 1701 2210 1770 mandata,
2236 1712 2289 1758 et
2306 1704 2639 1759 instruentur
2659 1702 2727 1758 ad
2752 1703 2805 1758 id
2826 1703 2968 1774 quod
2989 1703 3382 1760 desiderarunt.

116 1789 555 1860 Propositionem
605 1802 671 1844 ex
715 1786 970 1843 mandato
1015 1801 1122 1841 non
1169 1783 1425 1840 didicisti.
1487 1783 1556 1837 Et
1601 1783 1706 1837 alia

113 1896 301 1937 manu.
336 1878 665 1950 Recognovi.

196 1971 286 2026 10.
337 1971 609 2025 Possidius
657 1970 923 2040 episc0pus
967 1955 1215 2022 Ecclesia:
1251 1967 1514 2021 catholica:
1551 1967 1699 2021 dixit.

111 2066 391 2120 Morarum
423 2065 723 2121 tendiculas
765 2063 943 2117 nullus
973 2067 1296 2133 interponat,
1341 2061 1387 2116 si
1432 2060 1498 2116 de
1525 2076 1701 2116 causa:

113 2151 688 2213 nostrze'defensionc
735 2155 965 2225 aliquam
1014 2154 1272 2208 habemus
1322 2152 1591 2208 ﬁduciam.
1635 2151 1702 2207 Et

111 2265 235 2304 cum
259 2249 472 2314 diceret,
507 2247 594 2319 (Et
623 2248 728 2302 alia
757 2261 931 2300 manu.
961 2245 1315 2317 Recognovi.)

193 2344 280 2398 11.
316 2341 648 2396 Marcellinus
674 2341 749 2394 vir
783 2339 1099 2394 clarissimus
1138 2339 1370 2393 tribunus
1396 2347 1442 2393 et
1469 2337 1699 2392 notarius

109 2436 266 2489 dixit.
298 2434 354 2489 Si
383 2434 506 2503 quid
541 2431 855 2497 intenditur,
890 2439 1238 2501 proponatur.

189 2527 276 2581 12.
309 2527 524 2598 Alypius
547 2525 811 2596 episcOpus
839 2523 1085 2578 Ecclesiae
1105 2523 1368 2577 catholica:
1384 2521 1531 2576 dixit.
1561 2521 1699 2576 Man-
1787 2572 1796 2582 _

108 2621 301 2675 datum
329 2620 564 2690 ipsorum
597 2618 823 2689 legatur,
848 2626 900 2672 et
929 2616 1278 2670 intentionem
1307 2615 1546 2684 ipsorum
1575 2611 1698 2668 inde

107 2721 371 2784 agnoscet
396 2704 644 2766 nobilitas
674 2719 782 2765 tua.
808 2708 874 2764 Et
899 2709 1005 2763 alia
1025 2725 1199 2761 manu.
1230 2707 1564 2777 Recognovi.

184 2805 277 2860 15.
317 2803 648 2857 Marcellinus
672 2803 748 2856 vir
774 2789 1093 2855 clarissimus
1121 2801 1351 2853 tribunus
1385 2809 1430 2852 et
1464 2798 1697 2852 notarius

108 2900 268 2953 dixit.
307 2896 513 2952 Amotis
552 2894 1017 2958 omnibusmoris,
1051 2894 1303 2963 quoniam
1333 2898 1545 2946 constat
1575 2905 1694 2944 om-

109 2993 201 3047 nia
232 3005 355 3062 qua:
404 2989 470 3044 ad
510 2987 766 3058 principia
810 2986 1006 3057 negotii
1037 2984 1377 3054 pertinebant
1419 2981 1695 3050 superiore

105 3083 322 3154 judicio
348 3081 652 3146 terminata,
678 3091 836 3134 causa
868 3077 1090 3131 dicatur.
1517 3075 1519 3077 ’

186 3175 280 3229 ﬂ.
319 3171 637 3227 Fortunatus
673 3173 937 3240 episcopus
968 3166 1216 3222 Ecclesia!
1244 3165 1513 3220 catholica;-
1539 3163 1688 3217 dixit.

110 3269 233 3323 Duo
262 3267 318 3321 in
373 3265 624 3319 mandato
661 3278 760 3318 suo
789 3262 1052 3332 objecisse
1081 3268 1406 3314 monstratur
1434 3271 1557 3327 pars
1598 3255 1694 3309 ad-

110 3372 298 3422 versa,
331 3355 673 3411 traditionem
702 3363 756 3409 et
794 3353 1244 3423 persecutionem.
1281 3349 1340 3404 Si
1377 3349 1535 3418 igitur
1571 3362 1696 3401 cau-

109 3465 228 3506 sam
254 3446 511 3503 Ecclesia:
537 3447 720 3501 volunt
745 3456 798 3501 ut
822 3459 1159 3514 peragamus,
1183 3440 1508 3511 jamjamque
1531 3447 1583 3494 te
1613 3439 1695 3508 ju-

112 3542 336 3597 dicante
366 3539 597 3594 ﬁniatur.
627 3536 785 3593 Nefas
804 3544 890 3591 est
919 3535 1061 3589 enim
1090 3542 1146 3586 ut
1167 3531 1572 3604 exspectatione
1603 3543 1698 3599 ρο·-

113 3633 282 3703 pulus
308 3631 360 3691 in
391 3645 628 3697 errorem
656 3629 916 3684 mittatur.
944 3627 1002 3680 Si
1024 3624 1361 3695 agnoscenda
1384 3633 1467 3678 est
1514 3623 1700 3676 Eccle-

116 3729 194 3780 sia
228 3735 346 3780 toto
372 3733 655 3788 terrarum,
707 3721 843 3776 sicut
891 3717 1150 3788 promissa
1178 3726 1280 3783 est,
1309 3715 1440 3771 orbe
1483 3715 1695 3782 diﬁ‘usa,

116 3816 449 3874 testimoniis
495 3815 877 3884 scripturarum
921 3811 1193 3866 doceatur.
1257 3808 1351 3863 Sin
1390 3822 1524 3863 vero
1570 3808 1700 3862 soli-

113 3909 185 3963 tis
213 3906 507 3979 prtestigiis
554 3905 836 3974 solitisque
862 3903 1176 3974 ambagibus
1220 3901 1272 3957 id
1315 3900 1546 3956 intendit
1577 3915 1701 3970 pars

116 3999 348 4054 adversa
379 4014 446 4053 ne
471 3998 536 4053 ad
563 3998 839 4052 veritatem
865 3997 1166 4059 veniamus,
1212 3994 1443 4059 dicatur,
1490 4000 1552 4047 ut
1597 3992 1700 4048 hoc

121 4090 378 4145 omnibus
403 4084 721 4144 innotescat.
753 4088 817 4142 Et
843 4089 948 4143 alia
976 4104 1149 4141 manu.
1176 4086 1504 4156 ReOOgnovi.

200 4179 291 4236 15.
325 4179 657 4236 Marcellinus
694 4180 770 4233 vir
797 4179 1111 4233 clarissimus
1141 4177 1370 4230 tribunus
1399 4184 1445 4230 et
1472 4176 1702 4240 notarius

117 4275 276 4328 dixit.
309 4272 446 4340 Quid
479 4271 563 4328 his
589 4269 858 4326 refertur?
1049 4282 1055 4287 ‘
1597 4321 1600 4323 .

192 4365 455 4425 Emeritus
499 4366 768 4436 episcopus
817 4362 967 4416 dixit.
1009 4360 1308 4431 Numquam
1365 4360 1584 4416 memini
1646 4359 1701 4414 in

116 4457 330 4527 judicio
381 4456 788 4512 condemnatam
845 4467 966 4508 esse
1016 4453 1347 4523 patientiam.
1409 4453 1543 4518 Quin
1593 4443 1780 4507 imoD

118 4563 340 4618 semper
362 4547 412 4602 id
436 4547 577 4601 laudi
599 4555 703 4612 est,
737 4556 792 4601 ut
815 4553 1078 4607 secretum
1108 4546 1348 4600 retinens
1377 4546 1573 4616 lingua,
1605 4546 1701 4600 ob-

114 4641 302 4709 jectis,
335 4640 382 4694 si
413 4647 609 4708 potest,
638 4638 869 4692 dilucide
896 4636 1240 4708 respondeat.
1276 4637 1417 4708 Ergo
1445 4639 1697 4708 quoniam

121 4732 366 4786 omnium
407 4732 674 4785 actionum
706 4730 902 4785 debent
939 4745 1059 4785 esse
1104 4728 1382 4799 principia,
1432 4731 1700 4811 totiusque

124 4826 330 4897 negotii
365 4824 512 4878 initia
544 4839 609 4878 ex
638 4838 698 4878 se
727 4838 937 4879 sumere
965 4832 1380 4888 consueverunt,
1412 4823 1537 4894 quid
1567 4839 1700 4893 prae-

123 4919 408 4973 teritorum
440 4914 642 4971 dierum
671 4923 820 4972 actus
843 4915 1186 4982 involvimus,
1214 4926 1268 4971 et
1292 4918 1441 4987 quasi
1462 4931 1565 4972 non
1589 4916 1703 4971 fue-

123 5011 231 5063 r'int
263 5016 502 5079 peracta,
555 5007 744 5063 iterum
775 5006 1108 5076 refricamus,
1138 5023 1257 5074 cum
1293 5011 1571 5074 praasentis
1597 5008 1702 5063 diei

125 5097 426 5170 propositio
468 5112 618 5153 suam
659 5098 853 5154 debeat
893 5114 1105 5156 sumere
1138 5101 1481 5170 accipereque
1517 5113 1701 5168 perso-

125 5191 297 5246 nam?
333 5188 483 5250 Unde
531 5191 574 5245 si
600 5191 892 5260 propositio
925 5207 1110 5246 eorum
1133 5200 1186 5246 et
1214 5190 1490 5259 reSponsio
1520 5201 1699 5244 nostra

125 5281 176 5335 in
198 5279 462 5350 judicium
489 5281 735 5346 mittitur,
771 5291 1119 5349 personarum
1167 5280 1394 5350 primum
1424 5287 1504 5332 est
1529 5279 1707 5334 discu-

125 5372 308 5425 tienda
358 5371 613 5439 qualitas,
645 5372 764 5440 quis
795 5373 844 5424 in
866 5370 1125 5439 judicium
1159 5371 1399 5432 adduxit,
1429 5370 1546 5439 quis
1578 5385 1706 5424 con-

125 5463 316 5519 venire
340 5462 486 5523 fecit,
519 5463 638 5532 quis
668 5462 935 5530 principes
962 5462 1142 5516 saeculi
1169 5461 1439 5528 convenit,
1473 5462 1592 5530 quis
1625 5461 1704 5515 le-

129 5562 282 5621 gatos
305 5550 475 5619 misit,
497 5551 624 5626 guis
647 5551 983 5620 supplicavit,
1010 5552 1128 5622 quis
1157 5553 1325 5624 legem
1347 5552 1562 5620 meruit,
1591 5553 1711 5622 quis

1810 1791 1880 1848 Et
1896 1796 2000 1850 alia
2028 1813 2203 1851 manu.
2229 1797 2556 1868 Recoguovi.

1882 1906 1968 1962 19.
2001 1907 2334 1962 Marcellinus
2375 1909 2452 1962 vir
2479 1909 2792 1962 clarissimus
2815 1908 3046 1962 tribunus
3067 1919 3114 1962 et
3155 1910 3385 1964 notarius

1807 1999 1957 2052 dixit.
1986 1999 2280 2066 Quaasitum
2307 2006 2392 2054 est
2413 2014 2506 2069 per
2531 2014 2663 2070 quos
2696 2000 2810 2055 haec
2838 2001 2909 2055 sit
2936 2000 3198 2070 postulata
3224 2003 3384 2056 colla-

1807 2090 1903 2157 tio,
1929 2090 2088 2160 quive
2116 2090 2395 2161 episcopos
2424 2091 2515 2161 qui
2537 2107 2568 2146 e
2587 2091 2802 2147 diverso
2825 2091 3124 2147 consistunt
3149 2091 3215 2146 ad
3241 2091 3379 2161 judi-

1805 2185 1946 2237 cium
1979 2183 2283 2254 postularit.
2325 2183 2480 2242 Unde
2509 2184 2577 2239 ad
2605 2184 2721 2240 haac
2749 2185 3008 2240 sanctitas
3051 2199 3231 2240 ve5tra
3269 2200 3382 2241 res-

1803 2275 2041 2344 pondere
2061 2275 2298 2332 debebit.

1872 2385 1964 2441 20.
1995 2387 2309 2457 Augustinus
2354 2388 2618 2456 episcOpus
2645 2385 2908 2458 {Ecclesia
2936 2388 3201 2444 catholica:
3229 2391 3380 2444 dixit.

1801 2476 1858 2533 Si
1887 2477 1952 2531 ad
1973 2492 2088 2532 rem
2107 2477 2315 2546 judicas
2341 2479 2633 2546 pertinere,
2661 2480 2990 2549 praestantia:
3017 2487 3124 2535 tua:
3147 2490 3231 2535 est
3255 2495 3381 2534 con-

1801 2569 2057 2625 siderare.
2107 2568 2403 2624 Catholicis
2440 2570 2708 2641 episcopis
2734 2573 2838 2626 vcl-
2862 2572 3052 2642 legatis
3083 2574 3378 2628 catholico-

1800 2677 1917 2718 rum
1948 2663 2314 2731 episcororum
2345 2676 2663 2718 concessum
2711 2679 2832 2718 esse
2863 2664 3162 2719 habendam
3220 2667 3381 2720 colla-

1802 2755 2025 2821 tionem,
2054 2762 2208 2808 tenor
2246 2755 2493 2824 rescripti
2521 2755 2816 2824 imperialis
2841 2757 3095 2810 ostendit.
3128 2756 3381 2812 Venimus

1801 2848 2029 2917 utrique,
2074 2845 2160 2900 hic
2183 2862 2396 2912 sumus;
2426 2857 2479 2902 et
2510 2847 2649 2902 Deus
2682 2862 2779 2901 nos
2805 2848 3164 2918 diSputatores
3191 2859 3244 2906 et
3267 2853 3380 2906 col-

1764 2978 1766 2980 τ
1799 2938 1998 2992 latores
2029 2939 2197 3007 magis
2227 2953 2384 3008 quam
2414 2938 2706 3008 litigatores
2737 2953 2857 2994 esse
2899 2942 3175 3012 praecepit,
3208 2952 3263 2997 et
3301 2943 3380 2997 ni-

1801 3027 1874 3080 hil
1895 3027 2035 3082 aliud
2062 3028 2229 3081 voluit
2251 3028 2416 3082 Deum
2442 3030 2636 3084 timens
2656 3039 2708 3084 et
2735 3031 2845 3085 Deo
2875 3033 3116 3087 serviens
3142 3034 3377 3089 clemen-

1799 3121 2036 3174 tissimus
2068 3121 2376 3187 imperator.
2405 3120 2692 3176 Adstitisse
2722 3123 2986 3192 legitimas
3014 3139 3296 3192 personas,
3323 3137 3379 3181 et

1797 3210 2110 3265 conﬁrmata
2141 3225 2263 3266 esse
2302 3212 2548 3265 mandata
2591 3214 2764 3282 primo
2791 3213 2878 3270 die
2899 3217 3183 3274 conﬂictus
3209 3219 3378 3273 nostri

1794 3301 2051 3370 judicavit
2090 3301 2392 3356 sublimitas
2431 3313 2540 3357 tua.
2584 3303 2698 3359 Non
2727 3306 3136 3376 interponantur
3163 3325 3282 3378 qua:
3311 3310 3378 3362 ad

1797 3410 1912 3450 rem
1937 3395 2243 3450 necessaria
2272 3412 2376 3450 non
2394 3407 2534 3452 sunt.
2563 3399 2802 3454 Ecclesia
2817 3410 3072 3469 estquam
3088 3402 3378 3456 asserimus

1799 3491 2119 3544 testimoniis
2165 3492 2550 3560 scripturarum
2577 3493 2908 3558 divinarum,
2941 3496 3190 3550 omnibus
3216 3498 3375 3562 'nota,

1799 3584 1852 3639 in
1884 3595 2081 3652 monte,
2124 3587 2261 3642 sicut
2288 3587 2547 3659 scriptum
2598 3598 2702 3654 est,
2757 3590 3017 3644 altissimo
3065 3591 3376 3657 constituta,

1801 3676 1864 3728 ad
1888 3691 2048 3745 quam
2074 3677 2296 3731 veniunt
2321 3693 2508 3733 omnes
2527 3689 2734 3750 gentes.
2764 3679 2820 3733 Si
2857 3689 2938 3734 est
2965 3681 3164 3751 aliquid
3192 3692 3378 3736 contra

1801 3765 1958 3820 istam
2007 3767 2298 3822 Ecclesiam
2321 3769 2462 3838 quod
2491 3770 2715 3832 dicatur,
2743 3770 2850 3838 jam
2875 3769 3105 3835 dicatur,
3139 3782 3191 3826 et
3223 3774 3381 3827 nullm

1801 3873 1964 3912 morae
1993 3860 2420 3930 interponantur.
2450 3861 2509 3916 Si
2536 3861 2665 3915 nihil
2689 3851 2935 3931 est-“quod
2964 3863 3197 3931 dicatur,
3222 3866 3380 3919 cedat

1801 3950 2036 4016 veritati,
2067 3951 2156 4021 qui
2193 3965 2343 4006 suam
2370 3951 2801 4007 criminationem
2825 3952 3100 4009 afﬁrmare
3130 3963 3184 4008 et
3203 3965 3382 4009 osten-

1802 4040 1931 4096 dere
1951 4051 2006 4096 et
2037 4043 2266 4111 probare
2298 4041 2607 4097 hominibus
2639 4037 2756 4097 non
2777 4053 2971 4112 potest.
2997 4044 3258 4112 Quamdiu
3282 4047 3382 4100 ista

1805 4141 1952 4186 tanta
1979 4132 2159 4202 populi
2182 4132 2523 4203 exspectatio
2545 4148 2804 4204 suspensa
2834 4135 2954 4189 est?
2986 4135 3059 4190 De
3084 4135 3258 4190 anima
3285 4151 3381 4192 sua

1802 4239 1988 4281 omnes
2015 4227 2270 4296 cogitant,
2307 4237 2362 4283 et
2387 4241 2485 4281 nos
2507 4228 2827 4282 moratorias
2857 4227 3288 4296 praescriptiones
3313 4229 3380 4284 ad

1806 4317 1908 4372 hoc
1957 4319 2369 4388 interponimus,
2401 4330 2458 4375 ut
2496 4322 2561 4376 ad
2588 4321 2748 4380 ﬁnem
2772 4321 3160 4392 cognoscendae
3183 4324 3384 4377 verita-

1805 4410 1872 4463 tis
1915 4424 2202 4478 numquam
2246 4411 2510 4465 veniatur.
2562 4410 2631 4465 Et
2670 4412 2779 4465 alia
2831 4427 3002 4466 manu.
3048 4409 3378 4482 Recognovi.

1871 4523 1963 4576 21.
2015 4521 2353 4577 Marcellinus
2384 4525 2460 4578 vir
2488 4525 2800 4579 clarissimus
2823 4525 3052 4578 tribunus
3078 4535 3126 4578 et
3155 4529 3384 4582 notarius

1804 4615 1952 4668 dixit.
1985 4614 2053 4669 Ut
2092 4614 2296 4670 adverti
2339 4617 2504 4684 possit
2533 4616 2586 4670 in
2613 4631 2770 4686 quem
2798 4614 3014 4669 modum
3044 4617 3112 4669 sit
3140 4615 3382 4688 delegata

1802 4706 2060 4776 cognitio,
2084 4706 2377 4776 imperialis
2404 4709 2652 4777 praecepti
2675 4706 2844 4760 forma
2875 4706 3165 4778 relegatur.

1874 4820 1964 4875 22.
2016 4820 2302 4876 Petilianus
2343 4823 2610 4892 episc0pus
2637 4822 2786 4874 dixit.
2841 4819 3150 4877 Catholicos
3176 4838 3235 4878 se
3265 4825 3384 4880 sine

1810 4911 2123 4981 praeiudicio
2168 4920 2351 4967 nostro
2379 4912 2615 4977 dixisse,
2659 4911 2743 4965 his
2785 4913 2920 4967 actis
2971 4914 3236 4984 signatum
3279 4927 3381 4972 est.

1811 5002 2044 5072 Hujusce
2072 5005 2148 5058 rei
2179 5018 2332 5058 serva
2362 5003 2686 5058 conﬁicrum.
2719 5001 2784 5056 Et
2814 5004 2918 5057 alia
2954 5021 3128 5060 manu.
3172 5008 3388 5062 Petilia-

1809 5109 1910 5152 nus
1941 5096 2224 5164 episc0pus
2268 5097 2414 5151 salva
2444 5095 2803 5166 appellatione
2833 5099 3139 5168 recognovi.
3174 5101 3389 5169 Alypius

1808 5187 2074 5256 episcopus
2104 5185 2346 5242 Ecclesia:
2389 5187 2650 5248 catholica:
2679 5186 2827 5240 dixit.
2864 5189 3016 5255 Quod
3061 5204 3390 5259 praeceperas

1809 5278 2086 5334 recitetur.
2104 5276 2172 5332 Et
2201 5279 2304 5333 alia
2343 5293 2512 5331 manu.
2539 5277 2864 5349 Recoguovi.
2885 5280 3167 5335 Pctilianus
3196 5283 3390 5349 episco-

1812 5369 2069 5438 pusdixit.
2093 5370 2246 5438 Apud
2263 5385 2357 5424 nos
2372 5380 2450 5424 est
2468 5371 2608 5423 enim
2623 5385 2747 5425 vera
2769 5374 3055 5438 catholica,
3074 5388 3190 5442 qutc
3210 5382 3390 5438 perse-

1810 5461 2077 5515 cutionem
2095 5463 2306 5530 patitur,
2325 5477 2426 5514 non
2441 5477 2557 5530 qua:
2575 5461 2718 5516 facit.
2742 5446 2809 5517 Et
2822 5466 2925 5518 alia
2941 5463 3282 5533 manu.296
3296 5463 3390 5518 Pe-

1814 5551 2026 5604 tilianus
2044 5549 2327 5620 episcopus
2347 5551 2654 5621 recognovi,
2677 5553 2827 5606 salvo
2840 5553 3212 5620 appellationis
3232 5552 3391 5606 elice-

136 5644 399 5726 judicium
445 5642 774 5725 postulavit;
819 5650 878 5710 ut
924 5657 1047 5719 cum
1089 5657 1276 5713 eorum
1330 5643 1714 5708 intentionibus
1813 5639 2170 5701 tu.Possidius
2217 5640 2485 5715 episcopus
2515 5640 2763 5702 Ecclesiae
2790 5642 3056 5700 cat/taliae
3083 5643 3232 5700 dixit.
3283 5644 3392 5706 lloc
