3860 6212
416 254 547 309 i357

1341 242 1566 298 GESTA
1606 238 2056 295 COLLATIONIS
2090 238 2704 295 (iAllTllAGINENF‘IS.

3558 235 3688 290 1568

420 362 657 434 probare
683 374 817 431 opus
843 367 947 427 est,
972 373 1078 415 non
1105 359 1331 429 jactare.
1382 355 1450 410 Et
1476 358 1578 411 alia
1609 371 1781 409 manu.
1834 354 2001 410 lleco-
2029 356 2077 416 Λ
2106 354 2457 426 populorum,
2483 356 2643 410 etiam
2671 364 2851 410 nostra
2879 352 3187 420 clementia,
3227 352 3373 407 sicut
3404 349 3684 417 desiderat,

416 458 596 525 gnovi.
954 466 959 474 ‘
1712 502 1715 503 ,

499 547 589 600 25.
639 543 979 616 Marcellinus
1025 543 1101 595 vir
1148 541 1465 595 clarissimus
1508 540 1738 595 tribunus
1769 548 1815 592 et
1857 546 2003 593 nota-

422 641 530 692 rius
573 638 726 691 dixit.
777 635 891 690 Hoc
930 644 1282 703 utrarumque
1314 633 1540 702 partium
1591 626 1871 686 cenﬂictus
1916 631 2000 684 in-

420 731 616 783 veniet.
664 728 733 782 Et
773 728 985 801 adjecit.
1043 726 1338 797 lmperialis
1368 727 1572 780 sanctio
1605 723 1817 779 interim
1865 723 2005 794 rele-

419 829 592 891 gatur.

489 911 580 966 24.
632 911 896 965 Martialis
947 920 1185 976 exceptor
1212 909 1458 963 recitavit.
1490 908 1846 976 Imperatores
1888 905 2004 961 Cte-

420 1017 568 1057 sarcs
612 1003 776 1057 Flavii
811 1002 1079 1057 lloiiorius
1108 1012 1164 1056 et
1187 1000 1527 1056 Theodosius
1551 996 1641 1068 pii,
1670 1000 1872 1066 felices,
1898 999 2005 1055 vico

420 1103 566 1149 tores
598 1110 659 1146 ac
685 1094 1118 1163 triumphatores,
1152 1107 1365 1160 semper
1387 1091 1629 1159 Augusti,
1658 1090 1841 1145 Flavio
1864 1090 2003 1146 Mar-

422 1187 621 1241 ctlliuo
644 1202 741 1241 suo
770 1188 1021 1241 salutem.
1044 1185 1114 1239 Et
1144 1202 1259 1239 tum
1290 1186 1541 1239 recitaret.

494 1277 585 1332 25.
643 1278 930 1331 Petilianus
978 1280 1243 1346 episcopus
1287 1276 1437 1330 dixit.
1494 1275 1708 1331 Terreri
1766 1289 1852 1331 nte
1906 1274 2009 1330 Im-

428 1380 642 1440 perator
699 1370 903 1433 voluit,
963 1384 1070 1423 non
1135 1368 1351 1433 occidi,
1410 1383 1514 1423 non
1575 1368 2009 1437 persecutionem

426 1460 574 1529 pati,
629 1476 731 1515 non
791 1460 1066 1529 pertrahi,
1115 1475 1222 1515 non
1272 1460 1511 1530 Spoliari.
1564 1459 1633 1513 Et
1674 1460 1783 1515 alia
1831 1476 2008 1513 manu.

428 1552 719 1607 Petilianus
757 1553 1044 1624 episcopus
1072 1555 1220 1608 salva
1246 1553 1609 1623 appellatione
1642 1563 1828 1608 nostra
1856 1566 2011 1607 reco-

425 1659 604 1715 gnovn.
1464 1666 1485 1671 η

2106 444 2338 500 celerius
2378 446 2887 515 possitagnoscere.
2914 442 3089 510 .Quod
3136 443 3181 497 si
3224 441 3368 497 intra
3403 442 3689 510 praestitum

2106 545 2320 607 tempus
2350 536 2588 591 studiose
2613 516 3008 615 Donatistarum
3036 535 3280 604 episcopi
3310 532 3689 589 declinaverint

2108 627 2424 692 convenire,
2468 629 2592 683 trini
2625 628 2785 683 edicti
2825 628 3198 684 evocationem
3230 626 3483 681 volumus
3513 636 3687 680 custo-

2104 720 2242 785 diri;
2273 721 2341 776 ita
2369 729 2425 775 ut
2444 722 2644 778 vicenis
2665 721 2852 778 diebus
2878 725 2929 776 in
2951 722 3273 780 evocatione
3297 721 3683 775 contumacium

2108 820 2345 881 tempora
2389 813 2776 868 concludantur
2808 831 2820 866 :
2854 814 3043 883 quibus
3073 813 3311 869 emensis
3333 821 3496 883 atque
3523 822 3688 867 trans-

2105 904 2258 965 actis.
2293 903 2338 956 si
2367 905 2639 973 provocati
2668 904 2856 960 adesse
2905 904 3350 974 contempserint,
3391 902 3547 958 cedat
3569 917 3685 958 cum

2109 994 2361 1051 Ecclesiis
2391 997 2617 1065 populus
2640 1038 2654 1062 ,
2691 998 2779 1067 qui
2822 995 3069 1052 doctores
3097 1010 3222 1051 suos
3250 996 3470 1050 silentio
3494 1009 3683 1064 cogno-

2108 1090 2266 1156 verit,
2315 1097 2619 1160 superatos,
2666 1098 2722 1145 et
2752 1089 2944 1145 victum
2973 1105 3033 1144 se
3060 1082 3352 1171 aliquando
3372 1086 3681 1158 gratuletur.

2111 1183 2353 1254 sciatque
2376 1184 2421 1237 si
2444 1199 2551 1237 non
2578 1184 2857 1253 praeceptis
2884 1184 3103 1248 nostris,
3134 1182 3222 1237 vel
3252 1174 3536 1236 catholicae
3564 1178 3685 1251 legis

2110 1275 2253 1331 veris
2280 1276 2523 1344 imperiis
2563 1275 2925 1330 serviendum.
2969 1275 3063 1330 Cui
3093 1273 3310 1344 quidem
3348 1270 3684 1343 disputationi

2113 1369 2355 1439 principe
2398 1369 2516 1423 loco
2556 1378 2607 1424 te
2643 1367 2879 1439 judicent
2923 1368 3170 1424 volumus
3217 1366 3457 1421 residere
3513 1364 3684 1436 (quid-

2112 1462 2243 1531 quid
2283 1463 2443 1517 etiam
2476 1471 2599 1515 ante
2644 1461 2698 1515 in
2738 1446 3001 1515 iiiandatis
3040 1458 3337 1529 acceperis,
3389 1456 3685 1529 plenissime

2116 1553 2456 1626 meministi);
2474 1569 2795 1625 omnemque
2823 1554 2902 1608 vel
2921 1556 2970 1607 in
2993 1550 3385 1621 congregandis
3406 1549 3685 1619 episcopis,

2116 1646 2202 1702 vel
2228 1647 2516 1702 evocandis
2542 1647 2587 1701 si
2617 1642 3281 1715 adessecontempserint,
3312 1656 3496 1698 curam
3529 1651 3578 1695 te
3606 1656 3689 1695 vo-

494 1734 585 1789 26.
638 1735 855 1805 Alypius
915 1735 1179 1805 episcopus
1233 1733 1481 1788 Ecclesia!
1530 1734 1793 1788 catholica:
1859 1734 2008 1788 dixit.

2130 1743 2296 1795 lumus
2325 1742 2613 1805 sustinere,
2642 1748 2698 1793 ut
2719 1752 2774 1794 et
2801 1753 2863 1794 ea
2884 1753 3001 1814 qua:
3030 1750 3155 1793 ante
3198 1735 3448 1791 mandata
3479 1744 3619 1799 sunt,
3642 1742 3690 1789 et

430 1826 583 1894 Quod
606 1827 833 1897 amplius
864 1836 967 1893 est,
999 1841 1097 1882 nec
1129 1826 1345 1881 territus
1371 1841 1450 1882 es.
1481 1824 1551 1880 Et
1574 1825 1681 1881 alia
1709 1842 1883 1881 manu.
1918 1826 2019 1883 Re?

430 1922 675 1990 cognovi

500 2012 591 2068 27.
625 2012 909 2068 Petilianus
933 2018 1197 2085 episwpus
1217 2014 1371 2069 dixit.
1395 2014 1647 2070 Laudasti
1662 2015 2015 2070 constantiam

430 2106 586 2159 bona:
633 2103 783 2170 ﬁdei,
829 2113 881 2158 et
928 2120 1071 2161 verae
1117 2104 1397 2159 catholicae
1441 2105 1761 2173 disciplinas.
1803 2103 1871 2157 Et
1914 2105 2019 2159 alia

434 2178 614 2249 manu.
645 2194 1294 2265 (Petilianus’episcopus)
1319 2194 1468 2250 salva
1496 2195 1855 2266 appellatione
1877 2210 2022 2251 reco-

342 2310 345 2315 ·
435 2287 615 2357 guovi.

508 2377 598 2432 28.
623 2378 838 2449 Alypius
867 2378 1142 2450 episcopus
1168 2376 1417 2433 Ecclesia:
1446 2379 1709 2457 catholica;
1730 2380 1879 2434 dixit.
1910 2378 2021 2436 Nec

436 2474 654 2529 territus
682 2489 762 2539 es,
794 2482 853 2527 ut
874 2472 1078 2528 dictum
1099 2482 1203 2539 est,
1229 2489 1328 2529 nec
1349 2473 1592 2528 timuisti.
1618 2472 1686 2528 Et
1715 2475 1819 2528 alia
1843 2490 2016 2530 manu.

439 2567 766 2638 Recognovi.

505 2660 596 2714 29.
632 2658 892 2714 Martialis
936 2669 1175 2730 exceptor
1216 2660 1368 2715 dixit.
1418 2661 1559 2715 Inter
1598 2660 1807 2731 imperii
1853 2660 2021 2723 nostri

438 2750 707 2805 maximas
732 2764 913 2818 curas,
936 2751 1217 2807 catholicae
1247 2751 1379 2821 legis
1405 2750 1704 2807 reverentia
1729 2758 1822 2805 aut
1852 2750 2023 2820 prima

437 2857 653 2912 semper
677 2851 769 2897 aut
786 2841 899 2897 sola
917 2854 1019 2897 est.
1041 2841 1225 2913 Neque
1249 2842 1393 2897 enim
1421 2841 1565 2897 aliud
1596 2850 1688 2896 aut
1713 2840 1841 2897 belli
1871 2841 2021 2896 labo-

439 2936 589 2991 ribus
615 2936 841 3005 agimus,
891 2946 985 2989 aut
1026 2936 1169 3004 pacis
1196 2934 1436 2990 consiliis
1464 2934 1796 2998 ordinamus,
1829 2933 1930 2987 nisi
1968 2941 2026 2987 ut

439 3041 628 3082 verum
670 3026 763 3081 Dei
803 3026 1007 3080 cultum
1038 3025 1185 3080 orbis
1213 3026 1379 3081 nostri
1425 3025 1578 3095 plebs
1614 3025 1808 3080 devota
1849 3034 2026 3080 custo—

2119 1850 2239 1903 qna:
2271 1849 2425 1887 nuch
2453 1840 2648 1888 statuta
2682 1832 2961 1903 cognoscis
2981 1872 2996 1897 ,
3026 1832 3246 1901 probata
3280 1828 3456 1899 possis
3485 1827 3689 1897 implere

2121 1926 2379 1988 solertia;
2411 1924 2463 1979 id
2506 1933 2630 1980 ante
2654 1924 2833 1979 omnia
2860 1932 3189 1987 servaturus,
3233 1930 3294 1975 ut
3328 1936 3393 1976 ea
3424 1935 3543 1988 qua:
3566 1919 3690 1973 circa

2122 2004 2443 2072 catholicam
2472 2017 2643 2086 legem
2687 2015 2771 2070 vel
2812 2015 2941 2070 olim
2971 2013 3241 2070 ordinavit
3268 2010 3593 2083 antiquitas,
3619 2011 3693 2066 vel
3746 2065 3757 2074 ,

2126 2117 2410 2177 parentum
2456 2115 2763 2162 nostrorum
2792 2106 3080 2161 auctoritas
3106 2105 3361 2177 religiosa
3409 2102 3690 2167 constituit,

2122 2202 2204 2255 vel
2235 2209 2418 2256 nostra
2462 2199 2726 2267 serenitas
2770 2199 3062 2265 roboravit,
3110 2198 3325 2253 novella
3366 2194 3692 2265 subreptione

2123 2292 2393 2358 submota,
2424 2292 2628 2362 integra
2657 2300 2715 2346 et
2757 2291 3008 2347 inviolata
3033 2278 3326 2345 cuStodias.
3362 2288 3439 2345 Ut
3460 2302 3587 2342 sane
3612 2286 3693 2342 ad-

2123 2383 2375 2439 minicula
2398 2384 2756 2454 competentia
2778 2383 2984 2439 actibus
3003 2382 3108 2438 tuis
3127 2381 3322 2439 deesse
3346 2396 3454 2436 non
3479 2380 3685 2451 possint,

2074 2538 2087 2547 ,
2128 2476 2268 2531 viros
2294 2475 2617 2546 spectabiles
2665 2477 3035 2546 proconsulem
3076 2482 3239 2543 atque
3267 2473 3527 2529 vicarium
3567 2487 3693 2527 sere-

2124 2569 2268 2624 nitas
2311 2577 2495 2623 nostra
2522 2568 2876 2635 commonuit,
2922 2577 2979 2622 ut
3017 2568 3061 2621 si
3110 2566 3457 2637 propriarum
3496 2563 3693 2633 dignita-

2126 2670 2237 2716 tum
2270 2670 2466 2715 statum
2502 2661 2724 2730 cupiunt
2750 2661 2985 2716 retinere
3010 2699 3025 2724 ,
3066 2660 3110 2714 si
3141 2658 3532 2729 apparitionem
3560 2671 3691 2710 suam

2126 2762 2365 2809 extrema
2388 2754 2664 2808 declinare
2704 2752 2987 2822 supplicia,
3020 2760 3124 2805 tam
3156 2766 3222 2804 ex
3267 2748 3499 2820 propriis
3521 2747 3690 2804 ofﬁciis

2128 2859 2285 2914 quam
2318 2860 2381 2899 ex
2409 2844 2648 2898 omnium
2675 2842 2914 2913 judicurn
2938 2840 3270 2912 apparitione
3292 2841 3505 2895 abunde
3526 2853 3689 2895 neces-

2128 2936 2304 2992 sarios
2333 2935 2531 2990 faciant
2549 2934 2813 3006 deputari.
2849 2934 2962 2988 Erit
2988 2933 3096 3003 jam
3119 2932 3498 2988 sollicitudinis
3516 2940 3629 2997 tute,
3650 2928 3689 2985 si

2129 3030 2256 3100 quid
2288 3030 2390 3085 ulla
2416 3028 2733 3100 cognoveris
2760 3036 2875 3083 arte
2898 3026 3125 3089 dill'erri,
3156 3026 3340 3081 missis
3370 3022 3692 3079 relationibus

438 3117 583 3185 diat;
614 3118 851 3173 utetiam
876 3118 1181 3173 Donatistas
1207 3117 1293 3171 vel
1318 3127 1523 3172 terrore
1552 3116 1635 3172 vel
1663 3117 1867 3172 monitu
1899 3116 2025 3172 olim
2052 3124 2097 3187 ρ
2130 3120 2401 3187 indicare,
2457 3129 2516 3174 ut
2576 3119 2907 3190 negligentes
2959 3117 3147 3189 puniat
3200 3116 3364 3184 digna
3422 3116 3689 3183 correptio.

438 3212 549 3279 jam
578 3209 802 3277 implere
830 3217 1199 3275 convenerat;
1222 3209 1313 3279 qui
1348 3208 1602 3277 Africam,
1635 3209 1737 3264 hoc
1762 3218 1847 3265 est
1872 3210 2023 3279 regni

441 3304 611 3357 nostri
643 3303 927 3356 maximam
954 3312 1185 3372 partem,
1206 3311 1259 3356 et
1284 3303 1635 3357 saecularibus
1664 3303 1857 3358 ofﬁciis
1895 3303 2026 3358 lide-

438 3393 562 3448 liter
591 3393 935 3460 servientem,
986 3406 1123 3447 vano
1155 3407 1342 3447 errore
1385 3402 1439 3447 et
1466 3392 1803 3447 dissensione
1842 3406 2025 3463 super-

441 3482 547 3538 ﬂua
590 3483 921 3538 decolorant.
972 3483 1080 3538 Nos
1114 3492 1290 3538 tamen
1317 3482 1505 3539 eadem
1549 3482 1877 3554 frequentius
1919 3498 2027 3539 non

446 3576 591 3645 piget
619 3576 889 3645 explicare
909 3590 1029 3645 qua:
1050 3576 1291 3631 omnium
1317 3584 1465 3631 retro
1488 3575 1791 3647 Principum
1835 3575 2027 3631 devota

447 3668 500 3721 in
531 3667 696 3722 Deum
724 3667 967 3722 deﬁnivit
992 3668 1282 3723 auctoritas
1304 3710 1318 3732 ,
1350 3683 1417 3723 ne
1448 3667 1780 3737 temporibus
1807 3669 2026 3735 nostris,

447 3760 495 3814 si
520 3760 645 3829 quid
690 3761 826 3815 forte
853 3761 903 3815 in
937 3761 1188 3831 injuriam
1218 3760 1349 3831 legis
1374 3760 1653 3816 catholica:
1682 3760 1845 3816 fuerit
1868 3777 2026 3833 gene-

444 3862 640 3919 ratum,
670 3853 815 3921 justo
839 3851 1043 3920 judicio
1065 3851 1166 3907 hoc
1192 3851 1347 3906 nobis
1370 3852 1540 3921 possit
1560 3852 1822 3921 imputare
1851 3864 2030 3921 poste—

442 3941 592 3995 ritas.
639 3941 746 3997 Nec
792 3956 926 3997 sane
956 3942 1086 3995 latet
1134 3941 1517 3997 conscientiam
1567 3952 1805 3996 nostram
1850 3956 2029 3996 sermo

444 4032 683 4088 cmlestis
728 4034 965 4098 oraculi,
1014 4048 1171 4102 quem
1217 4034 1386 4107 errori
1440 4047 1538 4087 suo
1569 4047 1726 4102 posse
1770 4035 2031 4101 prolicere

448 4139 620 4179 scaeva
668 4124 1066 4179 Donatistarum
1120 4126 1492 4195 interpretatio
1544 4126 1824 4195 proﬁtetur
1872 4144 1885 4178 :
1937 4126 2029 4196 qui

446 4217 689 4288 quamvis
738 4217 1057 4285 depravatos
1083 4217 1290 4271 animos
1317 4218 1383 4272 ad
1425 4218 1815 4273 correctionem
1848 4219 2030 4275 mitius

445 4309 715 4371 invitaret,
746 4307 950 4362 aboleri
991 4323 1113 4362 eum
1142 4316 1320 4362 tamen
1360 4317 1485 4365 ante
1515 4310 1789 4379 iussimus,
1820 4325 1889 4366 ne
1926 4326 2029 4379 qua

446 4398 917 4469 superstitionibus
958 4405 1303 4467 praestaretur
1346 4400 1576 4453 occasio.
1629 4399 1780 4454 Nunc
1816 4398 2030 4473 quoque

2127 3212 2318 3267 Omnia
2359 3224 2489 3265 sane
2514 3223 2635 3279 quae
2673 3209 2756 3263 vel
2788 3209 2841 3262 in
2884 3222 3043 3263 unum
3075 3206 3343 3276 episcopis
3380 3205 3691 3276 congregatis

2128 3302 2419 3373 disputatio
2476 3301 2744 3371 completa
2794 3300 3125 3365 limaverit,
3192 3298 3279 3354 vel
3334 3297 3691 3354 desistentibus

2130 3395 2266 3450 forte
2292 3394 2542 3449 statuerit
2563 3393 2705 3448 circa
2723 3400 3067 3447 contumaces
3086 3391 3193 3446 lata
3223 3391 3516 3456 sententia,
3544 3400 3591 3444 te
3614 3404 3689 3444 re-

2131 3486 2273 3542 ferre
2316 3485 2621 3552 conveniet,
2653 3495 2711 3540 ut
2748 3482 2897 3554 quod
2937 3482 3003 3538 ad
3051 3483 3472 3537 conﬁrmandam
3518 3480 3692 3536 Catho-

2133 3578 2291 3634 licam
2343 3578 2499 3634 ﬁdem
2552 3577 2837 3648 praeceptio
2884 3585 3064 3631 nostra
3110 3572 3436 3643 profecerit,
3487 3574 3689 3629 celerius

2130 3668 2400 3741 possimus
2425 3682 2735 3739 agnoscere.
2786 3666 2855 3722 Et
2882 3667 3053 3721 divina
3099 3682 3276 3720 manu.
3310 3664 3467 3731 Vale,
3492 3664 3688 3720 Marcel-

2133 3762 2262 3827 line,
2285 3760 2605 3817 cbarissime
2623 3760 2798 3816 nobis.
2817 3761 3003 3818 Datum
3026 3759 3199 3831 pridie
3220 3758 3341 3815 idus
3353 3756 3688 3827 Octobrisita-

2132 3869 2340 3910 vennte.

2203 3946 2290 4001 50.
2315 3944 2628 3999 -Petilianus
2656 3945 2928 4014 episcopus
2953 3944 3103 3999 dixit.
3154 3942 3462 3998 Donatistas
3491 3956 3582 3997 nos
3603 3955 3682 4009 ap-

2135 4035 2417 4106 pellandos
2437 4050 2558 4091 esse
2578 4034 2824 4098 credunt,
2847 4050 2969 4090 cum
2997 4036 3041 4089 si
3068 4036 3347 4091 nominum
3374 4044 3683 4106 paternorum

2132 4129 2271 4184 ratio
2316 4127 2563 4191 vertitur,
2623 4138 2677 4183 et
2706 4143 2805 4198 ego
2854 4141 2948 4182 eos
2976 4126 3159 4182 dicere
3185 4141 3403 4196 possum
3424 4168 3441 4192 ,
3473 4127 3575 4181 imo
3610 4138 3684 4194 pa-

2134 4220 2239 4275 lam
2280 4228 2572 4290 aperteque
2604 4217 2827 4289 designo
2879 4217 3229 4272 Menam-istas
3276 4226 3331 4272 et
3374 4216 3672 4271 Caecilianis-

2134 4322 2213 4367 tas
2236 4326 2378 4378 esse,
2409 4312 2627 4367 eosdem
2672 4312 2958 4366 traditores
2986 4319 3041 4366 et
3070 4296 3449 4381 persecutores
3478 4317 3678 4363 nostros.

2135 4405 2203 4460 Et
2232 4406 2339 4461 alia
2383 4423 2556 4460 manu.
2607 4404 2901 4460 Petilianus
2941 4402 3224 4472 episcopus
3264 4401 3549 4473 recognovi
3586 4400 3682 4455 sine

446 4491 836 4549 excludendam
865 4489 1267 4559 subreptionem
1321 4489 1481 4543 simili
1509 4492 1825 4546 auctoritate
1844 4507 2032 4547 cense-
2056 4500 2108 4559 Β
2137 4497 2449 4567 prtejudicio
2475 4494 2851 4567 appellationis
2879 4506 3102 4550 nostrae.

446 4602 594 4649 mus;
624 4586 862 4655 illudque
889 4584 1083 4639 merito
1105 4582 1421 4653 proﬁtemur
1456 4582 1685 4637 libenter
1706 4600 1803 4637 nos
1828 4601 1888 4640 ea
1912 4601 2032 4656 quae

447 4686 646 4734 statuta
669 4677 878 4732 fuerant
903 4675 1250 4739 submovere,
1278 4689 1346 4748 ne
1377 4673 1430 4727 in
1456 4672 1693 4727 divinum
1716 4675 1913 4728 cultum
1936 4690 2031 4730 no-

446 4768 529 4824 bis
573 4785 630 4823 se
670 4773 952 4839 quisquam
994 4765 1303 4820 auctoribus
1333 4764 1563 4818 aestimet
1604 4778 1761 4832 posse
1788 4779 2029 4833 peccare.

445 4863 509 4917 Et
532 4861 775 4930 quamvis
803 4877 906 4915 una
954 4861 1021 4914 sit
1047 4858 1286 4915 omnium
1332 4868 1387 4912 et
1424 4856 1703 4911 manifesta
1744 4860 2030 4923 sententia,

447 4954 725 5011 catholicm
773 4954 906 5023 legis
956 4954 1168 5023 plenam
1213 4952 1499 5007 veritatem
1561 4960 1710 5004 recto
1758 4948 2030 5004 hominum

442 5050 589 5104 cultu
616 5056 671 5103 et
690 5047 899 5103 cmlesti
923 5047 1185 5101 sententia
1209 5044 1633 5112 comprobatam,
1660 5042 1835 5097 studio
1852 5053 2031 5097 tamen

448 5140 595 5209 pacis
620 5138 673 5194 et
701 5138 906 5209 gratiae,
940 5136 1326 5192 venerabilinm
1355 5135 1593 5189 virorum
1643 5133 2029 5203 EpiscOporum

447 5231 766 5301 legationem
795 5231 1024 5285 libenter
1069 5226 1409 5288 admisimus.
1440 5241 1557 5294 qua:
1580 5226 1892 5295 congregari
1924 5225 2027 5280 Do-

446 5325 669 5377 natistas
692 5324 975 5392 episcOpos
1016 5321 1082 5376 ad
1132 5329 1330 5377 emtum
1362 5320 1729 5375 celeberrima:
1756 5319 2030 5375 desiderat

447 5414 691 5476 civitatis,
721 5426 778 5469 ut
807 5415 958 5468 lectis
987 5415 1146 5467 etiam
1177 5411 1550 5467 sacerdotibus
1580 5426 1713 5481 quos
1741 5426 1865 5480 pars
1886 5420 2031 5465 utra-

448 5518 549 5570 que
570 5504 846 5574 delegcril,
875 5504 1066 5558 habitis
1090 5503 1563 5574 disputationibus,
1594 5503 2027 5571 Superstitionem

450 5593 586 5645 ratio
632 5596 911 5650 manifesta
948 5599 1208 5650 confutet.
1255 5595 1424 5661 Quam
1474 5610 1587 5649 rem
1637 5593 1773 5648 intra
1803 5602 2031 5665 quatuor

450 5698 661 5743 menses
702 5689 1045 5760 prazcipimus
1069 5689 1349 5758 explicari,
1399 5697 1456 5743 ut
1498 5702 1790 5745 conversos
1818 5690 2029 5747 animos

2204 4589 2292 4645 ⁸51.
2346 4588 2639 4642 Vincentius
2684 4587 2951 4659 episcapus
2991 4584 3240 4641 Ecclesite
3271 4584 3536 4640 catholica
3556 4582 3679 4638 dixit.

2136 4681 2201 4737 Et
2253 4681 2358 4737 hoc
2401 4696 2619 4737 recusas
2657 4681 2799 4754 quod
2844 4681 2897 4735 iu
2945 4678 3323 4750 pra-lectorum
3366 4677 3559 4748 judicio
3604 4689 3683 4747 pro

2137 4784 2261 4828 voto
2320 4775 2637 4844 complexus
2680 4775 2778 4830 es?
2828 4773 2892 4828 Et
2923 4775 3027 4828 alia
3054 4789 3227 4831 manu.
3258 4769 3574 4842 Recognovi.

2208 4866 2298 4921 '52.
2329 4864 2610 4919 Petilianus
2635 4867 2898 4937 episcopus
2919 4867 3069 4920 dixit.
3096 4864 3208 4920 Nec
3229 4881 3373 4921 nunc
3400 4864 3568 4921 abnuo
3585 4874 3681 4917 esse

2135 4954 2267 5009 mihi
2297 4955 2593 5023 principem
2637 4970 2699 5009 ac
2721 4955 2885 5011 fuisse
2916 4957 3238 5012 beatissime
3268 4966 3567 5027 mucusque
3592 4966 3682 5009 me-

2136 5044 2322 5100 moriae
2349 5044 2614 5099 Donatum
2662 5045 2819 5115 hujus
2850 5047 3081 5102 civitatis
3122 5053 3460 5119 episcopum,
3491 5048 3681 5120 ejusque

2135 5146 2279 5193 tanta
2310 5140 2497 5193 merita
2527 5137 2791 5203 ﬂoruisse,
2823 5148 2881 5192 ut
2910 5148 2965 5193 et
3012 5141 3158 5193 illius
3204 5142 3464 5213 temporis
3488 5141 3681 5213 gloriam

2137 5239 2376 5287 vetustas
2428 5232 2561 5300 ipsa.
2587 5228 2787 5283 Etcum
2810 5229 2998 5283 diceret
3022 5245 3042 5293 ;
3068 5228 3162 5301 (Et
3183 5231 3289 5285 alia
3304 5249 3480 5286 vitane.
3502 5231 3681 5286 Petilia-

2138 5338 2238 5378 nus
2291 5324 2576 5393 episcopus
2622 5321 2950 5392 recognovi,
3022 5324 3172 5378 salvo
3218 5323 3578 5393 appellationis
3615 5320 3678 5378 ei-

2134 5413 2324 5486 fectu.)

2206 5506 2294 5559 53.
2352 5506 2568 5577 Alypius
2625 5504 2894 5574 episcopus
2951 5503 3198 5561 Ecclesia
3242 5505 3504 5561 catholica:
3550 5503 3668 5559 dixit.

2139 5597 2400 5651 Damnem
2453 5611 2649 5650 nninen
2692 5595 2914 5663 Donati,
2961 5608 3034 5652 et
3063 5596 3317 5667 deinceps
3370 5611 3473 5652 non
3523 5591 3669 5665 appel-

2136 5690 2367 5748 labimus
2393 5688 2512 5745 illos
2541 5689 2872 5747 Donatistae.
2918 5685 2987 5745 Et
3014 5688 3120 5744 alia
3159 5704 3337 5745 manu.
3376 5682 3662 5756 Recogitant
