3860 6212
220 278 247 333 ί
262 276 371 333 569

1148 277 1370 336 GESTA
1410 275 1857 336 COLLA'I'IONIS
1890 279 2509 340 CARTHAGINENSIS.

3298 304 3303 307 '
3350 276 3486 340 1570

301 393 392 445 54,
450 389 751 447 Petilliimus
814 392 1081 463 episcopus
1134 391 1285 445 dixit.
1358 391 1555 445 Damna
1611 405 1807 446 nomen
1835 396 1883 456 Α
1912 392 2060 447 dixit.
2086 392 2166 448 Ad
2193 408 2407 461 mtirtem
2436 392 3169 451 conlirmationcmsnflicere
3199 407 3359 465 posse
3383 411 3486 451 non

218 481 484 542 Mensurii
529 493 585 540 et
628 486 938 550 Caeciliani,
991 494 1045 540 et
1082 498 1184 539 non
1231 484 1430 540 diceris
1472 482 1809 554 (Mensurista

216 580 431 651 neque)
469 579 847 635 Cmcilianista.
891 578 960 633 Et
986 580 1093 633 alia
1131 594 1306 632 manu.
1363 576 1656 632 Petilianus
1691 576 1808 646 epi-

224 687 434 743 scopus
479 670 763 742 recognovi
806 671 923 725 sine
948 667 1261 741 praeiudicio
1286 667 1656 739 appellationis
1688 681 1812 723 nos-

220 773 347 821 πω.
1012 812 1020 824 .

230 866 231 869 ‘
304 858 395 914 55.
457 856 673 930 Alypius
715 856 985 926 episcopus
1040 853 1285 909 Ecclesitz
1334 854 1597 908 catholica:
1659 853 1807 908 dixit.

223 949 525 1007 Fecienirn
554 948 877 1004 mentionem
901 946 1190 1003 Mensurii‘l
1218 943 1287 999 Et
1307 944 1413 999 alia
1437 960 1613 998 manu.
1640 943 1816 1000 Reco-

223 1041 419 1113 gnovi.

303 1132 398 1191 36.
432 1132 769 1188 Marcellinus
807 1132 882 1187 vir
905 1131 1218 1188 clarissimus
1246 1130 1475 1184 tribunus
1513 1137 1562 1183 et
1589 1128 1819 1184 notarius

226 1225 384 1280 dixit.
428 1226 552 1280 Haec
582 1224 759 1279 omnia
809 1224 1047 1295 utrisque
1085 1222 1323 1293 partibus
1350 1221 1497 1276 salva
1530 1231 1707 1275 erunt.
1747 1217 1819 1273 Et

228 1319 445 1391 adjecit.
500 1316 791 1373 Evidenter
839 1316 1083 1388 apparuit
1127 1314 1394 1385 episcopis
1426 1311 1819 1383 postulantibus

232 1409 657 1481 disputationem
699 1408 729 1463 ὲ
772 1407 1079 1463 venerando
1111 1407 1352 1477 principe
1383 1420 1467 1461 me
1488 1404 1820 1472 disceptante

188 1540 191 1541 ν
228 1500 402 1557 fuisse
426 1500 756 1566 mandatam,
782 1508 839 1554 ut
875 1513 1035 1554 causa
1062 1498 1216 1569 primi
1242 1497 1561 1553 discutiatur
1597 1495 1817 1561 erroris,

229 1608 358 1664 quae
383 1593 495 1663 jam
529 1594 581 1648 in
611 1591 848 1647 medium
878 1590 1203 1662 proferatur.
1500 1604 1502 1607 '

306 1685 398 1740 57.
447 1683 707 1739 Emeritus
754 1685 1023 1754 episcopus
1053 1683 1204 1737 dixit.
1235 1680 1455 1737 Lectum
1488 1688 1570 1735 est
1594 1677 1824 1747 rescrip—

1913 488 2129 558 ambigo
2154 488 2526 543 universorum
2566 488 2992 560 subscriptiones
3009 530 3023 554 ,
3048 489 3329 559 superiore
3351 489 3494 559 judi-

1912 580 1997 635 cio
2024 580 2278 635 mandato
2303 581 2534 636 insertas
2554 590 2716 653 atque
2756 583 3014 654 digestas.
3044 570 3197 639 Unde
3241 584 3494 654 quoniam

1913 671 2153 726 omnium
2180 662 2477 728 consensus
2504 688 2797 742 expressus
2838 682 2957 743 cst,
2989 664 3183 730 amotis
3215 674 3497 746 superﬂuis

1914 760 2205 832 aliquando
2230 764 2503 834 negotium
2529 774 2880 834 proponatur.

1987 855 2079 909 45.
2112 854 2375 910 Emeritus
2399 857 2667 927 episcopus
2689 857 2839 912 dixit.
2872 857 2988 914 Duo
3011 866 3137 915 sunt
3166 858 3495 930 injudicium

1917 946 2079 1002 missa
2103 989 2118 1013 ,
2146 962 2175 1001 a
2221 948 2418 1018 quibus
2444 949 2644 1004 deviari
2676 950 2826 1005 nullo
2855 950 3014 1006 modo
3056 961 3267 1023 potest:
3295 966 3458 1007 unum
3480 992 3495 1019 ,

1917 1037 2063 1110 quod
2094 1039 2388 1095 secundum
2418 1042 2697 1111 imperiale
2722 1054 3093 1114 praeceptum:
3121 1043 3282 1098 alliud
3309 1087 3322 1109 ,
3356 1043 3499 1113 quod

1919 1135 2213 1190 secundum
2242 1135 2478 1191 mandati
2510 1146 2752 1192 tenorem
2782 1152 2941 1206 agere
2962 1153 3021 1192 se
3043 1138 3247 1207 judicio
3277 1138 3501 1193 demon-

1920 1235 2181 1282 strarunt.
2204 1225 2369 1296 Igitur
2396 1227 2441 1282 si
2470 1224 2692 1297 utraque
2721 1242 2965 1285 connexa
2995 1237 3149 1295 suntf,
3178 1228 3339 1284 debet
3369 1229 3499 1283 edo-

1924 1319 2035 1373 ceri
2068 1319 2149 1373 :si
2194 1327 2369 1374 autem
2404 1328 2650 1389 separata
2678 1329 2837 1391 atque
2875 1320 3117 1391 sejuncta
3157 1329 3317 1387 sunt,
3349 1320 3504 1375 nnins

1920 1424 2144 1466 necesse
2165 1419 2248 1465 est
2284 1400 2485 1467 faciant
2514 1412 2779 1482 jacturatn
2804 1454 2818 1478 ,
2860 1412 2950 1483 qui
2985 1422 3272 1483 utrumque
3317 1413 3508 1468 nolunt

1921 1502 1988 1557 ad
2023 1502 2393 1570 probationem
2416 1504 2467 1559 in
2498 1504 2757 1573 judicium
2785 1503 3339 1561 mittere.Convenire
3360 1506 3506 1560 enim

1923 1594 2087 1651 debet
2134 1609 2254 1651 cum
2312 1596 2575 1667 rescripto
2626 1595 2973 1662 mandatum,
3020 1606 3074 1651 et
3116 1597 3183 1651 ad
3214 1596 3502 1651 formulam

1924 1688 2107 1742 statuti
2140 1688 2430 1757 imperialis
2456 1688 2830 1742 mandatorum
2861 1687 3021 1743 debet
3043 1702 3235 1743 sensus
3259 1688 3503 1759 astringi.

230 1784 372 1832 tum.
404 1776 674 1847 Legantur
702 1783 759 1831 et
787 1789 997 1847 preces,
1032 1784 1088 1829 ut
1113 1787 1275 1829 causa
1314 1773 1482 1844 possit
1505 1770 1698 1826 audiri.
1754 1769 1824 1824 Et
1854 1791 1899 1851 Β
1927 1779 2080 1848 Quod
2134 1780 2178 1834 si
2228 1789 2480 1836 neutrum
2535 1796 2658 1837 esse
2700 1781 3019 1852 intelligitur
3049 1782 3361 1851 prasstantia
3388 1790 3474 1836 tua
3496 1823 3512 1847 ,

231 1870 343 1924 alia
364 1885 540 1923 manu.
564 1868 843 1939 ,Emeritus
862 1869 1147 1937 episcopus
1176 1865 1485 1937 recognovi.

314 1964 409 2021 38.
444 1948 1229 2033 Marcellinus.vinclarissimus
1260 1962 1489 2017 tribunus
1518 1974 1564 2016 et
1590 1963 1827 2017 notarius

236 2057 394 2112 dixit.
420 2056 675 2112 Pcritiam
698 2056 996 2112 sanctitatis
1021 2066 1213 2110 vestrae
1240 2054 1472 2109 arbitror
1503 2068 1607 2108 non
1635 2053 1825 2120 latere,

241 2148 595 2220 pragmaticis
617 2148 892 2218 rescriptis
917 2160 1105 2216 preces
1136 2146 1297 2200 inseri
1328 2160 1433 2200 non
1465 2146 1675 2212 solere;
1696 2161 1829 2216 quas

241 2240 467 2311 quidem
498 2240 566 2293 ab
592 2232 864 2308 episcopis
892 2237 983 2307 qui
1022 2238 1360 2293 collationem
1408 2238 1827 2307 postulaverant,

242 2332 407 2406 297
429 2332 567 2388 sicut
593 2331 831 2401 ejusdem
862 2330 1152 2386 sanctionis
1193 2340 1367 2386 textus
1392 2331 1661 2395 ostendit,
1708 2324 1831 2399 pro-

242 2424 479 2479 cessisse
509 2438 615 2478 non
644 2431 873 2479 constat.
908 2422 1060 2480 Unde
1091 2422 1307 2479 tandem
1352 2422 1643 2495 aliquando
1670 2439 1833 2495 nego-

241 2512 381 2568 tium
406 2522 746 2582 proponatur.
904 2503 916 2515 ’

316 2604 414 2660 ⁸59.
461 2603 719 2661 Emeritus
763 2606 1032 2678 episcopus
1068 2606 1220 2661 dixit.
1274 2607 1328 2663 Si
1376 2607 1704 2679 pragmatico
1750 2624 1834 2663 re“-

244 2700 454 2768 scripto
492 2713 684 2770 preces
721 2699 886 2756 inseri
936 2716 1041 2756 non
1071 2702 1249 2755 solere
1275 2701 1597 2769 praestantia:
1620 2710 1723 2754 tua:
1753 2700 1836 2754 in-

246 2789 615 2847 terlocutione
669 2792 938 2862 signatum
990 2801 1228 2851 est,eos
1280 2805 1418 2860 quos
1466 2792 1669 2862 legatos
1712 2806 1835 2848 esse

250 2882 545 2951 dixerunt,
574 2892 752 2939 utrum
793 2900 859 2939 ex
910 2886 1151 2940 omnium
1202 2885 1505 2951 voluntate,
1551 2894 1728 2940 utrum
1768 2901 1833 2941 ex

247 2976 525 3032 communi
567 2977 819 3033 mandato
870 2977 1244 3048 perrexerint,
1275 2978 1541 3047 doceant,
1575 2988 1634 3034 ut
1655 2980 1697 3033 si
1728 2995 1834 3036 non

245 3072 301 3127 in
353 3071 635 3141 precibus,
685 3080 837 3128 certe
880 3072 962 3127 vel
1014 3073 1066 3126 in
1109 3072 1299 3143 legatis
1330 3072 1501 3142 possit
1536 3080 1682 3127 stare
1713 3087 1838 3143 per-

1932 1886 2107 1939 neque
2129 1866 2435 1926 mora'toriis
2458 1886 2555 1926 nos
2579 1872 2719 1927 velle
2742 1887 2919 1941 agere,
2952 1888 3124 1942 neque
3153 1886 3253 1927 nos
3278 1887 3307 1926 a
3338 1886 3515 1928 causa:

1930 1963 2141 2018 actione
2188 1963 2518 2032 suspendere
2541 2004 2555 2029 ,
2579 1962 2674 2018 sed
2699 1963 3009 2017 constitutis
3041 1964 3287 2031 primitus
3327 1962 3515 2018 funda-

1932 2056 2127 2110 mentis
2161 2055 2586 2110 ecclesiasticum
2612 2054 2883 2126 negotium
2925 2055 3063 2109 velle
3093 2055 3319 2109 deﬁnire
3340 2096 3354 2121 ,
3388 2054 3515 2124 quid

1935 2156 2018 2202 est
2067 2147 2209 2218 quod
2257 2146 2415 2203 nobis
2444 2147 2510 2203 de
2555 2163 2701 2203 mora
2746 2148 3133 2217 prmscribitur,
3160 2157 3213 2202 et
3250 2156 3515 2217 tamquam

1932 2241 2337 2297 cavillatoribus
2360 2283 2375 2307 ,
2406 2250 2460 2296 et
2501 2256 2530 2295 a
2568 2242 2877 2311 cognitione
2915 2240 3300 2311 refugientibus
3322 2282 3337 2307 ,
3364 2242 3516 2311 quasi

1934 2348 2114 2387 moras
2136 2332 2394 2403 quasdam
2424 2348 2519 2403 per
2543 2347 2642 2388 nos
2665 2332 2866 2387 innecti
2902 2341 3229 2397 causautur;
3262 2348 3382 2386 cum
3413 2331 3518 2385 uti-

1932 2442 2066 2497 que,
2100 2427 2144 2481 si
2169 2426 2452 2481 advertant
2475 2468 2490 2489 ,
2522 2427 2692 2496 magis
2724 2425 2807 2480 his
2863 2425 2950 2494 qni
2982 2434 3283 2495 proponunt
3314 2424 3519 2478 incum—

1931 2517 2061 2573 bere
2083 2528 2174 2571 aut
2206 2516 2570 2571 necessarium
2595 2531 2717 2571 esse
2746 2516 2976 2571 dicimus
2996 2559 3009 2579 ,
3043 2526 3100 2570 ut
3126 2516 3375 2574 omnibus
3402 2529 3518 2571 mo-

1934 2609 2009 2664 ris
2038 2610 2326 2681 amputatis
2362 2609 2427 2663 ad
2472 2609 2668 2679 negotii
2722 2610 3073 2662 instrumenta
3104 2622 3391 2677 arcemque
3419 2622 3518 2663 ve-

1936 2701 2135 2769 stiatur,
2166 2710 2224 2757 ut
2251 2701 2568 2757 ostendatur
2598 2718 2663 2755 cx
2695 2700 2921 2755 adversa
2954 2708 3101 2768 parte
3130 2700 3253 2768 quis
3282 2698 3517 2769 petierit,

1936 2794 2384 2866 quemadmodum
2433 2795 2678 2865 petierit,
2710 2794 2792 2847 vel
2845 2792 2972 2863 quid
3028 2791 3279 2863 petierit;
3312 2802 3367 2845 ut
3395 2806 3516 2845 cum

1936 2889 2004 2945 de
2051 2889 2301 2944 mandato
2340 2889 2425 2943 vel
2469 2887 2536 2943 de
2574 2888 2839 2957 rescripto
2872 2897 3097 2955 utraque
3129 2882 3517 2939 concordantia

1938 2980 2250 3048 complexus
2278 2981 2428 3035 fuero
2452 3021 2467 3046 ,
2495 2990 2547 3034 et
2567 2994 2630 3034 ea
2648 2994 2771 3049 quae
2797 2978 2847 3032 in
2884 2976 3145 3046 rescripto
3172 2987 3295 3030 sunt
3327 2975 3523 3042 contir-

1938 3081 2079 3127 mata
2105 3113 2121 3140 ,
2150 3084 2204 3127 et
2232 3087 2293 3129 ea
2318 3087 2437 3142 qua:
2466 3087 2532 3127 ex
2556 3071 2793 3142 ipsorum
2826 3070 3083 3138 petitione
3106 3078 3352 3136 suggesta
3376 3075 3521 3131 sunt,

246 3182 405 3223 soua.
434 3166 496 3222 Et
525 3168 630 3222 alia
659 3185 831 3223 manu.
862 3167 1137 3224 Emeritos
1162 3169 1444 3239 episcopus
1489 3170 1780 3238 recognovi
1814 3212 1828 3239 ,
1860 3170 1905 3234 (ς
1937 3163 2144 3233 possint
2184 3162 2402 3231 judiciis
2433 3160 2739 3231 approbari.
2788 3159 2851 3213 Et
2903 3160 3009 3212 alia
3044 3174 3219 3211 manu.
3256 3156 3521 3211 Emeritus

242 3260 368 3315 sine
393 3260 706 3331 pra-judicio
731 3260 1107 3331 appellationis
1129 3275 1283 3314 meas.
1430 3266 1443 3326 ζ

320 3354 411 3410 40.
438 3354 756 3423 Augustinus
796 3355 1069 3426 episcOpus
1117 3355 1364 3411 Ecclesia:
1390 3355 1657 3410 catholica:
1679 3355 1830 3409 dixit.

241 3444 504 3504 Advertat
552 3445 805 3501 nobilitas
853 3456 943 3499 tua
964 3455 1163 3517 quanta
1198 3456 1427 3517 aguntur
1458 3453 1515 3500 ut
1544 3446 1675 3501 nihil
1701 3462 1831 3517 aga-

245 3548 355 3593 tur.
409 3537 471 3591 Et
512 3537 618 3592 alia
666 3554 843 3593 manu.
875 3539 1201 3609 Recognovi.
1236 3538 1516 3594 Montanus
1562 3541 1832 3612 episcopus

245 3630 402 3686 dixit.
457 3630 657 3686 Ordine
703 3632 911 3703 integro
934 3646 1094 3686 causa
1129 3632 1430 3701 peragenda
1476 3642 1579 3687 est.
1633 3630 1701 3685 Et
1727 3632 1833 3686 alia

245 3738 430 3779 manu.
457 3722 737 3778 Montanus
758 3724 1043 3793 episcopus
1070 3723 1375 3791 recognovi,
1401 3724 1544 3777 salva
1570 3737 1832 3791 provoca-

245 3815 420 3871 tione.
1014 3862 1021 3866 _

319 3905 412 3960 41.
441 3906 762 3977 Augustinus
788 3905 1052 3976 episcopus
1076 3903 1323 3959 Ecclesiu'
1369 3905 1633 3960 catholicw
1679 3904 1830 3962 dixit.

245 3997 555 4053 Prtesentes
597 4005 763 4062 sunt,
802 3996 1015 4066 utrique
1061 3996 1416 4051 convenimus
1458 4015 1472 4051 :
1540 3997 1691 4052 locus
1732 3998 1835 4055 iste

244 4088 517 4160 episcOpis
546 4102 684 4158 pene
704 4086 935 4143 refertus
981 4097 1103 4155 est,
1129 4089 1379 4143 mandata
1412 4088 1634 4145 recitata
1673 4099 1835 4159 atque

246 4184 459 4237 firmata
489 4189 639 4248 sunt;
675 4196 783 4235 non
828 4190 1054 4251 negatur
1081 4194 1109 4234 a
1143 4179 1380 4249 partibus
1409 4180 1607 4237 nostris
1640 4193 1829 4250 postue

246 4276 412 4331 latam
438 4288 562 4330 esse
600 4273 942 4329 collationem
963 4316 977 4339 ,
1021 4283 1079 4329 ut
1108 4272 1165 4327 in
1198 4289 1261 4329 ea
1290 4274 1579 4329 collatione
1616 4274 1831 4329 tandem

244 4367 540 4438 aliquando
581 4369 667 4423 vel
738 4367 965 4436 probent
1009 4367 1091 4422 vel
1154 4367 1380 4436 probare
1436 4384 1542 4422 non
1596 4367 1835 4437 potuisse

247 4469 640 4523 nionstrentur,
668 4474 789 4529 quas
830 4459 1005 4513 solent
1033 4457 1152 4511 non
1178 4457 1333 4513 nobis
1361 4499 1375 4524 ,
1409 4474 1514 4511 non
1545 4460 1833 4529 unicuique

1933 3259 2223 3328 episcopus
2257 3255 2575 3326 recognovi.

2005 3358 2098 3413 Η.
2129 3359 2453 3429 Augustinus
2476 3356 2747 3429 episcopus
2782 3354 3027 3409 Ecclesia:
3069 3353 3335 3407 catholica:
3371 3351 3519 3405 dixit.

1933 3450 2063 3505 'l‘uze
2134 3461 2257 3505 sunt
2324 3459 2522 3519 partes,
2589 3448 2667 3500 vir
2700 3446 2916 3500 nobilis.
2991 3446 3045 3500 Si
3113 3446 3392 3511 respondit
3444 3443 3511 3497 ad

1935 3556 1998 3598 ea
2040 3556 2161 3612 qua:
2210 3540 2442 3595 diximus
2467 3580 2481 3602 ,
2514 3550 2648 3605 opus
2672 3548 2752 3590 εει
2779 3545 2833 3587 ut
2866 3535 3310 3603 respondeamus.
3340 3536 3397 3587 Si
3426 3549 3525 3588 au-

1937 3645 2042 3690 tem
2095 3633 2334 3703 pervidet
2363 3629 2667 3699 praestantia
2702 3637 2789 3680 tua
2820 3624 2950 3679 nihil
2996 3640 3117 3678 eum
3174 3624 3520 3693 respondisse

1934 3726 2001 3780 ad
2050 3725 2102 3780 id
2120 3723 2271 3794 quod
2298 3723 2442 3791 juste
2505 3721 2836 3788 ﬂagitamus,
2878 3717 2970 3772 sed
3015 3717 3181 3770 moris
3230 3715 3521 3786 super-fluis

1934 3817 2069 3871 alias
2112 3828 2289 3869 moras
2320 3811 2617 3881 superﬂuas
2644 3808 2939 3874 addidisse,
2985 3808 3165 3878 judica
3199 3819 3256 3863 ut
3282 3806 3515 3863 videtur.

1939 3907 2005 3962 Et
2025 3907 2128 3961 alia
2156 3921 2332 3959 manu.
2357 3902 2685 3973 Recognovi.

2008 3997 2100 4052 45.
2133 3994 2465 4051 Marcellinus
2494 3996 2572 4049 vir
2601 3990 2917 4048 clarissimus
2945 3992 3176 4047 tribunus
3219 4002 3267 4046 et
3292 3994 3521 4047 notarius

1938 4092 2087 4145 dixit.
2119 4092 2334 4144 Certum
2363 4088 2687 4158 cognitionis
2715 4095 2958 4141 tenorem
3000 4086 3279 4156 principali
3308 4096 3522 4141 constat

1937 4185 2257 4236 auctoritate
2294 4178 2594 4234 definitum.
2628 4177 2740 4232 Hoc
2786 4179 2931 4232 enim
2962 4178 3175 4231 relecto:
3225 4178 3522 4231 sanctionis

1938 4273 2107 4328 series
2131 4272 2521 4327 demonstravit
2566 4280 2644 4333 ut,
2704 4269 3014 4323 convocatis
3063 4268 3329 4337 episcopis
3361 4276 3522 4336 atque

1941 4364 2185 4434 partibus
2234 4362 2494 4427 delectis,
2543 4360 3019 4433 superstitionem,
3063 4369 3118 4412 ut
3170 4359 3335 4429 ipsius
3389 4358 3520 4429 legis

1938 4458 2120 4512 verbis
2154 4442 2363 4527 loquar,
2397 4456 2533 4510 ratio
2561 4454 2845 4509 manifesta
2869 4452 3127 4508 confutet.
3150 4450 3315 4506 Unde
3336 4450 3523 4520 digna-

247 4561 526 4617 nostrum,
554 4550 648 4607 sed
677 4552 928 4605 universo
956 4550 1073 4605 orbi
1113 4549 1407 4606 christiano
1446 4552 1683 4623 objicere
1724 4556 1831 4608 cri-
1863 4549 1914 4615 D
1943 4550 2086 4606 bitur
2110 4550 2367 4607 sanctitas
2393 4559 2571 4603 vestra
2600 4547 2802 4601 clarius
2830 4546 3206 4600 demonstrare
3239 4544 3288 4596 in
3319 4557 3421 4613 qua
3452 4543 3524 4597 sit

246 4645 395 4703 mina
426 4663 438 4697 :
468 4643 557 4714 qui
589 4641 925 4699 Christianus
963 4643 1110 4699 orbis
1139 4659 1243 4698 non
1266 4645 1525 4714 opinione
1557 4647 1789 4703 humana
1816 4689 1831 4713 ,

245 4738 344 4796 sed
387 4736 583 4791 divinis
613 4736 935 4791 testimoniis
955 4743 1012 4791 et
1056 4736 1355 4806 promissus
1396 4746 1513 4803 est,
1560 4749 1614 4794 et
1646 4740 1837 4811 imple-

246 4838 354 4885 tur.
390 4827 564 4896 Quid?
592 4826 783 4881 Adhuc
827 4829 1012 4883 nescio
1040 4843 1142 4898 qua
1185 4828 1629 4899 tergiversatione
1658 4847 1837 4886 mora-

248 4919 383 4976 toria
426 4918 493 4974 ab
520 4920 599 4974 eis
629 4910 1043 4989 interponuntur
1088 4920 1178 4988 qui
1228 4934 1287 4975 se
1312 4921 1595 4991 episcopos
1629 4920 1834 4981 Christi

245 5012 355 5067 dici
385 5010 612 5067 volunt?
639 5011 981 5081 Exspectatio
1002 5051 1017 5075 ,
1049 5025 1154 5065 non
1196 5011 1318 5067 dico
1347 5012 1505 5082 hujus
1553 5014 1789 5071 civitatis
1818 5060 1833 5085 ,

248 5104 344 5161 sed
370 5106 603 5161 universi
634 5120 771 5175 pene
796 5104 1007 5176 generis
1036 5104 1251 5161 humani
1283 5120 1542 5175 suSpensa
1572 5117 1657 5163 est
1678 5151 1692 5175 ,
1726 5110 1829 5165 ali-

248 5199 378 5271 quid
410 5199 476 5253 de
507 5198 747 5254 Ecclesia
766 5197 913 5267 cupit
938 5198 1156 5261 audire;
1182 5206 1236 5251 et
1263 5214 1360 5252 nos
1389 5199 1561 5254 adhuc
1587 5199 1833 5257 forenses

246 5290 507 5346 formulas
546 5290 895 5355 discutimus,
927 5298 995 5353 _et
1046 5289 1350 5343 miserrime
1388 5289 1675 5358 litigamus.
1714 5290 1830 5344 Jam

246 5382 497 5437 advertat
532 5379 784 5435 nobilitas
828 5389 915 5433 tua
958 5377 1088 5447 quid
1132 5388 1338 5446 agatur.
1380 5378 1496 5433 Jam
1543 5379 1831 5447 aliquando

247 5489 347 5530 nos
380 5474 448 5529 de
477 5474 578 5529 hoc
608 5473 820 5543 negotio
849 5470 1137 5540 amputatis
1167 5469 1415 5524 omnibus
1445 5469 1668 5523 morulis
1691 5510 1704 5532 ,
1734 5470 1830 5525 ad-

242 5561 467 5641 juvante
507 5566 637 5633 Deo,
662 5566 894 5621 liberare
930 5563 1171 5634 dignare.
1222 5561 1291 5615 Et
1314 5563 1420 5615 alia
1449 5577 1623 5615 manu.
1655 5562 1829 5618 Reco-

246 5660 431 5735 gnuvL

330 5752 421 5809 η.
454 5749 785 5808 Marcellinus
805 5748 882 5802 vir
924 5746 1240 5802 clarissimus
1276 5747 1507 5802 tribunus
1529 5752 1576 5802 et
1606 5744 1834 5802 notarius

1944 4652 2097 4713 parte
2121 4641 2429 4712 superstitio
2452 4641 2764 4694 constituta.

2011 4725 2099 4789 ιδ.
2150 4732 2438 4788 Petilianus
2465 4733 2732 4802 episcopus
2769 4730 2919 4785 dixit.
2949 4729 3193 4785 Advertit
3220 4728 3523 4783 sublimitas

1941 4839 2029 4882 tua
2055 4841 2300 4897 magnam
2350 4823 2705 4881 diffidentiam
2749 4838 2842 4877 eos
2888 4821 3119 4884 habere,
3168 4836 3523 4889 magnumque

1941 4918 2277 4972 mendacium
2304 4958 2318 4981 ,
2346 4917 2390 4970 si
2419 4932 2482 4970 ea
2509 4930 2629 4984 quia:
2674 4914 2904 4981 petimus
2948 4910 3175 4981 prodere
3226 4910 3517 4967 noluerint.

1941 5009 2155 5065 Etenim
2188 5016 2316 5062 ante
2344 4994 2412 5060 de
2438 5020 2531 5058 sua
2557 5003 2885 5058 conscientia
2922 5001 3127 5070 judicat
3148 5042 3161 5065 ,
3189 5002 3277 5067 qui
3311 5002 3522 5069 petitio-

1876 5138 1883 5145 -
1924 5119 2059 5157 nem
2087 5114 2235 5155 suam
2266 5098 2499 5152 timuerit
2531 5097 2823 5166 publicare.
2853 5094 2969 5148 Non
3004 5095 3166 5162 igitur
3192 5110 3393 5147 nioram
3423 5094 3523 5147 ali-

1937 5207 2093 5266 quam
2146 5190 2404 5253 facimus;
2439 5188 2531 5242 sed
2564 5202 2659 5257 per
2686 5188 2828 5255 ipsos
2861 5200 3040 5239 moras
3070 5183 3181 5238 fieri
3207 5184 3520 5240 sublimitati

1938 5294 2061 5337 tum.
2087 5281 2153 5333 Et
2181 5296 2296 5334 cum
2323 5279 2539 5342 diceret,
2570 5274 2665 5343 (Et
2685 5277 2790 5329 alia
2828 5291 3002 5329 manu.
3062 5274 3354 5327 Petilianus
3402 5274 3517 5341 epi-

1936 5387 2132 5441 scopus
2166 5369 2318 5424 salvo
2342 5366 2718 5437 appellationis
2742 5374 2940 5419 nostra:
2967 5366 3156 5418 merito
3184 5362 3517 5434 rei-cgnovi.)

2004 5463 2094 5515 47.
2136 5460 2429 5514 Vincentius
2472 5460 2741 5530 episwpus
2792 5455 3034 5510 Ecclesiw
3060 5453 3322 5507 catholica:
3364 5453 3513 5509 dicit.

1933 5556 2047 5613 Non
2073 5540 2267 5608 sufficit
2295 5551 2436 5621 quod
2462 5550 2553 5603 tibi
2580 5548 2858 5616 respondit
2887 5546 3086 5615 index?
3111 5544 3177 5598 Et
3201 5547 3303 5599 alia
3334 5562 3512 5600 manu.

1937 5647 2269 5719 Recognovi.
2305 5644 2594 5699 Petilianus
2646 5644 2906 5714 episcopus
2958 5639 3109 5694 dia'it.
3188 5645 3291 5693 Ant
3340 5639 3519 5711 legant

1934 5740 2079 5812 quod
2111 5739 2372 5811 petimus,
2402 5746 2492 5792 aut
2523 5744 2743 5805 negent.
2790 5731 2856 5789 Et
2885 5731 3190 5819 alia‘manu.
3226 5730 3517 5788 Pctilianttl
