3860 6212
366 151 496 206 1571

1273 147 1493 203 GESTA
1536 145 1982 203 COLIATIONIS
2018 145 2627 205 CARTHAGINENSIS.

3479 157 3607 212 1572

365 267 649 336 episcopus
719 263 1001 334 recognovi
1030 303 1044 328 ,
1111 263 1254 318 salva
1311 265 1670 334 appellatione
1721 272 1924 319 nostra.
1957 268 2011 328 Α
2033 279 2111 320 re.
2145 263 2208 318 Et
2239 264 2342 318 alia
2372 282 2544 320 manu.
2575 264 2892 337 [Petilianus
2919 265 3225 342 episcopus]
3248 267 3398 323 salva
3429 271 3604 339 appel-

373 355 772 412 Fortunatianus
793 355 1062 424 episcopus
1082 352 1326 410 Ecclesia:
1355 355 1617 410 catholica:
1637 356 1786 409 dixit.
1803 353 1940 420 Quid

372 450 438 505 ad
472 463 579 503 rem
611 448 839 516 pertinet
868 446 1008 514 quod
1041 462 1166 517 pars
1187 447 1412 502 adversa
1441 455 1524 503 est
1546 455 1859 518 prosecuta,
1887 454 1943 503 et

372 555 478 596 non
531 549 745 610 propter
787 553 964 593 moras
994 539 1286 609 quasdam?
1331 537 1398 592 Et
1438 555 1552 592 cum
1592 539 1814 604 diceret,
1849 537 1942 610 (Et

369 636 468 689 alia
515 651 685 687 manu.
736 632 1060 703 Recoguovi.
1094 631 1113 703 )
1148 632 1434 687 Petilianus
1485 634 1754 704 episcopus
1781 632 1940 703 partis

369 726 557 780 Donati
600 724 807 801 [dixit.]
834 725 1041 781 Judica.
1068 723 1136 779 Et
1163 725 1266 778 alia
1311 741 1486 778 manu.
1510 724 1804 798 Petilianus
1827 726 1938 794 epi-

371 837 562 892 scopus
589 821 897 891 recognovi,
917 820 1066 874 salvo
1097 824 1293 874 noStrte
1318 819 1695 889 appellationis
1724 818 1934 874 ell‘ectn.

438 913 527 970 48.
555 911 890 969 Marcellinus
919 913 997 966 uir
1026 913 1336 967 clarissimus
1368 913 1600 967 tribunus
1630 921 1675 965 et
1711 913 1940 968 notarius

370 1006 516 1060 dixit.
547 1005 853 1061 Evidentius
883 1005 1144 1061 sanctitas
1165 1014 1342 1061 vestra
1369 1005 1495 1076 quid
1541 1005 1773 1076 postulet
1793 1004 1936 1061 desi-

368 1114 535 1170 gnare
565 1099 794 1154 debebit.
1616 1159 1619 1161 ,

443 1191 532 1247 49.
563 1191 818 1246 Emeritus
841 1193 1108 1263 episcopus
1135 1191 1283 1246 dixit.
1300 1191 1483 1260 Longo
1510 1190 1780 1247 volumine
1803 1203 1942 1262 pra:-

348 1283 529 1356 ‘terito
563 1283 765 1354 judicio
796 1284 948 1354 quasi
1000 1283 1235 1337 mandati
1282 1292 1518 1339 tenorem
1550 1298 1672 1354 pars
1715 1283 1940 1339 adversa

373 1377 621 1448 prodidit.
657 1375 754 1430 Cui
786 1377 859 1430 rei
884 1377 927 1431 si
953 1391 1076 1431 vera
1122 1375 1474 1446 adstipulatur
1503 1376 1760 1442 assertio,
1789 1375 1840 1430 id
1887 1376 1946 1428 in

365 1471 571 1541 judicio
625 1469 894 1539 publicare
944 1485 1005 1524 ac
1033 1468 1260 1538 prodere
1312 1468 1542 1532 debent,
1573 1466 1941 1521 tantummodo

373 1580 433 1620 se
475 1563 626 1636 sequi
652 1563 756 1620 hoc
813 1563 984 1632 ipsum
1031 1579 1042 1615 :
1072 1562 1333 1630 jacturam
1361 1568 1539 1614 autem
1570 1559 1743 1614 facere
1774 1560 1942 1629 impe-

2043 355 2240 412 latione
2269 367 2449 411 nostra
2477 359 2782 427 recognovi.

2114 448 2200 504 55.
2230 449 2543 520 Augustinus
2585 451 2850 520 episcopus
2891 450 3112 505 ecclesia:
3150 450 3418 515 cat/toliw
3462 452 3604 508 din't.

2043 539 2170 594 Data
2202 548 2306 596 est.
2354 539 2552 596 Omnes
2583 541 2815 596 fatemur
2840 555 2938 596 nos
2975 541 3180 612 petisse
3229 541 3565 597 collationem
3588 585 3603 608 ,

2041 630 2291 700 quoniam
2338 646 2453 685 eam
2479 632 2838 694 recusabatis;
2873 640 2929 686 ut
2951 631 3166 687 tandem
3209 633 3289 686 sic
3315 634 3501 688 saltem
3537 634 3602 688 ad

2042 721 2183 777 hunc
2210 722 2383 777 locum
2415 723 2497 776 vel
2529 723 2596 777 ad
2628 723 2730 778 hoc
2756 731 2994 794 tempus,
3019 723 3328 779 collationis
3357 735 3412 779 et
3432 724 3607 794 dispu-

2043 815 2258 869 tationis
2287 823 2340 870 et
2363 815 2792 871 demonstrandae
2817 818 3059 873 veritatis
3083 817 3252 888 gratia
3285 819 3603 874 veniremus.

2040 905 2260 960 Factum
2291 915 2391 962 est.
2421 906 2711 976 Venimus,
2753 917 2808 963 et
2832 907 2966 962 nihil
2998 909 3158 962 vultis
3187 911 3447 979 prodesse
3473 911 3605 978 (μιοά

2039 1002 2301 1055 venimus.
2334 998 2664 1055 Conﬁtemur
2698 1015 2795 1056 nos
2820 1001 3164 1056 collationem
3198 1002 3421 1071 petisse.
3473 1001 3606 1057 Nihil

2039 1093 2185 1149 aliud
2218 1095 2506 1164 imperator
2553 1109 2712 1164 quam
2763 1109 2863 1149 nos
2891 1093 3236 1150 collationem
3282 1095 3481 1165 petisse
3503 1095 3606 1148 suis

2040 1185 2213 1240 verbis
2260 1185 2550 1253 expressit.
2601 1183 2720 1239 Jam
2752 1183 2846 1238 ﬁat
2895 1184 3005 1254 ipsa
3055 1184 3292 1240 collatio.
3334 1185 3605 1240 Videamus

2039 1275 2167 1345 quid
2196 1276 2404 1331 dicatur
2430 1283 2616 1330 contra
2663 1276 2956 1330 Ecclesiam
2995 1286 3107 1330 toto
3158 1277 3288 1330 orbe
3325 1275 3602 1341 diffusam,

2041 1383 2197 1437 quam
2241 1367 2668 1423 demonstremus
2717 1368 2910 1422 divinis
2935 1370 3261 1424 testimoniis
3289 1377 3344 1424 et
3389 1371 3606 1439 promis-

2042 1474 2154 1514 sam
2183 1475 2300 1515 esse
2321 1502 2336 1526 ,
2366 1470 2419 1514 et
2459 1475 2599 1514 nunc
2627 1460 2698 1513 ita
2721 1459 2995 1525 exhiberi,
3022 1469 3079 1514 ut
3120 1476 3387 1516 cxcorum
3432 1464 3605 1532 oculos

2045 1553 2235 1619 feriat,
2277 1553 2561 1606 surdorum
2593 1565 2749 1609 aures
2769 1552 3051 1622 irrumpat.
3087 1552 3167 1608 Ad
3209 1553 3349 1608 banc
3395 1554 3604 1611 demou-

375 1655 523 1710 rialis
553 1655 833 1723 rescripti,
867 1653 931 1707 ad
962 1651 1111 1720 cujus
1148 1652 1630 1721 promulgationem
1660 1666 1831 1720 neque
1862 1661 1934 1706 tea
1967 1657 2015 1717 B
2043 1644 2314 1699 straudam
2347 1645 2537 1698 nolunt
2567 1645 2844 1714 pervenire
2872 1643 3064 1699 fratres
3092 1647 3285 1712 nostri,
3313 1655 3370 1700 ut
3395 1647 3605 1702 demou-

377 1761 560 1802 norem
610 1759 859 1815 precum,
908 1758 1080 1814 neque
1120 1743 1426 1798 mandatum
1455 1743 1938 1814 legatorum'mon-

373 1848 544 1897 strare
574 1835 873 1890 voluerunt.
903 1833 1064 1904 Igitur
1089 1835 1212 1904 quia
1242 1834 1373 1888 nihil
1396 1835 1490 1888 abs
1518 1850 1575 1889 re
1604 1844 1685 1888 est
1714 1833 1853 1903 quod
1888 1835 1938 1887 in

371 1927 575 1999 judicio
594 1925 948 1996 postulamus,
969 1927 1194 1995 petimus
1222 1934 1280 1981 ut
1306 1927 1550 1996 primitus
1579 1935 1670 1980 aut
1695 1926 1941 1996 rescripti

374 2020 670 2089 iacturam,
703 2027 797 2072 aut
824 2017 1055 2071 mandati
1087 2017 1168 2071 sui
1205 2015 1402 2072 faciant
1430 2017 1727 2072 cessionem
1749 2057 1762 2082 ,
1794 2026 1850 2070 ut
1878 2017 1942 2071 ad

380 2125 593 2165 causam
639 2111 824 2164 venire
874 2111 1165 2163 valeamus.
1213 2105 1280 2161 Et
1308 2109 1413 2162 alia
1460 2125 1634 2163 manu.
1683 2109 1946 2163 Emeritus

381 2202 666 2273 episcopus
721 2200 1008 2271 recognovi
1059 2199 1178 2254 sine
1208 2199 1518 2269 praeiudicio
1574 2198 1950 2270 appellationis

381 2292 639 2365 [nostrae].

449 2407 536 2463 50.
571 2406 882 2479 Augustinus
927 2406 1191 2478 episcopus
1218 2405 1461 2462 Ecclesiae
1507 2407 1769 2461 catholicae
1798 2407 1949 2460 dixit.

383 2498 610 2568 Legatur
661 2498 967 2552 mandatum
1020 2508 1293 2565 nostrum,
1342 2509 1394 2553 et
1445 2498 1750 2568 intelligent
1792 2513 1952 2567 quam

386 2603 576 2648 cuncta
605 2592 896 2648 contineat.
947 2591 1010 2644 Et
1037 2593 1139 2644 alia
1174 2609 1346 2645 manu.
1382 2592 1706 2661 Recognovi.
1740 2590 1954 2644 Petilia-

385 2702 477 2738 nus
505 2686 767 2756 episcopus
794 2684 951 2752 partis
980 2684 1168 2737 Donati
1196 2684 1345 2738 dixit.
1381 2686 1573 2740 Patere
1596 2726 1609 2748 ,
1653 2693 1841 2753 praesta
1865 2683 1951 2752 ju-

384 2777 485 2832 dici
522 2778 826 2843 patientiam
870 2792 1028 2846 quam
1060 2777 1212 2830 nobis
1257 2785 1491 2845 prmstat.
1533 2775 1594 2829 Et
1626 2776 1731 2828 alia
1777 2792 1946 2829 manu.

386 2869 681 2924 Petilianus
729 2869 1016 2937 episc0pus
1045 2870 1330 2938 recognovi
1362 2870 1476 2924 sine
1508 2868 1817 2938 prmjudicio
1853 2883 1950 2937 ap-

387 2960 693 3032 pellationis
725 2971 940 3015 nostra}.

458 3075 546 3131 5L
584 3076 912 3132 Marcellinus
934 3079 1010 3132 vir
1055 3077 1367 3132 clarissimus
1391 3077 1623 3135 tribunus
1649 3087 1696 3132 et
1725 3074 1949 3133 notarius

391 3167 544 3221 dixit.
575 3167 715 3222 Nihil
743 3169 888 3223 aliud
938 3171 1202 3240 prtecipue
1237 3171 1512 3240 principali
1542 3171 1814 3226 sanctione
1862 3170 1954 3224 ad-

389 3259 524 3312 verti
555 3275 673 3314 esse
699 3260 1075 3328 constitutum,
1125 3263 1223 3316 nisi
1275 3273 1330 3316 ut
1358 3263 1799 3319 convenientibus
1840 3265 1954 3333 epi-

391 3352 566 3420 scopis
596 3351 955 3421 disputatione
998 3354 1176 3408 habita
1197 3397 1209 3417 ,
1238 3369 1396 3410 Causa
1446 3356 1598 3424 primi
1631 3356 1954 3423 _inveniatur

391 3445 605 3498 erroris.
639 3444 732 3500 Cui
760 3445 1100 3514 disputationi
1129 3462 1214 3501 me
1239 3445 1473 3517 judicent
1502 3448 1666 3502 voluit
1695 3449 1948 3503 residere.

391 3536 608 3603 Accepit
634 3545 806 3592 autem
836 3540 1088 3592 sanctitas
1114 3547 1288 3593 vestra
1317 3537 1743 3607 prosecutionem
1786 3540 1952 3610 partis

392 3641 422 3682 e
447 3629 658 3683 diverso
683 3629 957 3695 sistentis;
992 3633 1041 3684 in
1084 3646 1185 3700 qua
1238 3630 1513 3686 evidenter
1555 3644 1828 3688 ostensum
1870 3641 1955 3686 est

390 3727 547 3787 atque
570 3721 886 3789 promissum
906 3763 920 3786 ,
952 3731 1007 3775 ut
1035 3721 1272 3777 Ecclesia
1305 3731 1415 3778 toto
1438 3725 1567 3779 orbe
1597 3722 1783 3779 diffusa
1813 3723 1958 3794 divj~_

391 3812 474 3863 nis
505 3814 822 3866 testimoniis
844 3813 1260 3877 demonstretur,
1289 3829 1410 3869 cum
1448 3815 1670 3869 videatis
1699 3830 1764 3869 ex
1805 3830 1954 3868 man-

392 3901 501 3954 dati
524 3903 658 3957 serie
680 3913 732 3957 et
759 3919 820 3958 ex
852 3904 1101 3972 praesenti
1133 3905 1459 3974 professione
1501 3907 1553 3960 id
1587 3906 1750 3962 fuisse
1776 3907 1955 3961 decla-
1993 3957 2007 3963 -

394 4002 602 4060 ratum,
634 4004 688 4048 ut
718 3995 850 4066 legis
891 3998 1152 4065 exemplis
1205 4007 1362 4064 atque
1416 3997 1748 4053 documentis
1768 3999 1953 4078 iomnia

392 4085 824 4153 comprobentur.
876 4086 983 4141 Nec
1029 4088 1168 4141 enim
1213 4087 1661 4143 clementissimus
1707 4091 1955 4159 princeps

395 4174 618 4230 lormam
647 4177 918 4231 cullationi
950 4178 1164 4232 dedisse
1192 4164 1516 4234 monstratus
1544 4182 1704 4252 298
1729 4179 1830 4248 est,
1863 4182 1955 4237 sed

398 4276 598 4320 tantum
653 4267 992 4323 collationem
1047 4269 1242 4324 debere
1316 4271 1437 4325 lieri.
1479 4271 1754 4340 judicavit.
1805 4272 1955 4328 Unde

394 4363 642 4430 quoniam
670 4362 964 4416 secundum
1014 4363 1334 4418 desiderium
1367 4372 1604 4419 vestrum
1646 4365 1842 4420 divinis
1873 4375 1953 4420 te-

393 4455 656 4510 stimoniis
685 4472 743 4511 se
771 4469 931 4527 agere
961 4472 1142 4512 eorum
1181 4459 1442 4528 professio
1468 4458 1758 4513 declaravit
1782 4500 1796 4525 ,
1828 4459 1953 4529 quid

395 4547 623 4614 amplius
649 4547 965 4604 desideratis
987 4551 1191 4620 ignoro.

467 4659 554 4713 52.
591 4660 875 4716 Petilianus
914 4663 1177 4733 episcopus
1203 4662 1347 4716 dixit.
1377 4663 1729 4731 Apertissime
1763 4662 1960 4716 intelli-

397 4754 538 4821 gitur
565 4768 660 4808 eos
690 4753 986 4808 diffidentia
1017 4754 1097 4807 vel
1121 4768 1242 4808 sero
1267 4753 1467 4822 pudore
1491 4755 1540 4808 id
1566 4769 1752 4824 agere,
1779 4770 1847 4809 ne
1871 4769 1962 4825 pe-

399 4845 641 4898 titionem
693 4861 842 4898 suam
919 4829 1174 4898 omnibus~
1215 4844 1526 4912 publicent,
1566 4845 1815 4913 quoniam
1867 4859 1961 4901 eos

397 4945 604 4990 constat
629 4935 1050 4990 clementissimo
1101 4937 1405 5004 imperatori
1451 4938 1722 4991 mentitos.
1763 4937 1960 4992 Etulia

399 5044 569 5081 manu.
599 5028 887 5084 Petilianus
937 5028 1220 5098 episcopus
1245 5028 1360 5083 sine
1391 5029 1701 5100 prtejudicio
1727 5030 1961 5102 appella-

399 5121 560 5175 tionis
584 5131 778 5174 nostrm
807 5117 1110 5189 recognovi.
1643 5114 1647 5121 ’

468 5236 563 5292 55.-
601 5238 906 5306 Augustinus
947 5238 1210 5305 episcOpus
1240 5235 1482 5291 Ecclesiw
1525 5235 1788 5295 catholica:
1812 5237 1962 5300 dixit.

380 5327 626 5399 _Collatio
679 5331 838 5398 petita
887 5337 972 5382 est
1022 5343 1052 5381 a
1095 5328 1280 5397 legatis
1323 5329 1543 5384 nostris.
1585 5328 1694 5383 Lex
1724 5330 1833 5397 ipsa
1861 5328 1965 5383 hoc

2042 1747 2257 1801 stretur,
2284 1735 2423 1806 quod
2472 1735 2638 1790 latere
2689 1751 2793 1791 non
2843 1746 3037 1805 p0test.
3087 1736 3316 1792 Edicaut
3369 1738 3600 1794 crimina.

2049 1827 2330 1882 Videamus
2357 1827 2548 1897 quibus
2578 1827 2892 1882 criminibus
2925 1829 3078 1896 periit
3127 1829 3266 1899 quod
3296 1832 3604 1900 promissum

2044 1930 2126 1976 est
2149 1923 2376 1977 Abrahae
2404 1940 2416 1975 :
2448 1921 2513 1975 In
2545 1922 2732 1975 semine
2773 1931 2860 1976 tuo
2890 1922 3243 1977 benedicentur
3273 1939 3446 1978 omnes
3497 1943 3605 1996 gen-

2048 2027 2138 2070 tes.
2171 2015 2300 2084 Quae
2326 2015 2552 2070 erimina
2601 2014 2755 2068 istam
2788 2015 3196 2084 promissionem
3244 2017 3476 2087 jurantis
3525 2020 3605 2074 Dei

2048 2108 2228 2163 delere
2277 2106 2896 2176 potueruntaudiamns,
2930 2107 3199 2161 discamus
3221 2150 3235 2174 ,
3280 2109 3601 2176 noverimus,

2050 2215 2359 2271 sequamur.
2393 2199 2447 2255 Si
2478 2208 2652 2255 autem
2683 2199 2814 2254 nihil
2845 2210 2928 2253 est
2957 2200 3096 2270 quod
3119 2212 3310 2256 contra
3337 2203 3443 2258 dici
3488 2220 3605 2274 pos-

2050 2293 2150 2357 sit,
2184 2301 2273 2347 aut
2303 2292 2584 2362 pronuntia
2605 2331 2618 2356 ,
2651 2301 2743 2344 aut
2795 2291 2921 2345 tolle.
2975 2307 3161 2347 omnes
3210 2309 3419 2360 moras,
3445 2305 3496 2351 et
3524 2296 3607 2351 ali-

2052 2385 2264 2456 quando
2294 2386 2562 2454 negotium
2595 2383 2824 2438 liniatur.
2874 2385 2936 2438 Et
2967 2387 3069 2439 alia
3094 2403 3268 2440 manu.
3298 2388 3603 2459 Recognovi.

2124 2477 2213 2534 56.
2241 2477 2499 2532 Emeritus
2518 2478 2786 2548 episcopus
2809 2478 2956 2532 dixit.
2982 2478 3170 2548 Magno
3189 2493 3503 2549 argumento
3526 2498 3605 2536 ve-

2054 2569 2181 2624 ritas
2205 2569 2528 2632 occultatur;
2577 2576 2633 2622 ut
2675 2584 2794 2624 cum
2841 2568 2906 2623 ad
2939 2570 3342 2640 inquisitionem
3389 2583 3605 2628 nostram

2055 2661 2322 2714 modicum
2341 2660 2464 2730 quid
2490 2676 2552 2715 ex
2582 2669 2732 2729 parte
2763 2661 2984 2718 adversa
3014 2653 3281 2732 prolatum
3303 2666 3397 2729 sit,
3421 2677 3602 2720 cmtera

2016 2775 2021 2779 -
2052 2753 2325 2807 sileantur.
2360 2753 2496 2807 Dixit
2527 2754 2665 2808 enim
2694 2769 2822 2808 suos
2864 2755 2968 2810 isse
3009 2757 3243 2825 legatos,
3273 2773 3498 2828 quorum
3529 2775 3609 2813 ne-

2051 2859 2154 2912 que
2181 2844 2421 2910 nomina,
2448 2859 2620 2915 neque
2643 2847 2884 2900 ordinem
2909 2889 2923 2911 ,
2962 2863 3135 2918 neque
3156 2851 3469 2905 mandatum
3512 2852 3608 2905 vult

2046 2936 2248 3005 judicio
2275 2937 2565 3007 publicare.
2617 2939 2779 3010 igitur
2828 2950 2915 2994 aut
2967 2941 3124 3011 hujus
3148 2945 3222 2998 rei
3251 2944 3510 3014 jacturam
3542 2945 3608 2997 fa-

1977 3036 2024 3100 C
2054 3030 2188 3094 ciat;
2219 3029 2337 3109 quia
2371 3045 2476 3084 non
2507 3040 2680 3100 potest
2709 3032 3039 3101 approbare;
3065 3043 3155 3087 aut
3176 3035 3222 3088 si
3252 3036 3398 3090 valet
3427 3035 3519 3089 hoc
3544 3036 3610 3089 lv-

2053 3121 2206 3190 gibus
2254 3121 2514 3187 edocere,
2547 3123 2625 3176 vel
2677 3113 2765 3192 qui
2794 3123 2966 3192 ,legati
3000 3124 3261 3192 fuerint,
3287 3127 3370 3181 vel
3415 3130 3610 3197 quando

2053 3215 2199 3267 missi
2232 3214 2367 3279 sint,
2402 3215 2482 3268 vel
2509 3215 2633 3284 quid
2665 3216 3012 3285 pertulerint,
3050 3217 3210 3286 legati
3233 3212 3534 3275 mandatum
3563 3222 3609 3275 in

2049 3305 2371 3374 jndiciorum
2403 3307 2648 3361 notitiam
2677 3321 2922 3362 asserere
2961 3308 3254 3378 debebunt.
3283 3310 3442 3366 Videt
3490 3327 3612 3382 pra--

2054 3399 2244 3454 stantia
2272 3410 2354 3454 tua
2374 3441 2388 3466 ,
2414 3399 2544 3454 nihil
2583 3415 2681 3456 nos
2708 3403 2802 3455 abs
2833 3416 2891 3456 re
2920 3409 3102 3471 petere
3129 3419 3142 3453 :
3166 3402 3365 3473 quippe
3393 3419 3509 3459 cum
3538 3407 3609 3475 ip.

2053 3506 2232 3545 surum
2279 3493 2347 3547 sit
2374 3509 2562 3562 causa,
2606 3509 2702 3549 cur
2731 3509 2841 3551 non
2892 3494 2956 3549 ad
2987 3495 3192 3550 interna
3223 3497 3425 3566 negotii
3448 3498 3613 3551 venia-

2053 3577 2193 3637 mus.
2223 3583 2622 3655 Proposucrunt
2648 3587 2792 3642 enim
2823 3602 2887 3642 ex
2920 3587 3156 3642 mandati
3206 3589 3288 3642 sui
3315 3596 3502 3644 tenore
3531 3606 3613 3644 ne—

2054 3677 2166 3730 scio
2193 3679 2386 3747 quibus
2435 3695 2494 3733 se
2543 3679 2952 3748 allegationibus
3003 3680 3286 3735 adversum
3343 3696 3441 3736 nos
3484 3691 3615 3737 stare

2054 3768 2272 3829 debere.
2303 3770 2406 3824 llas
2429 3771 2570 3838 ipsas
2596 3762 2946 3840 allegationes
2974 3781 3026 3826 et
3051 3786 3148 3826 nos
3171 3786 3459 3840 possumus
3485 3774 3614 3843 lega-

2057 3860 2194 3914 libus
2220 3861 2535 3915 testimoniis
2567 3876 2841 3931 superare.
2899 3862 3053 3921 Prius
3082 3870 3166 3918 est
3188 3878 3316 3933 ergo
3363 3873 3421 3918 ut
3477 3865 3614 3926 initio

2057 3954 2283 4006 actionis
2312 3953 2556 4020 exposito
2578 3993 2590 4014 ,
2613 3967 2896 4022 personam
2922 3967 3094 4017 suam,
3119 3952 3235 4008 sive
3261 3955 3612 4024 suscipientis,

2056 4045 2168 4099 sive
2195 4045 2491 4107 mandantis
2518 4045 2574 4100 in
2594 4044 2794 4113 judicio
2816 4044 3113 4117 approbare
3136 4045 3312 4100 valeat
3343 4063 3354 4098 :
3383 4057 3509 4101 tunc
3529 4047 3608 4100 de-

2057 4151 2201 4190 mum
2233 4137 2297 4191 ad
2328 4137 2524 4207 negotii
2571 4138 2757 4192 merita
2790 4127 3166 4208 descendatur.
3200 4136 3268 4198 Et
3317 4138 3424 4191 alia
3453 4155 3613 4194 manu.

2057 4221 2328 4286 Enieritus
2367 4229 2652 4298 episcopus
2682 4229 2823 4282 salva
2861 4227 3217 4296 appellatione
3243 4230 3552 4297 recognovi.

2127 4322 2222 4381 57.
2274 4321 2570 4376 Vincentius
2599 4322 2866 4392 episcopus
2892 4317 3142 4373 Ecclesia:
3167 4320 3439 4396 catholicae
3479 4322 3612 4376 dixit.

1981 4413 2034 4473 D
2058 4411 2194 4479 Quid
2226 4422 2303 4468 est
2360 4413 2498 4467 aliud
2545 4427 2758 4477 causam
2790 4409 3088 4484 dimittere,
3126 4419 3180 4465 et
3205 4425 3466 4480 personas
3490 4428 3618 4482 quaa-

2058 4519 2212 4570 rere,
2255 4504 2355 4559 nisi
2413 4503 2646 4573 effugere
2695 4503 2874 4558 velle?
2921 4504 3098 4568 Quare
3152 4504 3380 4560 venisti?
3437 4503 3502 4558 Et
3528 4506 3618 4558 alia

2060 4611 2235 4652 manu.
2268 4594 2595 4665 Recoguovi.
2629 4591 2915 4653 Petilianus
2954 4591 3220 4661 episcomts
3245 4593 3398 4646 dixit.
3437 4593 3484 4657 Α
3514 4609 3618 4663 per-

2060 4685 2414 4756 sonisincipit
2462 4684 2635 4738 omnis
2674 4667 2955 4740 causa.Et
2997 4683 3102 4737 alia
3131 4699 3308 4741 manu.
3337 4684 3619 4746 Petilianus

2060 4779 2346 4847 episcopus
2391 4773 2716 4845 recognovi,
2742 4772 2894 4835 salvo
2933 4785 3130 4832 nostrae
3155 4775 3528 4844 appellationis
3553 4776 3617 4830 ef-

2061 4868 2222 4924 fectu.
2262 4866 2556 4928 Vincentius
2585 4867 2850 4938 episcOpus
2896 4864 3140 4924 Ecclesia
3186 4868 3461 4930 catholica:
3479 4869 3614 4923 dixit.

2059 4958 2175 5036 Non
2211 4957 2308 5020 tibi
2336 4956 2505 5018 forum
2538 4965 2684 5013 tuum
2716 4957 3045 5027 designavit,
3078 4973 3198 5027 qua
3239 4960 3447 5037 omissa
3473 4970 3616 5025 sunt,

2063 5031 2230 5118 repeti
2254 5064 2356 5102 non
2381 5063 2561 5119 posse.
2597 5046 2664 5102 Et
2689 5049 2794 5103 alia
2817 5064 2990 5104 manu.
3017 5031 3368 5120 Recognovif

2135 5141 2222 5196 58.
2260 5140 2594 5202 Marcellinus
2616 5142 2690 5195 vir
2715 5141 3026 5202 clarissimus
3054 5143 3285 5197 tribunus
3331 5153 3379 5200 et
3409 5142 3622 5201 notarius

2063 5236 2213 5289 dixit.
2243 5236 2593 5299 Collationem
2621 5234 2790 5291 fuisse
2832 5219 3180 5308 postulatam,
3209 5247 3263 5293 et
3291 5238 3617 5293 collationem

2069 5328 2236 5392 fuisse
2259 5344 2592 5395 concessam,
2624 5330 2857 5387 caelestis
2878 5330 3171 5399 sanctionis
3198 5329 3369 5386 forma
3396 5330 3618 5385 declara-

408 5425 682 5490 continet,
706 5439 823 5492 quae
847 5423 910 5476 ad
950 5430 1090 5477 tuam
1121 5421 1453 5481 nobilitatem
1484 5421 1606 5482 data
1633 5431 1727 5477 est.
1769 5420 1837 5492 Et
1865 5422 1974 5483 alia
2067 5423 2451 5488 vit.Ct_tr,nunc
2472 5421 2764 5491 legatorum
2790 5437 3030 5491 personat
3059 5423 3109 5478 in
3135 5423 3375 5480 medium
3398 5423 3618 5486 veniant.

411 5537 584 5587 manu.
611 5521 934 5590 Recognovi.

486 5613 576 5675 54.
601 5615 881 5671 Petilianus
905 5616 1168 5687 episcOpus
1197 5615 1346 5678 dixit.
1375 5611 1489 5671 Non
1515 5609 1811 5670 ditlerimus
1847 5624 1971 5682 age-

2073 5517 2300 5573 necdum
2331 5515 2612 5587 diligenter
2636 5515 2864 5570 adverti.
2950 5555 2961 5561 -
3643 5567 3648 5570 .

2141 5607 2234 5666 69.
2268 5605 2578 5683 Augustinus
2596 5609 2864 5690 episcopis
2915 5605 3161 5664 Ecclesia:
3188 5605 3450 5665 catholica
3484 5603 3618 5659 dixit.
