3860 6212
129 150 271 206 ἱτῗῦ

1045 145 1271 204 GESTA
1311 140 1752 200 COLLATIONIS
1787 141 2397 202 CARTIIACINENSIS.
2430 196 2433 197 ν

3240 150 3373 205 1574
3424 152 3425 155 “

124 261 185 317 Si
217 273 535 332 negaremus
593 273 691 315 nos
720 258 913 329 petisse
957 255 1296 314 collationem
1318 297 1332 320 ,
1366 253 1700 325 imperatoris
1728 264 1779 322 Α
1875 255 1967 309 6i“.
1998 252 2327 329 Marcellinus
2352 256 2429 311 uir
2457 257 2771 313 clarissimus
2820 259 3049 315 tribunus
3078 272 3125 315 ct
3150 265 3375 318 natm-{ns

125 353 441 409 testimonio
494 350 959 406 convinceremur.
1010 347 1279 404 Habemus
1326 348 1701 416 imperatorem

127 452 359 509 testem,
417 443 617 515 petisse
660 456 760 497 nos
812 441 1151 496 confitemur.
1193 437 1450 495 Venimus
1499 446 1557 491 ut
1612 435 1703 491 flat

123 534 272 606 quod
303 544 357 590 et
396 547 496 589 nos
524 534 841 605 petivimus,
888 540 943 587 et
988 530 1078 587 ille
1122 528 1415 594 concessit,
1448 536 1503 583 et
1526 527 1701 582 adhuc

124 627 316 682 nescio
362 628 482 697 quin
520 625 883 681 dubitationes
928 623 1015 704 vel
1050 637 1213 679 morae
1262 622 1697 692 interponuntur.

126 718 199 773 Et
227 719 334 773 alia
363 734 532 774 manu.
569 715 895 788 Recognovi.

195 813 291 869 60.
323 808 581 867 Enteritus
612 813 882 884 cpiscopus
907 810 1054 865 dixit.
1105 809 1245 864 Ecce
1269 808 1379 879 jam
1427 807 1702 879 professus

123 920 189 961 es
220 915 453 986 partem.
496 905 592 961 Dic
620 905 832 977 quando
854 904 1033 976 petisti
1055 903 1187 976 ,gdic
1214 917 1309 973 per
1336 918 1471 974 quos
1496 904 1695 973 petisti.

121 997 195 1052 Et
224 1000 332 1053 alia
358 1016 531 1053 manu.
564 999 834 1055 Emeritus
862 998 1147 1070 episcopus
1173 998 1316 1052 salva
1346 998 1701 1068 appellatione

119 1102 313 1149 nostra
345 1093 648 1165 recognovi.

196 1184 289 1240 61.
308 1178 714 1240 Fortunatianus
734 1184 1000 1255 episcopus
1013 1180 1257 1238 Ecclesia:
1272 1183 1535 1240 catholica:
1543 1184 1695 1240 dixit.

121 1275 710 1334 Ad'demonstrandam
739 1276 1049 1344 veritatem,
1081 1289 1430 1346 personarum
1461 1292 1568 1330 non
1616 1285 1700 1333 est

122 1367 440 1423 necessaria
464 1367 759 1438 inquisitio.
787 1368 854 1422 Et
881 1369 987 1422 alia
1012 1384 1184 1422 manu.
1219 1367 1544 1439 Recognovi.

194 1457 290 1513 62.
326 1456 598 1514 Montanus
649 1460 917 1529 episcopus
968 1461 1116 1514 dixit.
1146 1460 1407 1526 Quoniam
1436 1475 1559 1531 pars
1598 1462 1695 1517 ad-

119 1564 285 1606 versa
341 1550 406 1605 ad
470 1550 948 1606 clementissimum
993 1551 1370 1621 imperatorem
1417 1552 1688 1624 confugit,

1803 348 1952 402 dixit.
1983 347 2100 402 Non
2141 348 2243 403 hoc
2266 349 2433 419 quaeri
2460 350 2626 405 voluit
2653 351 3101 409 clementissimus
3148 354 3375 425 impera-

1803 449 1907 497 tor.
1933 441 2159 499 Causam
2180 442 2387 500 dissidii
2416 452 2469 498 et
2496 445 2696 500 erroris
2720 446 2879 516 jussit
2905 446 3124 516 inquiri.

1875 533 1963 588 65.
1999 533 2276 588 Montanus
2301 534 2567 605 episcopus
2611 536 2760 589 dixit.
2793 535 2897 592 Sed
2924 536 3375 595 clementissimus

1802 624 2093 695 imperator
2118 624 2379 695 rescripto
2408 640 2506 680 suo
2552 626 2768 682 eosdem
2798 627 3118 697 publicavit,
3149 629 3370 700 legatio-

1801 733 1921 773 nem
1956 717 2445 788 inseruisse.gUnde
2461 719 2583 789 quia
2597 719 2754 774 etiam
2778 720 2888 791 ipse
2906 719 3042 776 hanc
3070 721 3367 778 facultatem

1801 812 1953 866 nobis
1984 812 2217 868 tribuere
2251 811 2419 867 voluit
2446 827 2540 883 pro
2567 814 2847 869 clementia
2876 828 2969 869 sua
2996 822 3053 868 ut
3080 813 3180 869 hoc
3207 814 3367 886 299

1804 904 1856 957 in
1883 902 2089 972 judicio
2118 903 2481 973 requiramus,
2509 914 2720 975 oportet
2741 906 2958 961 eosdem
2987 915 3042 962 et
3062 908 3366 961 mandatum

1802 994 2040 1064 proferre
2091 1004 2144 1049 et
2169 994 2546 1066 £legationem,
2578 1004 2635 1050 ut
2666 995 2897 1051 sciamus
2953 997 3079 1066 qttid
3133 997 3271 1054 idem
3315 998 3367 1053 in

1799 1087 1992 1144 eodem
2049 1096 2196 1143 textu
2228 1088 2459 1144 fortasse
2503 1087 2702 1145 fuerint
2731 1091 3092 1158 ementiti;ut
3129 1099 3239 1147 tum
3266 1092 3365 1149 de-

1800 1194 1943 1233 mum
1973 1178 2058 1235 his
2106 1179 2353 1236 omnibus
2382 1183 2717 1251 pertractatis
2736 1225 2749 1250 ,
2781 1185 3084 1240 noverimus
3112 1200 3367 1255 persona-

1799 1289 1917 1329 rum
1942 1274 2227 1346 meritum;
2259 1290 2326 1329 an
2350 1275 2873 1347 valeanthonoribus
2899 1278 3009 1334 suis
3037 1278 3244 1348 integro
3271 1294 3362 1333 or-

1797 1364 1923 1420 dine
1950 1365 2314 1435 respondisse.
2347 1365 2415 1421 Et
2444 1367 2548 1421 alia
2571 1383 2749 1421 manu.
2775 1367 3057 1425 Montanus
3082 1371 3364 1439 episcopus

1799 1458 1950 1513 salvo
1992 1459 2389 1528 provocationis
2440 1458 2630 1515 effectu
2671 1461 2975 1531 recognovi.
3034 1461 3364 1515 Marcellinus

1798 1552 1872 1604 uir
1920 1551 2232 1607 clarissimus
2272 1551 2499 1608 tribunus
2533 1562 2579 1608 et
2624 1540 2853 1609 notarius
2902 1555 3050 1611 dixit.
3083 1542 3387 1625 Legationir

115 1650 338 1713 oportet
365 1642 606 1698 eamdem
638 1653 692 1697 et
721 1642 1028 1698 mandatum
1059 1643 1219 1699 edere
1248 1654 1302 1699 et
1332 1643 1689 1715 legationem;
1724 1635 1773 1696 B
1799 1658 1892 1700 eos
1936 1646 2274 1702 consensisse
2315 1647 2553 1702 universi
2602 1649 2814 1704 concilii
2854 1660 2908 1705 et
2953 1650 3361 1720 subscriptionis

112 1742 173 1788 ut
202 1749 331 1790 cum
359 1734 471 1789 haec
498 1733 828 1804 potuerimus
877 1735 1192 1801 advertere,
1228 1736 1280 1790 in
1307 1735 1509 1805 judicio
1534 1736 1690 1791 nobi-

112 1824 286 1879 litatis
317 1834 418 1878 tua:
447 1824 754 1879 noverimus
779 1825 907 1894 quid
935 1826 1201 1895 possimus
1246 1825 1593 1896 respondere.
1625 1825 1692 1881 Et

110 1916 223 1969 alia
268 1931 443 1969 manu.
500 1915 783 1970 Montanus
812 1916 1095 1986 episcopus
1147 1918 1292 1971 salva
1324 1915 1689 1987 appellatione.

109 2006 423 2077 recognovi.
469 2004 760 2061 Vincentius
817 2007 1083 2077 episcopus
1130 2006 1376 2063 Ecclesiae
1425 2008 1690 2063 catholica:

109 2096 267 2151 dixit.
301 2095 442 2153 Satis
466 2097 684 2167 longum
716 2105 799 2152 est
828 2111 859 2151 a
884 2112 1041 2153 causa
1062 2140 1078 2166 ,
1103 2108 1156 2154 et
1188 2110 1379 2169 praeter
1406 2099 1542 2153 hanc
1564 2113 1690 2153 cau-

108 2204 224 2244 sam
251 2188 344 2243 illa
393 2188 532 2247 velle
580 2199 827 2261 repetere
854 2205 972 2260 quae
1027 2190 1183 2261 hujus
1206 2191 1425 2261 judicati
1457 2200 1609 2246 tenor
1636 2193 1687 2247 in

106 2292 314 2337 statum
345 2282 703 2351 inquisitionis
730 2298 841 2339 sua:
888 2284 1107 2338 omnino
1153 2300 1259 2339 non
1318 2283 1585 2353 qumsivit.
1623 2283 1688 2337 Et

107 2375 215 2428 alia
242 2389 421 2429 manu.
448 2374 772 2447 Recognovi.
810 2375 1085 2431 Montanus
1109 2377 1378 2445 episcopus
1401 2374 1687 2431 dixit.Tu.c

106 2464 341 2520 actionis
396 2474 480 2522 est
509 2468 651 2539 quod
703 2467 901 2539 flagito.
933 2467 1001 2522 Et
1048 2468 1151 2522 alia
1199 2484 1372 2521 manu.
1405 2467 1687 2523 Montanus

106 2560 403 2632 episcopus
448 2562 767 2632 recognovi,
820 2562 967 2617 salvo
1022 2562 1416 2632 provocationis
1468 2560 1684 2619 effectu.

114 2649 415 2706 Vincentius
440 2656 707 2723 episcOpus
735 2653 978 2708 Ecclesia:
1003 2652 1265 2709 catholica:
1301 2654 1451 2708 dixit.
1482 2654 1686 2710 Deﬁni-

106 2745 210 2799 tiva
238 2749 327 2801 est
348 2746 544 2819 jndicis
595 2750 683 2818 qui
712 2749 963 2819 pra-Sidet
990 2751 1282 2817 sententia,
1314 2750 1380 2806 ad
1431 2751 1557 2821 quid
1590 2766 1688 2807 nos

104 2838 169 2892 ad
224 2838 553 2895 hodiernum
581 2839 723 2894 diem
773 2842 981 2897 distulit
1006 2884 1019 2909 ,
1046 2844 1176 2898 satis
1204 2844 1421 2914 pudoris
1445 2859 1565 2901 esse
1594 2845 1687 2899 de-‘

104 2932 273 2999 bere,
312 2931 417 2987 hoc
468 2934 513 2987 si
563 2935 857 2991 transimus
911 2935 1050 3005 quod
1080 2935 1146 2991 de
1177 2951 1335 2991 causa
1368 2937 1685 3006 iudicamus

104 3040 202 3080 nos
229 3024 358 3095 ipsi.
383 3024 451 3084 Et
472 3042 583 3080 cum
609 3026 828 3095 diceret,
866 3026 966 3098 (Et
993 3029 1096 3086 alia
1120 3044 1296 3087 manu.
1328 3027 1683 3101 Becoguovi.)

104 3114 388 3172 Montanus
433 3119 698 3190 episcopus
720 3119 869 3176 dixit.
901 3119 1027 3176 Tum
1050 3122 1275 3176 actionis
1304 3130 1387 3176 est
1415 3121 1554 3193 quod
1587 3121 1680 3177 lla-

100 3210 245 3277 gito,
292 3220 348 3264 tu
377 3209 783 3269 fundamentum
813 3226 990 3269 causae
1018 3213 1370 3284 constituisti,
1404 3224 1459 3270 tu
1488 3214 1555 3272 ad
1583 3215 1681 3272 im-

104 3309 411 3371 peratorem
436 3302 744 3374 confugisti.
774 3304 998 3376 Oportet
1027 3321 1157 3378 ergo
1182 3322 1268 3363 me
1294 3318 1344 3362 et
1375 3308 1678 3363 mandatum

104 3402 361 3463 repetere
414 3404 469 3449 et
523 3394 842 3467 legationem
861 3437 877 3463 ,
906 3397 1098 3468 quibus
1119 3413 1246 3453 usus
1276 3401 1350 3455 sis
1377 3400 1590 3465 verbis;
1624 3410 1681 3455 ιιι

101 3500 220 3541 cum
253 3487 370 3542 haec
397 3488 577 3542 omnia
632 3489 683 3545 in
731 3489 935 3560 judicio
978 3489 1270 3548 nobilitatis
1319 3500 1422 3545 tua:
1467 3507 1496 3545 a
1528 3490 1680 3547 nobis

100 3580 297 3634 fuerint
330 3588 649 3650 pertractata
670 3622 686 3649 ,
716 3591 826 3639 tum
850 3580 1064 3636 demum
1085 3582 1210 3651 quid
1241 3583 1451 3637 utilitati
1482 3592 1678 3641 nostra).

100 3673 420 3735 conveniat,
447 3672 653 3725 valeam
679 3670 1027 3741 respondere.
1050 3670 1116 3725 Et
1143 3671 1247 3725 alia
1270 3687 1443 3725 manu.
1473 3670 1678 3727 Monta-

101 3778 200 3817 nus
224 3765 514 3833 episcopus
542 3762 694 3816 salvo
726 3763 1122 3832 provocationis
1139 3762 1332 3820 effectu
1359 3763 1669 3833 recognovi.

110 3852 401 3909 Vincentius
421 3858 685 3926 episcOpus
710 3852 954 3909 Ecclesia:
973 3852 1237 3909 catholicas
1262 3854 1414 3908 dixit.
1438 3852 1673 3909 ,Profes-

97 3944 302 4000 sionem
334 3954 479 3998 tuam
504 3954 556 3999 tu
586 3959 842 4018 superare
870 3960 976 4000 non
1020 3955 1193 4015 potes.
1224 3944 1374 4001 Unde
1401 3945 1675 4002 recessisti

96 4052 383 4108 cognosce.
414 4036 628 4113 Omissa
654 4047 901 4109 repetere
926 4053 1029 4093 non
1064 4044 1233 4108 potes.
1262 4036 1327 4093 Et
1366 4039 1469 4093 alia
1496 4055 1671 4096 manu.

98 4128 428 4203 Recognovi.
456 4130 774 4202 Augustinus
817 4133 1081 4205 episcOpus
1134 4130 1377 4187 Ecclesiae
1410 4132 1676 4187 catholica:

97 4225 242 4279 dixit.
276 4224 419 4292 Quid
463 4224 671 4297 ﬂagitas
717 4225 933 4299 quando
982 4225 1258 4295 petierim,
1313 4240 1434 4280 cum
1486 4224 1672 4281 videas

98 4318 310 4386 quando
338 4317 617 4375 venerim?
644 4318 780 4388 Quid
809 4318 1006 4393 qumris
1038 4327 1216 4380 utrum
1240 4319 1513 4389 petierim,
1546 4334 1669 4377 cum

1795 1745 1947 1791 tenor
1968 1738 2246 1796 evidenter
2271 1740 2524 1795 ostendit.
2552 1741 2787 1812 Denique
2834 1743 2899 1797 ad
2931 1743 3190 1814 integram
3236 1760 3363 1800 con-

1793 1828 2177 1897 firmationem,
2216 1847 2336 1885 cum
2388 1835 2627 1890 omnium
2659 1836 3107 1892 subscribentium
3146 1840 3359 1893 nomina

1790 1921 2121 1991 legi-rentur,
2184 1923 2443 1979 sanctitas
2496 1936 2670 1981 vestra
2722 1927 2857 1982 dixit
2910 1929 3009 1984 sibi
3059 1930 3157 1985 hoc
3204 1931 3357 2000 plene

1790 2026 1893 2067 non
1923 2028 2081 2083 posse
2104 2013 2353 2071 sufficere
2377 2057 2391 2082 ,
2424 2018 2524 2071 nisi
2557 2019 2719 2075 etiam
2762 2034 2947 2075 omnes
2976 2020 3354 2089 advenissent,

1789 2112 1845 2158 ut
1888 2103 1941 2158 in
1974 2107 2373 2183 praesentiarum
2434 2111 2622 2179 positi,
2654 2121 2826 2167 utrum
2855 2112 2961 2183 ipsi
3002 2114 3343 2185 subscripsis-

1791 2202 1912 2249 sent
1949 2205 2107 2267 atque
2158 2199 2536 2265 mandassent,
2568 2202 2800 2271 propriis
2826 2201 3247 2273 professionibus
3278 2206 3357 2258 in-

1788 2288 2048 2345 dicarent.
2079 2289 2356 2346 Montanus
2385 2295 2651 2364 episcopus
2678 2295 2829 2349 dixit.
2863 2296 3131 2352 Personas
3170 2313 3355 2353 eorum

1789 2381 1970 2453 flagito
2017 2383 2107 2453 qui
2137 2385 2439 2442 mandatum
2486 2387 2749 2442 dederunt
2785 2388 2851 2441 ad
2881 2388 3352 2443 clementissimum

1789 2471 2186 2541 imperatorem,
2222 2489 2324 2530 non
2357 2490 2541 2530 eorum
2573 2478 2660 2547 qui
2693 2477 2847 2532 hodie
2876 2478 2940 2532 ad
2969 2480 3069 2533 hoc
3095 2479 3351 2547 judicium

1790 2575 2167 2632 pervenerunt.
2194 2566 2365 2633 Unde,
2395 2568 2475 2622 vir
2501 2569 2770 2635 sublimis,
2802 2580 3010 2639 oportet
3038 2574 3169 2625 istos
3194 2586 3351 2642 quam

1787 2657 2056 2728 refugiunt
2096 2660 2362 2715 actionem
2395 2662 2446 2716 in
2493 2662 2698 2730 judicio
2744 2661 3036 2718 nobilitatis
3085 2673 3189 2719 luat
3233 2680 3355 2734 pro-

1788 2752 1938 2807 dere.
1972 2751 2088 2808 Jam
2115 2768 2243 2824 ergo
2299 2754 2527 2823 prodant
2556 2754 2896 2820 mandatum,
2928 2756 3154 2825 prodant
3200 2766 3252 2809 et
3278 2756 3353 2810 le-

1796 2845 2100 2913 gationcm,
2130 2855 2188 2900 ut
2230 2861 2351 2901 cum
2402 2845 2485 2901 his
2536 2847 2816 2902 recensitis
2855 2846 3240 2902 adverterimus
3264 2846 3354 2916 qui

1792 2935 1983 2990 iisdem
2035 2937 2790 3005 eommendarint,valeamus
2834 2937 3356 3008 eorum'objectioni-

1709 3011 1752 3072 Ο
1787 3027 1886 3081 bus
1909 3028 2257 3099 respondere.
2288 3029 2356 3082 Et
2386 3030 2511 3082 'alt'a
2552 3046 2725 3083 manu.
2770 3028 3050 3083 Montanus
3070 3028 3355 3099 episcopus

1782 3122 2099 3191 recognovi,
2132 3122 2281 3176 salvo
2313 3122 2704 3191 provocationis
2731 3120 2942 3177 effectu.

1853 3214 1940 3269 66.
1975 3212 2309 3268 Marcellinus
2336 3214 2411 3268 vir
2436 3214 2747 3268 clarissimus
2780 3214 3011 3268 tribunus
3050 3222 3096 3267 et
3128 3213 3353 3267 notarius

1782 3307 1932 3362 dixit.
1989 3307 2099 3363 Eos
2125 3323 2259 3377 quos
2291 3307 2609 3378 legationem
2646 3306 2916 3377 peregisse
2942 3304 3075 3361 dicis
3102 3347 3115 3371 ,
3146 3306 3188 3359 si
3218 3321 3355 3376 prae-

1780 3411 1962 3455 sentes
1990 3416 2109 3455 esse
2139 3400 2219 3454 vel
2266 3401 2318 3454 in
2369 3400 2770 3467 praesentiarum
2804 3398 3054 3453 mandato
3081 3398 3347 3464 subscrip-

1780 3494 1916 3546 sisse
1945 3491 2248 3561 cognoscis,
2278 3489 2560 3543 evidenter
2586 3487 2828 3541 ostende.
2880 3488 2972 3541 Sin
3002 3501 3132 3540 vero
3156 3487 3350 3540 absen-

1778 3592 1860 3639 tes
1886 3624 1901 3648 ,
1931 3596 2153 3638 necesse
2180 3590 2263 3635 est
2292 3590 2349 3635 ut
2390 3580 2612 3636 veniant
2633 3621 2645 3645 ,
2678 3588 2940 3649 quatenus
2975 3594 3134 3635 omne
3181 3580 3350 3649 possit

1778 3673 2048 3742 negotium
2080 3672 2414 3742 pertractari.

1848 3766 1938 3822 67.
1989 3764 2262 3822 Montanus
2291 3765 2558 3836 episcOpus
2583 3764 2732 3819 dixit.
2758 3763 2919 3834 Ergo,
2955 3764 3038 3817 vir
3061 3764 3305 3819 sublimis
3329 3806 3344 3831 ,

1777 3872 1965 3913 eorum
1980 3856 2518 3925 praesentiafacienda
2542 3865 2643 3918 est,
2668 3854 2760 3925 qui
2780 3854 2844 3909 ad
2871 3856 3344 3911 clementissimum

1777 3950 2156 4021 imperatorem
2188 3965 2283 4020 per
2307 3952 2474 4005 maria
2506 3950 2841 4006 volaverunt.
2874 3948 3113 4020 Ipsorum
3142 3964 3270 4020 ergo
3294 3959 3348 4005 et

1776 4057 2007 4113 persona
2055 4044 2272 4099 adstans
2318 4043 2511 4101 doceat
2557 4044 2658 4099 sibi
2704 4045 2903 4117 aliquid
2949 4045 3016 4100 ab
3062 4046 3178 4100 istis
3225 4060 3347 4099 esse

1775 4138 2084 4199 mandatum
2112 4156 2127 4204 ;
2175 4148 2232 4194 ut
2271 4129 2349 4195 de
2392 4140 2508 4209 ipso
2539 4139 2789 4195 mandato
2818 4140 3106 4210 intelligam
3138 4140 3262 4209 quid
3292 4141 3345 4194 in

1775 4245 1870 4285 sua
1900 4244 2062 4286 causa
2092 4230 2360 4287 voluerint
2384 4231 2658 4287 innectere
2684 4274 2698 4300 ,
2744 4232 2872 4303 quid
2899 4232 3089 4287 deinde
3120 4230 3344 4286 forsitan

1774 4323 1828 4377 in
1856 4323 2044 4378 eadem
2087 4324 2350 4394 legatione
2386 4334 2574 4380 contra
2615 4341 2713 4381 nos
2742 4327 3010 4381 ementiri.
3066 4326 3160 4381 Est
3204 4326 3343 4380 enim

99 4410 405 4468 universum
433 4411 757 4468 catholicum
801 4424 1041 4482 praesens
1093 4412 1145 4469 in
1178 4411 1279 4468 hac
1308 4411 1437 4467 urbe
1492 4414 1667 4469 consi-
1694 4394 1749 4459 Ῑ)
1776 4413 2008 4474 studium
2041 4429 2258 4485 semper
2285 4416 2738 4483 adversariorum,
2781 4418 2980 4473 incerta
3007 4418 3073 4472 de
3095 4419 3348 4473 adversa-

93 4502 216 4559 lium
242 4502 557 4565 mandatum
584 4504 809 4570 dederit,
841 4505 1092 4562 mandato
1118 4505 1518 4575 subscripserit,
1541 4507 1669 4561 sub-

90 4594 413 4667 scriptiones
439 4611 676 4667 prtesens
705 4608 757 4654 te
786 4599 1018 4655 instante
1039 4600 1388 4672 cognoverit?
1408 4599 1548 4655 Nihil
1580 4599 1668 4655 hic

91 4685 230 4741 aliud
290 4701 454 4763 quam
514 4702 681 4745 morae
711 4691 1071 4761 inquiruntur,
1096 4693 1220 4764 quia
1266 4702 1453 4749 contra
1487 4693 1666 4747 Eccle-

90 4778 219 4835 siam
249 4781 557 4839 universam
589 4782 681 4837 Dei
710 4776 1034 4843 testimoniis
1085 4786 1512 4843 commendatam
1534 4828 1549 4855 ,
1585 4787 1667 4842 ni-

90 4870 162 4931 hil
188 4883 267 4928 est
302 4872 446 4942 quod
478 4874 707 4931 dicatur.
733 4875 802 4929 Et
819 4878 925 4932 alia
950 4894 1123 4934 manu.
1156 4879 1484 4949 Recognovi.

155 4965 241 5020 63.
275 4965 556 5020 Montanus
577 4967 844 5039 episcopus
871 4968 1021 5023 dixit.
1048 4969 1317 5044 Scriptum
1342 4973 1431 5037 sit,
1458 4978 1663 5041 partem

91 5054 362 5111 adversam
405 5060 691 5114 moratoria
742 5060 1051 5130 innectere,
1088 5077 1208 5118 cum
1244 5062 1385 5132 quod
1408 5078 1437 5117 a
1466 5062 1663 5118 nostris

90 5150 324 5214 partibus
348 5149 618 5220 “agitatur
668 5168 772 5207 non
798 5153 1051 5223 produnt.
1106 5156 1183 5210 Ac
1236 5172 1331 5226 per
1360 5156 1461 5210 hoc
1489 5156 1536 5211 si
1562 5170 1658 5209 vo-

89 5234 202 5292 lunt
224 5238 473 5295 eamdem
529 5255 733 5295 moram
781 5244 848 5299 de
872 5246 1050 5300 medio
1078 5247 1221 5310 tolli,
1262 5247 1488 5315 prodant
1511 5248 1652 5316 quod

92 5324 386 5395 flagitamus
406 5368 422 5393 ,
455 5329 682 5398 prodant
724 5333 1030 5391 mandatum
1053 5378 1067 5401 ,
1104 5338 1328 5406 prodant
1357 5346 1409 5392 et
1436 5336 1655 5406 legatio-

90 5434 240 5485 nem;
287 5428 401 5475 tum
444 5422 639 5479 deinde
687 5424 752 5482 ad
783 5428 971 5482 merita
1021 5430 1221 5500 negotii
1256 5430 1549 5485 veniemus.
1583 5426 1651 5482 Et

97 5512 193 5567 alia
221 5528 395 5573 manu.
426 5512 708 5581 Montanus
753 5518 1038 5594 episcopus
1063 5523 1213 5588 salvo
1258 5520 1653 5595 provocationis

90 5602 275 5669 edocto
301 5606 611 5680 recognovi.

1776 4505 1871 4560 riis
1894 4505 2114 4563 auribus
2138 4494 2517 4562 sacratissimis
2543 4509 2836 4564 innectere.
2879 4508 3021 4578 Ergo
3050 4507 3191 4562 unde
3217 4524 3341 4577 pro-

1775 4596 1918 4652 babo
1947 4597 2305 4667 episcopalem
2334 4614 2491 4669 quam
2522 4598 2626 4655 sibi
2646 4600 2847 4670 iactant
2875 4615 2992 4655 esse
3016 4641 3028 4664 ,
3058 4615 3340 4669 personam

1774 4689 1873 4745 sub
1899 4690 2217 4745 verecundia
2248 4704 2297 4744 et
2332 4699 2482 4747 textu
2506 4691 2703 4759 aliquid
2724 4690 3029 4759 imperatori
3053 4703 3339 4758 suggerere

1769 4784 2044 4853 potuisse,
2096 4785 2200 4840 nisi
2249 4784 2491 4840 eamdem
2535 4785 2852 4854 legationem
2898 4784 2979 4835 vel
3029 4783 3338 4837 mandatum

1765 4876 1866 4931 sibi
1891 4877 2155 4932 creditum
2184 4884 2407 4946 potuero
2437 4875 2710 4945 perlegere
2737 4883 2787 4927 et
2817 4874 2883 4928 de
2912 4874 3099 4929 eodem
3131 4876 3337 4944 judica-

1765 4951 1859 5027 re?
1885 4972 1949 5026 Et
1974 4972 2076 5025 alia
2099 4986 2270 5026 manu.
2315 4970 2595 5024 Montanus
2625 4969 2909 5039 epiSCOpus
2935 4969 3082 5022 salvo
3105 4970 3338 5038 appella-

1764 5065 1925 5120 tionis
1955 5063 2145 5117 eﬂectu
2172 5062 2475 5129 recognovi.

1797 5197 1804 5202 .
1834 5154 1926 5209 68.
1956 5153 2171 5222 Alypius
2192 5152 2461 5221 episcopus
2491 5149 2738 5204 Ecclesiw
2762 5149 3027 5204 catholica:
3052 5149 3197 5202 dixit.
3233 5149 3335 5203 Ea-

1762 5245 1884 5301 dem
1913 5241 2183 5313 superﬂuo
2229 5242 2397 5310 repeti
2428 5242 2588 5295 etiam
2633 5239 2884 5294 nobilitas
2927 5249 3012 5293 tua
3054 5240 3330 5294 nobiscum

1759 5336 2083 5395 considerat.
2137 5333 2347 5391 Sufﬁcit
2394 5348 2618 5401 persona
2676 5343 3002 5387 assertorum
3052 5332 3332 5401 praesentis

1760 5429 1995 5486 mandati
2023 5430 2342 5484 auctoritate
2371 5428 2598 5484 firmata.
2643 5425 2759 5480 lam
2802 5440 2945 5482 nunc
2992 5424 3210 5478 remotis
3240 5438 3332 5478 sn-

1759 5523 1978 5600 pertluis
2004 5522 2071 5579 ad
2101 5523 2370 5592 negotium
2400 5522 2677 5577 veniamus
2704 5539 2718 5590 ;
2753 5524 2906 5590 cujus
2932 5520 3326 5573 ﬁrmamentum

1757 5617 1957 5690 pullam
1987 5616 2183 5693 poterit
2203 5613 2400 5682 habere
2428 5614 2833 5683 dubitationem,
2856 5612 3069 5686 quando
3099 5624 3326 5683 persona
