3860 6212
1394 165 1633 246 GESTA_
1658 171 2102 235 COLl.ATl0NlS
2139 178 2752 249 CARTHAGINENSIS.

432 266 622 324 nostra
649 312 664 337 ,
694 272 889 342 quibus
917 273 1220 332 universale
1244 280 1537 341 concilium
1563 291 1865 356 mandavit,
1911 292 2023 345 dis—
2048 295 2103 355 Α
2127 293 2601 359 demonstrandam
2648 305 2994 379 Evangelium
3052 313 3414 383 proferamus.
3484 318 3552 375 Et
3608 324 3709 378 alia

433 364 767 429 putationem
816 363 886 418 ab
932 364 1266 436 imperatore
1295 387 1620 449 praeceptam
1652 381 1725 435 ita
1751 381 1980 436 ﬂrinavit
2004 426 2018 450 ,

437 459 499 506 ut
525 465 594 506 ne
620 451 723 521 ipsi
751 452 971 524 quidem
1002 457 1255 519 dubitare
1278 467 1492 537 possint
1514 510 1529 535 ,
1576 471 1627 524 in
1670 484 1895 540 quorum
1923 471 2023 527 ad-

433 542 711 613 spectibus
742 559 1128 614 processerunt
1158 568 1348 613 omnes
1378 560 1467 629 qui
1499 560 1903 617 mandaverunt.
1958 563 2022 618 Et

431 632 538 686 alia
567 649 742 689 mauu.
790 635 1122 711 Recognovi.
1173 643 1446 704 Possidius
1480 652 1745 721 episcopus
1773 649 2022 709 Ecclesia:

431 726 699 784 catholica
722 730 873 790 dixit.
922 734 1129 794 Petisse
1161 742 1629 813 nos‘collationem
1677 744 1797 815 quis
1824 760 2020 819 negare

428 823 605 891 potuit
631 834 727 880 aut
755 829 1158 897 pot081?Etalia
1189 851 1365 889 manu.
1404 837 1729 908 Recognovi.

501 915 591 973 69.
641 919 895 978 Emeritus
914 926 1182 995 episcOpus
1209 928 1359 983 dixit.
1402 929 1539 998 Quid
1573 932 1797 1002 petisti?
1843 933 2015 1002 Quem

428 1008 626 1065 misisti
652 1011 674 1065 ?
708 1014 801 1071 Dic
832 1031 1025 1073 nomen
1055 1058 1069 1084 ,
1100 1034 1218 1089 quae
1255 1021 1566 1077 mandasti?
1603 1024 1672 1079 Et
1700 1027 1805 1082 alia
1834 1045 2012 1088 manu.

430 1098 707 1158 Emeritus
749 1106 1032 1177 episcopus
1076 1109 1224 1165 salvo
1262 1113 1642 1187 appellationis
1687 1116 1884 1175 eﬂ‘ectu
1923 1137 2011 1178 re-

425 1194 673 1263 cognovi.
708 1195 980 1253 Possidius
1004 1201 1275 1273 episcopus
1307 1202 1554 1261 Ecclesia
1572 1209 1838 1265 catholica,
1857 1212 2009 1268 dixit.

425 1282 503 1341 De
539 1300 698 1341 causa
725 1286 945 1358 loquere
969 1330 983 1355 ,
1018 1292 1327 1349 mandatum
1355 1288 1571 1354 audisti.
1626 1299 1903 1359 Reeitetur
1934 1306 2014 1359 id-

422 1377 661 1433 entidem
689 1421 703 1445 ,
735 1384 1085 1467 atresponde
1109 1426 1124 1452 ,
1155 1388 1201 1442 si
1233 1387 1402 1446 habes
1428 1392 1569 1460 quod
1596 1394 1764 1451 dicas.
1812 1398 2012 1469 Super-

421 1468 544 1525 ﬂuis
576 1458 904 1531 immoraris.
940 1476 1005 1532 Et
1034 1480 1140 1535 alia
1168 1498 1344 1540 manu.
1368 1483 1695 1558 Recognovi.
1732 1489 2013 1547 Petilianus

417 1561 688 1631 episcopus
714 1563 869 1621 dixit.
917 1568 1088 1638 Quem
1129 1574 1357 1642 misisti,
1390 1578 1519 1648 quid
1547 1581 1852 1649 mandasti,
1882 1583 2010 1654 quid

414 1653 574 1724 egisti
603 1655 885 1716 advertere
925 1661 1120 1720 debeo.
1170 1666 1290 1723 Non
1314 1670 1458 1726 enim
1485 1673 1733 1730 clanculo
1766 1676 1857 1732 tibi
1888 1653 2012 1734 licet
2040 1674 2085 1734 B

420 1758 755 1818 Suggerere,
812 1754 953 1822 quod
1010 1768 1195 1824 postea
1273 1776 1378 1817 non
1452 1764 1647 1821 debeat
1725 1769 2006 1838 publicari.

421 1836 489 1892 Et
513 1840 617 1894 alia
656 1860 831 1898 manu.
875 1846 1174 1905 Petilianus
1205 1854 1491 1925 episcopus
1535 1857 1654 1913 sine
1694 1836 2008 1931 praeiudicio

416 1930 797 1999 appellationis
820 1946 1021 1993 nostra:
1050 1944 1365 2012 recognovi.

489 2022 579 2079 70.
610 2022 947 2083 Marcellinus
973 2032 1047 2086 uir
1096 2034 1413 2094 clarissimus
1444 2041 1677 2097 tribunus
1701 2054 1751 2099 et
1775 2045 2009 2102 notarius

417 2117 568 2173 dixit.
613 2118 726 2188 Qua
759 2118 969 2181 ratione
994 2128 1292 2199 legatorum
1322 2136 1539 2191 nomina
1569 2140 1911 2206 postulentur
1934 2142 2011 2212 ig-

419 2223 594 2275 noro,
643 2226 764 2267 cum
792 2215 1137 2276 collationem
1170 2229 1376 2279 tantum
1418 2228 1739 2296 postulatam
1786 2245 1910 2288 esse
1957 2242 2012 2288 et

416 2299 760 2359 collationem
787 2304 953 2365 fuisse
979 2307 1316 2382 concessam,
1342 2318 1481 2374 sicut
1506 2322 1757 2393 superius
1790 2324 2011 2381 interla-

420 2400 508 2447 tus
556 2409 675 2450 sum
704 2438 717 2461 ,
765 2402 1079 2474 principalis
1106 2411 1316 2465 sanetio
1357 2411 1644 2485 diligenter
1683 2418 2006 2474 ostenderit.

419 2480 575 2539 Unde
604 2490 865 2547 sanctitas
896 2505 1073 2551 vestra
1095 2497 1208 2569 jam
1240 2500 1306 2556 ad
1344 2504 1548 2573 negotii
1573 2505 1783 2563 interna
1826 2512 2010 2567 venire

421 2576 695 2650 dignetur,
727 2594 992 2653 quatenus
1019 2593 1217 2649 veritas
1244 2596 1534 2656 eluccsct'tt.

492 2672 581 2727 7t.
613 2673 896 2735 Montanus
926 2684 1196 2755 episcOpus
1222 2688 1372 2745 dixit.
1420 2692 1526 2748 Sed
1555 2695 2012 2757 clementissimus

422 2764 721 2836 imperator
750 2788 835 2828 me
864 2776 1034 2847 magis
1064 2778 1329 2837 instruere
1376 2786 1545 2841 voluit
1568 2791 1694 2857 quid
1727 2791 1794 2845 de
1825 2790 2013 2847 adver-

422 2862 581 2915 sariis
608 2865 809 2922 nostris
838 2870 1194 2942 requiramus,
1221 2876 1348 2933 dum
1376 2883 1558 2952 utique
1580 2897 1765 2939 eorum
1791 2884 2011 2956 legatio-

420 2967 545 3007 nem
592 2958 849 3025 publicat.
898 2960 966 3018 Et
1010 2966 1117 3021 alia
1159 2986 1332 3026 manu.
1403 2975 1685 3032 Montanus
1727 2981 2011 3053 episcopus

425 3050 716 3118 recognovi
738 3053 889 3108 salvo
918 3060 1312 3125 provocationis
1336 3064 1549 3122 eﬂ‘ectu.

496 3140 584 3194 72.
614 3140 1025 3203 Fortunatianus
1069 3154 1339 3225 episcOpus
1370 3156 1613 3217 Ecclesite
1642 3165 1910 3221 catholica:
1932 3168 2012 3220 di-

425 3232 525 3286 xit.
560 3233 930 3310 Separationis
960 3251 1015 3296 et
1036 3242 1389 3304 dissensionis
1414 3261 1516 3307 tua:
1540 3255 1607 3309 ab
1633 3255 1875 3313 Ecclesia
1894 3262 2014 3314 uni-

424 3328 619 3382 versali
645 3370 661 3395 ,
705 3346 824 3402 qua:
852 3342 964 3389 toto
993 3337 1126 3393 orbe
1154 3339 1502 3413 diﬂ‘unditur,
1549 3364 1739 3406 causas
1772 3368 2007 3423 expone.

426 3417 492 3473 Et
521 3421 627 3476 alia
647 3439 825 3481 manu.
850 3427 1180 3501 Recognovi.

493 3513 580 3569 73.
617 3515 897 3575 Montanus
924 3525 1195 3599 episcopus
1223 3528 1376 3610 dixit.
1426 3531 1660 3607 Legatur
1708 3538 1772 3593 ad
1803 3540 2008 3611 locum,

423 3608 468 3662 si
510 3607 832 3679 legationem
874 3632 1062 3673 eorum
1097 3636 1203 3677 non
1231 3607 1518 3693 publicavit
1556 3629 2014 3692 clementissimus

422 3700 736 3771 imperator.
781 3707 853 3762 De
876 3708 976 3765 hac
1003 3727 1083 3779 re,
1115 3712 1183 3769 de
1209 3714 1312 3774 hac
1337 3732 1498 3775 causa
1521 3737 1606 3777 me
1634 3723 1803 3779 voluit
1825 3726 2009 3795 diSpn-

420 3801 535 3848 tare
561 3836 573 3856 .
624 3811 814 3853 eorum
857 3800 1179 3871 legationem
1208 3809 1259 3861 in
1297 3809 1501 3878 judicio
1530 3813 1699 3869 voluit
1728 3817 2009 3885 publicari.

422 3884 506 3939 Ab
534 3890 749 3944 statutis
795 3892 1208 3953 clementissimi
1249 3899 1590 3971 imperatoris
1634 3884 1743 3963 non
1794 3920 1876 3964 est
1921 3912 2015 3966 de-

423 3976 703 4047 viandum,
736 3981 1039 4040 iaciendum
1069 3998 1153 4044 est
1178 3992 1310 4046 satis
1334 3994 1387 4048 in
1422 3994 1522 4051 hoc
1550 3998 1670 4054 loco
1704 4003 2017 4059 clementis-

422 4067 563 4145 simo
593 4069 943 4138 imperatori:
994 4079 1261 4149 siquidem
1304 4084 1371 4140 de
1415 4102 1601 4144 eorum
1648 4091 1917 4160 legatione
1961 4096 2015 4152 in

416 4156 625 4228 judicio
656 4164 920 4234 publicata
948 4186 1045 4226 nos
1074 4173 1241 4230 voluit
1269 4189 1625 4247 pertractare.
1681 4156 1751 4239 Et
1780 4188 1885 4243 alia
1910 4206 2013 4245 ma-

420 4270 509 4309 nu.
558 4257 845 4316 Montanus
870 4263 1182 4337 episcopus,
1227 4282 1482 4330 manente
1509 4278 1887 4349 appellationis
1921 4301 2018 4340 no-

422 4354 551 4401 stra:
578 4348 794 4413 ell'ectu.
828 4360 1137 4428 recognovi.

491 4439 580 4493 74.
601 4421 1009 4527 orlunatianus
1022 4453 1289 4527 episcopus
1316 4454 1559 4516 Ecclesia:
1571 4421 1836 4521 catholica:
1856 4468 2008 4525 dixit.
2040 4460 2093 4520 D

420 4529 535 4587 Hoc
569 4535 1024 4600 clementissimus
1052 4561 1157 4601 non
1199 4552 1413 4607 censuit
1442 4555 1767 4626 imperator;
1818 4563 1912 4617 scd
1958 4565 2009 4619 id

422 4630 667 4698 partibus
692 4634 945 4705 dignatus
971 4649 1056 4695 est
1080 4651 1315 4701 statuere
1342 4688 1356 4712 ,
1394 4657 1453 4703 ut
1478 4651 1544 4704 ab
1571 4654 1811 4726 utrisque
1839 4660 2009 4726 parti-

421 4723 522 4779 bus
563 4727 751 4785 electis
781 4731 1050 4804 episcopis
1075 4778 1090 4802 ,
1142 4746 1488 4797 veternosum
1517 4759 1757 4803 errorem
1793 4751 2006 4807 tandem

418 4816 709 4889 aliquando
738 4834 962 4896 propter
984 4828 1213 4885 salutem
1248 4835 1564 4902 p0pulorum
1611 4848 1663 4893 et
1705 4842 2008 4901 animaratn

415 4910 469 4966 in
502 4914 735 4969 medium
773 4918 977 4985 prolata
1005 4924 1205 4978 veritas
1237 4938 1520 4984 monstret.
1586 4931 1653 4986 Et
1691 4936 1797 4989 alia
1834 4955 2008 4994 manu.

416 5004 748 5077 llecognovi.
799 5010 1085 5099 Petilianus
1133 5020 1405 5088 episcenos
1445 5024 1593 5082 dixit.
1645 5028 1787 5099 che
1834 5042 2010 5090 utrum

414 5098 518 5154 hoc
558 5104 835 5172 petiveris.
895 5107 957 5163 Et
996 5093 1102 5166 alia
1148 5131 1325 5170 manu.
1381 5117 1674 5178 Petilianus
1723 5126 2014 5198 episcopus

413 5193 561 5249 salva
590 5199 955 5267 appellatione
983 5216 1162 5262 nostra
1191 5250 1204 5273 ,
1248 5215 1557 5279 recognovi.
1604 5214 2012 5276 Fortunatianus

408 5287 680 5359 episcopus
708 5290 956 5351 Ecclesia.-
976 5298 1245 5357 catltolica:
1264 5306 1410 5359 dixit.
1434 5306 1703 5365 Czeterum
1724 5316 2012 5383 superﬂnis

408 5378 772 5442 immoramini
798 5428 813 5456 ,
842 5386 1177 5449 Catholicam
1222 5408 1584 5456 monstramus
1613 5402 1908 5461 Ecclesiam
1940 5408 2010 5466 de

410 5478 553 5550 Lege
580 5526 593 5548 ,
626 5483 694 5540 de
725 5484 1050 5557 Prophetis,
1085 5491 1153 5548 de
1178 5492 1507 5563 Evangeliis.
1549 5497 1617 5552 de
1648 5498 1875 5555 Psalmis
1898 5545 1912 5568 ,
1941 5502 2010 5559 de

414 5575 663 5633 omnibus
688 5578 883 5636 divinis
917 5585 1263 5643 testimoniis.
1292 5574 1490 5645 Contra
1522 5590 1625 5649 hoc
1644 5610 1672 5647 a
1704 5596 1856 5651 vobis
1884 5612 2009 5668 pro-

416 5661 583 5723 fertur
624 5673 957 5733 mandatum.
1021 5681 1262 5738 Publica.
1328 5683 1529 5741 Tecum
1584 5686 1650 5743 ad
1710 5661 2007 5750 Ecclesiam

2125 403 2300 444 manu.
2334 392 2661 465 Recognovi.

2197 480 2283 536 75.
2335 483 2617 544 Petilianus
2645 495 2911 566 episcopus
2946 496 3093 549 dixit.
3139 496 3443 556 Ecclesiam
3484 504 3705 561 catholi-

2120 586 2237 627 cam
2270 587 2436 644 pones
2463 596 2546 636 me
2569 597 2690 640 esse
2717 627 2730 647 ,
2763 599 2815 642 et
2845 604 2975 658 pura
3004 585 3311 646 observatio
3337 605 3523 649 nostra
3553 596 3700 665 facit,

2119 672 2173 719 et
2198 666 2326 721 vitia
2352 660 2527 726 vestra
2570 682 2729 747 atque
2757 678 2953 751 ﬂagitia
3004 696 3203 738 vestra.
3246 683 3437 743 Omnis
3470 687 3702 747 Ecclesia

2119 759 2213 814 Dei
2246 778 2397 832 pura,
2424 779 2607 824 sancta
2632 811 2647 835 ,
2680 773 2794 829 sine
2826 777 3032 831 macula
3060 787 3114 833 et
3138 794 3267 849 ruga
3300 795 3420 836 esse
3464 782 3698 841 debebit.

2118 852 2297 936 Quare
2329 856 2489 927 igitur
2514 900 2530 926 ,
2583 874 2640 918 ut
2679 864 2744 920 ad
2780 866 2939 936 hujus
2965 868 3388 951 disputationem
3420 874 3500 929 rei
3529 878 3701 947 possi-

2119 959 2237 1000 mus
2282 948 2651 1023 descendere,
2694 965 2750 1011 et
2793 973 3032 1030 congruo
3078 950 3328 1034 tempore
3377 948 3701 1025 testimoniis

2117 1036 2408 1096 Dominicis
2433 1086 2447 1109 ,
2480 1054 2535 1099 ut
2564 1047 2710 1117 prius
2736 1058 2820 1105 est
2842 1093 2856 1115 ,
2906 1053 3045 1122 quod
3078 1055 3143 1108 de
3176 1064 3225 1110 te
3252 1055 3437 1126 ﬂagito
3462 1100 3477 1125 ,
3508 1060 3551 1115 si
3594 1076 3697 1116 non

2115 1126 2367 1214 difﬁdis,-
2387 1137 2619 1193 maxime
2649 1155 2769 1195 cum
2802 1138 2851 1197 id
2883 1152 3008 1215 agat
3033 1161 3211 1205 causa:
3246 1149 3587 1219 iustissimus
3612 1168 3700 1208 co—

2113 1225 2291 1293 gnitor
2316 1268 2330 1293 ,
2363 1238 2418 1283 ut
2446 1230 2704 1301 quidquid
2733 1236 2995 1306 agendum
3026 1239 3095 1293 sit
3124 1243 3327 1312 populo
3379 1245 3697 1314 publicetur.

2115 1313 2389 1372 Mentitum
2439 1332 2489 1375 te
2550 1324 2712 1393 igitur
2777 1327 3199 1387 clementissimo
3258 1335 3568 1406 imperatori
3622 1353 3699 1395 sat

2112 1418 2362 1474 constat,
2406 1426 2526 1467 eum
2572 1414 2787 1474 dubitas
2832 1420 3074 1489 proferre
3111 1424 3237 1494 quid
3282 1426 3527 1493 dixeris,
3576 1432 3697 1501 quid

2112 1500 2307 1570 egeris,
2330 1504 2455 1574 quid
2476 1507 2840 1579 mandaveris,
2869 1512 2997 1583 quid
3028 1518 3332 1586 susceperit
3358 1519 3448 1574 ille
3476 1500 3693 1591 legatus,

2112 1590 2255 1661 quod
2287 1595 2597 1652 mandatum
2637 1592 2949 1671 acceperit,
2976 1605 3103 1676 quid
3145 1611 3436 1679 peregerit.
3486 1611 3697 1668 Noverit

2119 1683 2233 1739 hcce
2262 1690 2591 1745 conscientia
2608 1755 2619 1769 ,ν
2640 1694 2821 1764 populi
2848 1736 2864 1761 ,
2914 1697 3049 1752 sciat
3095 1700 3345 1754 universa
3383 1703 3691 1771 provincia,

2086 1774 2216 1830 .boc
2264 1788 2381 1833 acta
2426 1780 2527 1836 ista
2568 1797 2688 1853 quae
2732 1796 3077 1843 controversa
3131 1791 3293 1859 plene
3350 1795 3690 1861 contineant,

2112 1869 2287 1922 sciant
2313 1885 2409 1926 vos
2443 1876 2784 1941 apertissime
2812 1877 2881 1932 de
2913 1881 3195 1936 mendacio
3225 1894 3409 1938 vestro
3432 1884 3692 1957 difﬁdere,

2113 1972 2398 2031 morasque
2425 1964 2706 2027 innectere
2732 1968 2952 2035 actioni,
2982 1972 3130 2027 nead
3159 1975 3448 2031 veritatem
3468 1977 3695 2049 aliquan-

2112 2056 2183 2112 do
2214 2060 2408 2116 vestris
2428 2063 2714 2135 prmstigiis
2739 2066 3050 2139 nebulisque
3069 2070 3417 2129 obstantibus
3440 2076 3691 2131 veniatur.

2101 2153 2182 2214 Et
2209 2155 2315 2209 alia
2338 2171 2521 2212 manu.
2557 2158 2850 2217 Petilianus
2867 2163 3325 2235 episcopus’salva
3346 2171 3695 2243 appellatione

2114 2260 2292 2303 nostra
2330 2254 2643 2323 recognovi.
2702 2255 3299 2333 Vincentiurepiscopus
3328 2264 3694 2328 Ecclesium-

2113 2340 2314 2399 tholictz
2352 2344 2507 2400 dixit.
2552 2347 2706 2415 Quod
2751 2352 2928 2407 nescis
2970 2368 3037 2409 an
3072 2357 3355 2424 petiverim
3386 2402 3398 2422 .
3436 2362 3692 2432 quomodo

2112 2437 2517 2505 reprehendis?
2559 2440 2625 2496 Et
2667 2444 2775 2498 alia
2814 2462 2988 2501 manu.
3036 2448 3371 2523 Recognovi.
3417 2452 3691 2510 Petilianis:

2112 2530 2378 2601 episcopus
2403 2532 2557 2588 dixit.
2607 2534 2816 2594 Petisse
2842 2554 2901 2595 se
2922 2541 3203 2599 confessus
3228 2554 3332 2601 est.
3370 2545 3437 2600 Et
3474 2549 3577 2602 alia
3596 2566 3692 2603 nta-

2111 2638 2203 2677 nu.
2250 2621 2541 2682 Petilianus
2571 2627 2861 2700 episcopus
2880 2673 2895 2696 ,
2929 2631 3074 2688 salva
3102 2635 3475 2706 appellatione
3500 2647 3686 2705 nostra,

2112 2719 2421 2787 recognovi.

2186 2808 2274 2865 76.
2305 2808 2719 2871 Fortunatianns
2746 2818 3013 2890 episcopus
3040 2811 3291 2877 Ecclesia
3323 2824 3589 2879 catholica
3610 2824 3692 2879 di-

2112 2904 2207 2958 xit.
2233 2901 2529 2961 Eeclesiam
2558 2909 2720 2981 300
2747 2910 3080 2975 Catholicam
3110 2914 3255 2986 apud
3291 2929 3352 2972 se
3392 2932 3515 2973 esse
3545 2928 3691 2973 testa-

2114 3005 2200 3051 tus
2256 3007 2355 3053 est.
2413 2999 2560 3055 Hanc
2607 3003 2873 3059 voluimus
2924 3008 3197 3065 residente
3268 3010 3550 3067 nobilitate
3611 3020 3688 3066 tua

2116 3090 2438 3146 testimoniis
2466 3094 2702 3150 edoceri.
2749 3096 2996 3155 Publicet
3018 3101 3163 3171 quod
3194 3102 3500 3171 promittit,
3528 3113 3585 3158 ut
3608 3115 3688 3158 aut

2115 3180 2168 3236 in
2201 3182 2319 3252 ejus
2348 3174 2589 3253 apertam
2617 3188 2903 3245 veritatem
2924 3202 3110 3248 noster
3134 3207 3437 3251 consensus
3461 3198 3685 3262 accedat,

2116 3284 2208 3329 aut
2238 3276 2468 3345 patiatur
2494 3283 2784 3337 monstrari
2810 3283 2930 3339 luce
2948 3285 3146 3341 clarius
3177 3290 3487 3354 veritatem,
3510 3300 3562 3345 et
3586 3300 3689 3345 tan-

2116 3366 2238 3421 dem
2276 3368 2566 3439 aliquaudo
2609 3374 2678 3427 ab
2721 3388 2909 3431 errore
2936 3378 3245 3435 deseiseens
3290 3381 3449 3437 cedat
3495 3382 3689 3439 veritati

2116 3472 2357 3530 congrue
2388 3478 2483 3530 pro
2523 3464 2701 3520 salute
2726 3507 2740 3531 ,
2790 3468 2878 3537 qui
2924 3461 3122 3539 Cogitat
3166 3473 3219 3526 in
3263 3489 3456 3537 errore
3494 3477 3688 3530 vincere

2116 3560 2309 3634 contra
2331 3553 2580 3609 Salutem.
2614 3555 2680 3610 Et
2692 3556 2814 3611 ’alia
2843 3575 3019 3613 manu.
3048 3559 3381 3634 Recognovi.
3426 3563 3688 3620 Petilianus

2117 3621 2388 3713 episébpus
2414 3644 2564 3699 dixit.
2618 3646 2682 3702 Ut
2719 3649 2987 3717 possimus
3019 3621 3394 3721 facerevhxe,
3440 3658 3581 3727 prius
3617 3658 3687 3715 lac

2118 3736 2258 3808 quod
2290 3739 2356 3794 de
2383 3748 2433 3794 te
2463 3738 2784 3811 ﬂagitamus.
2822 3743 2885 3797 Et
2917 3745 3022 3799 alia
3044 3763 3219 3801 manu.
3246 3747 3542 3804 Petilianus
3583 3752 3685 3821 epi-

2118 3843 2313 3897 sc0pus
2332 3832 2447 3887 sine
2466 3834 3166 3915 prtcjudicioappellationis
3181 3850 3381 3895 nostrae
3396 3844 3683 3912 recognovi.

2119 3920 2529 3981 Fortunatianus
2559 3928 2830 3996 episcopus
2862 3927 3106 3985 Ecclesia:
3136 3934 3408 3989 cat/taliae
3454 3937 3595 3990 dixit.
3637 3935 3686 3992 Si

2121 4015 2254 4070 ordo
2311 4028 2583 4087 gestorum
2625 4020 2869 4091 ﬂagitat,
2904 4024 3260 4092 publicamus.
3297 4026 3359 4081 Et
3386 4029 3491 4083 alia
3528 4046 3681 4083 manu.

2123 4109 2451 4180 ReCOgnovi.

2196 4202 2284 4256 77.
2323 4203 2656 4260 Marcellinus
2682 4208 2759 4261 vir
2780 4209 3097 4266 clarissimus
3130 4216 3364 4271 tribunus
3405 4229 3451 4272 et
3476 4217 3683 4272 notariis

2120 4295 2270 4350 dixit.
2312 4297 2446 4352 Cum
2476 4298 2758 4370 legationis
2785 4301 3013 4370 formam
3039 4305 3438 4365 demonstrarit
3482 4321 3680 4382 augusta

2124 4392 2431 4461 praeceptio.
2456 4408 2552 4448 cur
2569 4394 3108 4464 legatorum‘nomina
3136 4402 3475 4468 postulentur
3498 4405 3678 4475 ignoro.

2118 4484 2199 4537 An
2231 4484 2638 4563 inviCIissimum
2672 4489 2968 4562 principem
3000 4492 3202 4563 aliquid
3231 4506 3423 4553 contra
3441 4499 3680 4553 rationem

2117 4557 2523 4636 dixisse've'stra
2547 4557 2805 4639 sanctitas
2834 4557 3018 4655 putat?
3040 4583 3173 4643 Cum
3207 4589 3275 4643 ad
3301 4606 3516 4646 causam
3544 4608 3679 4663 pera-

2116 4670 2343 4741 gendam
2378 4689 2623 4743 persom
2642 4676 2922 4733 videantur
2947 4695 3014 4734 ex
3026 4696 3228 4751 pressa:
3247 4694 3410 4754 atque
3438 4686 3639 4742 ﬁrmatae
3661 4729 3673 4753 ,

2117 4781 2214 4822 cur
2243 4784 2381 4823 nunc
2412 4771 2691 4841 legationis
2719 4775 2919 4829 mentio
2951 4774 3040 4830 ﬁat
3066 4820 3082 4842 ,
3130 4780 3364 4836 necdum
3414 4784 3551 4851 potui
3573 4781 3679 4838 dili~

2116 4870 2307 4931 genter
2332 4861 2617 4919 advertere
2640 4906 2656 4932 ,
2703 4866 2785 4922 vel
2817 4881 2913 4922 cur
2944 4868 3243 4939 legatorum
3270 4875 3487 4929 nomina
3525 4884 3681 4946 postu-

2116 4954 2295 5009 lentur
2324 4955 2535 5026 ignoro.
2560 4956 2955 5042 Unde-tandem
2983 4964 3277 5036 aliquando
3304 4971 3499 5026 amotis
3522 4984 3681 5042 super-

2116 5045 2257 5112 ﬂuis,
2291 5050 2563 5119 negotium
2604 5033 2951 5122 proponatur.

2188 5139 2275 5195 78.
2312 5139 2569 5197 Emeritus
2599 5146 2867 5217 episcopus
2902 5147 3056 5203 dixit.
3106 5139 3423 5208 Mandatum.
3448 5151 3579 5223 quod
3602 5167 3675 5207 reo

2120 5232 2261 5286 centi
2292 5235 2510 5304 negotio
2538 5237 2821 5293 recitatum
2856 5250 2959 5308 est,
2998 5242 3133 5297 actis
3163 5244 3379 5301 videtur
3421 5247 3671 5302 insertum.

2118 5324 2251 5391 Quid
2279 5335 2459 5381 autem
2491 5344 2584 5395 per
2610 5329 2817 5401 legatos
2850 5348 2979 5387 suos
3018 5337 3398 5394 mandaverint
3438 5340 3675 5395 insinuare

2118 5418 2426 5473 noluerunt.
2480 5419 2545 5473 Et
2574 5422 2680 5475 alia
2705 5439 2882 5478 manu.
2926 5424 3200 5483 Emeritus
3242 5431 3527 5503 episcopus
3552 5427 3676 5487 salvo

2116 5507 2311 5564 eﬂ'ectu
2341 5510 2724 5581 appellationis
2754 5510 2951 5571 nostra:
2976 5523 3293 5590 recognovi.

2190 5604 2282 5659 79.
2317 5604 2655 5665 Marcellinus
2691 5610 2768 5665 vir
2794 5612 3375 5689 clarissimus_tribunsts
3408 5631 3453 5677 et
3475 5620 3674 5676 notarius

2113 5696 2264 5752 dixit.
2339 5697 2703 5759 Collationem
2757 5707 3079 5775 postulatam
3131 5711 3421 5771 evidenter
3483 5712 3670 5771 recitata
