3860 6212
171 322 310 377 1577

1131 315 1354 374 GESTA
1388 312 1838 374 COLLATIONIS
1875 316 2491 376 CARTHAGINENSIS.

3297 319 3434 376 1578

173 433 486 504 principalis
514 429 722 487 sanctio
745 430 1060 498 declaravit,
1082 431 1332 502 hancque
1355 431 1519 486 fuisse
1539 446 1757 486 conces-
1784 435 1835 494 Α
1864 449 1960 502 pro
1999 449 2096 488 sua
2134 437 2340 490 censuit
2387 434 2676 490 voluntate.
2726 432 2833 488 Nos
2882 436 3095 504 quoque
3140 438 3436 495 secundum

169 543 289 583 sam
320 532 550 582 constat.
599 524 666 579 Et
693 524 943 594 quoniam
989 525 1040 578 in
1078 540 1242 578 unum
1273 525 1530 579 sanctitas
1577 531 1752 578 vestra

171 617 241 673 de
267 617 490 673 delectis
519 615 586 670 ab
623 625 844 684 utraque
887 625 1035 686 parte
1077 616 1167 686 qui
1212 616 1482 685 negotium
1538 622 1756 684 possent

170 709 402 764 actitare
427 706 678 761 convenit
702 747 716 772 ,
746 722 929 777 qua-so
957 721 1052 760 vos
1097 715 1152 760 ut
1194 707 1408 759 tandem
1456 718 1758 774 proponere

172 798 449 871 negotium
471 839 486 862 ,
532 809 584 853 et
613 813 870 869 peragere
898 807 1060 869 atque
1105 799 1390 868 explanare
1435 797 1754 867 dignemini.

175 893 435 947 Emeritus
455 892 720 964 episcopus
752 891 901 945 dixit.
948 891 1059 946 lloc
1083 891 1254 960 ipsum
1287 891 1431 944 dicat
1457 891 1596 958 quod
1625 904 1760 958 prte-

175 987 375 1040 stantia
407 993 494 1038 tua
520 1000 613 1039 sua
645 984 1061 1039 interlocutione
1087 982 1337 1053 signavit.
1365 981 1434 1035 Et
1455 981 1562 1034 alia
1580 997 1756 1036 manu.

176 1079 452 1134 Emeritus
493 1080 774 1148 episcopus
820 1077 966 1131 salva
1011 1075 1370 1147 appellatione
1433 1085 1615 1130 nostra
1671 1089 1761 1129 re-

177 1172 430 1242 cognovL

256 1268 348 1324 80.
394 1266 703 1338 Augustinus
736 1264 1000 1336 episcopus
1027 1261 1272 1316 Ecclesia:
1304 1261 1569 1315 catholica:
1611 1260 1759 1314 dixit.

183 1360 302 1416 Hoc
329 1359 456 1415 olim
485 1361 776 1415 clamamus
805 1366 860 1410 ut
891 1355 1000 1409 fiat.
1050 1353 1280 1408 Collatio
1320 1353 1585 1421 postulata
1633 1361 1716 1407 est
1744 1390 1759 1416 ,

184 1456 406 1510 collatio
433 1468 688 1510 concessa
721 1459 824 1514 est,
853 1464 1014 1527 causa
1039 1448 1344 1502 collationis
1369 1447 1581 1514 utrique
1618 1444 1767 1497 veni-

188 1563 335 1603 mus.
386 1547 502 1602 .lam
547 1544 760 1599 tandem
792 1541 923 1608 fiat,
953 1539 1095 1610 quod
1123 1549 1174 1593 et
1200 1540 1421 1607 petitum
1455 1535 1681 1590 fatemur
1713 1542 1773 1590 et‘

186 1652 507 1696 concessum
543 1650 666 1691 esse
711 1634 822 1704 ipsa
873 1634 1153 1687 concessio
1193 1629 1505 1706 declaravit.
1561 1626 1627 1682 Et
1663 1627 1767 1680 alia

186 1747 371 1784 manu.
400 1726 730 1796 Recognovi.
766 1724 1021 1778 Emeritus
1049 1723 1316 1793 episcOpus
1344 1720 1495 1773 dixit.
1531 1718 1770 1797 Postula-

190 1834 300 1876 tam
329 1837 447 1877 esse
472 1819 626 1875 dixit.
654 1819 756 1872 Per
776 1831 932 1886 quem
959 1813 1151 1885 petiit?
1183 1812 1249 1867 Et
1275 1813 1379 1866 alia
1401 1828 1576 1866 manu.
1612 1810 1771 1864 Erne-
1803 1809 1845 1867 Β

190 1915 332 1970 ritus
353 1914 638 1982 episcopus
664 1911 810 1964 salva
855 1907 1213 1976 appellatione
1249 1912 1432 1958 nostra
1462 1902 1768 1970 recognovi.

195 2006 469 2059 Possidius
505 2005 771 2072 episc0pus
819 1999 1061 2052 Ecclesix
1086 1997 1351 2051 catholicae
1389 1997 1538 2049 dixit.
1585 1993 1772 2047 Finem

193 2095 481 2166 superﬂuis
508 2095 783 2160 imponere
806 2089 1011 2144 nolunt.
1041 2087 1105 2142 Et
1121 2089 1225 2140 alia
1244 2103 1417 2140 manu.
1449 2083 1773 2154 Recognovi.

202 2187 484 2242 Montanus
505 2185 768 2255 epist-Opus
796 2181 946 2236 dixit.
990 2179 1069 2233 Tu
1099 2177 1164 2232 ad
1193 2179 1457 2231 actionem
1489 2190 1666 2230 moras
1697 2175 1779 2229 in-

197 2280 395 2335 neCtis.
427 2275 496 2330 Et
524 2277 628 2329 alia
645 2291 819 2328 manu.
841 2273 1126 2327 Montanus
1153 2270 1439 2340 episcopus
1466 2267 1778 2338 recognovi,

197 2371 351 2424 salvo
377 2365 770 2438 provocationis
801 2363 1015 2419 effectu.

275 2460 366 2516 8|.
403 2458 734 2513 Marcellinus
764 2456 838 2508 vir
865 2454 1176 2509 clarissimus
1202 2451 1436 2507 tribunus
1474 2461 1522 2506 et
1549 2452 1779 2506 notarius

202 2554 353 2609 dixit.
384 2552 703 2622 Legatorum
733 2563 976 2620 personae
1004 2548 1075 2602 ibi
1110 2547 1323 2601 fuerant
1345 2546 1619 2617 exigendae
1649 2586 1662 2609 ,
1696 2545 1786 2600 ubi

207 2655 422 2719 peracta
453 2646 648 2715 legatio
674 2655 776 2699 est.
826 2643 960 2699 Cum
988 2653 1164 2696 autem
1212 2640 1279 2696 de
1307 2640 1614 2696 nominibus
1639 2639 1786 2708 lega-

209 2749 387 2795 torum
425 2735 880 2793 clementissimus
905 2745 1079 2788 tacere
1108 2731 1335 2786 voluerit
1356 2719 1667 2800 imperator,
1695 2744 1793 2784 cur

210 2834 301 2889 hic
344 2831 718 2887 desiderentur
764 2829 973 2899 ignoro.
1024 2825 1284 2878 Emeritus
1330 2823 1597 2895 episc0pus
1638 2821 1788 2875 dixit.

209 2924 318 2993 lpsi
345 2937 449 2976 non
482 2930 692 2976 taceant
719 2961 733 2985 ,
766 2920 812 2974 si
842 2918 1003 2973 tacuit
1029 2917 1340 2987 imperator.
1389 2913 1456 2968 Et
1490 2914 1595 2967 alia
1620 2930 1792 2967 manu.

214 3015 485 3070 Emeritus
521 3012 837 3082 episcopus,
868 3010 1020 3065 salva
1043 3008 1404 3078 appellatione
1443 3015 1624 3060 nostra
1648 3047 1662 3071 ,
1708 3020 1797 3059 rc—

215 3107 464 3178 cognovL

1859 541 2045 580 eorum
2074 527 2384 596 petitionem
2421 567 2436 590 ,
2467 535 2522 580 ut
2550 524 2758 590 dicunt,
2791 539 2947 594 quam
2973 541 3116 580 nunc
3160 527 3210 581 in
3240 529 3438 596 judicio

1860 628 2087 689 negant,
2125 635 2281 690 quam
2311 619 2608 690 approbare
2645 617 2855 673 nolunt.
2910 617 2977 672 Et
3016 617 3168 690 [cum
3208 621 3394 676 diceret
3420 663 3434 687 ,

1863 709 1974 782 (Et)
2009 712 2114 766 alia
2148 728 2320 765 manu.
2365 711 2633 766 Emeritus
2677 712 2958 780 episcopus
2979 751 2995 776 ,
3026 710 3173 766 salva
3202 713 3437 780 appella-

1860 807 2006 861 tione
2030 815 2231 870 nostra,
2265 804 2598 878 recognovi].
2631 804 2944 876 Augustinus
2963 806 3232 874 episcopus
3260 803 3442 861 Eccle-

1860 901 1952 955 site
1980 898 2243 976 catholica:
2270 899 2419 954 dixit.
2447 899 2563 954 Non
2591 914 2868 969 negamus.
2913 897 2978 952 Et
3003 899 3107 952 alia
3136 915 3312 953 manu.
3340 899 3438 954 Re.

1862 992 2110 1063 cognovi.
2155 991 2413 1045 Emeritus
2442 999 2713 1061 episcopus
2751 991 2898 1043 dixit.
2956 988 3122 1054 Quam
3168 990 3441 1058 publicare

1863 1083 2183 1150 detrectant,
2218 1082 2504 1152 provinciis
2539 1080 2733 1136 nostris
2755 1080 2932 1145 acciti,
2955 1079 3259 1135 conflictum
3283 1097 3440 1150 quem

1863 1191 1923 1232 se
1951 1190 2250 1247 proponere
2279 1174 2598 1242 pollicentur
2621 1214 2634 1236 ,
2689 1172 2934 1242 refugere
2962 1187 3063 1226 nos
3109 1188 3214 1226 non
3245 1172 3446 1228 debere

1865 1269 2084 1322 omnino
2113 1266 2448 1337 profitemur.
2480 1264 2642 1335 igitur
2667 1266 2916 1336 quoniam
2949 1266 3079 1319 nihil
3111 1265 3178 1320 de
3207 1281 3283 1332 re,
3311 1267 3446 1323 nihil

1866 1360 1933 1416 de
1957 1374 2142 1427 capsa,
2179 1358 2308 1412 nihil
2338 1357 2406 1413 de
2432 1371 2660 1426 persona
2688 1366 2864 1412 actum
2893 1365 2973 1411 est
2999 1397 3013 1421 ,
3045 1373 3166 1412 cum
3195 1359 3443 1426 primitus

1867 1451 2220 1528 illud‘debeat
2261 1449 2509 1505 ventilari
2540 1461 2716 1503 utrum
2749 1449 3042 1518 petierint,
3078 1464 3171 1518 per
3197 1464 3332 1519 quos
3357 1464 3450 1519 pe-

1869 1544 2051 1600 tierint
2075 1584 2089 1608 ,
2119 1543 2202 1597 vel
2224 1541 2349 1612 quid
2393 1541 2685 1612 petierint,
2736 1556 2903 1610 quare
2934 1541 2984 1595 id
3013 1541 3212 1596 sileant
3241 1583 3252 1606 ,
3282 1557 3450 1612 quare

1869 1652 1973 1691 non
2008 1637 2275 1705 publicent
2299 1677 2313 1699 ,
2349 1635 2578 1689 advertit
2616 1635 2920 1689 sublimitas
2961 1644 3070 1688 tua.
3124 1634 3179 1687 Si
3227 1649 3456 1690 concor-

1869 1727 1999 1783 dant
2013 1727 2316 1797 petitiones,
2336 1725 2596 1781 debentin
2620 1725 2822 1795 judicio
2840 1726 3105 1780 ventilari.
3121 1725 3177 1782 Si
3203 1735 3452 1780 neutrum

1875 1820 2082 1886 volunt,
2115 1819 2270 1897 unius
2298 1818 2495 1874 debent
2521 1817 2698 1873 facere
2726 1817 3047 1872 cessionem.
3086 1816 3143 1872 Si
3169 1816 3235 1870 ad
3269 1816 3460 1886 prioris

1877 1914 2112 1970 mandati
2143 1913 2324 1967 volunt
2350 1927 2450 1966 nos
2481 1922 2666 1966 tenere
2695 1926 3043 1975 consensum,
3075 1926 3178 1966 non
3202 1925 3460 1980 negamus

1875 2005 2172 2061 secundum
2202 2005 2479 2073 imperiale
2500 2014 2829 2073 praeceptum
2853 2003 3043 2058 adesse
3064 2018 3162 2058 nos
3183 2004 3463 2058 conflicta-

1879 2097 2008 2151 tioni
2038 2096 2257 2151 debere.
2305 2096 2360 2152 Si
2407 2106 2584 2150 autem
2632 2094 2929 2149 secundum
2974 2095 3458 2164 praesensmanda-

1881 2196 1991 2243 tum
2023 2187 2210 2243 volunt
2237 2203 2417 2258 agere,
2441 2186 2640 2243 debent
2664 2187 3026 2256 cognitionem
3056 2187 3292 2257 ejusdem
3329 2204 3462 2259 quo-

1881 2294 1985 2350 que
2023 2278 2137 2346 rei,
2192 2278 2544 2347 profiteantur
2589 2278 3086 2348 adstipulationem.
3134 2279 3188 2334 Si
3219 2278 3469 2334 dubitant

1885 2385 2221 2441 proponere,
2270 2381 2326 2424 ut
2373 2386 2474 2426 nos
2517 2369 2829 2425 earumdem
2881 2368 3338 2439 propositionibus
3378 2385 3467 2425 re-

1885 2463 2152 2533 spondere
2178 2462 2456 2516 valeamus
2474 2502 2488 2527 ,
2518 2460 2695 2517 videat
2723 2462 3034 2531 praestantia
3064 2468 3147 2514 tua
3173 2475 3276 2512 non
3307 2474 3337 2512 e
3364 2475 3463 2512 no-

1886 2554 2013 2610 stris
2058 2553 2298 2622 partibus
2341 2553 2488 2608 nasci
2527 2553 2814 2623 quominus
2859 2551 3129 2620 negotium
3161 2550 3468 2605 ventiletur.

1889 2646 2097 2715 Quippe
2123 2660 2242 2700 cum
2274 2644 2372 2698 hac
2401 2635 2566 2715 agoga
2592 2643 2670 2716 (l)
2701 2653 2755 2700 et
2781 2642 2879 2698 hac
2897 2640 3472 2713 quodammodojanua

1890 2737 1958 2794 ad
1988 2737 2187 2811 negotii
2217 2737 2408 2791 merita
2439 2736 2873 2792 descendendum
2900 2736 3006 2801 sit,
3058 2735 3303 2803 intelligit
3334 2749 3471 2804 prte-

1892 2831 2087 2887 stantia
2119 2839 2204 2884 tua
2236 2831 2319 2885 vel
2352 2843 2548 2900 negare
2581 2829 2770 2884 saltem
2802 2841 2896 2882 eos
2922 2869 2935 2891 ,
2965 2827 3046 2882 vel
3082 2828 3310 2882 reticere
3332 2867 3346 2892 ,
3393 2825 3479 2881 vel

1896 2934 2244 2982 contemnere
2288 2922 2618 2994 respondere
2661 2921 3119 2992 propositionibus
3160 2921 3389 2984 nostris;
3422 2927 3482 2974 ut

1896 3005 2161 3071 cum'hacc
2194 3014 2510 3079 adveneris,
2531 3013 2774 3083 judicare
2790 3013 3046 3083 digneris.
3080 3010 3144 3064 Et
3169 3012 3274 3065 alia
3297 3027 3472 3064 manu.

1901 3109 2170 3165 Emeritus
2195 3109 2479 3178 episcopus
2505 3149 2518 3172 ,
2563 3107 2716 3163 salvo
2751 3105 2942 3161 effectu
2989 3104 3363 3175 appellationis
3388 3116 3484 3157 no-

291 3199 381 3255 82.
415 3196 822 3252 Fortunatianus
853 3194 1117 3264 episcOpus
1147 3190 1392 3244 Ecclesiae
1423 3187 1686 3242 catholica:
1713 3188 1791 3240 di-
1821 3182 1866 3244 C
1899 3209 2047 3265 ειιιερ,
2076 3201 2384 3269 recognovi,

217 3295 314 3348 xit.
337 3293 564 3346 Causam
591 3290 770 3344 dicant
795 3328 809 3352 ,
843 3298 899 3342 ut
920 3287 1029 3357 jam
1060 3286 1293 3340 diximus
1318 3326 1333 3350 ,
1367 3283 1722 3354 separationis
1745 3290 1800 3335 et

219 3385 498 3442 divisionis
523 3385 588 3438 ab
616 3370 854 3438 Ecclesia
884 3391 995 3434 toto
1041 3389 1302 3434 terrarum
1335 3379 1466 3433 orbe
1496 3376 1754 3446 promissa
1782 3417 1798 3441 ,

223 3479 344 3548 lege
371 3476 602 3541 firmata,
620 3474 940 3545 testimoniis
954 3473 1332 3544 prephetarum
1359 3472 1476 3525 luce
1503 3468 1801 3524 clariusde—

225 3578 559 3634 monstrata,
610 3567 898 3638 Evangelio
942 3582 1108 3635 usque
1136 3566 1294 3619 hodie
1322 3580 1510 3635 magna
1556 3563 1806 3617 firmitate

227 3663 516 3733 perducta;
562 3669 617 3715 et
646 3659 925 3714 discedant
958 3659 1262 3712 moratorite
1297 3642 1804 3726 tergiversationes',

225 3764 283 3809 et
311 3754 666 3825 separationis
691 3753 892 3807 crimen
920 3750 1004 3805 vel
1029 3764 1151 3805 sero
1182 3757 1530 3818 cognoscant.
1586 3747 1652 3800 Et
1697 3749 1803 3801 alia

228 3864 404 3901 manu.
437 3844 764 3913 Recognovi.

304 3938 392 3992 85.
429 3935 701 3989 Montanus
729 3933 992 4003 episcopus
1018 3933 1168 3986 dixit.
1193 3931 1324 3986 Cum
1353 3931 1588 3986 edideris
1607 3946 1669 3985 ea
1693 3947 1811 3998 qua:

231 4026 571 4098 postulamus
596 4066 611 4090 ,
638 4024 1025 4079 assertionibus
1056 4026 1257 4078 nostris
1284 4039 1390 4076 non
1423 4023 1715 4078 deerimus.
1751 4022 1816 4078 Et

234 4120 342 4173 alia
368 4134 541 4172 manu.
595 4118 872 4170 Montanus
899 4117 1183 4185 episcopus
1232 4116 1636 4182 prosecutioncs
1669 4130 1814 4168 meas

235 4213 384 4267 salvo
409 4209 780 4280 appellationis
810 4206 1006 4263 eﬂ'eCtu
1035 4207 1338 4276 recognovi.

311 4305 399 4360 84.
434 4303 764 4357 Marcellinus
792 4302 866 4355 vir
895 4299 1207 4354 clarissimus
1245 4299 1476 4353 tribunus
1518 4309 1563 4352 ct
1593 4298 1819 4352 notarius

239 4398 392 4454 dixit.
441 4396 783 4468 Legationem
810 4410 839 4448 a
865 4393 1156 4449 Catholicis
1184 4400 1485 4461 susceptam
1531 4390 1821 4461 imperialis

239 4491 536 4552 sanctionis
565 4499 717 4544 tenor
742 4485 1011 4552 ostendit,
1063 4489 1115 4538 in
1160 4499 1264 4554 qua
1302 4483 1645 4537 collationem
1692 4497 1821 4536 con-

1973 3310 2062 3366 86.
2100 3311 2434 3364 Marcellinus
2459 3311 2537 3364 vir
2568 3309 2884 3364 clarissimus
2919 3308 3151 3362 tribunus
3181 3315 3228 3362 et
3260 3307 3488 3362 notarius

1902 3405 2052 3458 dixit.
2098 3388 2236 3470 Quid
2263 3403 2541 3473 petierint,
2575 3402 2660 3458 vel
2691 3401 2815 3472 quid
2847 3401 3186 3472 pertulerint,
3216 3399 3487 3470 inquirere

1906 3511 1993 3552 me
2039 3495 2237 3550 debere
2292 3511 2396 3549 non
2453 3495 2614 3563 jussit
2663 3493 3119 3548 clementissimus
3170 3492 3484 3560 imperator.

1907 3588 2083 3654 Quare
2112 3576 2290 3640 autem
2319 3586 2481 3655 petita
2509 3584 2727 3637 collatio
2752 3583 2819 3635 sit
2845 3621 2860 3648 ,
2907 3581 3242 3646 apertissime
3267 3581 3486 3634 demon-

1909 3688 2133 3734 stratum
2165 3685 2242 3730 est
2265 3715 2278 3738 ,
2311 3675 2361 3727 id
2393 3682 2514 3738 est,
2545 3681 2600 3725 ut
2628 3671 3064 3739 superstitionem
3098 3670 3232 3722 ratio
3259 3667 3489 3724 manife-

1910 3780 1988 3823 sta
2019 3765 2274 3820 confutet.
2334 3764 2443 3818 Hoc
2471 3762 2628 3816 hodie
2651 3761 2763 3814 fieri
2796 3758 3083 3829 possenon
3117 3759 3332 3814 dubium
3364 3768 3485 3825 est;

1911 3859 2174 3930 siquidem
2217 3856 2451 3912 delectas
2481 3857 2550 3911 ab
2598 3862 2820 3923 utraque
2861 3862 3010 3921 parte
3062 3867 3316 3920 personas
3363 3869 3492 3906 cnn-

1872 3979 1875 3981 -
1914 3954 2122 4009 venisse
2148 3964 2433 4020 cognosco.
2468 3947 2619 4004 Unde
2639 3947 2749 4015 jam
2769 3988 2782 4011 ,
2824 3945 2958 4000 sicut
2983 3944 3178 4014 smpius
3207 3945 3488 4002 interfatus

1915 4059 2057 4108 sum,
2085 4043 2351 4113 negotium
2381 4049 2731 4110 proponatur.

1987 4157 2074 4212 87.
2119 4153 2376 4208 Emeritus
2407 4153 2672 4222 episcopus
2699 4150 2849 4204 dixit.
2904 4149 3176 4203 Petierunt
3202 4187 3216 4212 ,
3267 4156 3357 4202 aut
3387 4163 3491 4203 non

1919 4252 2204 4323 petierunt.
2258 4247 2445 4301 Dicant
2472 4260 2564 4314 per
2587 4258 2721 4314 quos
2768 4243 2856 4297 vel
2907 4241 3033 4312 quid
3085 4241 3374 4310 petierunt.
3429 4241 3494 4294 Et

1920 4345 2023 4398 alia
2047 4358 2218 4396 manu.
2272 4338 2540 4394 Emeritus
2572 4338 2854 4407 episcopus
2883 4377 2898 4401 ,
2949 4335 3092 4389 salva
3138 4332 3494 4402 appellatione

1921 4445 2124 4502 nostra,
2156 4432 2463 4504 recognovi.

243 4596 355 4642 stat
393 4585 558 4639 fuisse
584 4583 923 4653 postulatam,
947 4579 1029 4632 cui
1062 4593 1144 4630 me
1164 4575 1397 4647 iudicem
1423 4575 1561 4629 idem
1587 4574 1822 4630 clemen—
1848 4563 1898 4624 D
1994 4572 2081 4628 88.
2113 4570 2326 4642 Alypius
2356 4568 2622 4640 episcOpus
2651 4565 2894 4620 Ecclesia:
2914 4563 3176 4617 catholica:
3195 4563 3344 4616 dixit.
3375 4562 3498 4616 Suf-

248 4678 491 4733 tissimus
519 4674 763 4743 princeps
789 4671 956 4726 voluit
987 4667 1246 4724 residere.
1279 4665 1431 4721 Unde
1473 4664 1722 4735 quoniam
1761 4663 1826 4717 de

252 4769 500 4838 personis
527 4767 820 4836 legatorum
862 4763 992 4817 nihil
1025 4762 1294 4830 inquirere
1329 4769 1626 4829 praeceptus
1667 4773 1826 4826 sum,

253 4873 360 4914 nec
383 4856 642 4910 excedere
668 4871 751 4908 me
782 4843 940 4922 posse
965 4854 1211 4922 praecepti
1244 4851 1469 4918 formam
1509 4859 1683 4902 vestra
1708 4864 1830 4902 san-

254 4952 415 5006 ctitas
445 4961 649 5002 mecum
682 4946 872 4999 melius
911 4946 1269 5013 recognoscit,
1301 4943 1595 5014 dignamini
1615 4941 1827 4995 tandem

256 5039 544 5106 aliquando
587 5035 854 5102 negotium
900 5048 1237 5102 proponere,
1292 5046 1348 5088 ut
1388 5044 1442 5090 et
1486 5035 1585 5102 ipsi
1626 5031 1833 5087 veritati

257 5142 314 5187 et
357 5126 634 5198 principali
677 5123 901 5193 jussioni
947 5123 1271 5186 satisfactum
1319 5139 1441 5179 esse
1487 5125 1538 5177 in
1589 5123 1834 5183 omnibus

258 5221 524 5276 videatur.

334 5314 423 5370 85.
456 5309 709 5364 Emeritus
734 5307 1000 5375 episcopus
1039 5306 1186 5358 dixit.
1228 5305 1364 5371 Quid
1396 5316 1607 5359 secreto
1652 5320 1838 5376 agatur

264 5403 538 5473 intelligis.
570 5400 648 5454 vir
670 5396 994 5466 spectabilis,
1028 5395 1156 5449 dum
1183 5410 1294 5448 rem
1331 5395 1379 5447 in
1412 5395 1589 5448 medio
1613 5400 1838 5463 positam

264 5511 319 5557 et
349 5513 483 5570 pene
514 5496 621 5563 ipsa
655 5493 769 5546 luce
796 5487 1074 5544 clariorem
1104 5487 1288 5538 volunt
1332 5487 1539 5540 nebulis
1579 5485 1838 5552 obligare.

265 5589 620 5646 collationem
647 5579 922 5651 imperiale
945 5585 1268 5648 praeceptum
1311 5576 1450 5628 inter
1477 5584 1656 5642 partes
1687 5577 1797 5630 fieri
1827 5617 1840 5640 ,

1929 4666 2039 4721 ficit
2062 4665 2168 4732 jam
2203 4662 2448 4731 rescripti
2482 4661 2744 4716 recitatio.
2791 4661 3130 4728 Agnovernnt
3160 4656 3283 4725 quid
3311 4656 3500 4711 volne-

1930 4759 1999 4813 rit
2021 4757 2176 4828 301
2208 4755 2349 4810 inter
2375 4769 2472 4808 nos
2499 4750 2694 4808 discuti
2717 4749 3167 4806 clementissimus
3189 4748 3499 4815 imperator.

1930 4850 2328 4904 Rem'oveantur
2353 4843 2623 4915 superflua
2651 4885 2665 4910 ,
2695 4841 2759 4896 ad
2786 4856 2998 4895 causam
3032 4839 3331 4893 veniamus.
3363 4837 3505 4892 Con-

1932 4939 2273 4995 siderandum
2299 4947 2387 4992 est
2412 4936 2552 4992 enim
2582 4934 2708 5005 quid
2735 4942 2855 5003 agat
2885 4945 3008 5000 pars
3034 4930 3275 4993 diversa;
3315 4925 3516 4984 videli?

1937 5042 2024 5088 cet
2047 5075 2062 5098 ,
2093 5029 2540 5100 quemadmodum
2577 5027 2753 5096 priore
2775 5022 2975 5094 judicio
3007 5019 3336 5090 longitudine
3370 5036 3509 5087 prato

1941 5123 2218 5176 teritorum
2255 5131 2524 5188 gestorum
2556 5114 2837 5188 przrtendit
2860 5111 3166 5167 dilationem
3192 5150 3208 5177 ,
3249 5110 3317 5163 ita
3345 5111 3506 5164 etiam

1944 5213 2100 5268 hodie
2128 5212 2397 5266 desiderat
2426 5210 2706 5279 superﬂnis
2736 5206 2947 5262 codices
2986 5219 3209 5258 onerare
3235 5245 3250 5269 ,
3294 5212 3346 5256 ut
3383 5203 3508 5256 item

1943 5313 2231 5359 causentur
2270 5303 2338 5358 de
2370 5317 2515 5356 mora
2545 5299 3017 5355 describendorum
3063 5296 3145 5351 vel
3185 5294 3510 5349 edendorum

1893 5461 1896 5466 ,
1927 5406 2237 5471 gestorum.
2293 5395 2356 5448 Et
2382 5396 2484 5448 alia
2507 5410 2678 5446 manu.
2731 5391 3055 5460 Recognovi.
3093 5389 3360 5444 Montanus
3407 5385 3515 5454 epi-

1947 5502 2130 5550 sc0pus
2169 5487 2318 5538 dixit.
2362 5485 2439 5538 Tu
2472 5497 2649 5537 moras
2691 5485 2918 5538 innectis
2945 5524 2959 5545 ,
3006 5499 3124 5538 cum
3174 5499 3276 5536 non
3315 5477 3523 5550 profers

1949 5572 2090 5643 quod
2117 5588 2214 5625 nos
2252 5587 2282 5625 a
2326 5581 2377 5625 te
2404 5571 2725 5638 flagitamus.
2771 5570 2838 5623 Et
2877 5571 2982 5622 alia
3023 5589 3197 5625 manu.
3249 5571 3528 5624 Montanus

340 5706 420 5774 (l)
451 5705 644 5770 Agaga.
677 5695 879 5774 Plinius
909 5692 1000 5746 lib.
1037 5703 1220 5752 χχχιιι,
1252 5701 1301 5739 c.
1345 5687 1412 5774 ξ,
1457 5685 1528 5774 de
1575 5685 1745 5736 modis
1793 5686 1907 5740 auri
1956 5682 2226 5753 quaerendi
2274 5697 2473 5752 agens,
2524 5680 2718 5748 Agogas
2765 5680 2940 5731 vocari
2981 5681 3057 5731 ait
3101 5682 3267 5733 fossas
3307 5695 3427 5749 quae
3472 5683 3528 5738 in

273 5755 432 5851 plano
461 5755 738 5836 cavantur,
772 5767 824 5821 in
855 5777 986 5834 quas
1029 5774 1214 5817 aurum
1247 5755 1492 5828 profluat.
1518 5769 1788 5810 BALUZIUS.
