3860 6212
508 415 642 469 15ἷ9

1471 409 1694 469 GESTA
1732 400 2189 500 COLLATIONIS'
2215 414 2824 474 CARTIIAGINENSIS.

3622 411 3751 470 issu

506 535 787 601 cpiscopus
841 530 1267 600 prosecutioncm
1319 541 1495 584 meam
1549 529 1873 600 recognovi,
1927 530 2074 584 salvo
2101 539 2148 598 Α
2178 539 2263 586 tro
2289 532 2389 586 hoc
2413 529 2651 585 interfari
2675 529 2885 598 dignata
2910 527 3068 583 luerit
3094 527 3406 596 praestantia
3433 535 3538 580 tua.
3563 525 3632 580 Et
3653 529 3750 580 alia

508 624 896 694 provocationis
923 622 1133 678 elIectu.

578 713 664 769 89.
699 713 990 767 Petilianus
1029 713 1296 784 episcOpus
1325 712 1473 766 dixit.
1506 712 1754 768 Proxime
1801 713 2074 782 prieterita

506 807 811 878 cognitione
839 817 1001 876 atque
1027 806 1410 871 controversia,
1446 804 1686 874 quamvis
1722 816 1847 861 ante
1894 820 2075 860 causae

505 900 824 970 principium
871 901 1211 964 ventilatum,
1243 914 1346 953 non
1385 909 1568 954 nostro
1599 899 1730 954 vitio
1768 914 1941 968 neque
1981 915 2076 952 no-

504 1002 612 1044 stra
644 991 900 1061 petitione
921 991 1230 1045 dilationem
1263 991 1572 1059 provenisse
1599 988 1941 1044 manifestum
1969 999 2070 1055 est,

503 1083 599 1138 sed
649 1083 975 1139 humanitate
1007 1083 1328 1154 judiciorum
1363 1092 1610 1146 tuorum,
1640 1097 1801 1152 quam
1845 1098 1950 1135 non
1981 1097 2076 1151 po-

507 1184 649 1230 teras
673 1174 936 1244 denegare
959 1193 971 1227 :
1000 1176 1196 1245 quippe
1221 1189 1343 1229 cum
1387 1182 1700 1241 exceptores
1725 1172 1928 1226 onerati
1957 1173 2074 1226 lon-

502 1266 742 1336 gitudine
781 1268 1160 1323 controversiae
1185 1274 1249 1323 ac
1296 1265 1617 1335 prolixitate,
1670 1263 1722 1318 id
1755 1265 1914 1319 etiam
1951 1280 2075 1335 pro-

505 1356 731 1412 fossione
759 1372 852 1413 sua
872 1357 1260 1428 responderint.
1289 1355 1441 1434 Unde
1459 1355 1708 1424 quoniam
1735 1355 1832 1409 ista
1860 1365 2072 1423 peracta

503 1460 647 1514 sunt,
678 1449 772 1504 sed
804 1448 930 1504 fecit
954 1448 1078 1504 inde
1109 1448 1269 1503 hodie
1297 1447 1641 1510 mentionem,
1675 1445 1795 1500 ideo
1823 1444 1936 1502 haec
1977 1461 2072 1502 vo-

502 1541 573 1596 lui
607 1544 887 1612 replicare.
916 1544 985 1596 At
1007 1557 1147 1596 nunc
1165 1540 1383 1595 eosdem
1407 1554 1549 1594 nunc
1578 1553 1751 1592 moras
1775 1540 2069 1609 innectere,

502 1635 720 1688 eosdem
743 1635 796 1688 in
819 1632 1066 1703 praesenti
1083 1633 1294 1686 actione
1323 1629 1617 1685 obtendere
1641 1629 1883 1696 nebulas,
1915 1645 1984 1685 ne
2004 1630 2069 1684 ad

499 1739 685 1779 eorum
715 1723 994 1780 mendacia
1027 1724 1334 1786 veniamus,
1366 1722 1477 1790 ipsa
1515 1736 1701 1776 eorum
1736 1721 2071 1776 taciturnitas

503 1825 783 1870 monstrat.
825 1814 1136 1884 Loquuntur
1162 1814 1326 1880 enim;
1349 1827 1468 1867 cum
1501 1821 1696 1879 tacent,
1726 1827 1784 1866 se
1817 1813 1990 1866 vereri
2017 1812 2071 1866 id

2177 636 2353 679 manu.
2395 624 2688 680 Petilianus
2709 622 2990 693 episcopus
3024 620 3315 692 recognovi
3340 662 3355 686 ,
3381 621 3531 676 salvo
3557 631 3749 676 nostra:

2175 716 2546 788 appellationis
2565 715 2778 770 effectu.

2247 808 2335 863 96.
2378 806 2712 861 Marcellinus
2737 808 2812 861 vir
2839 806 3152 861 clarissimus
3177 806 3418 861 tribunus
3447 815 3497 860 et
3524 807 3748 860 notarius

2177 899 2324 954 dixit.
2353 900 2837 965 Sanctitasvestra,
2869 901 2913 954 si
2946 914 3039 954 eos
3060 899 3198 954 falso
3226 901 3329 954 hoc
3357 900 3575 955 nomine
3606 914 3748 954 asse-

2177 993 2246 1046 rit
2300 1004 2662 1062 nuncupatos,
2719 991 2986 1062 negotium
3037 1006 3340 1062 proponere
3390 991 3611 1046 tandem
3655 991 3747 1044 ali-

2175 1083 2387 1153 quando
2416 1084 2691 1155 dignetur;
2735 1091 2998 1153 quatenus
3038 1083 3107 1138 de
3137 1092 3462 1153 praesumpta
3509 1083 3744 1147 nomine,

2175 1175 2220 1229 si
2250 1176 2480 1244 potuerit
2512 1174 2873 1245 comprobari,
2904 1189 3026 1244 pars
3064 1187 3096 1229 e
3121 1173 3338 1230 diverso
3362 1175 3668 1230 consistens
3696 1176 3744 1228 in

2174 1270 2420 1325 omnibus
2455 1268 2784 1326 confutetur.

2244 1363 2331 1418 97.
2373 1360 2634 1417 Emerita:
2657 1366 2925 1431 episwpus
2945 1360 3094 1415 dixit.
3121 1358 3326 1429 Magnis
3356 1369 3535 1414 actum
3560 1369 3644 1414 est
3664 1374 3744 1412 vo-

2177 1456 2487 1522 luminibus,
2522 1467 2575 1510 et
2615 1455 2942 1525 respondere
2979 1454 3289 1520 noluerunt,
3331 1462 3578 1508 tenentes
3607 1455 3740 1524 apud

2173 1564 2230 1602 se
2268 1550 2498 1619 quodam
2538 1547 2848 1615 praejudlcio
2876 1546 3226 1609 voluntatem,
3270 1559 3338 1599 ne
3379 1544 3741 1599 satisfacerent

2167 1641 2440 1710 judicalis.
2487 1640 2551 1694 Et
2596 1656 2710 1694 cum
2750 1640 2952 1707 diceret.
2988 1637 3090 1709 (Et
3135 1639 3240 1691 alia
3267 1653 3445 1691 manu.
3484 1637 3739 1691 Emerita-5

2173 1736 2476 1803 episcopus.
2507 1732 2648 1785 salva
2682 1730 3036 1800 appellatione
3063 1727 3411 1797 recognovi.)
3443 1728 3739 1796 Augustinus

2175 1829 2438 1895 episcOpus
2479 1823 2725 1878 Ecclesiw
2746 1822 3008 1876 catholica:
3038 1821 3186 1874 dixit.
3228 1819 3434 1885 Quibus
3466 1809 3740 1887 iudicatis?

499 1908 744 1975 proferre
756 1908 897 1977 quod
918 1905 1335 1962 clementissimo
1361 1903 1667 1974 imperatori
1691 1904 1898 1958 mentiti
1921 1913 2057 1957 sunt.

2175 1916 2240 1969 Et
2281 1917 2385 1968 alia
2408 1931 2584 1968 manu.
2628 1911 2956 1983 Recognovi.
2984 1910 3243 1965 Emeritus
3289 1910 3556 1981 episcopus
3594 1912 3735 1964 dixit.

499 1999 556 2052 Si
587 1999 745 2068 igitur
788 1997 908 2053 freti
935 2008 1056 2054 sunt
1080 1997 1231 2051 bona:
1267 1997 1544 2068 petitionis
1596 1997 1869 2050 voluntate
1894 2005 2067 2065 atque

496 2088 704 2155 ordine,
728 2088 852 2159 quid
875 2105 992 2144 eam
1013 2089 1261 2144 dubitant
1291 2089 1587 2142 ventilare?
1607 2087 1673 2142 Et
1701 2088 1951 2156 quoniam
1978 2100 2070 2154 po-

496 2189 659 2236 testas
710 2191 799 2235 tua
825 2180 1135 2235 meminisse
1174 2180 1424 2250 dignatur
1465 2178 1520 2232 id
1554 2179 1732 2248 priore
1762 2186 2069 2230 controver-

492 2275 570 2327 sia
593 2273 868 2341 agitatum,
889 2281 944 2325 ut
965 2281 1054 2324 aut
1071 2272 1191 2338 jure
1216 2270 1426 2338 publico
1445 2278 1684 2337 agerent,
1706 2276 1796 2321 aut
1822 2267 1952 2336 legis
1974 2266 2067 2320 do-

496 2364 710 2418 minica:
761 2363 1079 2418 auctoritate
1121 2362 1508 2417 descenderent
1550 2360 1856 2429 disputare,
1905 2359 2066 2430 idque

480 2470 596 2510 suo
627 2454 756 2509 mihi
787 2455 1080 2525 promisere
1110 2444 1414 2517 consensu,’
1430 2454 1677 2508 nobilitas
1703 2461 1877 2508 autem
1899 2459 1988 2509 tua
2011 2454 2063 2509 id

493 2547 596 2602 sibi
640 2552 944 2615 exceperit,
979 2560 1007 2600 a
1039 2545 1242 2615 legibus
1272 2545 1384 2599 tolli
1431 2560 1490 2601 se
1521 2534 1741 2600 minime
1787 2555 2061 2615 oportere,

501 2651 707 2697 tuarum
748 2642 975 2711 partium
1006 2649 1108 2707 est,
1140 2642 1220 2694 vir
1265 2624 1478 2707 nobilis,
1511 2639 1563 2694 id
1613 2648 1793 2693 tenere
1816 2638 1956 2708 quod
1988 2637 2066 2693 le-

494 2752 617 2805 gum
657 2744 771 2799 est;
805 2735 1016 2789 illorum
1052 2723 1234 2788 autem
1264 2742 1348 2787 est
1376 2732 1634 2801 promissa
1665 2731 1974 2794 necessitas,
2005 2740 2065 2784 ut

493 2829 610 2897 lege
644 2827 823 2882 divina
853 2827 1080 2881 debeant
1109 2825 1362 2895 experiri.
1393 2824 1450 2879 Si
1482 2825 1636 2894 igitur
1669 2823 1810 2891 apud
1854 2832 1906 2877 te
1933 2822 2064 2892 legi-

498 2917 599 2972 bus
630 2919 856 2987 publicis
883 2919 1077 2987 agitur,
1106 2917 1427 2986 quoniamtu
1452 2914 1661 2969 hisdem
1689 2913 1978 2982 praesidere
2011 2924 2064 2966 te

493 3007 761 3079 professus
782 3023 862 3074 es,
894 3008 1046 3077 exige
1076 3007 1394 3076 quodleges
1416 3004 1634 3058 habent.
1665 3001 1721 3055 Si
1752 3011 1929 3055 autem
1952 2999 2061 3055 dis-

491 3101 695 3168 putatio
725 3099 908 3168 legalis
937 3100 988 3151 in
1032 3098 1265 3151 medium
1296 3094 1548 3160 mittitur,
1585 3095 1856 3163 interrogo
1897 3101 1946 3146 te
1978 3092 2063 3146 hic

491 3193 580 3261 qui
615 3191 886 3246 desideras
921 3189 1214 3258 disputare,
1247 3186 1370 3256 quid
1416 3184 1656 3255 petieris,
1684 3184 1810 3254 quid
1842 3184 2016 3253 egeris
2037 3224 2052 3250 ,

2172 2005 2266 2060 Vel
2297 2005 2422 2058 illud
2465 2002 2776 2058 reverentia:
2813 2017 2876 2057 ac
2915 2002 3185 2073 patientiae
3236 2001 3566 2070 judiciorum
3606 2017 3731 2069 pra:-

2170 2109 2316 2152 smre
2337 2097 2620 2159 dignentur
2645 2094 2724 2168 [ut
2749 2093 3128 2166 respondeant]
3159 2104 3336 2148 utrum
3365 2094 3612 2163 petitoris
3635 2094 3736 2149 loco

2171 2189 2432 2244 adsistant
2452 2229 2466 2253 ,
2509 2195 2687 2243 utrum
2726 2188 2826 2256 ipsi
2860 2195 3198 2257 proponant,
3223 2193 3408 2240 utrum
3439 2186 3543 2254 ipsi
3572 2201 3665 2240 nos
3692 2186 3735 2237 in

2165 2281 2422 2351 judicium
2460 2289 2692 2345 vocent;
2722 2288 2778 2334 ut
2805 2295 2927 2336 cum
2967 2295 3030 2336 ex
3057 2278 3369 2335 eorumdem
3402 2279 3736 2347 responsione

2170 2373 2253 2427 vel
2283 2374 2383 2428 hoc
2404 2374 2673 2443 cognitum
2705 2371 2886 2438 fuerit,
2919 2370 2987 2426 ad
3013 2386 3200 2426 eorum
3240 2371 3641 2440 propositiones
3663 2384 3734 2423 re-

2167 2466 2434 2536 Spondere
2464 2466 2757 2536 valeamus.
2806 2463 2872 2518 Et
2898 2464 3002 2518 alia
3043 2479 3215 2516 manu.
3244 2463 3525 2517 Emeritus
3550 2461 3735 2531 episco-

2169 2574 2290 2630 pus,
2332 2560 2475 2613 salva
2519 2557 2895 2629 appellatione,
2940 2557 3251 2625 recognovi.
3290 2554 3632 2610 Marcellinus
3671 2554 3734 2607 τίν

2169 2652 2481 2706 clarissimus
2524 2631 2768 2727 tribunus.
2797 2658 2844 2704 et
2873 2649 3101 2703 notarius
3125 2647 3281 2702 dixit.
3330 2645 3734 2717 Respondeatur

2166 2747 2410 2816 objectis.

2237 2839 2326 2895 98.
2345 2839 2655 2908 Augustinus
2676 2836 2938 2907 episcOpus
2954 2833 3198 2888 Ecclesia:
3211 2833 3480 2887 catholica:
3495 2832 3636 2886 dicit.
3654 2831 3732 2886 Ec-

2167 2928 2353 2994 clesia,
2382 2928 2522 2996 quod
2547 2926 2731 2992 aud-ire
2758 2939 2861 2978 non
2891 2923 3074 2988 vultis,
3117 2932 3172 2978 et
3201 2938 3430 2978 necesse
3457 2932 3543 2977 est
3567 2923 3731 2977 audia-

2169 3019 2259 3084 tis,
2287 3017 2536 3088 quoniam
2571 3025 2646 3070 tot
2684 3013 3003 3071 testimoniis
3042 3023 3097 3069 et
3125 3015 3321 3068 divinis
3362 3014 3589 3084 eloquiis
3617 3030 3728 3084 pro-

2166 3111 2424 3164 clamatur
2454 3117 2566 3162 toto
2607 3116 2865 3161 terrarum
2912 3105 3043 3160 orbe
3072 3103 3298 3172 dill‘usa,
3331 3106 3486 3176 cujus
3513 3121 3729 3161 commu-

2163 3203 2375 3257 nionem
2406 3200 2650 3256 videmur
2683 3209 2888 3264 tenere,
2921 3197 3068 3254 falsis
3097 3199 3565 3255 criminationibus
3591 3215 3620 3253 α
3646 3215 3725 3252 γοα

489 3286 615 3356 quid
641 3291 823 3341 contra
855 3299 941 3337 me
968 3282 1203 3337 dixeris:
1235 3295 1394 3351 quem
1435 3280 1480 3334 si
1524 3280 1779 3334 invenero
1807 3292 1932 3333 vera
1976 3277 2057 3331 di—
2085 3295 2132 3359 ρ
2161 3294 2499 3364 bis-appeti”
2525 3302 2626 3349 εει,
2659 3290 2809 3348 unde
2837 3293 3040 3347 εχειίιίι
3071 3300 3245 3346 vestra
3272 3294 3564 3361 separatio,
3586 3307 3723 3360 quam

487 3381 632 3434 xisse
655 3420 670 3444 ,
702 3389 922 3432 necesse
949 3374 1121 3430 habeo
1147 3374 1261 3442 ejus
1293 3373 1422 3442 legis
1457 3371 1874 3440 disputationem
1911 3384 2058 3424 com-

493 3471 724 3522 mittere.
771 3466 828 3521 Si
871 3476 1049 3519 autem
1091 3450 1390 3533 cognovero
1417 3478 1446 3514 a
1477 3461 1695 3528 perﬁdia
1725 3471 1884 3529 atque
1911 3476 2061 3514 men-

489 3561 644 3618 dacio
663 3572 712 3617 te
728 3559 978 3630 coepisse,
1009 3572 1229 3612 necesse
1250 3563 1332 3610 est
1354 3565 1409 3609 ut
1437 3563 1579 3607 tuam
1603 3566 1882 3622 personam
1903 3552 2060 3620 longe

471 3673 703 3728 prorsus
747 3656 961 3710 evitem.
1013 3651 1149 3720 Quid
1204 3649 1348 3705 enim
1417 3647 1545 3702 mihi
1603 3645 1818 3716 prodest
1864 3644 2058 3700 docere

475 3735 825 3815 mendacem?
851 3746 983 3816 Quid
1008 3745 1136 3802 mihi
1169 3743 1384 3815 prodest
1413 3739 1722 3802 refragatori
1743 3753 1805 3794 ac
1825 3738 2059 3807 refraga-

482 3850 602 3895 turo
623 3841 844 3896 reddere
864 3838 1146 3894 rationem?
1167 3835 1226 3889 Et
1246 3836 1349 3889 alia
1361 3851 1529 3888 manu.
1547 3832 1834 3888 Petilianus
1848 3831 2057 3901 episco-

482 3948 578 4002 pus
605 3933 720 3986 sine
753 3929 1058 4002 praejudicio
1104 3927 1474 3998 appellationis
1517 3932 1713 3980 nostra:
1747 3923 2053 3992 recognovi.

552 4023 638 4079 90.
674 4021 1004 4077 Marcellinus
1032 4022 1103 4074 uir
1138 4019 1458 4073 clarissimus
1485 4018 1716 4071 tribunus
1747 4023 1792 4069 et
1826 4015 2054 4068 notarius

482 4115 629 4169 dixit.
684 4114 1032 4168 Collationem
1062 4127 1092 4166 a
1132 4110 1424 4166 Catholicis
1469 4111 1677 4162 tantum
1724 4105 2049 4176 postulatam

483 4208 647 4262 fuisse
678 4207 879 4262 relecta
900 4203 1190 4274 imperialis
1212 4201 1420 4257 sanctio
1451 4199 1765 4253 declaravit.

551 4300 641 4355 9i.
677 4298 962 4352 Petilianus
992 4297 1257 4365 episcopus
1297 4293 1446 4346 dixit.
1477 4288 1780 4345 Catholicos
1810 4301 1907 4342 nos
1932 4301 2051 4342 esse

479 4403 591 4447 acta
638 4391 965 4447 contineant.
999 4387 1065 4440 Et
1094 4387 1197 4440 alia
1225 4401 1401 4440 manu.
1443 4382 1733 4440 Petilianus
1760 4383 2044 4451 episcopus

485 4498 796 4553 recognovi.

552 4586 641 4642 92.
676 4583 1007 4638 Marcellinus
1033 4583 1108 4636 vir
1132 4579 1444 4634 clarissimus
1487 4577 1716 4630 tribunus
1745 4585 1790 4628 et
1821 4574 2047 4628 notarius

2162 3389 2423 3444 dolemus.
2453 3385 2572 3440 [stre
2613 3384 3012 3439 criminationes
3047 3383 3236 3453 quibus
3276 3385 3531 3440 insectari
3558 3384 3723 3439 soletis

2160 3479 2456 3533 Ecelesiam
2500 3483 2631 3541 toto,
2655 3476 2794 3540 sicut
2833 3475 3094 3542 promissa
3137 3485 3245 3541 est,
3291 3476 3427 3531 orbe
3470 3475 3716 3540 diffusam,

2162 3567 2322 3622 hodie
2347 3565 2530 3620 audire
2559 3565 2802 3619 volumus
2823 3572 3000 3617 utrum
3026 3579 3168 3617 verte
3191 3565 3318 3618 sint.
3348 3565 3408 3621 Si
3431 3568 3569 3621 enim
3596 3581 3719 3621 verre

2161 3668 2284 3712 sunt
2315 3658 2428 3710 ista:
2459 3655 2856 3710 criminationes
2881 3667 3012 3723 quas
3043 3653 3299 3709 Ecclesia:
3324 3666 3627 3712 memorata:
3646 3658 3720 3711 ob-

2155 3751 2323 3820 jicere
2352 3746 2740 3823 consuestis,_Asi
2769 3761 2883 3800 eam
2914 3745 3191 3815 pollutam,
3215 3735 3561 3815 maculatam,
3584 3763 3717 3803 ever-

2159 3859 2296 3908 sam,
2325 3842 2676 3906 destructam,
2722 3847 2775 3893 et
2815 3839 3130 3892 exstinctam
3165 3839 3347 3893 nescio
3387 3838 3580 3906 quibus
3607 3856 3713 3893 nos-

2159 3935 2256 3989 tris
2287 3933 2598 3988 criminibus
2624 3931 2993 3985 demonstrare
3037 3929 3343 3999 potueritis,
3382 3930 3639 4000 supererit
3665 3941 3712 3984 ut

2157 4041 2460 4096 quaeramus
2488 4035 2668 4080 utrum
2714 4023 2852 4094 apud
2882 4039 2976 4078 vos
3005 4024 3358 4089 remanserit,
3413 4040 3568 4094 quam
3613 4023 3711 4078 ubi-

2157 4133 2258 4187 que
2288 4115 2489 4186 perisse
2508 4114 2768 4170 clamatis.
2803 4113 2858 4168 Si
2886 4121 3063 4168 autem
3087 4114 3173 4166 illa
3199 4114 3381 4182 perire
3408 4129 3513 4170 non
3541 4114 3708 4184 potuit,

2156 4215 2404 4276 superest
2431 4216 2487 4259 ut
2516 4220 2632 4259 eam
2663 4219 2756 4258 vos
2778 4203 3095 4273 agnoscatis,
3129 4211 3185 4256 et
3210 4203 3601 4259 litemJandem
3629 4204 3708 4257 ali-

2154 4298 2364 4368 quando
2411 4296 2626 4350 liniatis.
2664 4293 2731 4347 Et
2759 4295 2863 4347 alia
2902 4311 3074 4347 manu.
3105 4294 3438 4364 Recognovi.
3473 4294 3706 4348 Marcelli-

2154 4408 2247 4445 nus
2268 4391 2344 4443 vir
2368 4389 2677 4443 clarissimus
2705 4387 2931 4441 tribunus
2963 4397 3008 4440 et
3037 4387 3266 4442 notarius
3295 4387 3444 4441 dixit.
3477 4387 3702 4456 Accepis~

2153 4485 2222 4538 tis
2249 4484 2676 4552 prosecutionem
2701 4480 2869 4550 partis
2894 4478 3156 4544 adversae,
3187 4480 3270 4535 cui
3297 4480 3613 4549 respondere
3633 4479 3699 4532 di-

2113 4575 2408 4646 -gnamini.

477 4680 625 4732 dixit.
679 4676 911 4731 Necesse
959 4683 1040 4729 est
1081 4688 1167 4726 me
1211 4685 1302 4726 eos
1347 4668 1456 4741 [eo]
1499 4668 1712 4724 nomine
1741 4665 2039 4737 appellare,
2067 4666 2119 4726 D
2215 4666 2302 4722 99.
2331 4664 2581 4720 Emeritus
2615 4664 2877 4734 episcOpus
2907 4662 3055 4715 dixit.
3074 4659 3580 4732 Putoimportunum
3598 4676 3694 4716 esse

475 4785 582 4839 quo
628 4783 720 4822 eos
747 4765 1003 4835 appellari
1045 4764 1209 4817 voluit
1245 4760 1695 4816 clementissimus
1730 4758 2039 4826 imperator,

542 4862 630 4916 93.
663 4858 949 4913 Petilianus
979 4858 1240 4926 episwpus
1271 4854 1418 4906 dixit.
1453 4852 1589 4905 Ante
1631 4851 1843 4905 causam
1884 4850 2040 4903 inane

473 4968 668 5008 nomen
693 4959 773 5006 eSt
797 4949 920 5004 illis.
947 4947 1118 5002 Etiam
1142 4945 1222 4999 .de
1249 4943 1365 5012 ipso
1389 4940 1603 4994 nomine
1627 4939 1728 4993 erit
1753 4939 2040 5004 disputatio

474 5044 630 5100 nobis
671 5051 830 5112 atque
876 5037 1166 5094 contentio.
1208 5036 1342 5090 Tum
1385 5033 1597 5088 demum
1637 5030 1897 5086 obtinebit
1937 5029 2040 5084 hoc

472 5153 666 5194 nomen
705 5134 794 5206 qni
822 5135 977 5189 fuerit
1006 5134 1251 5187 inventus
1296 5144 1417 5185 esse
1449 5126 1802 5182 Christianus.
1836 5123 1902 5178 Et
1939 5125 2042 5179 alia

473 5247 649 5285 manu.
678 5227 971 5283 Petilianus
997 5225 1278 5295 episc0pus
1305 5219 1611 5289 recognovi.

544 5323 629 5376 94.
659 5319 993 5374 Marcellinus
1034 5317 1107 5372 vir
1137 5306 1451 5370 clarissimus
1477 5312 1706 5366 tribunus
1733 5317 1781 5364 et
1809 5307 2036 5363 notarius

469 5416 622 5470 dixit.
651 5414 866 5469 Certum
885 5420 963 5467 est
994 5420 1113 5482 post
1140 5409 1377 5464 habitum
1400 5405 1700 5462 conﬂictum
1728 5417 1820 5458 eos
1835 5401 2037 5457 Catho-

466 5508 597 5563 licos
640 5505 1042 5576 nuncupandos,
1085 5503 1222 5573 apud
1262 5516 1395 5572 quos
1423 5501 1622 5554 veritas
1656 5495 1813 5551 luerit
1841 5495 2034 5562 depre-

465 5600 650 5654 hensa.
677 5601 788 5669 Ego
812 5607 987 5653 autem
1007 5597 1166 5651 etiam
1190 5595 1242 5647 in
1270 5593 1370 5647 hac
1392 5603 1541 5662 parte
1561 5591 1787 5644 lormam
1809 5595 2030 5638 necesse

464 5693 633 5747 habeo
677 5694 825 5763 sequi
852 5690 1227 5762 prmeeptionis
1255 5695 1509 5756 augustae,
1549 5683 1601 5737 in
1648 5695 1747 5751 qua
1797 5675 2034 5732 Catholi-

462 5800 556 5839 cos
586 5799 677 5836 eos
698 5785 964 5850 appellare
996 5783 1209 5851 dignata
1237 5788 1337 5834 est.

531 5872 621 5926 95.
644 5871 924 5926 Petilianus
945 5873 1209 5939 episcopus
1238 5869 1386 5921 dixit.
1417 5866 1545 5920 Sine
1567 5859 1876 5932 praejudicio
1901 5871 2022 5914 nos-

2149 4759 2376 4813 alienam
2398 4769 2611 4811 causam
2635 4755 2773 4810 velle
2802 4753 3109 4820 defendere,
3133 4763 3188 4808 et
3219 4754 3268 4807 id
3300 4756 3354 4808 in
3373 4755 3599 4808 medium
3619 4768 3696 4807 ne-

2146 4852 2347 4920 gotium
2397 4849 2638 4914 mittere,
2689 4847 2827 4914 quod
2870 4853 3064 4914 prwtet‘
3111 4843 3361 4899 ruborem
3402 4860 3506 4900 non
3550 4852 3697 4914 potest

2147 4942 2511 5011 unusquisque
2540 4939 2656 4994 sine
2685 4935 2933 4992 mandato
2960 4937 3012 4991 in
3043 4935 3243 5006 judicio
3273 4937 3551 4992 ventilare.
3581 4936 3693 4991 Pos-

2143 5050 2258 5091 sem
2305 5035 2446 5089 enim
2477 5047 2619 5088 nunc
2647 5045 2889 5085 asserere
2923 5036 2977 5084 et
3019 5028 3251 5085 clamare
3289 5029 3544 5084 adversus
3584 5029 3692 5082 istos

2141 5130 2443 5182 universum
2471 5127 2653 5182 orbem
2703 5124 2974 5189 reluctari,
3007 5123 3186 5177 reniti.
3221 5120 3339 5176 Non
3371 5121 3524 5195 vobis
3563 5133 3690 5174 man-

2141 5220 2260 5274 davi
2285 5261 2300 5283 ,
2329 5219 2395 5273 ab
2425 5219 2580 5288 hujus
2610 5214 2933 5285 cognitionis
2960 5221 3158 5268 eventu
3197 5213 3360 5281 longe
3387 5226 3503 5266 mea
3540 5210 3688 5279 posita

2141 5320 2222 5366 est
2250 5310 2590 5366 conscientia.
2641 5308 2754 5376 Ego
2781 5319 3013 5373 agnosco
3063 5303 3341 5356 victorem.
3385 5301 3684 5367 Quicumque

2141 5405 2297 5472 justis
2345 5403 2699 5472 legitimisque
2745 5412 2810 5450 ex
2839 5394 3014 5449 causis
3041 5391 3380 5446 Christianus
3419 5391 3569 5446 fuerit
3602 5403 3680 5456 ap-

2144 5497 2418 5565 probatus,
2470 5492 2562 5546 ille
2591 5504 2739 5544 meus
2761 5495 2845 5542 est
2889 5483 3207 5548 catholicus,
3254 5484 3330 5537 illi
3361 5482 3462 5538 hoc
3507 5493 3676 5536 nomen

2141 5586 2451 5654 imponitur,
2500 5581 2590 5634 ille
2619 5577 2778 5632 debet
2815 5575 2913 5630 sibi
2945 5575 3083 5628 hanc
3123 5573 3360 5643 regulam
3402 5570 3672 5633 vindicare;

2137 5673 2380 5743 quamvis
2402 5672 2512 5740 ipsa
2539 5667 2808 5723 Catholica
2826 5707 2840 5730 ,
2870 5680 2988 5734 quae
3013 5679 3154 5718 nunc
3181 5667 3276 5732 pro
3307 5659 3672 5731 praescriptione

2135 5765 2301 5833 partis
2324 5758 2737 5828 adversaequasi
2765 5759 2816 5811 in
2839 5755 3011 5811 fronte
3037 5754 3263 5825 quadam
3293 5755 3397 5810 rite
3419 5753 3666 5807 adversum

2135 5869 2232 5912 nos
2260 5851 2544 5922 temperari
2557 5848 2915 5920 cognoscitur,
2946 5845 3181 5904 medium
3205 5859 3328 5902 esse
3355 5844 3536 5900 debet:
3556 5845 3601 5894 et
3621 5837 3662 5887 iu
