3860 6212
181 302 312 359 1581

1127 303 1352 362 GESTA
1389 299 1833 359 COLLATIONIS
1868 298 2484 360 CABTUAGINENSIS.

3290 261 3426 357 i352

169 415 374 485 judicio
410 413 479 471 ita
521 416 794 484 constitui,
835 425 891 471 ut
919 415 1022 470 hoc
1065 431 1259 472 nomen
1287 419 1456 472 victor
1501 416 1743 485 accipiat.
1775 415 1828 474 A
1852 403 2284 485 episcOpus'sine
2313 413 2688 485 appellationis
2715 420 2909 466 nostra
2940 412 3244 483 pra-judicio
3275 429 3427 468 reco-

175 503 431 577 luielligit
478 507 777 575 praestantia
811 515 897 561 tua
950 506 1079 562 nihil
1120 508 1272 561 nobis
1314 506 1380 562 de
1429 507 1746 578 peregrinis,

172 595 310 649 nihil
343 597 494 650 nobis
522 595 590 651 de
612 596 771 667 longe
799 598 984 667 positis
1031 599 1377 667 praejudieare
1407 613 1585 668 posse,
1630 612 1750 650 cum

175 684 317 740 inter
347 688 501 742 Atros
529 688 631 743 hoc
675 689 945 759 negotium
974 689 1289 754 ventiletur;
1323 689 1415 744 sed
1455 690 1622 759 magis
1652 689 1752 743 hoc

174 779 495 846 exspectari,
523 787 578 833 ut
607 780 928 850 quicumque
954 796 1018 835 ex
1049 779 1279 835 veridica
1308 780 1612 849 cognitione
1643 778 1752 834 lue-

176 870 245 924 rit
270 882 574 940 superatus,
608 872 650 925 is
682 872 748 928 ab
793 874 925 928 orbe
955 872 1196 927 videatur
1223 885 1341 926 esse
1380 871 1628 940 rejectus.
1666 871 1754 924 ln-

176 963 420 1034 telligaut
451 979 481 1018 e
508 964 720 1020 diverso
750 966 1025 1020 venientes
1066 964 1518 1042 propositionibus
1555 963 1753 1017 nostris

173 1066 236 1109 se
262 1054 584 1124 respondere
609 1054 840 1120 debere,
873 1065 926 1110 ut
959 1054 1233 1110 adstantes
1262 1064 1355 1110 aut
1384 1070 1488 1109 non
1537 1055 1755 1110 adstan-

176 1157 280 1213 tes,
327 1148 451 1218 quid
483 1163 721 1218 persona:
746 1159 936 1220 gerant
979 1147 1160 1204 dicere
1189 1164 1296 1202 non
1341 1156 1648 1214 morentur,
1695 1156 1754 1202 ut

174 1252 364 1293 eorum
412 1240 792 1295 intentionibus
837 1239 1161 1308 respondere
1207 1240 1502 1294 valeamus.
1542 1238 1610 1291 Et
1650 1239 1754 1292 alia

176 1330 644 1398 manu.;Eineritus
661 1332 960 1400 episcopus,
979 1331 1124 1385 salvo
1141 1331 1300 1404 302
1320 1330 1508 1387 eii'ectu
1526 1331 1757 1401 appella-

173 1421 339 1478 tionis
367 1434 584 1490 nostrze,
617 1423 919 1493 recognovi.
971 1422 1300 1480 Marcellinus
1341 1424 1418 1477 uir
1443 1423 1756 1478 clarissimus

174 1514 410 1569 tribunus
444 1526 490 1570 et
524 1516 750 1569 notarius
791 1515 938 1570 dixit.
971 1514 1106 1581 Quid
1151 1514 1416 1570 refertur?
1447 1515 1758 1588 Augustinus

177 1609 454 1677 episcopus
483 1606 726 1662 Ecclesia
739 1607 1000 1662 catholica
1020 1607 1166 1662 dixit.
1191 1607 1453 1663 Personas
1479 1608 1650 1677 primo
1670 1607 1759 1677 die

168 1699 365 1771 iudicii
391 1715 510 1755 esse
537 1700 772 1773 ﬁrmatas
802 1709 856 1755 et
894 1701 1140 1771 sequenti
1168 1701 1328 1755 etiam
1356 1699 1441 1756 die
1471 1701 1759 1756 interlocu-

1851 506 2070 576 gnovi.)
2111 505 2325 576 Alypius
2368 507 2637 575 episcopus
2680 503 2925 557 Ecclesia
2967 503 3232 558 catholica
3277 505 3424 558 dixit.

1852 598 1959 653 Aut
1983 599 2365 667 inter-loquere,
2392 606 2483 651 aut
2507 596 2636 665 jube
2665 611 2762 651 nos
2784 596 3093 650 satisfacere
3125 597 3423 665 postulatis.

1851 690 1920 745 Et
1939 692 2044 745 alia
2071 708 2244 744 manu.
2277 691 2602 762 Recognovi.

1925 782 2044 838 105.
2077 781 2410 837 Marcellinus
2432 783 2506 836 uir
2527 781 2856 853 clarissimus,
2873 764 3106 835 tribunus
3126 789 3171 834 et
3194 782 3426 836 notarius

1853 877 1998 936 dixit.
2039 877 2120 932 Ad
2161 887 2430 932 transacta
2477 875 2785 930 recurritur.
2832 873 2898 926 Et
2926 874 3131 945 adjecit.
3161 871 3430 928 Catholici

1856 972 2089 1027 nominis
2130 969 2388 1024 doceatur
2437 969 2692 1036 assertio,
2746 976 2799 1022 et
2854 966 2983 1020 illud
3037 965 3180 1036 quod
3229 980 3353 1035 pars
3397 979 3430 1020 e

1855 1063 2069 1118 diverso
2113 1064 2310 1119 sistens
2357 1059 2582 1116 credidit
2630 1055 3094 1129 prosequendum,
3146 1066 3321 1110 utrum
3369 1055 3425 1109 in

1854 1157 2101 1210 omnibus
2123 1156 2368 1225 gentibus
2387 1152 2573 1210 eadem
2596 1151 2860 1208 catholica
2883 1148 3238 1205 esSeosteudi
3257 1147 3428 1218 possit

1857 1245 2120 1299 Ecclesia.

1930 1336 2052 1393 104.
2080 1333 2337 1390 Emeritus
2365 1335 2628 1407 episcopus
2658 1332 2810 1388 dixit.
2841 1330 2895 1388 Si
2925 1329 3195 1402 proponit,
3217 1330 3430 1386 doceat.

1859 1426 1928 1482 Et
1955 1429 2059 1483 alia
2099 1445 2273 1482 manu.
2322 1428 2591 1484 Emeritus
2626 1427 2910 1498 episcopus
2949 1425 3257 1495 recognovi.
3290 1423 3434 1478 Peti-

1858 1521 2024 1575 lianus
2055 1519 2320 1591 episcopus
2351 1520 2500 1574 dixit.
2532 1515 2762 1590 Dignare
2788 1518 3136 1588 pronuntiare
3163 1516 3230 1570 de
3268 1531 3429 1587 supra

1860 1614 2284 1685 comprehensis.
2329 1611 2397 1667 Et
2426 1613 2530 1668 alia
2564 1628 2739 1666 manu.
2783 1610 3079 1666 Petilianus
3109 1608 3390 1677 episc0pus
3416 1647 3432 1672 ,

1860 1706 2004 1760 salva
2036 1704 2397 1776 appellatione
2428 1714 2608 1759 nostra
2628 1744 2642 1769 ,
2689 1692 2996 1772 recOgnovi.
3028 1698 3289 1753 Emeritus
3331 1698 3440 1762 epi-

174 1794 343 1847 tionis
358 1801 485 1847 tuae.
518 1791 586 1846 Et
611 1809 727 1846 cum
748 1792 932 1846 diceret
960 1791 1054 1862 (Et
1075 1792 1180 1846 alia
1199 1809 1373 1846 manu.
1405 1792 1756 1862 Recognovi.)
1788 1785 1832 1845 Β
1860 1813 2045 1866 scapus
2067 1797 2217 1850 dixit.
2249 1793 2304 1851 Si
2333 1796 2616 1867 proponit,
2650 1794 2860 1849 doceat.
2893 1792 3025 1848 Nam
3064 1791 3108 1846 si
3141 1803 3442 1861 prepouere

176 1882 515 1938 Marcellinus
544 1885 620 1936 vir
647 1884 960 1939 clarissimus
989 1886 1220 1939 tribunus
1250 1895 1295 1938 et
1338 1885 1562 1938 notarius
1601 1884 1748 1938 dixit.

173 1975 337 2031 Aliud
366 1977 644 2047 qtta‘situm
674 1986 776 2032 est.

253 2070 375 2126 100.
407 2073 717 2141 Augustinus
744 2071 1011 2141 episcopus
1041 2070 1281 2125 Ecclesia
1310 2071 1574 2126 catholica
1600 2071 1753 2127 dixit.

179 2163 615 2219 lnterlocutiouis
646 2173 760 2218 tua:
789 2163 959 2219 forma
988 2164 1296 2219 declaravit.
1331 2164 1436 2219 Sed
1474 2166 1593 2236 quia
1626 2164 1756 2220 dicit

176 2271 302 2310 cum
335 2254 635 2325 peregrinis
673 2255 993 2310 Christianis
1030 2271 1136 2310 non
1181 2270 1241 2310 se
1283 2254 1482 2311 habere
1519 2255 1754 2325 aliquam

177 2348 469 2412 rationem,
511 2347 604 2404 sed
634 2347 737 2403 hoc
778 2358 945 2403 tutum
987 2347 1126 2417 quod
1164 2348 1372 2418 agitur,
1419 2348 1558 2402 inter
1597 2346 1755 2402 Afros

177 2440 303 2510 agi,
332 2438 588 2495 Afrorum
610 2440 1033 2494 Christianorum
1079 2439 1471 2494 Catholicorum
1507 2439 1622 2492 hac
1652 2455 1754 2492 vox

177 2539 267 2587 est
291 2531 454 2600 :,Nos
479 2533 731 2589 universo
758 2532 877 2589 orbi
916 2531 1222 2605 Christiano
1251 2533 1627 2588 communione
1665 2547 1756 2587 co-

174 2621 468 2679 haeremus.
523 2623 669 2680 Hanc
721 2623 1017 2680 Eeclesiam
1071 2625 1331 2695 elegimus
1384 2622 1751 2684 retinendam,

173 2732 341 2786 quam
373 2718 425 2772 in
465 2719 542 2775 eis
584 2717 866 2789 scripturis
902 2707 1226 2774 invenimus.
1266 2717 1494 2791 [Etcum
1521 2714 1755 2787 diceret.]

173 2805 250 2861 Et
277 2808 420 2879 (alia
441 2827 612 2867 manu.
637 2810 963 2882 Recognovi.
995 2809 1290 2878 Emeritus)
1316 2811 1581 2881 episcopus
1603 2809 1754 2862 dixit.

171 2897 270 2954 Sic
291 2913 502 2970 semper
522 2901 721 2972 eligere
742 2910 796 2958 et
818 2911 1025 2958 mutare
1051 2903 1342 2957 consuesti.
1366 2900 1432 2955 Et
1454 2901 1558 2954 alia
1576 2916 1754 2952 manu.

174 2989 452 3046 Emeritus
477 2993 781 3066 episcopus,
807 2994 954 3050 salva
985 2996 1366 3064 appellatione,
1395 2992 1700 3063 recognovi.

251 3081 376 3137 101.
416 3084 729 3156 Augustinus
756 3074 1019 3155 episcopus
1043 3085 1290 3138 Ecclesia:
1315 3084 1576 3137 catholica
1603 3082 1753 3134 dixit.

1859 1890 2130 1955 noluerit,
2183 1886 2632 1960 quemadmodum
2680 1886 2935 1943 docebit?
2989 1879 3054 1938 Et
3103 1887 3208 1938 alia
3263 1893 3438 1936 manu.

1859 1979 2131 2034 Emeritus
2156 1981 2468 2049 episc0pus,
2493 1980 2641 2033 salvo
2660 1974 2852 2033 eli‘ectu
2876 1976 3253 2047 appellationis
3278 1975 3445 2030 inter—

1857 2075 2046 2144 posita
2064 2115 2078 2138 ,
2110 2074 2423 2142 recognovi.

1930 2168 2054 2223 105.
2101 2164 2388 2220 Petilianus
2420 2165 2692 2235 episcOpus
2728 2164 2881 2218 dixit.
2911 2161 3210 2216 Pronuntia
3238 2159 3303 2215 de
3332 2160 3443 2213 sin-

1857 2261 2015 2328 gulis.
2047 2258 2114 2312 Et
2153 2259 2256 2312 alia
2285 2274 2462 2311 manu.
2507 2256 2799 2311 Petilianus
2837 2253 3122 2324 episcopus
3153 2253 3268 2307 sine
3303 2263 3442 2320 pra:-

1832 2353 2057 2422 judicio
2111 2351 2489 2421 appellationis
2542 2359 2741 2404 nostra:
2795 2345 3102 2415 recognovi:
3175 2343 3446 2398 Possidius

1857 2448 2122 2517 episcopus
2168 2443 2413 2498 Ecclesia
2447 2443 2712 2496 cat/colica
2752 2440 2903 2494 dixit.
2944 2437 3097 2505 Quod
3145 2427 3447 2505 postulavre-

1859 2546 1982 2591 runt
2021 2538 2155 2591 doce
2189 2552 2296 2590 me.
2328 2534 2397 2588 Et
2425 2536 2528 2588 alia
2562 2550 2737 2588 manu.
2785 2532 3113 2601 Recognovi.
3158 2528 3447 2582 Petilianus

1857 2627 2124 2698 episcopus
2142 2627 2293 2680 dixit.
2323 2625 2434 2680 Hoc
2457 2625 2618 2679 nobis
2645 2625 2806 2679 debet
2837 2633 2924 2677 tua
2953 2632 3203 2692 persona.
3235 2619 3304 2674 Et
3342 2621 3448 2674 alia

1859 2735 2035 2772 manu.
2067 2717 2361 2773 Petilianus
2399 2719 2686 2788 episcopus
2714 2717 2831 2771 sine
2867 2711 3443 2785 prajudicio'appella-

1861 2811 2020 2865 tionis
2049 2817 2248 2865 nostrae
2277 2809 2590 2880 recognovi.

1934 2903 2057 2959 106.
2087 2902 2345 2956 Emeritus
2373 2903 2645 2972 episcopus
2670 2901 2819 2956 dixit.
2862 2900 3099 2957 Petimus
3126 2909 3184 2954 ut
3213 2897 3358 2954 nulla
3379 2898 3448 2952 sit

1861 3010 2039 3060 mora,
2089 3004 2147 3047 ut
2194 3003 2287 3048 aut
2328 2995 2680 3065 proponentis
2727 3004 2818 3047 aut
2863 2990 3241 3061 reSpondéntis
3279 2989 3451 3061 possit

1863 3103 1982 3142 esse
2022 3101 2274 3155 persona.
2304 3086 2470 3156 igitur
2509 3088 2761 3154 quoniam
2806 3084 3208 3154 approbandum
3236 3093 3354 3150 est,
3399 3091 3453 3136 et

174 3170 293 3228 Nos
321 3187 437 3228 eam
467 3174 762 3231 Ecclesium
791 3176 1104 3241 retinemus,
1129 3191 1286 3245 quam
1318 3176 1371 3229 in
1397 3174 1501 3228 illis
1531 3175 1761 3242 scriptu-
1782 3149 1830 3213 (ἶ
1864 3179 1931 3232 de
1960 3191 2117 3231 causa
2139 3176 2249 3245 jam
2287 3175 2342 3230 in
2367 3176 2573 3245 judicio
2600 3175 2963 3230 ventilanda")
2982 3215 2999 3240 ,
3023 3175 3240 3228 edicant
3267 3181 3447 3226 utrum

179 3266 260 3320 ris
285 3266 609 3332 invenimus,
635 3268 687 3323 in
714 3269 910 3338 quibus
931 3270 1090 3323 etiam
1110 3260 1754 3339 cegnovimusChristum.

179 3357 478 3426 Scriptura:
504 3361 699 3430 quippe
725 3356 943 3429 nosti‘a,
971 3379 1200 3434 quarum
1229 3359 1528 3416 auctoritati
1551 3363 1762 3430 utrique

179 3447 489 3515 subdlmur,
517 3450 784 3507 Christum
815 3465 869 3510 et
897 3454 1191 3510 Ecclesiam
1223 3465 1486 3523 tamquam
1519 3462 1761 3508 sanctum

183 3541 569 3597 commendant
603 3544 943 3615 conjugium,
989 3545 1260 3601 Christum
1293 3560 1573 3615 sponsum,
1619 3545 1762 3599 illam

184 3645 464 3701 sponsam.
495 3633 598 3691 Ubi
631 3636 779 3690 illum
808 3637 1211 3707 cognoscimus,
1252 3638 1320 3692 ibi
1359 3648 1414 3692 et
1449 3638 1591 3691 illam
1620 3639 1768 3696 iuve-

182 3723 308 3778 nire
350 3723 646 3781 debemus.
677 3727 734 3782 Si
765 3729 943 3794 itaque
986 3742 1128 3782 nunc
1172 3729 1343 3782 exorti
1391 3743 1662 3793 essemus,
1712 3739 1769 3784 et

184 3816 552 3885 cogitaremus
595 3819 648 3871 in
675 3818 855 3894 Africa
902 3820 988 3873 cui
1030 3819 1392 3873 communioni
1430 3819 1769 3875 Christiano-

185 3921 312 3960 rum
358 3907 557 3962 soeiari
596 3907 946 3973 deberemus,
997 3909 1187 3979 procul
1225 3908 1384 3963 dubio
1419 3924 1536 3963 eam
1586 3919 1770 3965 tenere

185 3999 548 4065 deberemus,
580 4016 740 4070 quam
759 3999 813 4056 in
844 4000 1135 4070 Scripturis
1167 4002 1548 4069 inveniremus,
1578 4011 1631 4057 et
1661 4002 1769 4057 cri-

193 4091 506 4147 minatrices
559 4092 857 4165 Opiniones,
883 4093 1159 4147 hominum
1189 4092 1507 4162 repudiare,
1558 4086 1623 4146 ad
1656 4093 1770 4146 sola

190 4183 412 4253 eloquia
437 4183 645 4248 divina,
679 4199 798 4255 quae
836 4184 1050 4239 mentiri
1096 4183 1376 4249 nesciunt,
1423 4199 1519 4238 nos
1564 4190 1767 4237 tenere.

190 4275 310 4330 Hoc
333 4275 572 4332 iecerunt
593 4274 884 4331 Christiani
906 4275 1042 4341 Al‘ri,
1066 4286 1121 4331 et
1145 4277 1486 4345 appellantur
1508 4285 1562 4355 e't
1581 4277 1773 4332 merito

189 4375 319 4422 sunt
345 4366 616 4435 catholici,
635 4367 744 4438 ipsa
765 4382 862 4423 sua
878 4367 1254 4423 communione
1273 4372 1466 4422 numen
1491 4378 1768 4423 testantes.

191 4456 461 4514 Catliolon
486 4459 628 4514 enim
659 4460 935 4516 secundum
973 4469 1131 4514 totum
1163 4457 1375 4513 dicitur.
1406 4457 1504 4524 Qui
1535 4467 1710 4512 autem
1744 4474 1773 4510 a

196 4559 314 4604 toto
342 4562 622 4620 separatus
646 4561 763 4618 est,
805 4561 1115 4623 partemque
1161 4547 1400 4605 defendit
1430 4549 1496 4603 ab
1524 4551 1774 4603 universo
1801 4526 1855 4588 Ῐ)

196 4641 482 4710 praecisum
503 4652 652 4709 ,‘non
685 4645 786 4698 sibi
830 4653 1048 4714 usurpet
1091 4643 1194 4699 hoc
1220 4657 1444 4707 nomen,
1477 4641 1568 4697 sed
1598 4640 1778 4696 nobis-

197 4747 324 4787 cum
357 4741 533 4788 teneat
557 4735 858 4790 veritatem.
891 4735 958 4789 Et
987 4737 1090 4789 alia
1120 4752 1294 4789 manu.
1319 4733 1647 4803 Recoguo'vi.

277 4823 404 4878 102.
435 4822 752 4879 Gaudentius
772 4828 1035 4897 episcopus
1056 4829 1204 4883 dixit.
1228 4819 1562 4883 Catholicam
1585 4839 1780 4879 nomen

201 4921 399 4986 putant
426 4915 490 4969 ad
520 4919 820 4984 provincias
848 4914 930 4974 vel
957 4920 1024 4974 ad
1049 4931 1237 4991 gentes
1266 4918 1630 4982 referendum,
1657 4931 1780 4972 cum

205 5006 315 5061 hoc
341 5004 414 5058 sit
437 5000 760 5060 cathdlicum
783 5023 978 5063 nomen
1009 5011 1150 5080 quod
1186 5011 1534 5067 sacramentis
1566 5010 1784 5080 plenum

209 5107 321 5163 est,
352 5096 493 5167 quod
543 5096 868 5166 perfectum,
911 5103 1053 5170 quod
1102 5103 1534 5171 immaculatum,
1581 5117 1687 5157 non
1718 5101 1785 5155 ad

210 5198 420 5261 gentes.
453 5187 582 5243 Nam
604 5189 796 5245 doceat
819 5192 918 5246 sibi
944 5208 1131 5248 omnes
1155 5206 1342 5264 gentes
1367 5193 1785 5263 communicare,

207 5290 273 5338 et
298 5281 486 5351 plenus
515 5288 598 5342 est
624 5281 942 5338 cntholicus.
983 5277 1091 5340 sed
1118 5287 1265 5355 prius
1295 5297 1378 5342 est
1409 5298 1582 5341 tamen
1609 5296 1667 5340 ut
1694 5288 1791 5341 do-

214 5385 379 5433 ceant
405 5374 531 5445 quid
563 5375 841 5445 petierint,
868 5376 996 5446 "quid
1026 5379 1344 5434 meruerint.
1375 5377 1445 5434 Et
1479 5379 1582 5433 alia
1611 5396 1791 5433 manu.

217 5467 554 5524 Gaudentius
610 5468 919 5537 episcopus,
978 5468 1121 5522 salva
1176 5469 1534 5540 appellatione
1588 5479 1792 5538 nostra,

219 5562 535 5632 recognovi.
553 5560 850 5616 *Petilianus
874 5561 1141 5629 episcOpus
1169 5561 1319 5616 dixit.
1348 5545 1539 5618 Utrum
1567 5561 1796 5617 debeant

222 5646 388 5707 edere
434 5668 551 5722 qua
598 5653 938 5723 poposcimus
965 5667 1136 5708 necne
1176 5663 1411 5708 statuere
1455 5655 1706 5724 dignare,
1737 5663 1796 5709 ut

220 5743 446 5800 scilicet.
494 5729 707 5799 Etcum
737 5744 951 5815 diceret,
996 5742 1103 5816 (Et
1137 5743 1241 5800 alia
1283 5759 1460 5800 manu.
1505 5743 1795 5802 Petilianus

1867 3279 2052 3340 petunt
2080 3279 2171 3323 aut
2211 3267 2572 3336 reSpondent;
2607 3275 2666 3319 ut
2710 3279 2830 3318 cum
2861 3257 3046 3317 eorum
3093 3263 3447 3317 intemioiiem

1867 3363 1919 3417 iu
1954 3360 2155 3431 judicio
2189 3359 2394 3426 videro,
2424 3358 2632 3413 valeam
2663 3355 3012 3427 respondere.
3045 3353 3108 3406 Et
3135 3355 3245 3408 alia
3274 3368 3451 3409 mauu.

1869 3454 2137 3509 Emeritus
2166 3451 2453 3522 episcopus
2483 3451 2630 3505 salva
2669 3446 3029 3518 appellatione
3074 3453 3254 3497 nostra
3289 3460 3454 3500 reco-

1869 3547 2053 3619 guovi.

1946 3643 2070 3697 107.
2106 3638 2439 3693 Marcellinus
2474 3639 2549 3688 uir
2589 3633 2907 3687 clarissimus
2946 3632 3181 3685 tribunus
3222 3641 3270 3682 et
3313 3639 3461 3683 nota-

1870 3737 1978 3788 rius
2005 3733 2154 3786 dixit.
2185 3730 2333 3784 iusta
2365 3734 2679 3799 poscuntur,
2711 3725 2969 3780 sanctitas
2995 3734 3172 3777 vestra
3208 3722 3459 3792 dignetur

1873 3826 2084 3882 edicere
2121 3832 2295 3877 utrum
2346 3820 2594 3891 petitoris
2642 3819 2763 3874 loco
2807 3818 2861 3872 in
2901 3815 3104 3886 judicio
3142 3813 3356 3869 adstare
3383 3816 3464 3869 vi-

1873 3918 2081 3973 deatur.

1946 4008 2068 4064 108.
2101 4007 2417 4077 Augustinus
2440 4004 2712 4074 episcopus
2738 3999 2987 4056 Ecclesia
3014 3997 3280 4052 catholica
3299 3998 3458 4052 dixit.

1877 4101 2005 4155 Tua:
2043 4098 2385 4153 sublimitatis
2410 4104 2492 4150 est
2527 4096 2807 4164 judicare,
2843 4107 2939 4146 nos
2967 4089 3032 4144 ad
3060 4104 3244 4144 eorum
3278 4087 3462 4142 crimi-

1876 4193 2118 4248 nationes
2158 4189 2478 4246 rel'elleudas
2526 4188 2753 4259 ingressi
2797 4200 2999 4241 sumus.
3047 4183 3231 4260 Solent
3269 4182 3463 4236 Eccle-

1877 4287 2009 4341 siam
2038 4298 2194 4354 quam
2234 4268 2479 4338 tenemus
2518 4282 2744 4337 crimine
2782 4277 3087 4336 traditionis
3116 4290 3361 4354 arguere.
3393 4273 3464 4328 Et

1878 4380 1982 4432 alia
2002 4394 2174 4430 manu.
2201 4375 2530 4446 Reeognovi.

1956 4468 2078 4523 109.
2113 4467 2371 4521 Emeritus
2392 4469 2656 4538 episc0pus
2675 4468 2825 4522 dixit.
2855 4465 2987 4533 Quis
3013 4477 3098 4518 me
3125 4463 3177 4515 in
3203 4459 3464 4529 judicium

1881 4559 2126 4614 vocavit?
2179 4558 2260 4612 Ad
2300 4558 2454 4628 cujus
2498 4559 2894 4629 suggestionem
2944 4555 3247 4610 conﬂictum
3292 4551 3468 4607 voluit

1882 4649 1995 4704 ﬁeri
2030 4649 2354 4717 imperator?
2399 4649 2466 4702 Et
2507 4651 2612 4704 alia
2636 4666 2814 4703 manu.
2851 4648 3116 4702 Emeritus
3158 4645 3465 4714 episcopus,

1882 4741 2032 4796 salvo
2060 4740 2251 4796 ellectu
2279 4741 2686 4811 appellationis,
2727 4740 3035 4810 recognovi.

1957 4835 2079 4889 110.
2114 4835 2429 4904 Augustinus
2456 4836 2725 4906 episcopus
2750 4833 2999 4888 Ecclesia
3023 4830 3286 4886 catholica
3311 4831 3462 4886 dixit.

1884 4924 2074 4980 Solent
2116 4927 2371 4982 Ecclesiae
2409 4942 2569 4996 quam
2617 4937 2861 4981 tenemus
2907 4924 3126 4978 crimina
3171 4909 3467 4977 traditionis

1887 5017 2153 5085 objicere,
2183 5026 2238 5072 et
2263 5020 2445 5073 nescio
2471 5031 2696 5088 quorum
2730 5018 2965 5084 peccatis
2994 5029 3110 5070 eam
3143 5014 3468 5069 contendere

1888 5121 2008 5164 esse
2033 5108 2358 5163 destructam
2386 5120 2441 5164 et
2481 5112 2825 5165 exstinctam.
2855 5107 2921 5161 Et
2963 5109 3065 5162 alia
3095 5119 3266 5161 manu.
3300 5105 3469 5160 Reco-

1890 5197 2066 5268 gnovi.
2097 5196 2354 5252 Emeritus
2381 5201 2647 5270 episcopus
2675 5200 2828 5252 dixit.
2875 5199 2990 5253 Non
3018 5199 3121 5253 hoc
3157 5213 3183 5250 a
3223 5205 3273 5251 te
3319 5197 3466 5264 petii.

1895 5290 2004 5344 Fac
2027 5291 2157 5343 satis
2176 5290 2449 5358 judicatis.
2482 5291 2550 5344 Et
2575 5293 2682 5346 alia
2701 5309 2876 5345 manu.
2901 5292 3169 5347 Emeritus
3190 5292 3470 5360 episcOpus

1896 5381 2046 5435 salvo
2067 5379 2258 5434 eli'ectu
2283 5381 2657 5449 appellationis
2685 5384 2996 5451 recognovi.
3026 5383 3341 5454 Augustinus
3366 5380 3474 5449 epi-

1895 5486 2076 5539 sc0pus
2110 5469 2351 5523 Ecclesia
2393 5470 2657 5523 catholica
2697 5471 2848 5524 dixit.
2886 5474 3061 5542 A-tque
3096 5473 3188 5527 'his
3221 5470 3477 5526 crimina-

1897 5559 2132 5616 tionibus
2159 5557 2346 5613 fallere
2372 5559 2535 5612 corda
2565 5559 2923 5627 simplicium,
2957 5563 3024 5617 de
3045 5575 3272 5632 quorum
3303 5559 3474 5612 salttte

1900 5650 2208 5719 satagimus.
2241 5648 2335 5702 His
2364 5661 2462 5702 nos
2493 5649 2721 5717 permoti
2747 5688 2759 5712 ,
2790 5651 3142 5710 convenimus
3170 5668 3264 5707 eos
3289 5658 3343 5704 ut
3369 5644 3468 5701 no-

1900 5743 2103 5801 hiscum
2131 5739 2455 5809 conferrent,
2484 5748 2539 5797 et
2563 5738 2705 5810 quod
2735 5738 3022 5798 intendunt
3048 5752 3222 5800 utrum
3243 5742 3469 5813 probare
