3860 6212
460 304 597 359 1585

1400 284 1625 346 essm
1660 258 2113 342 coLLATtoms
2150 270 2764 332 canrnacmensus.

3584 269 3707 325 1581

458 420 679 488 possent
729 412 779 466 in
836 407 1126 464 Ecclesiam
1177 403 1263 459 cui
1316 401 1601 458 intendunt
1665 396 2028 453 ostenderent.
2061 395 2110 452 Α
2137 391 2246 443 rius
2282 388 2431 442 dixit.
2471 385 2663 441 Edicat
2689 397 2813 456 pars
2834 379 3098 439 catholica
3127 389 3309 436 utrum
3337 394 3372 437 e
3404 379 3618 436 diverso
3647 382 3710 436 si—

462 507 630 574 Quam
657 503 1064 559 canventioncm
1089 503 1325 551 nostram
1350 493 1599 562 quoniam
1633 495 2036 549 recusaverant,

465 613 585 653 cum
614 610 779 664 nuper
807 595 858 647 in
888 591 1197 646 comitatum
1226 586 1502 642 venissent
1540 581 1755 652 quidam
1802 579 2034 644 illorum,

463 687 600 758 apud
631 695 746 742 acta
775 684 934 739 etiam
967 678 1304 752 prazl'ectoria
1333 676 1586 731 dixerunt
1612 670 1784 727 audiri
1816 684 1875 725 se
1905 668 2042 723 velle

465 790 517 834 et
542 777 733 831 discuti
763 775 927 839 velle,
953 771 1340 840 amplectentes
1365 780 1494 830 nos,
1533 761 1816 833 aliquando
1856 774 2041 815 eorum

464 871 532 926 de
571 869 856 925 collatione
899 877 1222 922 consensum
1269 857 1556 930 petendum
1604 856 1671 911 ab
1719 857 2044 922 imperatore

468 962 823 1026 credidimus,
854 967 911 1012 ut
954 953 1169 1010 collatio
1208 950 1275 1005 ad
1315 950 1416 1004 hoc
1445 947 1600 1003 ﬁeret
1641 955 1698 1000 ut
1727 959 1788 999 ea
1818 942 2043 998 crimina

468 1069 586 1126 quae
628 1053 803 1107 solent
830 1049 1011 1103 dicere
1042 1047 1094 1100 in
1122 1044 1424 1099 universam
1464 1037 1759 1094 Ecclesiam
1791 1043 1882 1090 aut
1923 1047 2048 1102 pro-

469 1147 662 1203 barent
683 1186 696 1208 ,
728 1152 786 1198 ut
809 1142 1011 1198 veritas
1035 1144 1352 1210 appareret,
1385 1142 1476 1189 aut
1503 1147 1607 1188 non
1639 1130 1960 1201 probarent,
1989 1135 2047 1181 ut

473 1235 821 1293 nihilominus
844 1231 1040 1288 veritas
1066 1236 1365 1300 appareret.
1397 1225 1521 1281 Haec
1547 1223 1767 1279 crimina
1790 1221 1835 1276 si
1862 1220 2047 1273 volunt

476 1337 566 1382 aut
583 1334 806 1396 possunt
829 1322 1116 1380 ostendere
1141 1319 1480 1391 proferantur
1499 1327 1554 1372 et
1580 1315 2043 1372 demonstrentur.

473 1421 532 1478 Si
559 1431 735 1476 autem
770 1433 875 1474 non
913 1422 1134 1488 possunt
1171 1425 1262 1481 aut
1291 1414 1510 1476 nolunt,
1535 1411 1643 1482 jam
1671 1420 1774 1465 tua:
1804 1407 2049 1465 sublimi-

471 1515 594 1569 tatis
616 1523 699 1569 est
729 1512 794 1569 de
823 1527 881 1568 re
909 1521 1039 1576 tota,
1065 1508 1203 1563 sicut
1231 1507 1367 1562 ratio
1395 1505 1507 1575 ipsa
1533 1501 1752 1569 indicat,
1779 1500 2045 1571 judicare.

439 1605 448 1613 ’
474 1608 542 1666 Et
571 1611 674 1665 alia
700 1625 872 1664 manu.
910 1604 1232 1677 Recognovi.

546 1703 667 1758 111.
699 1700 1033 1755 Marcellinus
1055 1698 1129 1752 uir
1154 1693 1471 1750 clarissimus
1493 1689 1726 1744 tribunus
1752 1695 1796 1740 et
1818 1683 2050 1739 notarius

2141 478 2408 536 stentibus
2436 478 2638 548 aliquid
2665 475 3024 545 objiciendum
3047 473 3240 529 credit.

2214 570 2337 626 116.
2371 570 2688 640 Augustinus
2709 568 2972 637 episcopus
2999 564 3249 621 Ecclesite
3275 550 3545 619 catholica.-
3570 563 3707 618 dixit.

2141 660 2250 716 Nos
2293 661 2636 716 collationem
2675 659 3015 730 ponoscimus
3042 658 3132 714 ubi
3158 657 3373 729 objecta
3413 657 3708 724 diluamus,

2142 767 2249 808 non
2269 753 2358 807 ubi
2383 752 2702 821 objiciamus
2724 749 3006 815 diluenda;
3031 748 3473 820 quandoquidem
3501 764 3620 803 cum
3643 748 3708 802 illi

2145 849 2356 918 objecta
2382 847 2612 918 probare
2642 860 2747 901 non
2776 844 3211 916 potuerint,quid
3246 844 3378 909 sint,
3405 843 3530 914 quid
3550 857 3714 899 rema-

2143 955 2325 1009 neant,
2358 944 2511 1000 nobis
2557 960 2661 1000 non
2692 943 2995 999 dicentibus
3043 938 3386 995 manifestum
3413 940 3518 996 erit
3552 940 3715 993 omni-

2144 1036 2324 1103 nibus,
2353 1044 2408 1092 et
2433 1052 2462 1091 a
2491 1045 2574 1089 tua
2600 1035 2926 1088 sublimitate
2943 1031 3289 1102 judicabitur.
3318 1030 3472 1086 Nunc
3499 1030 3715 1100 ingressi

2147 1141 2338 1183 sumus
2365 1126 2572 1181 diluere
2599 1124 3002 1179 criminationes
3022 1136 3232 1186 eorum,
3264 1136 3398 1190 quas
3421 1121 3592 1176 solent
3623 1121 3718 1174 Ec-

2144 1221 2321 1276 clesia:
2367 1235 2526 1290 quam
2577 1228 2823 1274 tenemus
2851 1215 3124 1286 obiicere:
3163 1213 3474 1268 mandatum
3516 1206 3724 1284 quoquc‘

2145 1314 2383 1384 ipsorum
2416 1311 2518 1367 hoc
2540 1311 2799 1366 continet.
2833 1308 3085 1362 Adversus
3115 1306 3391 1360 traditores
3419 1318 3466 1360 et
3492 1323 3718 1376 persecu-

2145 1413 2538 1473 toresnostros.
2572 1400 2852 1470 Quondam
2893 1409 3071 1454 autem
3101 1397 3438 1461 Primianus,
3473 1398 3516 1451 si
3543 1398 3719 1467 digna-

2147 1507 2253 1566 tur,
2282 1497 2449 1555 frater
2477 1507 2662 1552 noster
2685 1505 2981 1552 conventus
3002 1509 3098 1565 pro
3142 1495 3257 1563 ipsa
3309 1493 3597 1548 collatione
3643 1508 3718 1546 re

2148 1591 2384 1662 spondit.
2440 1588 2720 1660 Indignum
2765 1597 2839 1642 est
2884 1597 2937 1640 ut
2965 1589 3019 1639 in
3065 1569 3251 1639 unum/
3278 1574 3575 1640 coriueniant
3632 1585 3718 1652 lilii

2148 1692 2432 1753 martyrum
2459 1691 2511 1741 et,
2556 1680 2821 1750 progenies
2856 1678 3181 1732 traditarum.
3229 1677 3357 1731 Haec
3388 1666 3610 1731 crimina
3648 1677 3718 1731 di-

475 1797 625 1851 dixit.
669 1793 960 1862 Accepistis
1006 1787 1440 1859 prosecutionem
1485 1781 1654 1852 partis
1699 1779 1959 1834 adversae.
1994 1774 2128 1835 SLB
2156 1772 2351 1827 luenda
2403 1773 2760 1841 suscepimus,
2801 1779 2856 1822 ut
2888 1769 3001 1822 haec
3029 1768 3254 1823 crimina
3285 1768 3553 1823 diluantur
3575 1770 3715 1824 istam

475 1886 601 1957 quid
629 1884 882 1955 objicitis,
902 1881 1012 1951 jam
1039 1879 1258 1950 jamque
1283 1877 1589 1946 proponite.

547 1999 668 2052 112.
704 1996 984 2050 Petilianus
1028 1993 1296 2063 episwpus
1335 1989 1484 2044 dixit.
1533 1985 1876 2042 Pronuntiet'
1899 1981 2051 2055 prius

474 2089 722 2146 nobilitas
774 2099 860 2142 tua
907 2094 1082 2140 utrum
1135 2090 1284 2138 recte
1334 2092 1581 2153 petamus
1626 2093 1747 2148 qua:
1795 2077 2048 2146 petimus,

476 2197 673 2244 necne;
697 2170 822 2234 tum
856 2178 1072 2232 demum
1112 2174 1191 2229 eis
1235 2173 1302 2228 ad
1331 2171 1540 2240 singula
1582 2167 2051 2237 reSpondebimus.

476 2272 545 2327 Et
583 2273 687 2326 alia
725 2285 896 2324 manu.
932 2267 1226 2322 Petilianus
1254 2264 1538 2333 episcopus
1581 2261 1698 2316 sine
1744 2258 2053 2329 prejudicio

477 2361 848 2435 appellationis
888 2368 1084 2415 nostrae
1114 2355 1423 2426 recognovi.

551 2478 674 2533 115.
708 2474 1038 2530 Marcellinus
1081 2471 1142 2525 V.
1181 2469 1241 2524 C.
1276 2469 1507 2522 tribunus
1545 2475 1592 2520 et
1632 2463 1860 2520 notarius
1901 2462 2051 2516 dixit.

477 2571 644 2626 Recte
673 2583 768 2622 vos
797 2576 979 2637 petere
1008 2560 1401 2634 prosecutionis
1429 2567 1624 2614 vestrm
1665 2566 1846 2612 textus
1873 2564 2056 2608 osten-

477 2663 591 2726 dit,
623 2670 676 2717 et
699 2667 845 2716 recte
880 2655 1223 2726 respondisse
1250 2660 1453 2723 partem
1481 2666 1509 2704 e
1536 2649 1749 2704 diverso
1776 2650 2053 2700 sistentem

477 2769 664 2810 eorum
691 2749 938 2806 similiter
967 2727 1429 2818 prosecutionibus
1456 2739 1784 2794 declaratum
1811 2743 1912 2789 est.
1947 2733 2057 2788 Ad-

479 2852 682 2899 sertum
731 2850 814 2895 est
861 2839 1005 2893 enim
1061 2833 1204 2905 quod
1257 2831 1573 2886 criminibus
1621 2827 1808 2883 nescio
1863 2823 2055 2894 quibus

480 2931 772 2989 Ecclesiam
801 2945 959 3001 quam
991 2933 1210 2991 tenent,
1258 2939 1286 2976 a
1317 2922 1468 2977 vobis
1499 2919 1766 2988 hodieque
1805 2916 2056 2971 adserant

482 3025 751 3089 infestari;
782 3037 900 3092 quae
921 3062 936 3085 ,
962 3021 1006 3074 si
1034 3032 1138 3088 qua
1165 3024 1310 3079 sunt,
1342 3011 1550 3068 debetis
1574 3011 1810 3066 edicere.
1841 3009 1896 3063 Si
1925 3021 2055 3062 vero

484 3134 588 3174 non
628 3124 781 3180 sunt,
808 3122 892 3169 est
925 3124 1150 3167 necesse
1177 3119 1233 3163 ut
1260 3106 1328 3162 ad
1363 3105 1480 3161 haec
1508 3102 1836 3175 respondere
1864 3101 2048 3172 digne-

482 3211 634 3267 mini.
1679 3207 1681 3209 ’

555 3318 1100 3394 3031M.Emeritus
1121 3316 1386 3387 cpiscopus
1402 3313 1549 3369 dixit.
1568 3312 1656 3369 Sic
1674 3309 1846 3386 agitur
1864 3322 2023 3364 causa
2035 3351 2048 3372 ,

484 3418 600 3472 haec
623 3413 819 3485 ljudicii
862 3411 1030 3465 forma
1082 3418 1164 3464 est
1188 3447 1204 3470 ,
1247 3407 1324 3462 sic
1351 3407 1546 3462 veritas
1583 3403 1868 3474 inquiritur
1899 3409 1957 3454 ut
1983 3400 2053 3454 de

484 3521 710 3578 persona
745 3512 1003 3558 taceatur.
1041 3499 1175 3554 Dicit
1211 3513 1300 3553 me
1339 3499 1522 3552 nescio
1548 3510 1654 3566 quo
1691 3502 1912 3548 auctore
1941 3492 2052 3544 cri-

483 3601 624 3654 mina
665 3596 718 3653 in
749 3594 1044 3651 Ecclesiam
1075 3589 1378 3656 ventilare,
1424 3600 1475 3644 et
1522 3586 1672 3656 quasi
1717 3598 1811 3654 per
1857 3582 2052 3635 tamam

481 3689 763 3761 quamdam
826 3687 1085 3743 honorem
1136 3698 1291 3739 suum
1337 3681 1696 3749 meritumque
1751 3675 2051 3730 destruere.

482 3779 746 3852 Quidquid
789 3779 951 3844 velit,
983 3791 1090 3847 quo
1121 3774 1336 3830 nomine
1361 3772 1525 3837 velit,
1559 3783 1665 3839 quo
1698 3776 1872 3838 potest
1899 3779 2056 3834 argu-

484 3884 664 3940 mento
696 3873 816 3927 huic
842 3871 942 3942 ipsi
972 3883 1149 3924 causae
1176 3880 1371 3921 nomen
1414 3865 1654 3932 imponat
1684 3873 1906 3914 necesse
1936 3866 2051 3921 est,

486 3975 544 4023 ut
563 3967 684 4038 quia
716 3965 909 4020 iterum
933 3969 1212 4032 provocat,
1243 3958 1437 4028 petitor
1467 3954 1715 4008 adsistat.
1745 3951 1935 4006 Utrum
1957 3965 2057 4018 ego

488 4059 713 4115 dixerim
740 4071 933 4120 necne,
959 4062 1134 4106 utrum
1177 4064 1307 4104 vere
1335 4045 1584 4109 dixerim,
1613 4055 1752 4096 anne
1779 4040 2056 4095 conﬁnxe-

491 4149 614 4211 rim,
641 4162 761 4200 cum
793 4144 959 4212 ipsius
984 4138 1346 4210 propositione
1360 4144 1692 4203 cognovero;
1717 4145 1835 4184 cum
1857 4144 1918 4184 ea
1939 4143 2058 4198 qua:

496 4237 626 4293 mihi
657 4234 840 4305 objicit
866 4247 990 4287 vera
1022 4243 1174 4295 esse,
1206 4239 1260 4281 et
1283 4241 1349 4280 ex
1380 4239 1466 4280 me
1494 4222 1700 4293 prolata
1733 4218 2056 4283 constiterit,

496 4337 618 4382 tunc
643 4326 855 4380 demum
887 4334 1107 4376 necesse
1131 4327 1212 4370 est
1232 4312 1542 4370 eorumdem
1565 4327 1649 4365 me
1675 4309 2060 4365 intentionibus

495 4417 837 4488 respondere.
871 4412 1028 4466 Videt
1079 4424 1205 4478 ergo
1255 4405 1561 4475 praestantia
1600 4413 1686 4457 tua
1727 4404 1844 4457 sine
1867 4416 2061 4472 provo-

2154 1865 2498 1921 collationem
2525 1864 2890 1933 poposcimus.
2919 1861 3187 1917 Concessa
3213 1870 3316 1916 est.
3358 1864 3468 1917 Aut
3504 1864 3716 1933 proben-

2155 1967 2262 2023 tur,
2286 1967 2375 2012 aut
2403 1966 2721 2026 purgentur.
2755 1955 2818 2007 Et
2844 1954 2948 2006 alia
2982 1970 3156 2007 manu.
3190 1953 3518 2025 Recognovi.

2226 2051 2350 2105 117.
2398 2049 2730 2103 Marcellinus
2755 2048 2830 2101 vir
2853 2047 3167 2100 clarissimus
3190 2046 3421 2101 tribunus
3441 2057 3487 2102 et
3508 2050 3715 2102 notarius

2155 2140 2303 2194 dixit.
2339 2137 2570 2193 Mandati
2616 2139 2784 2196 series
2817 2137 3133 2191 traditorum
3182 2147 3387 2207 partem
3431 2155 3463 2194 e
3515 2140 3714 2195 diverso

2156 2233 2436 2286 sistentem
2469 2245 2589 2285 esse
2621 2229 2928 2298 proﬁtetur.
2967 2228 3321 2285 Collationem
3359 2246 3522 2298 vero,
3561 2234 3604 2286 si
3649 2240 3713 2285 ta-

2157 2339 2278 2378 men
2308 2323 2612 2393 prosecutio
2633 2321 2911 2376 catltoliczc
2937 2321 3099 2391 partis
3123 2322 3353 2378 veritate
3378 2322 3600 2378 subnixa
3621 2333 3712 2384 est.

2157 2416 2226 2470 ab
2258 2416 2500 2484 utrisque
2531 2415 2770 2485 partibus
2816 2423 3023 2469 constat
3047 2429 3170 2470 esse
3204 2417 3548 2486 postulatam.
3581 2416 3713 2471 Unde

2156 2521 2299 2562 nunc
2329 2507 2379 2560 id
2410 2505 2549 2576 quod
2577 2506 2827 2562 mandato
2851 2506 3062 2562 videtur
3099 2522 3414 2575 expressum
3433 2549 3446 2571 ,
3475 2509 3714 2563 sanctitas

2156 2606 2333 2653 vestra
2392 2596 2796 2667 probationibus
2851 2596 3037 2652 fulcire
3089 2597 3358 2676 dignetur.
3436 2599 3716 2669 Accepistis

2156 2691 2298 2745 enim
2325 2705 2386 2745 ex
2416 2705 2598 2744 eorum
2633 2690 3103 2761 prosecutionibus
3126 2692 3299 2761 magis
3322 2707 3350 2744 a
3379 2689 3534 2746 vobis
3553 2692 3714 2758 aliqua

2156 2781 2337 2850 objici,
2370 2789 2424 2837 et
2451 2796 2511 2838 ea
2539 2783 2745 2851 objecta
2776 2797 2836 2839 se
2862 2783 3000 2838 velle
3025 2783 3250 2838 diluere.

2226 2875 2352 2930 118.
2395 2877 2683 2932 Petilianus
2724 2877 2987 2947 episcopus
3035 2877 3189 2931 dixit.
3245 2875 3598 2932 Pronuntiarc
3644 2876 3717 2929 di-

2157 2983 2323 3039 gnare
2351 2968 2417 3024 de
2465 2985 2714 3039 persona.
2755 2968 2905 3023 Tunc
2952 2969 3058 3024 itur
3111 2967 3165 3022 in
3213 2982 3454 3022 causam.
3511 2966 3574 3021 Et
3627 2970 3717 3021 alia

2154 3077 2327 3114 manu.
2366 3061 2656 3116 Petilianus
2680 3059 2966 3130 episcopus
3007 3059 3124 3114 sine
3155 3059 3470 3129 prtejudicio
3503 3059 3717 3129 appella-

2074 3146 2119 3211 C
2152 3153 2311 3209 tionis
2339 3162 2533 3209 nostra:
2560 3154 2868 3224 recognovi.

2228 3246 2351 3302 119.
2377 3247 2590 3318 Alypius
2607 3247 2874 3316 episcopus
2896 3242 3142 3296 Ecclesia
3161 3242 3429 3296 catholica:
3453 3243 3596 3297 dixit.
3615 3241 3716 3297 Iam

2158 3353 2266 3394 non
2296 3347 2377 3394 est
2405 3347 2706 3392 nostrarum
2750 3334 2983 3404 partium
3006 3333 3079 3388 de
3103 3333 3206 3388 hoc
3235 3333 3439 3403 aliquid
3469 3333 3719 3403 superﬂuo

2161 3429 2511 3499 respondere.
2543 3425 2608 3479 Et
2637 3425 2741 3478 alia
2771 3439 2946 3478 manu.
2977 3423 3306 3494 Recognovi.
3340 3423 3603 3480 Possidius
3627 3424 3719 3491 epi-

2154 3537 2339 3591 scOpns
2367 3518 2614 3572 Ecclesia:
2633 3517 2898 3570 catholica:
2926 3516 3074 3569 dixit.
3106 3516 3558 3572 lntcrlocutioncs
3577 3532 3720 3586 supe-

2157 3613 2326 3666 riores
2359 3607 2707 3664 sublimitatis
2732 3615 2834 3660 tute
2857 3608 3172 3669 recitentur,
3196 3613 3253 3660 et
3284 3619 3575 3677 agnoscant
3607 3608 3718 3677 quid

2159 3701 2453 3772 postulant.
2482 3699 2546 3752 Et
2570 3699 2675 3753 alia
2705 3714 2878 3752 manu.
2913 3697 3244 3767 Recognovi.

2233 3793 2359 3848 120.
2403 3789 2738 3845 Marcellinus
2766 3791 2843 3844 uir
2881 3789 3198 3844 clarissimus
3228 3789 3462 3843 tribunus
3504 3800 3550 3853 et
3593 3800 3719 3843 note-

2159 3886 2264 3940 rius
2284 3885 2434 3939 dixit.
2453 3883 2510 3940 Si
2526 3883 2870 3939 collationem
2899 3883 2965 3937 ab
2989 3883 3234 3952 utrisque
3264 3882 3509 3952 partibus
3533 3893 3722 3937 constat

2159 3992 2279 4032 esse
2310 3975 2654 4045 postulatam,
2682 3982 2894 4031 constat
2922 3989 3042 4030 eum
3071 3988 3193 4029 esse
3221 3974 3506 4042 petitorem
3529 3975 3614 4044 qui
3633 3975 3722 4028 cri-

2161 4084 2283 4125 men
2316 4068 2565 4124 intendit.

2234 4160 2359 4214 121.
2404 4160 2661 4214 Emeritus
2688 4159 2956 4230 episcopus
2992 4157 3143 4211 dixit.
3179 4158 3381 4212 Doceat
3407 4158 3474 4212 ab
3501 4159 3719 4228 utrisque

2163 4254 2402 4324 partibus
2429 4253 2776 4309 collationem
2821 4265 2940 4305 esse
2993 4251 3043 4303 in
3095 4248 3300 4318 judicio
3330 4248 3632 4320 ﬂagitatam.
3664 4250 3718 4303 Et

2163 4346 2269 4398 alia
2300 4361 2476 4398 manu.
2509 4343 2780 4398 Emeritus
2802 4340 3085 4408 episcopus
3113 4340 3422 4408 recognovi.

2237 4435 2360 4491 122.
2405 4436 2636 4506 Alypius
2671 4434 2941 4503 episcOpus
2987 4429 3230 4484 Ecclesia
3273 4428 3549 4487 Catholictc
3584 4435 3712 4487 dixit.

496 4518 649 4564 εειηῑθ
701 4500 1072 4595 respondenti?
1104 4495 1438 4595 _s“pem"?m
1464 4507 1583 4549 esse
1623 4507 1927 4595 P‘?’s‘{"“"‘g
1958 4505 2058 4595 ne?
2087 4524 2139 4583 D
2166 4495 2569 4586 Docetnus.vvi§t
2598 4495 2906 4581 alia'man-u.
2932 4522 3259 4590 Recognovi.
3307 4521 3630 4579 Marcellinus
3656 4528 3717 4578 ιιὶν

497 4615 654 4672 posse
673 4609 990 4668 quemquam
1013 4589 1116 4646 dici
1145 4587 1555 4656 reSpondcntem
1585 4587 1683 4639 nisi
1706 4586 1878 4654 primo
1899 4583 2061 4638 fuerit

498 4696 835 4762 provocator.
869 4685 1008 4753 Ergo
1037 4681 1081 4734 si
1111 4678 1474 4750 provocatoris
1501 4677 1644 4737 loco,
1671 4676 1770 4729 hoc
1793 4684 1896 4742 est,
1921 4675 2061 4744 quod

501 4780 694 4837 dicitur
719 4774 984 4846 petitoris,
1010 4769 1238 4834 adsistit,
1268 4769 1508 4845 instituat
1532 4768 1816 4839 actionem,
1845 4767 1930 4819 cui
1977 4781 2065 4819 rc-

500 4871 766 4945 spondere
787 4867 1030 4923 debeam.
1051 4860 1363 4931 Saepissime
1383 4860 1526 4913 enim
1557 4858 1740 4912 dicunt
1760 4874 1856 4913 nos
1877 4875 2066 4926 super-

503 4966 620 5019 ﬂuis
649 4959 950 5016 moratoriis
978 4955 1074 5017 uti,
1118 4969 1185 5007 ne
1227 4951 1293 5005 ad
1323 4950 1597 5020 negotium
1625 4949 1887 5003 veniatur.
1927 4950 2065 5018 Ergo

504 5071 624 5112 cum
653 5055 751 5107 iste
777 5048 938 5106 cardo
967 5047 1036 5101 sit
1061 5057 1262 5109 causae,
1292 5051 1349 5094 ut
1381 5041 1424 5095 is
1455 5040 1543 5108 qui
1585 5038 1810 5093 alterum
1843 5039 1894 5093 in
1921 5040 2065 5109 judi-

507 5148 645 5202 cium
672 5152 846 5208 vocat,
876 5140 1155 5195 instituere
1182 5135 1447 5189 actionem
1469 5131 1680 5194 debeat,
1704 5142 1754 5186 et
1778 5147 2068 5200 provocare

507 5242 573 5298 ad
611 5237 1043 5309 responsionem,
1086 5229 1328 5284 advertat
1374 5227 1680 5296 praestantia
1708 5234 1793 5279 tua
1824 5240 1917 5280 eos
1949 5241 2070 5295 pro—

506 5333 656 5405 sequi
686 5331 914 5395 debere,
947 5336 1121 5380 utrum
1169 5322 1322 5375 n.-..is
1363 5321 1442 5371 vel
1475 5334 1630 5387 quam
1662 5317 1941 5372 iuStituant
1972 5332 2060 5369 ac-

507 5432 742 5493 tionem,
790 5433 850 5478 ut
895 5418 1224 5489 respondere
1277 5413 1564 5484 possimus.
1620 5410 1684 5463 Et
1732 5412 1836 5465 alia
1887 5425 2060 5464 manu.

505 5521 774 5577 Emeritus
797 5516 1103 5585 episcopus,
1127 5509 1276 5565 salvo
1299 5506 1492 5561 eﬂ‘ectu
1530 5504 1905 5574 appellationis
1940 5493 2064 5556 nosé

503 5620 599 5686 trp
627 5605 938 5678 recognovi.

578 5719 696 5773 115.
741 5716 1065 5771 Marcellinus
1106 5713 1178 5766 vir
1221 5710 1536 5765 clarissimus
1581 5708 1815 5760 tribunus
1843 5713 1890 5758 et
1916 5709 2062 5756 nota-

2164 4621 2477 4676 clarissimus
2507 4617 2739 4673 tribunus
2765 4622 2812 4667 et
2843 4613 3074 4665 notarius
3103 4610 3253 4665 dixit.
3279 4611 3393 4670 Hoc
3419 4629 3539 4685 pars
3557 4618 3717 4671 catho-

2167 4713 2263 4768 lica
2295 4711 2493 4766 docere
2520 4705 2755 4762 debebit.

2239 4806 2362 4862 125.
2406 4800 2695 4856 Adeodatus
2716 4796 2980 4864 episcopus
3003 4793 3152 4849 dixit.
3177 4792 3484 4856 Catholicos
3507 4815 3714 4856 nosessc

2169 4893 2425 4961 scriptum
2466 4891 2553 4942 sit.
2597 4886 2666 4942 Et
2715 4888 2818 4940 alia
2867 4903 3042 4942 manu.
3099 4890 3410 4947 Adeodatus
3457 4893 3714 4962 episcopus

2165 4980 2601 5054 'prosecutionem
2633 4992 2802 5032 meam
2843 4978 2993 5034 salvo
3022 4981 3397 5050 appellationis
3424 4983 3606 5038 εσθαι]
3643 4997 3714 5034 rc-

2171 5068 2418 5139 cognovi.
2455 5065 2862 5123 Fortunatianus
2886 5070 3156 5142 episcopus
3188 5071 3438 5130 Ecclesia
3478 5071 3715 5126 catholici:

2171 5159 2321 5214 dixit.
2357 5157 2662 5211 Donatistae
2692 5173 2786 5211 vos
2822 5173 2941 5214 esse
2977 5175 3040 5214 ex
3086 5161 3340 5218 Primiani
3369 5163 3609 5218 mandato
3634 5161 3713 5215 duo

2172 5267 2380 5306 cemus.
2415 5249 2478 5303 Et
2501 5249 2606 5302 alia
2633 5267 2806 5304 manu.
2840 5250 3162 5323 Recognovi.
3212 5255 3511 5311 Adeodatus
3537 5254 3710 5324 episco-

2173 5359 2265 5412 pus
2287 5341 2436 5396 dixit.
2467 5339 2850 5396 Caecilianistas
2873 5358 2966 5398 vos
2995 5360 3114 5402 esse
3144 5348 3404 5418 scriptum
3433 5347 3519 5403 sit.
3551 5343 3712 5399 Etalia

2170 5450 2344 5488 manu.
2389 5432 2694 5487 Adeodatus
2732 5435 3015 5506 episcopus
3060 5439 3494 5507 prosecutionem
3529 5448 3709 5492 meam.

2169 5528 2317 5582 salva
2342 5525 2705 5596 appellatione
2721 5567 2736 5592 ,
2765 5529 3072 5599 recognovi.

2244 5615 2367 5672 124.
2409 5614 2814 5670 Fortunatianus
2888 5621 3153 5690 episcopus
3207 5620 3452 5677 Ecclesia:
3485 5613 3710 5675 catholica

2174 5705 2326 5760 dixit.
2359 5707 2413 5762 Si
2457 5707 2726 5778 praecipis,
2766 5718 2912 5780 gesta
2941 5711 3236 5770 recitamus
3262 5716 3317 5769 in
3340 5713 3534 5784 judicio
3554 5703 3705 5763 habili
