3860 6212
218 200 368 263 1583

1160 214 1386 272 ΟΕΞΤΔ
1425 206 1878 312 υοιιλτιυκιξ
1913 217 2534 282 CARTUAGINENSIS.

3381 234 3519 291 1586

220 323 595 393 praefecturae;
627 324 718 381 ubi
763 339 824 382 se
872 338 998 396 pars
1045 327 1270 383 adversa
1301 329 1477 384 audiri
1536 341 1816 401 tantopere
1845 335 1895 393 A
1923 337 2032 388 rius
2063 338 2211 392 dixit.
2259 339 2336 392 Ad
2361 355 2421 394 ea
2451 355 2517 394 ex
2562 339 2757 408 quibus
2790 348 3004 394 constat
3041 353 3162 397 esse
3195 347 3479 401 transitum
3500 389 3516 411 ,

217 416 504 493 flagitavit.
543 419 609 474 Et
638 418 783 486 ideo,
824 419 868 474 si
900 420 1168 490 pra:cipis.
1200 420 1269 475 Et
1296 423 1402 474 alia
1431 438 1605 475 manu.
1639 423 1815 478 Reco-

214 514 402 584 gnovi.
433 513 770 570 Marcellinus
794 515 872 568 vir
895 515 1212 569 clarissimus
1239 516 1469 570 tribunus
1498 526 1543 568 et
1570 515 1819 570 Notarius

215 605 373 664 dixit.
407 607 573 663 Gesta
617 607 800 663 habita
843 608 897 664 in
933 607 1140 678 judicio
1170 607 1462 663 illustrium
1488 617 1814 678 potestatum

213 708 474 769 suscepta
503 699 573 755 ab
599 698 778 754 officio
804 699 1121 755 recitentur.
1394 731 1412 744 ο
1709 764 1714 770 _

289 791 415 849 125.
449 793 740 849 Petilianus
769 788 1222 867 episcopus-dixit.
1265 792 1468 850 Contra
1499 793 1619 850 lttcc
1659 807 1813 850 serva

209 898 335 954 quae
361 873 695 955 competunt.
741 883 810 940 Et
837 886 942 939 alia
968 903 1145 941 manu.
1187 886 1484 942 Petilianus
1524 886 1814 957 episcopus

207 976 335 1032 sine
403 977 723 1048 pratjudicio
778 978 1159 1047 appellationis
1223 986 1423 1033 nostra:
1493 980 1808 1049 recognovi.

207 1067 553 1124 Marcellinus
584 1074 658 1123 vir
685 1069 998 1125 clarissimus
1030 1071 1263 1124 tribunus
1304 1081 1351 1125 et
1387 1072 1622 1124 notarius
1653 1071 1806 1125 dixit.

204 1155 370 1213 Salva
412 1172 594 1215 erunt.
633 1159 919 1215 Petilianus
961 1163 1237 1230 episcopus
1279 1163 1435 1218 dixit.
1469 1163 1544 1216 Do
1574 1178 1806 1232 persona

205 1251 519 1320 pronuntia.
551 1251 997 1322 Quid‘petierint,
1023 1243 1160 1324 quid
1175 1255 1543 1324 suggesserim
1567 1255 1805 1310 clemen-

191 1341 422 1398 tissimo
456 1343 797 1414 imperatori,
844 1345 1040 1417 quidve
1066 1348 1276 1402 mentiti
1319 1347 1444 1412 sint,
1479 1348 1582 1402 hoc
1611 1349 1808 1417 proda-

204 1443 317 1490 tur.
375 1436 474 1492 llic
529 1437 824 1494 Pronuntia
881 1433 1056 1494 ultum
1117 1439 1167 1494 id
1226 1440 1496 1510 superflue
1525 1440 1801 1512 flagitem,

201 1543 402 1586 necne.
433 1530 574 1587 Tum
610 1533 827 1589 demum
871 1533 975 1590 itur
1004 1535 1057 1588 in
1094 1548 1332 1588 causam.
1367 1533 1435 1588 Et
1480 1535 1588 1600 alia
1619 1551 1796 1589 manu.

197 1619 504 1678 Petilianus
534 1625 843 1695 episcopus,
873 1626 1022 1679 salvo
1037 1621 1247 1681 'merito
1270 1626 1652 1696 appellationis
1679 1641 1804 1681 nos-

200 1721 329 1780 trae,
363 1717 676 1786 recognovi.

280 1807 406 1864 126.
432 1807 772 1864 Marcellinus
790 1811 867 1866 vir
896 1811 1210 1866 clarissimus
1239 1812 1472 1866 tribunus
1489 1819 1537 1866 et
1566 1813 1802 1865 notarius

198 1899 357 1955 dixit.
407 1901 761 1972 Collationem
809 1903 973 1962 luisse
1017 1899 1366 1974 postulatam‘
1397 1904 1578 1958 missis
1611 1904 1800 1974 legatis

193 2008 384 2051 sermo
410 1995 650 2052 etnlestis
682 1996 947 2063 ostendit,
986 1997 1124 2052 hanc
1163 1998 1279 2053 lieri
1342 1999 1626 2070 evidenter
1671 2014 1797 2052 san-

199 2087 386 2144 etione
426 2081 714 2162 praecipit:
746 2090 830 2146 cui
881 2106 966 2145 me
1008 2090 1245 2161 judicem
1297 2090 1541 2146 residere
1590 2090 1800 2162 pariter

193 2181 562 2237 constitutum
609 2190 711 2237 est.
747 2181 1026 2238 Excedere
1071 2198 1159 2238 me
1215 2181 1376 2253 huius
1419 2183 1800 2252 praeceptionis

193 2273 429 2330 formam
481 2275 648 2330 etiam
692 2275 950 2331 sanctitas
980 2282 1163 2330 vestra
1201 2276 1423 2329 omnino
1468 2289 1575 2328 non
1636 2288 1796 2349 posse

195 2382 419 2423 mecum
456 2367 650 2423 melius
673 2369 1057 2439 recognoscit.-

271 2460 395 2514 127.
447 2457 744 2515 Petilianus
790 2461 1061 2533 episcOpus
1111 2461 1261 2516 dixit.
1339 2461 1697 2516 Pronuntiare
1744 2469 1797 2515 te

191 2536 521 2610 constanter.
545 2555 817 2621 convenit,
843 2554 926 2609 vir
970 2554 1168 2610 nobilis
1193 2588 1210 2622 ,
1231 2563 1408 2610 utrum
1438 2554 1670 2626 proferri
1695 2555 1794 2611 de-

195 2645 365 2702 beant
387 2645 479 2701 illa
511 2662 632 2716 qua:
657 2648 902 2703 clanculo
927 2647 1215 2716 habentur,
1253 2664 1376 2720 qua:
1403 2650 1603 2705 rubore
1642 2663 1792 2704 com-

194 2753 389 2810 pressa
413 2750 539 2794 sunt
566 2741 944 2796 mentientium
978 2758 990 2793 :
1021 2748 1114 2795 aut
1151 2749 1299 2797 certe
1323 2741 1368 2796 si
1397 2740 1674 2811 superflue
1702 2756 1795 2811 pe-

188 2831 359 2887 timus
389 2873 403 2899 ,
458 2831 560 2887 hoc
617 2833 924 2902 pronuntia.
982 2831 1053 2887 Et
1094 2833 1202 2887 alia
1250 2849 1427 2890 manu.
1462 2833 1795 2906 [Petilianus
1858 2829 1867 2836 ’

187 2913 518 2996 episcopus]
565 2925 685 2982 sine
713 2925 1032 2997 prtejudicio
1073 2926 1454 2999 appellationis
1482 2935 1683 2992 nostra:
1710 2941 1795 2982 re-

188 3033 446 3090 cognovn

1926 442 2230 497 regressum
2281 430 2396 485 fieri
2450 430 2673 486 minime
2728 441 2989 500 Oportcre
3034 442 3118 486 sat
3171 434 3381 491 clarum
3413 451 3516 492 est.

1924 515 2076 571 Unde
2106 528 2163 573 ut
2192 522 2473 577 evidenter
2503 523 2747 592 petitoris
2777 539 3008 592 persona
3061 536 3420 596 monstretur,
3451 531 3515 585 il-

1921 604 2169 662 lustrium
2203 621 2526 678 potestatum
2551 623 2700 683 gesta
2734 616 3070 686 relegantur.

1995 697 2117 752 151.
2161 699 2450 757 Petilianus
2498 706 2767 774 episcopus
2826 707 2980 762 dixit.
3027 707 3233 764 Nebula
3279 723 3364 767 ess
3413 711 3514 767 ista

1919 802 2042 858 qua:
2069 793 2404 849 obtenditur.
2453 797 2586 851 Nam
2640 800 2706 854 ab
2737 801 2891 855 initio
2920 803 3064 871 ipsos
3095 819 3218 861 esse
3254 808 3513 876 petitores

1918 889 2070 936 certo
2100 882 2220 938 loco
2270 890 2738 957 monstrabimus,
2793 907 2915 948 cum
2949 895 3258 966 dignaberis
3314 901 3382 956 de
3429 902 3514 957 bis

1913 988 2037 1044 qua:
2078 975 2393 1044 jamdudum
2452 982 2740 1050 petivimus
2789 996 2947 1055 atque
2998 989 3231 1057 petimus
3275 1007 3514 1060 pronun-

1915 1065 2068 1155 tiare.
2119 1066 2186 1122 Et
2216 1070 2322 1124 alia
2348 1089 2525 1126 manu.
2563 1073 2857 1130 Petilianus
2896 1080 3183 1152 episcomis
3210 1085 3328 1139 sine
3366 1103 3506 1155 prte-

1908 1149 2115 1226 judicio
2141 1164 2522 1231 appellationis
2554 1177 2754 1221 nostrae
2781 1174 3089 1239 recognovi.

1903 1281 1914 1292 -
1986 1251 2110 1306 152.
2130 1253 2478 1322 Marcellinus
2504 1259 2580 1312 vir
2593 1261 2918 1315 clarissimus
2943 1265 3175 1326 tribunus
3193 1278 3241 1320 et
3274 1273 3507 1325 notarius

1910 1341 2062 1396 dixit.
2099 1343 2274 1400 Etiam
2303 1350 2565 1404 sanctitas
2600 1363 2775 1407 vestra
2805 1370 2927 1425 qua:
2963 1356 3122 1412 offert
3147 1376 3240 1428 per
3259 1364 3506 1422 ordinem

1909 1433 2237 1504 relcgentur.
2296 1438 2367 1492 Et
2410 1441 2620 1511 adjecit.
2666 1444 2917 1503 Patimini
2949 1465 3093 1505 nunc
3141 1451 3356 1509 interim
3386 1473 3508 1527 qua:

1907 1529 2176 1596 postulata
2212 1543 2336 1588 sunt
2362 1534 2430 1588 ab
2455 1535 2639 1591 officio
2669 1541 2904 1596 recitari.
2943 1566 2958 1578 -

1981 1621 2103 1690 155.
2156 1620 2446 1678 Pctilianus
2485 1629 2754 1700 episcOpus
2783 1632 2937 1686 dixit.
2971 1634 3306 1706 Pronuntia,
3334 1650 3392 1697 et
3412 1658 3509 1714 pa-

1833 1721 1881 1782 B
1911 1709 2016 1765 tior
2060 1715 2300 1804 recitari.
2358 1716 2427 1769 Et
2476 1720 2583 1774 alia
2636 1739 2813 1777 manu.
2869 1725 3170 1786 Petilianus
3216 1709 3508 1806 episcopus

1905 1805 2055 1860 salvo
2080 1801 2273 1863 meri—to
2299 1811 2678 1881 appellationis
2707 1827 2908 1872 nostra:
2939 1825 3252 1891 rec0gnovi.

1979 1898 2100 1954 154.
2132 1899 2473 1958 Marcellinus
2501 1905 2577 1959 vir
2603 1907 2925 1966 clarissimus
2951 1914 3186 1970 tribunus
3207 1927 3252 1971 et
3274 1922 3511 1975 notarius

1901 1989 2054 2047 dixit.
2085 1991 2341 2050 Petitoris
2373 2011 2605 2066 persona
2651 2013 2778 2056 tunc
2813 2017 3002 2074 aperte
3049 2011 3249 2077 poterit
3276 2013 3502 2070 demon-

1900 2084 2094 2178 strari,
2125 2089 2382 2176 CUlll’llOC
2429 2092 2597 2160 gestis
2643 2095 3066 2156 evidentissimis
3110 2101 3274 2158 fuerit
3308 2122 3507 2178 appro—

1900 2173 2106 2230 batum.

1974 2268 2100 2323 155.
2138 2268 2432 2327 Petilianus
2462 2276 2732 2348 episcopus
2754 2279 2906 2335 dixit.
2931 2283 3224 2341 Pronuntia
3248 2305 3334 2345 me
3357 2304 3506 2350 recte

1900 2375 1968 2415 an
1998 2376 2106 2417 non
2138 2376 2286 2420 recte
2307 2369 2511 2437 petisse
2537 2372 2680 2439 quod
2708 2372 2909 2430 diutius
2935 2376 3190 2448 flagitavi.
3223 2381 3332 2438 Res
3357 2386 3502 2442 enim

1900 2452 2060 2543 nobis
2085 2469 2210 2509 cum
2256 2459 2458 2527 pepqu
2489 2470 2591 2514 est.
2627 2461 2707 2517 'l‘u
2754 2481 2971 2536 quoque
3008 2485 3129 2524 cum
3158 2477 3382 2543 ,populo
3410 2492 3504 2531 vo-

1883 2542 2050 2602 .luisti
2099 2543 2303 2604 habere
2335 2551 2626 2618 rationem,
2653 2555 2751 2624 qui
2779 2556 2846 2612 de
2886 2559 3094 2628 judicio
3135 2570 3228 2618 tuo
3263 2542 3502 2623 voluisti

1876 2634 2151 2706 judicari.
2202 2637 2270 2694 Et
2319 2643 2428 2696 alia
2477 2660 2654 2701 manu.
2698 2647 3014 2708 Petilianus'
3045 2658 3336 2728 episcopus
3382 2663 3503 2718 sine

1899 2731 2216 2800 praejudicio
2236 2735 2619 2804 appellationis
2655 2752 2854 2798 nostrae
2876 2749 3188 2818 recognovi.

1970 2823 2094 2880 156.
2142 2825 2362 2916 Alypius
2403 2831 2677 2901 episcopus
2723 2832 2974 2892 Ecclesia:
3032 2841 3304 2913 οαιήοιὶοφ
3350 2846 3502 2900 dixit.

1898 2912 2176 2985 Legatatur
2197 2912 2367 2987 gesta.
2403 2921 2471 2975 Et
2503 2925 2608 2978 alia
2639 2943 2819 2982 manu.
2851 2928 3187 3002 Recognovi.
3282 2912 3286 2913 ν
3379 2919 3382 2923 ’

1973 3009 2094 3064 157.
2126 3010 2466 3069 Marcellinus
2493 3019 2571 3070 vir
2596 3019 2918 3077 clarissimus
2941 3026 3176 3082 tribunus
3196 3039 3246 3084 et
3273 3035 3506 3088 notarius

265 3111 392 3168 ηε.
451 3110 862 3168 portuum“,
907 3114 1178 3186 ερίεεορα,
1230 3112 1474 3170 Eadm“,
1524 3113 1790 3168 εαιιιοιεεω
1818 3108 1863 3173 C
1897 3099 2049 3171 dixit.
2081 3103 2442 3163 Pronuntiare
2474 3125 2560 3164 me
2587 3114 2823 3179 postulat
2849 3118 3110 3175 sanctitas
3136 3130 3248 3189 tua,
3281 3140 3410 3180 cum
3433 3128 3499 3182 ab

183 3207 342 3262 dixit.
380 3205 436 3264 Si
468 3207 596 3278 quid
626 3219 710 3265 est
736 3208 878 3277 quod
903 3217 1092 3264 contra
1121 3223 1243 3276 nos,
1267 3209 1356 3263 ubi
1388 3210 1643 3264 mentitos
1664 3225 1789 3264 esse

179 3314 316 3371 pars
344 3299 571 3356 adversa
603 3300 884 3373 designat,
919 3301 1164 3372 proferre
1196 3302 1424 3372 poterit,
1467 3301 1576 3371 jam
1609 3301 1788 3371 profe-

183 3402 312 3457 rat;
341 3407 410 3448 ne
432 3391 720 3476 superﬂuis
741 3408 841 3450 nos
866 3394 1301 3468 accusationibus
1322 3408 1489 3464 agens
1507 3435 1522 3461 ,
1557 3393 1788 3472 populus

131 3533 137 3539 .
182 3483 366 3541 adhuc
395 3501 587 3558 usque,
611 3486 700 3542 cui
723 3486 1012 3542 consulere
1041 3486 1316 3551 volumus,
1346 3487 1673 3557 decipiatur.
1721 3486 1788 3540 Et

180 3576 310 3634 ideo
335 3619 350 3645 ,
383 3578 430 3634 si
459 3577 716 3634 nobilitas
748 3587 834 3633 tua
878 3579 1156 3648 praecepit,
1205 3579 1345 3650 apud
1403 3577 1783 3648 praefecturam

181 3679 342 3742 gesta
371 3669 557 3726 habita
586 3671 901 3730 recitentur.
934 3670 1002 3725 Et
1031 3672 1136 3727 alia
1167 3689 1340 3727 manu.
1373 3671 1706 3743 Recognovi.

260 3761 383 3822 129.
422 3762 716 3817 Petilianus
750 3764 1019 3835 episcopus
1046 3763 1198 3817 dixit.
1231 3763 1435 3818 Ordine
1460 3778 1559 3817 suo
1589 3773 1781 3818 cuncta

177 3853 447 3931 legantur.
471 3851 743 3924 Legantur
761 3855 934 3923 primo
955 3869 1074 3925 qute
1102 3855 1354 3925 petimus.
1390 3853 1455 3908 Et
1471 3855 1578 3910 alia
1600 3871 1803 3910 manu:

178 3947 480 4004 Politianus
533 3947 820 4018 episcopus
867 3947 986 4002 sine
1034 3947 1346 4018 pra-judicio
1398 3948 1781 4018 appellationis

175 4046 385 4094 nostra:
415 4038 729 4109 recognovi.
763 4036 1028 4093 Emeritus
1056 4039 1324 4110 episcopus
1361 4039 1512 4104 dixit.
1558 4038 1669 4095 Hoc
1696 4049 1781 4095 est

174 4131 324 4202 quod
356 4131 670 4188 volebamus
699 4132 750 4186 in
773 4132 978 4202 judicio
996 4132 1169 4203 prodi,
1195 4144 1376 4189 utrum
1401 4134 1779 4205 imperialibus

171 4227 398 4280 auribus
430 4225 730 4281 intimarint
765 4241 866 4281 nos
893 4227 946 4282 in
968 4227 1171 4298 judicio
1194 4226 1531 4299 prmfectura:
1554 4230 1639 4285 vel
1680 4245 1778 4285 vo-

171 4317 443 4374 luntarios
464 4317 764 4388 adstitisse,
791 4319 876 4374 vel
900 4321 1162 4390 quaesisse
1181 4320 1605 4379 conﬂictum.‘Si
1629 4321 1775 4377 enim

171 4410 280 4466 ista
327 4409 582 4477 dixisScs,
616 4425 829 4480 possem
863 4421 912 4466 te
939 4411 1272 4483 digestorum
1323 4412 1431 4469 fide
1472 4413 1527 4469 in
1568 4413 1776 4485 judicio

1894 3192 2000 3283 alia
2020 3209 2105 3264 pat
2121 3202 2173 3250 te
2189 3207 2338 3265 gesta
2365 3205 2675 3258 necessaria
2701 3207 3117 3275 probationibus
3131 3216 3496 3283 publicentur.

1881 3281 2050 3340 ~‘Unde
2093 3285 2196 3343 ltoc
2225 3287 2344 3346 fieri
2371 3294 2608 3361 patiatur
2632 3297 2891 3353 sanctitas
2936 3309 3047 3358 tua.
3084 3281 3221 3361 Tum
3249 3309 3495 3378 demum,

1894 3389 2075 3434 utrum
2102 3381 2171 3437 de
2199 3392 2351 3452 parte
2399 3389 2603 3458 negotii
2657 3395 3001 3459 pronuntiari
3056 3398 3284 3469 debeat,
3313 3404 3498 3461 existi-

1893 3472 2073 3528 mabo.

1966 3566 2090 3622 158.
2152 3567 2440 3626 Petilianus
2481 3573 2752 3644 episcopus
2792 3578 2945 3633 dixit.
2996 3581 3157 3639 Aliud
3215 3589 3491 3658 ostendit,

1890 3672 2015 3714 cum
2047 3660 2192 3716 aliud
2223 3663 2514 3732 postulem.
2545 3665 2895 3724 Conscientia
2931 3673 3044 3742 ipsa
3075 3677 3288 3745 publica
3320 3688 3492 3747 tenet,

1889 3766 1989 3804 nec
2044 3753 2233 3808 tacebo
2283 3754 2510 3810 ulterius
2539 3798 2554 3822 ,
2597 3773 2698 3814 nec
2745 3759 3019 3825 differam.
3045 3766 3128 3820 vir
3165 3771 3363 3827 nobilis
3389 3816 3404 3838 ,
3439 3784 3491 3831 te

1887 3841 2063 3911 ipsum
2105 3845 2302 3915 popqu
2342 3846 2510 3903 fuisse
2536 3849 2732 3906 edictis
2759 3851 3130 3924 frequentibus
3165 3862 3488 3934 pollicitum,

1886 3939 2145 4010 quidquid
2182 3939 2469 3995 audituros
2499 3955 2671 4008 esses,
2725 3944 2867 4001 inter
2887 3948 3258 4021 disceptantes
3282 3961 3492 4017 scilicet

1888 4031 2091 4109 partes,
2110 4042 2162 4090 te
2185 4049 2401 4090 rursum
2421 4034 2617 4092 edictis
2640 4037 3102 4111 subsequentibus
3123 4048 3486 4117 prolaturum.

1886 4123 1966 4180 Tu
1999 4124 2101 4181 hoc
2129 4125 2354 4194 videris,
2387 4135 2491 4181 tua:
2521 4128 2944 4188 existimationis
2971 4145 3055 4191 est
3087 4151 3271 4206 causa,
3306 4153 3486 4202 utrmn

1885 4225 1994 4272 tam
2048 4217 2212 4274 facile
2263 4234 2351 4274 me
2381 4233 2578 4290 cogere
2609 4221 2810 4279 debeas
2837 4223 2905 4281 de
2931 4241 3110 4284 causae
3141 4233 3352 4290 meritis
3376 4238 3488 4294 dis-

1884 4322 2116 4399 putare,
2162 4328 2283 4370 cum
2330 4313 2384 4369 id
2429 4314 2564 4402 mihi
2614 4316 2960 4378 adversarius
3009 4339 3163 4396 meus
3207 4334 3488 4402 negaverit

1883 4398 2025 4478 quod
2067 4422 2167 4479 ego
2201 4401 2533 4480 magnopere
2573 4412 2790 4480 postulo
2819 4428 2947 4471 esse
2971 4398 3335 4486 prodendum.
3364 4426 3484 4496 Ipse

135 4581 139 4584 ξ
169 4504 478 4560 confutare.
517 4503 576 4559 Si
596 4515 787 4560 autem
812 4521 919 4560 non
940 4506 1192 4571 dixisses,
1228 4507 1542 4579 intelligatis
1564 4510 1653 4580 qui
1676 4523 1772 4565 co-

1923 4501 2102 4565 ideris,
2134 4501 2250 4569 ipse
2279 4500 2382 4556 hoc
2405 4503 2684 4572 quomodo
2715 4505 2951 4562 volueris
2973 4511 3232 4569 aestimes.
3264 4515 3381 4587 Ego
3407 4530 3476 4572 la-

168 4595 353 4668 gnitor
380 4595 540 4651 datus
568 4604 651 4651 est
675 4596 741 4652 de
767 4598 1022 4654 omnibus
1065 4615 1126 4654 se
1153 4599 1519 4670 imperatoria:
1565 4602 1772 4657 notioni

168 4691 378 4745 referre
408 4699 682 4760 oportere.
708 4690 872 4762 igitur
893 4692 1150 4762 quoniam
1181 4692 1588 4749 evidentissitne
1624 4689 1773 4751 cem-

169 4784 470 4855 probamus
493 4775 634 4840 istos
672 4787 870 4841 docere
919 4789 1144 4843 minime
1163 4790 1419 4856 valuisse,
1450 4789 1535 4846 vel
1562 4805 1624 4845 ea
1653 4805 1772 4861 quae

167 4875 522 4945 imperatoris
559 4878 780 4932 auribus
813 4880 1095 4934 intimasse
1132 4896 1191 4934 se
1238 4880 1444 4948 dicunt,
1477 4881 1560 4936 vel
1589 4890 1770 4936 utrum

167 4966 355 5034 ierint,
377 4968 459 5024 vel
478 4970 694 5038 quando
717 4971 897 5037 ierint,
917 4971 1000 5026 vel
1029 4987 1150 5026 cum
1180 4989 1287 5042 quo
1308 4974 1561 5028 mandato
1584 4974 1765 5042 ierint,

166 5059 276 5117 hoc
307 5061 481 5130 ipsum
514 5069 754 5129 potestas
783 5075 870 5118 tua
885 5064 1135 5135 judicare
1157 5066 1444 5137 dignetur;
1470 5066 1785 5140 3Mutsi'

165 5167 364 5229 putant
383 5171 670 5226 personam
703 5167 944 5214 nostram
976 5170 1246 5231 tamquam
1272 5161 1559 5232 petitorum
1595 5164 1663 5218 de
1683 5177 1774 5218 ac-

168 5259 352 5305 torum
381 5247 725 5306 confectione
746 5267 864 5322 qua:
890 5253 1030 5322 apud
1052 5252 1447 5309 illustrissimas
1471 5264 1770 5325 potestates

163 5353 297 5401 sunt
345 5343 550 5411 habita,
584 5345 637 5400 in
667 5345 872 5416 judicio
895 5349 1288 5417 comprobare,
1317 5363 1440 5406 cum
1471 5365 1538 5405 ex
1568 5351 1769 5404 recita-

164 5437 319 5494 tione
345 5447 620 5508 gestorum
644 5437 804 5494 fuerit
829 5440 1211 5511 approbatum,
1235 5441 1484 5512 judicare
1509 5441 1768 5513 digneris.

157 5528 238 5595 Et
257 5531 365 5585 alia
395 5548 568 5585 manu.
597 5531 873 5588 Emeritus
892 5535 1207 5605 episcOpus,
1233 5534 1383 5590 salva
1408 5535 1771 5606 appellatione

165 5633 384 5690 nostra,
410 5625 725 5694 recognovi.

242 5713 366 5770 150.
411 5711 750 5769 Marcellinus
788 5715 862 5768 vir
913 5716 1227 5773 clarissimus
1275 5716 1508 5774 tribunus
1531 5725 1579 5773 et
1608 5726 1774 5774 nota-

577 5809 847 5870 ΡΑτιιοι..
901 5807 1010 5869 χι.

1878 4610 2004 4649 men
2039 4605 2183 4649 tuam
2214 4595 2466 4650 desidero
2507 4597 2792 4665 providere
2817 4604 3185 4669 praestantiam
3216 4611 3346 4678 quid
3379 4613 3482 4671 hoc

1877 4683 2000 4738 loco
2027 4685 2249 4739 sentias.
2284 4684 2414 4739 Mihi
2447 4684 2549 4740 hoc
2576 4688 2819 4758 expedit,
2867 4692 2996 4747 nolo
3021 4709 3053 4749 a
3087 4700 3289 4768 popqu
3310 4703 3479 4762 deno-

1876 4775 2000 4841 tari,
2035 4775 2180 4844 quod
2204 4778 2644 4845 praetermiserim
2679 4779 2754 4846 id,
2780 4791 2834 4835 et
2854 4785 3105 4842 eumdem
3134 4789 3314 4849 locum
3344 4813 3486 4866 pra:-

1880 4866 2229 4935 termiserim,
2265 4869 2351 4924 ubi
2381 4872 2599 4925 occulte
2639 4873 2795 4929 video
2827 4877 2934 4946 tegi
2972 4881 3314 4942 mendacium
3337 4893 3480 4960 quod

1877 4959 2078 5018 debeat
2107 4961 2391 5033 publicari.
2419 4962 2655 5020 Proinde
2685 4976 2763 5035 tu,
2791 4967 2874 5022 vir
2895 4971 3222 5046 nobilis,qui
3245 4959 3477 5042 mediam

1877 5062 2037 5111 tenes
2068 5055 2172 5111 hoc
2203 5055 2322 5112 loco
2349 5071 2662 5126 personam,
2685 5074 2903 5119 assume
2929 5065 3077 5123 illam
3105 5086 3296 5140 puram
3319 5080 3480 5136 inno-

1880 5161 2202 5221 centemque
2257 5152 2663 5221 constantiam,
2710 5169 2811 5211 nec
2863 5156 3079 5217 dubites
3134 5173 3486 5235 pronuntiare

1881 5244 2027 5316 quod
2074 5245 2219 5299 licet.
2266 5244 2452 5316 Neque
2479 5247 2621 5301 enim
2670 5246 2750 5303 fas
2795 5261 2984 5319 estut,
3019 5271 3142 5311 cum
3169 5262 3486 5323 mihisatis—

1878 5338 2078 5394 factum
2103 5353 2212 5393 non
2236 5339 2417 5403 fuerit,
2444 5355 2544 5409 ego
2564 5355 2726 5412 cogar
2749 5343 2816 5397 ad
2840 5344 3032 5402 intima
3056 5365 3235 5408 causa:
3255 5356 3483 5415 descen-

1879 5432 2030 5489 dere.
2080 5430 2236 5487 Unde
2275 5431 2493 5502 quidem
2537 5450 2868 5506 magnOpere
2920 5456 3221 5513 prtesumo;
3276 5451 3373 5506 sed
3421 5471 3483 5509 ea

1880 5543 2000 5599 quae
2027 5534 2225 5596 expeto
2251 5542 2358 5580 non
2385 5526 2560 5582 debeo
2601 5529 2896 5596 praeterire.
2932 5531 3005 5585 Et
3031 5538 3137 5589 alia
3167 5557 3346 5595 manu.
3384 5546 3482 5601 Pe-

1880 5620 2114 5674 tilianus'
2135 5618 2436 5686 Episcopus
2463 5619 2614 5672 salvo
2643 5621 2837 5673 merito
2864 5624 3246 5689 appellationis
3276 5646 3481 5691 nostra:

1881 5709 2192 5781 recognovi.

2992 5801 3076 5865 Ms
