  <div class='ocr_page' id='page_1' title='image "/cluster/home/n/w/nwhite01/storage/ocr_20150623/11/uva.x000826576/703.png"; bbox 0 0 3860 6212; ppageno 0'>
   <div class='ocr_carea' id='block_1_1' title="bbox 508 262 645 319">
    <p class='ocr_par' dir='ltr' id='par_1_1' title="bbox 508 262 645 319">
     <span class='ocr_line' id='line_1_1' title="bbox 508 262 645 319; baseline -0.015 0"><span class='ocrx_word' id='word_1_1' title='bbox 508 262 645 319; x_wconf 74' lang='grc'><strong>1587</strong></span> 
     </span>
    </p>
   </div>
   <div class='ocr_carea' id='block_1_2' title="bbox 1440 245 2817 308">
    <p class='ocr_par' dir='ltr' id='par_1_2' title="bbox 1440 245 2817 308">
     <span class='ocr_line' id='line_1_2' title="bbox 1440 245 2817 308; baseline -0.003 -2"><span class='ocrx_word' id='word_1_2' title='bbox 1440 249 1667 306; x_wconf 83' lang='lat' dir='ltr'><strong>GESTA</strong></span> <span class='ocrx_word' id='word_1_3' title='bbox 1707 245 2164 305; x_wconf 73' lang='lat' dir='ltr'><strong>COLLATIONIS</strong></span> <span class='ocrx_word' id='word_1_4' title='bbox 2199 246 2817 308; x_wconf 80' lang='lat' dir='ltr'><strong>CARTllAGlNENSlS.</strong></span> 
     </span>
    </p>
   </div>
   <div class='ocr_carea' id='block_1_3' title="bbox 3676 252 3837 343">
    <p class='ocr_par' dir='ltr' id='par_1_3' title="bbox 3676 252 3837 343">
     <span class='ocr_line' id='line_1_3' title="bbox 3676 252 3837 343; baseline 0.019 -39"><span class='ocrx_word' id='word_1_5' title='bbox 3676 252 3789 307; x_wconf 63' lang='grc'><strong>1551</strong></span> 
     </span>
    </p>
   </div>
   <div class='ocr_carea' id='block_1_4' title="bbox 583 346 3837 439">
    <p class='ocr_par' dir='ltr' id='par_1_4' title="bbox 583 346 3837 439">
     <span class='ocr_line' id='line_1_4' title="bbox 583 346 3837 439; baseline -0.004 -7"><span class='ocrx_word' id='word_1_6' title='bbox 583 378 711 432; x_wconf 72' lang='grc'><strong>159.</strong></span> <span class='ocrx_word' id='word_1_7' title='bbox 746 373 1085 428; x_wconf 80' lang='lat' dir='ltr'><strong>Marcellinus</strong></span> <span class='ocrx_word' id='word_1_8' title='bbox 1109 369 1182 423; x_wconf 87' lang='lat' dir='ltr'><strong>vir</strong></span> <span class='ocrx_word' id='word_1_9' title='bbox 1205 367 1525 422; x_wconf 85' lang='lat' dir='ltr'><strong><em>clarissimus</em></strong></span> <span class='ocrx_word' id='word_1_10' title='bbox 1549 366 1783 422; x_wconf 88' lang='lat' dir='ltr'><strong><em>tribunus</em></strong></span> <span class='ocrx_word' id='word_1_11' title='bbox 1805 377 1851 421; x_wconf 86' lang='lat' dir='ltr'><strong>et</strong></span> <span class='ocrx_word' id='word_1_12' title='bbox 1876 367 2108 421; x_wconf 89' lang='lat' dir='ltr'><strong><em>notarius</em></strong></span> <span class='ocrx_word' id='word_1_13' title='bbox 2133 369 2189 429; x_wconf 76' lang='grc' dir='ltr'><strong>Δ</strong></span> <span class='ocrx_word' id='word_1_14' title='bbox 2213 370 2558 428; x_wconf 84' lang='lat' dir='ltr'><strong>descendam.</strong></span> <span class='ocrx_word' id='word_1_15' title='bbox 2582 370 2648 425; x_wconf 82' lang='lat' dir='ltr'><strong>Et</strong></span> <span class='ocrx_word' id='word_1_16' title='bbox 2677 372 2782 425; x_wconf 81' lang='lat' dir='ltr'><strong><em>alia</em></strong></span> <span class='ocrx_word' id='word_1_17' title='bbox 2811 386 2984 425; x_wconf 84' lang='lat' dir='ltr'><strong>manu.</strong></span> <span class='ocrx_word' id='word_1_18' title='bbox 3001 366 3663 439; x_wconf 63' lang='lat' dir='ltr'><strong>Petilianus’lepiSCOpus]</strong></span> <span class='ocrx_word' id='word_1_19' title='bbox 3686 383 3791 437; x_wconf 80' lang='lat' dir='ltr'><strong>pro-</strong></span> <span class='ocrx_word' id='word_1_20' title='bbox 3836 346 3837 417; x_wconf 65' lang='grc' dir='ltr'>Ῑ</span> 
     </span>
    </p>
   </div>
   <div class='ocr_carea' id='block_1_5' title="bbox 513 458 2110 533">
    <p class='ocr_par' dir='ltr' id='par_1_5' title="bbox 513 458 2110 533">
     <span class='ocr_line' id='line_1_5' title="bbox 513 458 2110 533; baseline -0.007 -10"><span class='ocrx_word' id='word_1_21' title='bbox 513 470 662 523; x_wconf 78' lang='lat' dir='ltr'><strong>dixit.</strong></span> <span class='ocrx_word' id='word_1_22' title='bbox 696 467 766 523; x_wconf 90' lang='lat' dir='ltr'><strong>Ut</strong></span> <span class='ocrx_word' id='word_1_23' title='bbox 807 462 1115 533; x_wconf 81' lang='lat' dir='ltr'><strong>diligentius</strong></span> <span class='ocrx_word' id='word_1_24' title='bbox 1142 459 1346 513; x_wconf 85' lang='lat' dir='ltr'><strong>adverti</strong></span> <span class='ocrx_word' id='word_1_25' title='bbox 1381 460 1551 529; x_wconf 87' lang='lat' dir='ltr'><strong>possit</strong></span> <span class='ocrx_word' id='word_1_26' title='bbox 1577 458 1703 529; x_wconf 88' lang='lat' dir='ltr'><strong>quid</strong></span> <span class='ocrx_word' id='word_1_27' title='bbox 1730 458 1926 515; x_wconf 85' lang='lat' dir='ltr'><strong>debeat</strong></span> <span class='ocrx_word' id='word_1_28' title='bbox 1965 458 2110 530; x_wconf 86' lang='lat' dir='ltr'><strong>judi-</strong></span> 
     </span>
    </p>
   </div>
   <div class='ocr_carea' id='block_1_6' title="bbox 512 552 1404 630">
    <p class='ocr_par' dir='ltr' id='par_1_6' title="bbox 512 552 1404 630">
     <span class='ocr_line' id='line_1_6' title="bbox 512 552 1404 630; baseline -0.017 -11"><span class='ocrx_word' id='word_1_29' title='bbox 512 562 646 627; x_wconf 85' lang='lat' dir='ltr'><strong>cari,</strong></span> <span class='ocrx_word' id='word_1_30' title='bbox 681 556 958 630; x_wconf 77' lang='lat' dir='ltr'><strong>patiamini</strong></span> <span class='ocrx_word' id='word_1_31' title='bbox 983 563 1133 624; x_wconf 86' lang='lat' dir='ltr'><strong>gesta</strong></span> <span class='ocrx_word' id='word_1_32' title='bbox 1166 552 1404 607; x_wconf 76' lang='lat' dir='ltr'><strong>recitari.</strong></span> 
     </span>
    </p>
   </div>
   <div class='ocr_carea' id='block_1_7' title="bbox 588 642 2110 717">
    <p class='ocr_par' dir='ltr' id='par_1_7' title="bbox 588 642 2110 717">
     <span class='ocr_line' id='line_1_7' title="bbox 588 642 2110 717; baseline -0.004 -10"><span class='ocrx_word' id='word_1_33' title='bbox 588 652 712 707; x_wconf 76' lang='grc'><strong>140.</strong></span> <span class='ocrx_word' id='word_1_34' title='bbox 764 648 1053 702; x_wconf 85' lang='lat' dir='ltr'><strong><em>Petilianus</em></strong></span> <span class='ocrx_word' id='word_1_35' title='bbox 1100 647 1368 717; x_wconf 84' lang='lat' dir='ltr'><strong><em>episcopus</em></strong></span> <span class='ocrx_word' id='word_1_36' title='bbox 1402 644 1552 698; x_wconf 86' lang='lat' dir='ltr'><strong>dixit.</strong></span> <span class='ocrx_word' id='word_1_37' title='bbox 1596 642 1713 699; x_wconf 87' lang='lat' dir='ltr'><strong>Non</strong></span> <span class='ocrx_word' id='word_1_38' title='bbox 1751 644 1796 698; x_wconf 87' lang='lat' dir='ltr'><strong>is</strong></span> <span class='ocrx_word' id='word_1_39' title='bbox 1840 652 1925 699; x_wconf 90' lang='lat' dir='ltr'><strong>est</strong></span> <span class='ocrx_word' id='word_1_40' title='bbox 1972 644 2110 701; x_wconf 90' lang='lat' dir='ltr'><strong>ordo</strong></span> 
     </span>
    </p>
   </div>
   <div class='ocr_carea' id='block_1_8' title="bbox 510 722 2105 818">
    <p class='ocr_par' dir='ltr' id='par_1_8' title="bbox 510 722 2105 818">
     <span class='ocr_line' id='line_1_8' title="bbox 510 722 2105 818; baseline -0.008 -16"><span class='ocrx_word' id='word_1_41' title='bbox 510 754 810 818; x_wconf 86' lang='lat' dir='ltr'><strong>gestorum,</strong></span> <span class='ocrx_word' id='word_1_42' title='bbox 844 751 902 796; x_wconf 93' lang='lat' dir='ltr'><strong>ut</strong></span> <span class='ocrx_word' id='word_1_43' title='bbox 933 741 1049 795; x_wconf 67' lang='lat' dir='ltr'><strong>haec</strong></span> <span class='ocrx_word' id='word_1_44' title='bbox 1080 738 1333 809; x_wconf 79' lang='lat' dir='ltr'><strong>primitus</strong></span> <span class='ocrx_word' id='word_1_45' title='bbox 1355 736 1676 792; x_wconf 89' lang='lat' dir='ltr'><strong>recitentur.</strong></span> <span class='ocrx_word' id='word_1_46' title='bbox 1700 734 1768 790; x_wconf 85' lang='lat' dir='ltr'><strong>Et</strong></span> <span class='ocrx_word' id='word_1_47' title='bbox 1793 722 1902 791; x_wconf 60' lang='lat' dir='ltr'><strong><em>alia</em></strong></span> <span class='ocrx_word' id='word_1_48' title='bbox 1927 754 2105 791; x_wconf 87' lang='lat' dir='ltr'><strong><em>manu.</em></strong></span> 
     </span>
    </p>
   </div>
   <div class='ocr_carea' id='block_1_9' title="bbox 515 829 2109 903">
    <p class='ocr_par' dir='ltr' id='par_1_9' title="bbox 515 829 2109 903">
     <span class='ocr_line' id='line_1_9' title="bbox 515 829 2109 903; baseline -0.006 -10"><span class='ocrx_word' id='word_1_49' title='bbox 515 835 813 895; x_wconf 85' lang='lat' dir='ltr'><strong>Petilianus</strong></span> <span class='ocrx_word' id='word_1_50' title='bbox 847 834 1138 903; x_wconf 89' lang='lat' dir='ltr'><strong>episcopus</strong></span> <span class='ocrx_word' id='word_1_51' title='bbox 1168 830 1315 887; x_wconf 85' lang='lat' dir='ltr'><strong>salva</strong></span> <span class='ocrx_word' id='word_1_52' title='bbox 1353 838 1536 884; x_wconf 91' lang='lat' dir='ltr'><strong>nostra</strong></span> <span class='ocrx_word' id='word_1_53' title='bbox 1563 829 1928 899; x_wconf 76' lang='lat' dir='ltr'><strong>appellatione</strong></span> <span class='ocrx_word' id='word_1_54' title='bbox 1955 844 2109 885; x_wconf 89' lang='lat' dir='ltr'><strong>reco—</strong></span> 
     </span>
    </p>
   </div>
   <div class='ocr_carea' id='block_1_10' title="bbox 513 924 2138 1003">
    <p class='ocr_par' dir='ltr' id='par_1_10' title="bbox 513 924 2138 1003">
     <span class='ocr_line' id='line_1_10' title="bbox 513 924 2138 1003; baseline -0.003 -17"><span class='ocrx_word' id='word_1_55' title='bbox 513 931 695 1003; x_wconf 88' lang='lat' dir='ltr'><strong>gnovi.</strong></span> <span class='ocrx_word' id='word_1_56' title='bbox 724 927 1060 983; x_wconf 67' lang='lat' dir='ltr'><strong>Marcellinus</strong></span> <span class='ocrx_word' id='word_1_57' title='bbox 1087 928 1162 980; x_wconf 81' lang='lat' dir='ltr'><strong><em>vir</em></strong></span> <span class='ocrx_word' id='word_1_58' title='bbox 1192 924 1510 980; x_wconf 86' lang='lat' dir='ltr'><strong><em>clarissimus</em></strong></span> <span class='ocrx_word' id='word_1_59' title='bbox 1537 924 1770 978; x_wconf 90' lang='lat' dir='ltr'><strong><em>tribunus</em></strong></span> <span class='ocrx_word' id='word_1_60' title='bbox 1797 934 1849 979; x_wconf 88' lang='lat' dir='ltr'><strong>et</strong></span> <span class='ocrx_word' id='word_1_61' title='bbox 1877 924 2138 981; x_wconf 32' lang='lat' dir='ltr'><strong><em>notarius.</em></strong></span> 
     </span>
    </p>
   </div>
   <div class='ocr_carea' id='block_1_11' title="bbox 513 1016 2109 1089">
    <p class='ocr_par' dir='ltr' id='par_1_11' title="bbox 513 1016 2109 1089">
     <span class='ocr_line' id='line_1_11' title="bbox 513 1016 2109 1089; baseline -0.006 -10"><span class='ocrx_word' id='word_1_62' title='bbox 513 1025 662 1079; x_wconf 86' lang='lat' dir='ltr'><strong>dixit.</strong></span> <span class='ocrx_word' id='word_1_63' title='bbox 693 1022 837 1076; x_wconf 82' lang='lat' dir='ltr'><strong>Nihil</strong></span> <span class='ocrx_word' id='word_1_64' title='bbox 867 1020 1032 1076; x_wconf 82' lang='lat' dir='ltr'><strong>debet</strong></span> <span class='ocrx_word' id='word_1_65' title='bbox 1058 1019 1300 1089; x_wconf 90' lang='lat' dir='ltr'><strong>partibus</strong></span> <span class='ocrx_word' id='word_1_66' title='bbox 1343 1017 1620 1087; x_wconf 88' lang='lat' dir='ltr'><strong>denegari.</strong></span> <span class='ocrx_word' id='word_1_67' title='bbox 1654 1016 1949 1073; x_wconf 81' lang='lat' dir='ltr'><strong>Adeodatus</strong></span> <span class='ocrx_word' id='word_1_68' title='bbox 1996 1018 2109 1087; x_wconf 85' lang='lat' dir='ltr'><strong><em>epi-</em></strong></span> 
     </span>
    </p>
   </div>
   <div class='ocr_carea' id='block_1_12' title="bbox 516 1110 2112 1189">
    <p class='ocr_par' dir='ltr' id='par_1_12' title="bbox 516 1110 2112 1189">
     <span class='ocr_line' id='line_1_12' title="bbox 516 1110 2112 1189; baseline -0.005 -17"><span class='ocrx_word' id='word_1_69' title='bbox 516 1133 697 1189; x_wconf 86' lang='lat' dir='ltr'><strong><em>scopus</em></strong></span> <span class='ocrx_word' id='word_1_70' title='bbox 724 1115 877 1169; x_wconf 86' lang='lat' dir='ltr'><strong>dixit.</strong></span> <span class='ocrx_word' id='word_1_71' title='bbox 912 1112 970 1170; x_wconf 89' lang='lat' dir='ltr'><strong>Si</strong></span> <span class='ocrx_word' id='word_1_72' title='bbox 998 1112 1134 1168; x_wconf 86' lang='lat' dir='ltr'><strong>nihil</strong></span> <span class='ocrx_word' id='word_1_73' title='bbox 1165 1112 1408 1181; x_wconf 85' lang='lat' dir='ltr'><strong>partibus</strong></span> <span class='ocrx_word' id='word_1_74' title='bbox 1452 1110 1829 1181; x_wconf 88' lang='lat' dir='ltr'><strong>denegandum</strong></span> <span class='ocrx_word' id='word_1_75' title='bbox 1860 1119 1969 1177; x_wconf 89' lang='lat' dir='ltr'><strong>est,</strong></span> <span class='ocrx_word' id='word_1_76' title='bbox 1992 1118 2112 1165; x_wconf 86' lang='lat' dir='ltr'><strong>tan-</strong></span> 
     </span>
    </p>
   </div>
   <div class='ocr_carea' id='block_1_13' title="bbox 512 1200 2105 1274">
    <p class='ocr_par' dir='ltr' id='par_1_13' title="bbox 512 1200 2105 1274">
     <span class='ocr_line' id='line_1_13' title="bbox 512 1200 2105 1274; baseline -0.004 -10"><span class='ocrx_word' id='word_1_77' title='bbox 512 1208 636 1264; x_wconf 85' lang='lat' dir='ltr'><strong>dem</strong></span> <span class='ocrx_word' id='word_1_78' title='bbox 695 1206 852 1263; x_wconf 90' lang='lat' dir='ltr'><strong>nobis</strong></span> <span class='ocrx_word' id='word_1_79' title='bbox 902 1203 1311 1261; x_wconf 83' lang='lat' dir='ltr'><strong>concedendum</strong></span> <span class='ocrx_word' id='word_1_80' title='bbox 1382 1211 1464 1258; x_wconf 90' lang='lat' dir='ltr'><strong>est</strong></span> <span class='ocrx_word' id='word_1_81' title='bbox 1510 1202 1657 1272; x_wconf 90' lang='lat' dir='ltr'><strong>quod</strong></span> <span class='ocrx_word' id='word_1_82' title='bbox 1722 1200 2105 1274; x_wconf 81' lang='lat' dir='ltr'><strong>ﬂagitavimus.</strong></span> 
     </span>
    </p>
   </div>
   <div class='ocr_carea' id='block_1_14' title="bbox 514 1289 2111 1368">
    <p class='ocr_par' dir='ltr' id='par_1_14' title="bbox 514 1289 2111 1368">
     <span class='ocr_line' id='line_1_14' title="bbox 514 1289 2111 1368; baseline -0.004 -13"><span class='ocrx_word' id='word_1_83' title='bbox 514 1298 814 1355; x_wconf 82' lang='lat' dir='ltr'><strong>Ostendam</strong></span> <span class='ocrx_word' id='word_1_84' title='bbox 840 1297 1188 1368; x_wconf 74' lang='lat' dir='ltr'><strong>legationem.</strong></span> <span class='ocrx_word' id='word_1_85' title='bbox 1215 1293 1402 1364; x_wconf 82' lang='lat' dir='ltr'><strong>Neque</strong></span> <span class='ocrx_word' id='word_1_86' title='bbox 1428 1293 1574 1349; x_wconf 90' lang='lat' dir='ltr'><strong>enim</strong></span> <span class='ocrx_word' id='word_1_87' title='bbox 1604 1293 1763 1349; x_wconf 89' lang='lat' dir='ltr'><strong>nudis</strong></span> <span class='ocrx_word' id='word_1_88' title='bbox 1790 1289 1971 1349; x_wconf 81' lang='lat' dir='ltr'><strong>verbis</strong></span> <span class='ocrx_word' id='word_1_89' title='bbox 1993 1293 2111 1349; x_wconf 77' lang='lat' dir='ltr'><strong>tunc</strong></span> 
     </span>
    </p>
   </div>
   <div class='ocr_carea' id='block_1_15' title="bbox 516 1386 2101 1461">
    <p class='ocr_par' dir='ltr' id='par_1_15' title="bbox 516 1386 2101 1461">
     <span class='ocr_line' id='line_1_15' title="bbox 516 1386 2101 1461; baseline -0.003 -14"><span class='ocrx_word' id='word_1_90' title='bbox 516 1392 687 1461; x_wconf 89' lang='lat' dir='ltr'><strong>potuit</strong></span> <span class='ocrx_word' id='word_1_91' title='bbox 709 1390 921 1461; x_wconf 85' lang='lat' dir='ltr'><strong>concipi</strong></span> <span class='ocrx_word' id='word_1_92' title='bbox 946 1389 1164 1459; x_wconf 76' lang='lat' dir='ltr'><strong>legatio.</strong></span> <span class='ocrx_word' id='word_1_93' title='bbox 1188 1386 1403 1457; x_wconf 79' lang='lat' dir='ltr'><strong>Scripta</strong></span> <span class='ocrx_word' id='word_1_94' title='bbox 1434 1397 1592 1454; x_wconf 87' lang='lat' dir='ltr'><strong>sunt;</strong></span> <span class='ocrx_word' id='word_1_95' title='bbox 1622 1386 2101 1454; x_wconf 88' lang='lat' dir='ltr'><strong>demonstrentur,</strong></span> 
     </span>
    </p>
   </div>
   <div class='ocr_carea' id='block_1_16' title="bbox 514 1479 2110 1554">
    <p class='ocr_par' dir='ltr' id='par_1_16' title="bbox 514 1479 2110 1554">
     <span class='ocr_line' id='line_1_16' title="bbox 514 1479 2110 1554; baseline -0.004 -15"><span class='ocrx_word' id='word_1_96' title='bbox 514 1483 812 1554; x_wconf 79' lang='lat' dir='ltr'><strong>prodantur</strong></span> <span class='ocrx_word' id='word_1_97' title='bbox 837 1483 891 1537; x_wconf 90' lang='lat' dir='ltr'><strong>in</strong></span> <span class='ocrx_word' id='word_1_98' title='bbox 919 1482 1211 1552; x_wconf 90' lang='lat' dir='ltr'><strong>publicum.</strong></span> <span class='ocrx_word' id='word_1_99' title='bbox 1246 1479 1537 1536; x_wconf 82' lang='lat' dir='ltr'><strong>Videamus</strong></span> <span class='ocrx_word' id='word_1_100' title='bbox 1570 1490 1749 1535; x_wconf 90' lang='lat' dir='ltr'><strong>utrum</strong></span> <span class='ocrx_word' id='word_1_101' title='bbox 1780 1479 1901 1536; x_wconf 66' lang='lat' dir='ltr'><strong>hinc</strong></span> <span class='ocrx_word' id='word_1_102' title='bbox 1921 1488 2110 1536; x_wconf 90' lang='lat' dir='ltr'><strong>contra</strong></span> 
     </span>
    </p>
   </div>
   <div class='ocr_carea' id='block_1_17' title="bbox 514 1574 2113 1635">
    <p class='ocr_par' dir='ltr' id='par_1_17' title="bbox 514 1574 2113 1635">
     <span class='ocr_line' id='line_1_17' title="bbox 514 1574 2113 1635; baseline -0.002 0"><span class='ocrx_word' id='word_1_103' title='bbox 514 1594 615 1635; x_wconf 90' lang='lat' dir='ltr'><strong>nos</strong></span> <span class='ocrx_word' id='word_1_104' title='bbox 638 1594 769 1634; x_wconf 84' lang='lat' dir='ltr'><strong>vera</strong></span> <span class='ocrx_word' id='word_1_105' title='bbox 791 1592 857 1633; x_wconf 85' lang='lat' dir='ltr'><strong>an</strong></span> <span class='ocrx_word' id='word_1_106' title='bbox 882 1577 1016 1633; x_wconf 85' lang='lat' dir='ltr'><strong>falsa</strong></span> <span class='ocrx_word' id='word_1_107' title='bbox 1043 1578 1151 1633; x_wconf 87' lang='lat' dir='ltr'><strong>sint</strong></span> <span class='ocrx_word' id='word_1_108' title='bbox 1179 1576 1324 1632; x_wconf 87' lang='lat' dir='ltr'><strong>licta.</strong></span> <span class='ocrx_word' id='word_1_109' title='bbox 1369 1574 1439 1630; x_wconf 87' lang='lat' dir='ltr'><strong>Et</strong></span> <span class='ocrx_word' id='word_1_110' title='bbox 1464 1576 1571 1631; x_wconf 87' lang='lat' dir='ltr'><strong><em>alia</em></strong></span> <span class='ocrx_word' id='word_1_111' title='bbox 1596 1592 1773 1630; x_wconf 86' lang='lat' dir='ltr'><strong><em>manu.</em></strong></span> <span class='ocrx_word' id='word_1_112' title='bbox 1800 1575 2113 1632; x_wconf 82' lang='lat' dir='ltr'><strong>Adeodatus</strong></span> 
     </span>
    </p>
   </div>
   <div class='ocr_carea' id='block_1_18' title="bbox 515 1670 2113 1748">
    <p class='ocr_par' dir='ltr' id='par_1_18' title="bbox 515 1670 2113 1748">
     <span class='ocr_line' id='line_1_18' title="bbox 515 1670 2113 1748; baseline -0.001 -21"><span class='ocrx_word' id='word_1_113' title='bbox 515 1673 802 1743; x_wconf 81' lang='lat' dir='ltr'><strong>episcOpus</strong></span> <span class='ocrx_word' id='word_1_114' title='bbox 842 1687 1017 1728; x_wconf 85' lang='lat' dir='ltr'><strong>meam</strong></span> <span class='ocrx_word' id='word_1_115' title='bbox 1060 1671 1502 1748; x_wconf 87' lang='lat' dir='ltr'><strong>prosecutionem</strong></span> <span class='ocrx_word' id='word_1_116' title='bbox 1550 1670 1703 1724; x_wconf 85' lang='lat' dir='ltr'><strong>salva</strong></span> <span class='ocrx_word' id='word_1_117' title='bbox 1746 1670 2113 1741; x_wconf 86' lang='lat' dir='ltr'><strong>appellatione</strong></span> 
     </span>
    </p>
   </div>
   <div class='ocr_carea' id='block_1_19' title="bbox 2210 460 3792 537">
    <p class='ocr_par' dir='ltr' id='par_1_19' title="bbox 2210 460 3792 537">
     <span class='ocr_line' id='line_1_19' title="bbox 2210 460 3792 537; baseline -0.003 -16"><span class='ocrx_word' id='word_1_118' title='bbox 2210 466 2545 522; x_wconf 82' lang='lat' dir='ltr'><strong>sccutionem</strong></span> <span class='ocrx_word' id='word_1_119' title='bbox 2589 480 2765 521; x_wconf 85' lang='lat' dir='ltr'><strong>meam</strong></span> <span class='ocrx_word' id='word_1_120' title='bbox 2793 464 3154 537; x_wconf 79' lang='lat' dir='ltr'><strong>appellatione</strong></span> <span class='ocrx_word' id='word_1_121' title='bbox 3201 460 3464 517; x_wconf 89' lang='lat' dir='ltr'><strong>incolumi</strong></span> <span class='ocrx_word' id='word_1_122' title='bbox 3494 465 3792 533; x_wconf 73' lang='lat' dir='ltr'><strong>recognovi.</strong></span> 
     </span>
    </p>
   </div>
   <div class='ocr_carea' id='block_1_20' title="bbox 2210 555 3791 618">
    <p class='ocr_par' dir='ltr' id='par_1_20' title="bbox 2210 555 3791 618">
     <span class='ocr_line' id='line_1_20' title="bbox 2210 555 3791 618; baseline -0.006 -2"><span class='ocrx_word' id='word_1_123' title='bbox 2210 561 2548 618; x_wconf 78' lang='lat' dir='ltr'><strong>Marcellinus</strong></span> <span class='ocrx_word' id='word_1_124' title='bbox 2576 562 2653 616; x_wconf 81' lang='lat' dir='ltr'><strong><em>uir</em></strong></span> <span class='ocrx_word' id='word_1_125' title='bbox 2680 561 2995 616; x_wconf 86' lang='lat' dir='ltr'><strong><em>clarissimus</em></strong></span> <span class='ocrx_word' id='word_1_126' title='bbox 3024 559 3259 614; x_wconf 81' lang='lat' dir='ltr'><strong>tribunus</strong></span> <span class='ocrx_word' id='word_1_127' title='bbox 3301 565 3350 612; x_wconf 84' lang='lat' dir='ltr'><strong><em>et</em></strong></span> <span class='ocrx_word' id='word_1_128' title='bbox 3389 556 3626 610; x_wconf 83' lang='lat' dir='ltr'><strong><em>notarius</em></strong></span> <span class='ocrx_word' id='word_1_129' title='bbox 3655 555 3791 607; x_wconf 74' lang='lat' dir='ltr'><strong>dixit.</strong></span> 
     </span>
    </p>
   </div>
   <div class='ocr_carea' id='block_1_21' title="bbox 2210 648 3792 723">
    <p class='ocr_par' dir='ltr' id='par_1_21' title="bbox 2210 648 3792 723">
     <span class='ocr_line' id='line_1_21' title="bbox 2210 648 3792 723; baseline -0.005 -15"><span class='ocrx_word' id='word_1_130' title='bbox 2210 652 2327 708; x_wconf 88' lang='lat' dir='ltr'><strong>Non</strong></span> <span class='ocrx_word' id='word_1_131' title='bbox 2355 667 2574 723; x_wconf 91' lang='lat' dir='ltr'><strong>possum</strong></span> <span class='ocrx_word' id='word_1_132' title='bbox 2601 652 2667 707; x_wconf 88' lang='lat' dir='ltr'><strong>de</strong></span> <span class='ocrx_word' id='word_1_133' title='bbox 2697 666 2763 708; x_wconf 91' lang='lat' dir='ltr'><strong>eo</strong></span> <span class='ocrx_word' id='word_1_134' title='bbox 2783 652 3029 722; x_wconf 83' lang='lat' dir='ltr'><strong>judicare</strong></span> <span class='ocrx_word' id='word_1_135' title='bbox 3056 649 3197 722; x_wconf 91' lang='lat' dir='ltr'><strong>quod</strong></span> <span class='ocrx_word' id='word_1_136' title='bbox 3233 648 3472 706; x_wconf 91' lang='lat' dir='ltr'><strong>necdum</strong></span> <span class='ocrx_word' id='word_1_137' title='bbox 3493 656 3577 703; x_wconf 88' lang='lat' dir='ltr'><strong>est</strong></span> <span class='ocrx_word' id='word_1_138' title='bbox 3606 662 3792 715; x_wconf 85' lang='lat' dir='ltr'><strong>appro-</strong></span> 
     </span>
    </p>
   </div>
   <div class='ocr_carea' id='block_1_22' title="bbox 2211 742 3792 816">
    <p class='ocr_par' dir='ltr' id='par_1_22' title="bbox 2211 742 3792 816">
     <span class='ocr_line' id='line_1_22' title="bbox 2211 742 3792 816; baseline -0.006 -15"><span class='ocrx_word' id='word_1_139' title='bbox 2211 746 2415 802; x_wconf 88' lang='lat' dir='ltr'><strong>batum.</strong></span> <span class='ocrx_word' id='word_1_140' title='bbox 2442 746 2733 800; x_wconf 87' lang='lat' dir='ltr'><strong><em>Petilianus</em></strong></span> <span class='ocrx_word' id='word_1_141' title='bbox 2759 746 3032 816; x_wconf 86' lang='lat' dir='ltr'><strong><em>cpiscopus</em></strong></span> <span class='ocrx_word' id='word_1_142' title='bbox 3050 744 3204 799; x_wconf 82' lang='lat' dir='ltr'><strong>dixit.</strong></span> <span class='ocrx_word' id='word_1_143' title='bbox 3227 742 3424 799; x_wconf 84' lang='lat' dir='ltr'><strong>Utrum</strong></span> <span class='ocrx_word' id='word_1_144' title='bbox 3449 750 3602 798; x_wconf 85' lang='lat' dir='ltr'><strong>recte</strong></span> <span class='ocrx_word' id='word_1_145' title='bbox 3632 749 3792 811; x_wconf 84' lang='lat' dir='ltr'><strong>petam</strong></span> 
     </span>
    </p>
   </div>
   <div class='ocr_carea' id='block_1_23' title="bbox 2212 838 3792 916">
    <p class='ocr_par' dir='ltr' id='par_1_23' title="bbox 2212 838 3792 916">
     <span class='ocr_line' id='line_1_23' title="bbox 2212 838 3792 916; baseline -0.006 -16"><span class='ocrx_word' id='word_1_146' title='bbox 2212 844 2368 916; x_wconf 86' lang='lat' dir='ltr'><strong>prodi</strong></span> <span class='ocrx_word' id='word_1_147' title='bbox 2395 852 2650 913; x_wconf 88' lang='lat' dir='ltr'><strong>oportere</strong></span> <span class='ocrx_word' id='word_1_148' title='bbox 2686 841 2741 898; x_wconf 90' lang='lat' dir='ltr'><strong>id</strong></span> <span class='ocrx_word' id='word_1_149' title='bbox 2775 841 2920 914; x_wconf 86' lang='lat' dir='ltr'><strong>quod</strong></span> <span class='ocrx_word' id='word_1_150' title='bbox 2944 841 3197 898; x_wconf 92' lang='lat' dir='ltr'><strong>clanculo</strong></span> <span class='ocrx_word' id='word_1_151' title='bbox 3228 838 3548 912; x_wconf 83' lang='lat' dir='ltr'><strong>imperatori</strong></span> <span class='ocrx_word' id='word_1_152' title='bbox 3582 852 3792 907; x_wconf 82' lang='lat' dir='ltr'><strong>sugges-</strong></span> 
     </span>
    </p>
   </div>
   <div class='ocr_carea' id='block_1_24' title="bbox 2212 930 3793 1007">
    <p class='ocr_par' dir='ltr' id='par_1_24' title="bbox 2212 930 3793 1007">
     <span class='ocr_line' id='line_1_24' title="bbox 2212 930 3793 1007; baseline -0.007 -15"><span class='ocrx_word' id='word_1_153' title='bbox 2212 936 2416 1004; x_wconf 90' lang='lat' dir='ltr'><strong>serint,</strong></span> <span class='ocrx_word' id='word_1_154' title='bbox 2446 935 2551 992; x_wconf 88' lang='lat' dir='ltr'><strong>hoc</strong></span> <span class='ocrx_word' id='word_1_155' title='bbox 2577 935 2891 1007; x_wconf 89' lang='lat' dir='ltr'><strong>pronuntia.</strong></span> <span class='ocrx_word' id='word_1_156' title='bbox 2922 934 2991 988; x_wconf 86' lang='lat' dir='ltr'><strong>Et</strong></span> <span class='ocrx_word' id='word_1_157' title='bbox 3027 936 3136 990; x_wconf 89' lang='lat' dir='ltr'><strong><em>alia</em></strong></span> <span class='ocrx_word' id='word_1_158' title='bbox 3160 950 3339 989; x_wconf 81' lang='lat' dir='ltr'><strong><em>manu.</em></strong></span> <span class='ocrx_word' id='word_1_159' title='bbox 3375 930 3674 995; x_wconf 83' lang='lat' dir='ltr'><strong>Petilianus</strong></span> <span class='ocrx_word' id='word_1_160' title='bbox 3693 931 3793 1000; x_wconf 78' lang='lat' dir='ltr'><strong>epi-</strong></span> 
     </span>
    </p>
   </div>
   <div class='ocr_carea' id='block_1_25' title="bbox 2210 1024 3793 1098">
    <p class='ocr_par' dir='ltr' id='par_1_25' title="bbox 2210 1024 3793 1098">
     <span class='ocr_line' id='line_1_25' title="bbox 2210 1024 3793 1098; baseline -0.005 -14"><span class='ocrx_word' id='word_1_161' title='bbox 2210 1042 2410 1098; x_wconf 88' lang='lat' dir='ltr'><strong>scopus</strong></span> <span class='ocrx_word' id='word_1_162' title='bbox 2458 1028 2599 1089; x_wconf 88' lang='lat' dir='ltr'><strong>hanc</strong></span> <span class='ocrx_word' id='word_1_163' title='bbox 2642 1026 3073 1098; x_wconf 84' lang='lat' dir='ltr'><strong>prosecutionem</strong></span> <span class='ocrx_word' id='word_1_164' title='bbox 3105 1041 3282 1083; x_wconf 86' lang='lat' dir='ltr'><strong>meam</strong></span> <span class='ocrx_word' id='word_1_165' title='bbox 3310 1024 3677 1095; x_wconf 84' lang='lat' dir='ltr'><strong>appellatione</strong></span> <span class='ocrx_word' id='word_1_166' title='bbox 3718 1024 3793 1077; x_wconf 85' lang='lat' dir='ltr'><strong>in-</strong></span> 
     </span>
    </p>
   </div>
   <div class='ocr_carea' id='block_1_26' title="bbox 2210 1115 3793 1197">
    <p class='ocr_par' dir='ltr' id='par_1_26' title="bbox 2210 1115 3793 1197">
     <span class='ocr_line' id='line_1_26' title="bbox 2210 1115 3793 1197; baseline -0.004 -23"><span class='ocrx_word' id='word_1_167' title='bbox 2210 1119 2409 1174; x_wconf 92' lang='lat' dir='ltr'><strong>columi</strong></span> <span class='ocrx_word' id='word_1_168' title='bbox 2438 1119 2748 1189; x_wconf 90' lang='lat' dir='ltr'><strong>recognovi.</strong></span> <span class='ocrx_word' id='word_1_169' title='bbox 2774 1118 3111 1197; x_wconf 76' lang='lat' dir='ltr'><strong><em>Mtsrcellinus</em></strong></span> <span class='ocrx_word' id='word_1_170' title='bbox 3129 1118 3210 1174; x_wconf 79' lang='lat' dir='ltr'><strong><em>uir</em></strong></span> <span class='ocrx_word' id='word_1_171' title='bbox 3233 1117 3552 1173; x_wconf 79' lang='lat' dir='ltr'><strong><em>clarissimus</em></strong></span> <span class='ocrx_word' id='word_1_172' title='bbox 3570 1115 3793 1170; x_wconf 69' lang='lat' dir='ltr'><strong><em>tribunus</em></strong></span> 
     </span>
    </p>
   </div>
   <div class='ocr_carea' id='block_1_27' title="bbox 2212 1209 3792 1284">
    <p class='ocr_par' dir='ltr' id='par_1_27' title="bbox 2212 1209 3792 1284">
     <span class='ocr_line' id='line_1_27' title="bbox 2212 1209 3792 1284; baseline -0.003 -16"><span class='ocrx_word' id='word_1_173' title='bbox 2212 1221 2259 1268; x_wconf 87' lang='lat' dir='ltr'><strong><em>et</em></strong></span> <span class='ocrx_word' id='word_1_174' title='bbox 2283 1214 2517 1267; x_wconf 89' lang='lat' dir='ltr'><strong><em>notarius</em></strong></span> <span class='ocrx_word' id='word_1_175' title='bbox 2533 1211 2685 1267; x_wconf 76' lang='lat' dir='ltr'><strong>dixit.</strong></span> <span class='ocrx_word' id='word_1_176' title='bbox 2704 1210 2967 1267; x_wconf 83' lang='lat' dir='ltr'><strong>Clanculo</strong></span> <span class='ocrx_word' id='word_1_177' title='bbox 2994 1210 3313 1284; x_wconf 81' lang='lat' dir='ltr'><strong>imperatori</strong></span> <span class='ocrx_word' id='word_1_178' title='bbox 3333 1209 3471 1266; x_wconf 84' lang='lat' dir='ltr'><strong>nihil</strong></span> <span class='ocrx_word' id='word_1_179' title='bbox 3494 1217 3792 1280; x_wconf 78' lang='lat' dir='ltr'><strong>suggestum</strong></span> 
     </span>
    </p>
   </div>
   <div class='ocr_carea' id='block_1_28' title="bbox 2212 1302 3789 1378">
    <p class='ocr_par' dir='ltr' id='par_1_28' title="bbox 2212 1302 3789 1378">
     <span class='ocr_line' id='line_1_28' title="bbox 2212 1302 3789 1378; baseline -0.004 -15"><span class='ocrx_word' id='word_1_180' title='bbox 2212 1322 2356 1375; x_wconf 88' lang='lat' dir='ltr'><strong>esse,</strong></span> <span class='ocrx_word' id='word_1_181' title='bbox 2388 1307 2457 1363; x_wconf 90' lang='lat' dir='ltr'><strong>ad</strong></span> <span class='ocrx_word' id='word_1_182' title='bbox 2505 1308 2790 1364; x_wconf 76' lang='lat' dir='ltr'><strong>universos</strong></span> <span class='ocrx_word' id='word_1_183' title='bbox 2811 1306 3027 1378; x_wconf 80' lang='lat' dir='ltr'><strong>iudices</strong></span> <span class='ocrx_word' id='word_1_184' title='bbox 3056 1307 3199 1362; x_wconf 69' lang='lat' dir='ltr'><strong>datm</strong></span> <span class='ocrx_word' id='word_1_185' title='bbox 3225 1305 3527 1363; x_wconf 73' lang='lat' dir='ltr'><strong>sanationis</strong></span> <span class='ocrx_word' id='word_1_186' title='bbox 3548 1302 3789 1376; x_wconf 72' lang='lat' dir='ltr'><strong>[forata],</strong></span> 
     </span>
    </p>
   </div>
   <div class='ocr_carea' id='block_1_29' title="bbox 2213 1395 3793 1471">
    <p class='ocr_par' dir='ltr' id='par_1_29' title="bbox 2213 1395 3793 1471">
     <span class='ocr_line' id='line_1_29' title="bbox 2213 1395 3793 1471; baseline -0.004 -15"><span class='ocrx_word' id='word_1_187' title='bbox 2213 1409 2268 1456; x_wconf 92' lang='lat' dir='ltr'><strong>et</strong></span> <span class='ocrx_word' id='word_1_188' title='bbox 2294 1398 2363 1455; x_wconf 90' lang='lat' dir='ltr'><strong>ad</strong></span> <span class='ocrx_word' id='word_1_189' title='bbox 2389 1414 2566 1455; x_wconf 89' lang='lat' dir='ltr'><strong>meam</strong></span> <span class='ocrx_word' id='word_1_190' title='bbox 2591 1414 2807 1471; x_wconf 89' lang='lat' dir='ltr'><strong>quoque</strong></span> <span class='ocrx_word' id='word_1_191' title='bbox 2832 1398 3269 1455; x_wconf 82' lang='lat' dir='ltr'><strong>mediocritatem</strong></span> <span class='ocrx_word' id='word_1_192' title='bbox 3294 1398 3463 1468; x_wconf 86' lang='lat' dir='ltr'><strong>ipsius</strong></span> <span class='ocrx_word' id='word_1_193' title='bbox 3490 1395 3793 1452; x_wconf 79' lang='lat' dir='ltr'><strong>recitatione</strong></span> 
     </span>
    </p>
   </div>
   <div class='ocr_carea' id='block_1_30' title="bbox 2213 1487 3789 1559">
    <p class='ocr_par' dir='ltr' id='par_1_30' title="bbox 2213 1487 3789 1559">
     <span class='ocr_line' id='line_1_30' title="bbox 2213 1487 3789 1559; baseline -0.004 -12"><span class='ocrx_word' id='word_1_194' title='bbox 2213 1498 2576 1547; x_wconf 89' lang='lat' dir='ltr'><strong>monstratum</strong></span> <span class='ocrx_word' id='word_1_195' title='bbox 2625 1501 2730 1548; x_wconf 90' lang='lat' dir='ltr'><strong>est.</strong></span> <span class='ocrx_word' id='word_1_196' title='bbox 2782 1490 2939 1548; x_wconf 87' lang='lat' dir='ltr'><strong>Unde</strong></span> <span class='ocrx_word' id='word_1_197' title='bbox 2986 1506 3109 1546; x_wconf 90' lang='lat' dir='ltr'><strong>cum</strong></span> <span class='ocrx_word' id='word_1_198' title='bbox 3158 1506 3229 1547; x_wconf 75' lang='lat' dir='ltr'><strong>ex</strong></span> <span class='ocrx_word' id='word_1_199' title='bbox 3258 1487 3491 1545; x_wconf 83' lang='lat' dir='ltr'><strong>lectione</strong></span> <span class='ocrx_word' id='word_1_200' title='bbox 3528 1496 3789 1559; x_wconf 85' lang='lat' dir='ltr'><strong>gestorum</strong></span> 
     </span>
    </p>
   </div>
   <div class='ocr_carea' id='block_1_31' title="bbox 2213 1580 3788 1657">
    <p class='ocr_par' dir='ltr' id='par_1_31' title="bbox 2213 1580 3788 1657">
     <span class='ocr_line' id='line_1_31' title="bbox 2213 1580 3788 1657; baseline -0.003 -17"><span class='ocrx_word' id='word_1_201' title='bbox 2213 1599 2521 1657; x_wconf 76' lang='lat' dir='ltr'><strong>cognovero</strong></span> <span class='ocrx_word' id='word_1_202' title='bbox 2567 1585 2698 1657; x_wconf 90' lang='lat' dir='ltr'><strong>quid</strong></span> <span class='ocrx_word' id='word_1_203' title='bbox 2726 1585 2954 1643; x_wconf 86' lang='lat' dir='ltr'><strong>debeam</strong></span> <span class='ocrx_word' id='word_1_204' title='bbox 2996 1585 3269 1657; x_wconf 87' lang='lat' dir='ltr'><strong>judicare,</strong></span> <span class='ocrx_word' id='word_1_205' title='bbox 3302 1584 3424 1640; x_wconf 84' lang='lat' dir='ltr'><strong>sine</strong></span> <span class='ocrx_word' id='word_1_206' title='bbox 3449 1582 3618 1640; x_wconf 85' lang='lat' dir='ltr'><strong>dubio</strong></span> <span class='ocrx_word' id='word_1_207' title='bbox 3656 1580 3788 1651; x_wconf 84' lang='lat' dir='ltr'><strong>judi-</strong></span> 
     </span>
    </p>
   </div>
   <div class='ocr_carea' id='block_1_32' title="bbox 2214 1667 2891 1735">
    <p class='ocr_par' dir='ltr' id='par_1_32' title="bbox 2214 1667 2891 1735">
     <span class='ocr_line' id='line_1_32' title="bbox 2214 1667 2891 1735; baseline -0.003 0"><span class='ocrx_word' id='word_1_208' title='bbox 2214 1678 2373 1735; x_wconf 89' lang='lat' dir='ltr'><strong>cabo.</strong></span> <span class='ocrx_word' id='word_1_209' title='bbox 2872 1667 2891 1677; x_wconf 84' lang='grc'><em>’</em></span> 
     </span>
    </p>
   </div>
   <div class='ocr_carea' id='block_1_33' title="bbox 517 1758 3789 1846">
    <p class='ocr_par' dir='ltr' id='par_1_33' title="bbox 517 1758 3789 1846">
     <span class='ocr_line' id='line_1_33' title="bbox 517 1758 3789 1846; baseline -0.002 -26"><span class='ocrx_word' id='word_1_210' title='bbox 517 1764 828 1835; x_wconf 79' lang='lat' dir='ltr'><strong>rc00gnovi.</strong></span> <span class='ocrx_word' id='word_1_211' title='bbox 862 1762 1204 1818; x_wconf 74' lang='lat' dir='ltr'><strong><em>Marcellinus</em></strong></span> <span class='ocrx_word' id='word_1_212' title='bbox 1230 1764 1306 1818; x_wconf 80' lang='lat' dir='ltr'><strong>vir</strong></span> <span class='ocrx_word' id='word_1_213' title='bbox 1340 1763 1655 1817; x_wconf 85' lang='lat' dir='ltr'><strong><em>clarissimus</em></strong></span> <span class='ocrx_word' id='word_1_214' title='bbox 1682 1761 1916 1816; x_wconf 80' lang='lat' dir='ltr'><strong><em>tribunus</em></strong></span> <span class='ocrx_word' id='word_1_215' title='bbox 1942 1770 1990 1818; x_wconf 91' lang='lat' dir='ltr'><strong><em>et</em></strong></span> <span class='ocrx_word' id='word_1_216' title='bbox 2016 1777 2113 1816; x_wconf 89' lang='lat' dir='ltr'><strong>no-</strong></span> <span class='ocrx_word' id='word_1_217' title='bbox 2141 1758 2191 1819; x_wconf 85' lang='lat' dir='ltr'><strong>B</strong></span> <span class='ocrx_word' id='word_1_218' title='bbox 2290 1772 2415 1828; x_wconf 67' lang='lat' dir='ltr'><strong>in.</strong></span> <span class='ocrx_word' id='word_1_219' title='bbox 2460 1770 2720 1829; x_wconf 62' lang='lat' dir='ltr'><strong><em>Martiali;</em></strong></span> <span class='ocrx_word' id='word_1_220' title='bbox 2749 1780 2985 1846; x_wconf 66' lang='grc' dir='ltr'><strong>επινιω</strong></span> <span class='ocrx_word' id='word_1_221' title='bbox 3009 1772 3259 1827; x_wconf 72' lang='grc' dir='ltr'><strong>τεεὶιαυίι,</strong></span> <span class='ocrx_word' id='word_1_222' title='bbox 3304 1768 3627 1839; x_wconf 69' lang='lat' dir='ltr'><strong>Exemplum</strong></span> <span class='ocrx_word' id='word_1_223' title='bbox 3656 1766 3789 1821; x_wconf 62' lang='lat' dir='ltr'><strong>acto.</strong></span> 
     </span>
    </p>
   </div>
   <div class='ocr_carea' id='block_1_34' title="bbox 516 1852 2111 1925">
    <p class='ocr_par' dir='ltr' id='par_1_34' title="bbox 516 1852 2111 1925">
     <span class='ocr_line' id='line_1_34' title="bbox 516 1852 2111 1925; baseline -0.002 -15"><span class='ocrx_word' id='word_1_224' title='bbox 516 1858 679 1910; x_wconf 87' lang='lat' dir='ltr'><strong><em>tarius</em></strong></span> <span class='ocrx_word' id='word_1_225' title='bbox 709 1855 858 1910; x_wconf 85' lang='lat' dir='ltr'><strong>dixit.</strong></span> <span class='ocrx_word' id='word_1_226' title='bbox 890 1854 1010 1911; x_wconf 76' lang='lat' dir='ltr'><strong>lam</strong></span> <span class='ocrx_word' id='word_1_227' title='bbox 1038 1855 1382 1925; x_wconf 83' lang='lat' dir='ltr'><strong>pronuntiavi</strong></span> <span class='ocrx_word' id='word_1_228' title='bbox 1407 1863 1569 1925; x_wconf 88' lang='lat' dir='ltr'><strong>atque</strong></span> <span class='ocrx_word' id='word_1_229' title='bbox 1600 1853 1843 1925; x_wconf 86' lang='lat' dir='ltr'><strong>jndicavi</strong></span> <span class='ocrx_word' id='word_1_230' title='bbox 1880 1852 2111 1909; x_wconf 82' lang='lat' dir='ltr'><strong>formam</strong></span> 
     </span>
    </p>
   </div>
   <div class='ocr_carea' id='block_1_35' title="bbox 515 1946 2111 2019">
    <p class='ocr_par' dir='ltr' id='par_1_35' title="bbox 515 1946 2111 2019">
     <span class='ocr_line' id='line_1_35' title="bbox 515 1946 2111 2019; baseline -0.002 -14"><span class='ocrx_word' id='word_1_231' title='bbox 515 1966 603 2005; x_wconf 86' lang='lat' dir='ltr'><strong>me</strong></span> <span class='ocrx_word' id='word_1_232' title='bbox 627 1952 889 2006; x_wconf 87' lang='lat' dir='ltr'><strong>excedere</strong></span> <span class='ocrx_word' id='word_1_233' title='bbox 930 1965 1035 2005; x_wconf 88' lang='lat' dir='ltr'><strong>non</strong></span> <span class='ocrx_word' id='word_1_234' title='bbox 1062 1963 1220 2019; x_wconf 84' lang='lat' dir='ltr'><strong>posse</strong></span> <span class='ocrx_word' id='word_1_235' title='bbox 1242 1947 1541 2018; x_wconf 87' lang='lat' dir='ltr'><strong>imperialis</strong></span> <span class='ocrx_word' id='word_1_236' title='bbox 1571 1947 1799 2003; x_wconf 88' lang='lat' dir='ltr'><strong>oraculi.</strong></span> <span class='ocrx_word' id='word_1_237' title='bbox 1830 1946 1942 2004; x_wconf 84' lang='lat' dir='ltr'><strong>Nec</strong></span> <span class='ocrx_word' id='word_1_238' title='bbox 1964 1946 2111 2003; x_wconf 90' lang='lat' dir='ltr'><strong>enim</strong></span> 
     </span>
    </p>
   </div>
   <div class='ocr_carea' id='block_1_36' title="bbox 512 2040 2113 2116">
    <p class='ocr_par' dir='ltr' id='par_1_36' title="bbox 512 2040 2113 2116">
     <span class='ocr_line' id='line_1_36' title="bbox 512 2040 2113 2116; baseline -0.002 -14"><span class='ocrx_word' id='word_1_239' title='bbox 512 2046 789 2116; x_wconf 86' lang='lat' dir='ltr'><strong>lnjudicio</strong></span> <span class='ocrx_word' id='word_1_240' title='bbox 822 2060 944 2099; x_wconf 93' lang='lat' dir='ltr'><strong>meo</strong></span> <span class='ocrx_word' id='word_1_241' title='bbox 976 2045 1277 2114; x_wconf 85' lang='lat' dir='ltr'><strong>legatorum</strong></span> <span class='ocrx_word' id='word_1_242' title='bbox 1323 2051 1535 2097; x_wconf 88' lang='lat' dir='ltr'><strong>certum</strong></span> <span class='ocrx_word' id='word_1_243' title='bbox 1564 2050 1647 2098; x_wconf 90' lang='lat' dir='ltr'><strong>est</strong></span> <span class='ocrx_word' id='word_1_244' title='bbox 1684 2041 1883 2098; x_wconf 89' lang='lat' dir='ltr'><strong>discuti</strong></span> <span class='ocrx_word' id='word_1_245' title='bbox 1910 2040 2113 2098; x_wconf 84' lang='lat' dir='ltr'><strong>debere</strong></span> 
     </span>
    </p>
   </div>
   <div class='ocr_carea' id='block_1_37' title="bbox 514 2135 2112 2209">
    <p class='ocr_par' dir='ltr' id='par_1_37' title="bbox 514 2135 2112 2209">
     <span class='ocr_line' id='line_1_37' title="bbox 514 2135 2112 2209; baseline -0.003 -14"><span class='ocrx_word' id='word_1_246' title='bbox 514 2154 794 2209; x_wconf 89' lang='lat' dir='ltr'><strong>personas.</strong></span> <span class='ocrx_word' id='word_1_247' title='bbox 831 2138 986 2195; x_wconf 89' lang='lat' dir='ltr'><strong>Unde</strong></span> <span class='ocrx_word' id='word_1_248' title='bbox 1028 2145 1180 2207; x_wconf 88' lang='lat' dir='ltr'><strong>gesta</strong></span> <span class='ocrx_word' id='word_1_249' title='bbox 1230 2137 1577 2205; x_wconf 79' lang='lat' dir='ltr'><strong>relegantur,</strong></span> <span class='ocrx_word' id='word_1_250' title='bbox 1618 2144 1676 2191; x_wconf 93' lang='lat' dir='ltr'><strong>ut</strong></span> <span class='ocrx_word' id='word_1_251' title='bbox 1701 2136 1822 2205; x_wconf 89' lang='lat' dir='ltr'><strong>quis</strong></span> <span class='ocrx_word' id='word_1_252' title='bbox 1865 2135 2112 2206; x_wconf 87' lang='lat' dir='ltr'><strong>petitoris</strong></span> 
     </span>
    </p>
   </div>
   <div class='ocr_carea' id='block_1_38' title="bbox 512 2229 2114 2302">
    <p class='ocr_par' dir='ltr' id='par_1_38' title="bbox 512 2229 2114 2302">
     <span class='ocr_line' id='line_1_38' title="bbox 512 2229 2114 2302; baseline -0.003 -12"><span class='ocrx_word' id='word_1_253' title='bbox 512 2235 633 2291; x_wconf 89' lang='lat' dir='ltr'><strong>loco</strong></span> <span class='ocrx_word' id='word_1_254' title='bbox 659 2233 1131 2298; x_wconf 36' lang='lat' dir='ltr'><strong>adsistat,.clarius</strong></span> <span class='ocrx_word' id='word_1_255' title='bbox 1152 2229 1579 2286; x_wconf 88' lang='lat' dir='ltr'><strong>demonstretur.</strong></span> <span class='ocrx_word' id='word_1_256' title='bbox 1602 2230 1895 2285; x_wconf 83' lang='lat' dir='ltr'><strong><em>Adeodatus</em></strong></span> <span class='ocrx_word' id='word_1_257' title='bbox 1916 2232 2114 2302; x_wconf 56' lang='lat' dir='ltr'><strong>episco-e</strong></span> 
     </span>
    </p>
   </div>
   <div class='ocr_carea' id='block_1_39' title="bbox 512 2323 2112 2397">
    <p class='ocr_par' dir='ltr' id='par_1_39' title="bbox 512 2323 2112 2397">
     <span class='ocr_line' id='line_1_39' title="bbox 512 2323 2112 2397; baseline -0.001 -16"><span class='ocrx_word' id='word_1_258' title='bbox 512 2343 609 2397; x_wconf 78' lang='lat' dir='ltr'><strong><em>pus</em></strong></span> <span class='ocrx_word' id='word_1_259' title='bbox 634 2326 782 2380; x_wconf 86' lang='lat' dir='ltr'><strong>dixit.</strong></span> <span class='ocrx_word' id='word_1_260' title='bbox 814 2325 929 2384; x_wconf 83' lang='lat' dir='ltr'><strong>Hoc</strong></span> <span class='ocrx_word' id='word_1_261' title='bbox 957 2326 1250 2393; x_wconf 85' lang='lat' dir='ltr'><strong>imperator</strong></span> <span class='ocrx_word' id='word_1_262' title='bbox 1274 2338 1380 2378; x_wconf 91' lang='lat' dir='ltr'><strong>non</strong></span> <span class='ocrx_word' id='word_1_263' title='bbox 1412 2323 1685 2393; x_wconf 71' lang='lat' dir='ltr'><strong>prxcepit,</strong></span> <span class='ocrx_word' id='word_1_264' title='bbox 1707 2333 1763 2377; x_wconf 92' lang='lat' dir='ltr'><strong>ut</strong></span> <span class='ocrx_word' id='word_1_265' title='bbox 1785 2334 1935 2395; x_wconf 89' lang='lat' dir='ltr'><strong>gesta</strong></span> <span class='ocrx_word' id='word_1_266' title='bbox 1986 2324 2112 2380; x_wconf 89' lang='lat' dir='ltr'><strong>illu-</strong></span> 
     </span>
    </p>
   </div>
   <div class='ocr_carea' id='block_1_40' title="bbox 508 2414 2109 2490">
    <p class='ocr_par' dir='ltr' id='par_1_40' title="bbox 508 2414 2109 2490">
     <span class='ocr_line' id='line_1_40' title="bbox 508 2414 2109 2490; baseline -0.002 -13"><span class='ocrx_word' id='word_1_267' title='bbox 508 2422 701 2478; x_wconf 89' lang='lat' dir='ltr'><strong>strium</strong></span> <span class='ocrx_word' id='word_1_268' title='bbox 731 2425 1059 2490; x_wconf 89' lang='lat' dir='ltr'><strong>potestatum</strong></span> <span class='ocrx_word' id='word_1_269' title='bbox 1090 2417 1142 2471; x_wconf 93' lang='lat' dir='ltr'><strong>in</strong></span> <span class='ocrx_word' id='word_1_270' title='bbox 1167 2415 1373 2485; x_wconf 90' lang='lat' dir='ltr'><strong>judicio</strong></span> <span class='ocrx_word' id='word_1_271' title='bbox 1387 2414 1715 2486; x_wconf 89' lang='lat' dir='ltr'><strong>prodantur;</strong></span> <span class='ocrx_word' id='word_1_272' title='bbox 1737 2424 1793 2471; x_wconf 91' lang='lat' dir='ltr'><strong>et</strong></span> <span class='ocrx_word' id='word_1_273' title='bbox 1822 2417 2109 2473; x_wconf 88' lang='lat' dir='ltr'><strong>tameuda-</strong></span> 
     </span>
    </p>
   </div>
   <div class='ocr_carea' id='block_1_41' title="bbox 513 2506 2110 2580">
    <p class='ocr_par' dir='ltr' id='par_1_41' title="bbox 513 2506 2110 2580">
     <span class='ocr_line' id='line_1_41' title="bbox 513 2506 2110 2580; baseline -0.001 -12"><span class='ocrx_word' id='word_1_274' title='bbox 513 2522 600 2568; x_wconf 91' lang='lat' dir='ltr'><strong>tur</strong></span> <span class='ocrx_word' id='word_1_275' title='bbox 654 2512 898 2567; x_wconf 59' lang='lat' dir='ltr'><strong>adversae</strong></span> <span class='ocrx_word' id='word_1_276' title='bbox 946 2509 1084 2580; x_wconf 87' lang='lat' dir='ltr'><strong>parti</strong></span> <span class='ocrx_word' id='word_1_277' title='bbox 1138 2507 1355 2563; x_wconf 89' lang='lat' dir='ltr'><strong>licentia</strong></span> <span class='ocrx_word' id='word_1_278' title='bbox 1386 2506 1673 2578; x_wconf 74' lang='lat' dir='ltr'><strong>prodendi.</strong></span> <span class='ocrx_word' id='word_1_279' title='bbox 1716 2508 1959 2565; x_wconf 86' lang='lat' dir='ltr'><strong>Produnt</strong></span> <span class='ocrx_word' id='word_1_280' title='bbox 2003 2508 2110 2580; x_wconf 84' lang='lat' dir='ltr'><strong>ipsi</strong></span> 
     </span>
    </p>
   </div>
   <div class='ocr_carea' id='block_1_42' title="bbox 508 2599 2109 2677">
    <p class='ocr_par' dir='ltr' id='par_1_42' title="bbox 508 2599 2109 2677">
     <span class='ocr_line' id='line_1_42' title="bbox 508 2599 2109 2677; baseline -0.003 -15"><span class='ocrx_word' id='word_1_281' title='bbox 508 2620 631 2677; x_wconf 84' lang='lat' dir='ltr'><strong>quae</strong></span> <span class='ocrx_word' id='word_1_282' title='bbox 670 2603 861 2660; x_wconf 92' lang='lat' dir='ltr'><strong>volunt</strong></span> <span class='ocrx_word' id='word_1_283' title='bbox 880 2642 895 2669; x_wconf 90' lang='lat'><strong>,</strong></span> <span class='ocrx_word' id='word_1_284' title='bbox 924 2601 1081 2657; x_wconf 87' lang='lat' dir='ltr'><strong>nobis</strong></span> <span class='ocrx_word' id='word_1_285' title='bbox 1112 2615 1220 2655; x_wconf 89' lang='lat' dir='ltr'><strong>non</strong></span> <span class='ocrx_word' id='word_1_286' title='bbox 1252 2599 1449 2655; x_wconf 85' lang='lat' dir='ltr'><strong>sinitur</strong></span> <span class='ocrx_word' id='word_1_287' title='bbox 1477 2600 1726 2670; x_wconf 87' lang='lat' dir='ltr'><strong>accipere</strong></span> <span class='ocrx_word' id='word_1_288' title='bbox 1757 2602 1902 2673; x_wconf 88' lang='lat' dir='ltr'><strong>quod</strong></span> <span class='ocrx_word' id='word_1_289' title='bbox 1932 2602 2109 2673; x_wconf 90' lang='lat' dir='ltr'><strong>posci-</strong></span> 
     </span>
    </p>
   </div>
   <div class='ocr_carea' id='block_1_43' title="bbox 510 2691 2108 2765">
    <p class='ocr_par' dir='ltr' id='par_1_43' title="bbox 510 2691 2108 2765">
     <span class='ocr_line' id='line_1_43' title="bbox 510 2691 2108 2765; baseline -0.002 -10"><span class='ocrx_word' id='word_1_290' title='bbox 510 2713 654 2754; x_wconf 89' lang='lat' dir='ltr'><strong>mus.</strong></span> <span class='ocrx_word' id='word_1_291' title='bbox 687 2694 755 2750; x_wconf 87' lang='lat' dir='ltr'><strong>Et</strong></span> <span class='ocrx_word' id='word_1_292' title='bbox 780 2695 886 2750; x_wconf 88' lang='lat' dir='ltr'><strong><em>alia</em></strong></span> <span class='ocrx_word' id='word_1_293' title='bbox 912 2710 1090 2748; x_wconf 88' lang='lat' dir='ltr'><strong><em>manu.</em></strong></span> <span class='ocrx_word' id='word_1_294' title='bbox 1127 2691 1438 2749; x_wconf 80' lang='lat' dir='ltr'><strong>Adeodatus</strong></span> <span class='ocrx_word' id='word_1_295' title='bbox 1459 2694 1749 2765; x_wconf 82' lang='lat' dir='ltr'><strong>episcOpus</strong></span> <span class='ocrx_word' id='word_1_296' title='bbox 1770 2696 2108 2764; x_wconf 87' lang='lat' dir='ltr'><strong>prosecutio-</strong></span> 
     </span>
    </p>
   </div>
   <div class='ocr_carea' id='block_1_44' title="bbox 511 2785 2106 2856">
    <p class='ocr_par' dir='ltr' id='par_1_44' title="bbox 511 2785 2106 2856">
     <span class='ocr_line' id='line_1_44' title="bbox 511 2785 2106 2856; baseline -0.001 -9"><span class='ocrx_word' id='word_1_297' title='bbox 511 2806 635 2847; x_wconf 88' lang='lat' dir='ltr'><strong>nem</strong></span> <span class='ocrx_word' id='word_1_298' title='bbox 666 2803 841 2845; x_wconf 85' lang='lat' dir='ltr'><strong>meam</strong></span> <span class='ocrx_word' id='word_1_299' title='bbox 873 2786 1020 2842; x_wconf 87' lang='lat' dir='ltr'><strong>salva</strong></span> <span class='ocrx_word' id='word_1_300' title='bbox 1050 2785 1415 2856; x_wconf 87' lang='lat' dir='ltr'><strong>appellatione</strong></span> <span class='ocrx_word' id='word_1_301' title='bbox 1438 2786 1747 2856; x_wconf 85' lang='lat' dir='ltr'><strong>recognovi.</strong></span> <span class='ocrx_word' id='word_1_302' title='bbox 1767 2785 2106 2845; x_wconf 79' lang='lat' dir='ltr'><strong><em>Marcellinus</em></strong></span> 
     </span>
    </p>
   </div>
   <div class='ocr_carea' id='block_1_45' title="bbox 509 2868 2106 2938">
    <p class='ocr_par' dir='ltr' id='par_1_45' title="bbox 509 2868 2106 2938">
     <span class='ocr_line' id='line_1_45' title="bbox 509 2868 2106 2938; baseline -0.001 0"><span class='ocrx_word' id='word_1_303' title='bbox 509 2885 584 2938; x_wconf 81' lang='lat' dir='ltr'><strong>vir</strong></span> <span class='ocrx_word' id='word_1_304' title='bbox 611 2868 932 2937; x_wconf 79' lang='lat' dir='ltr'><strong><em>clarissimus</em></strong></span> <span class='ocrx_word' id='word_1_305' title='bbox 962 2878 1195 2933; x_wconf 85' lang='lat' dir='ltr'><strong><em>tribunus</em></strong></span> <span class='ocrx_word' id='word_1_306' title='bbox 1221 2887 1268 2932; x_wconf 90' lang='lat' dir='ltr'><strong>et</strong></span> <span class='ocrx_word' id='word_1_307' title='bbox 1297 2879 1531 2933; x_wconf 90' lang='lat' dir='ltr'><strong><em>notarius</em></strong></span> <span class='ocrx_word' id='word_1_308' title='bbox 1560 2879 1712 2933; x_wconf 90' lang='lat' dir='ltr'><strong>dixit.</strong></span> <span class='ocrx_word' id='word_1_309' title='bbox 1742 2879 1811 2935; x_wconf 83' lang='lat' dir='ltr'><strong>Et</strong></span> <span class='ocrx_word' id='word_1_310' title='bbox 1844 2882 2106 2937; x_wconf 87' lang='lat' dir='ltr'><strong>sanctitas</strong></span> 
     </span>
    </p>
   </div>
   <div class='ocr_carea' id='block_1_46' title="bbox 509 2970 2106 3042">
    <p class='ocr_par' dir='ltr' id='par_1_46' title="bbox 509 2970 2106 3042">
     <span class='ocr_line' id='line_1_46' title="bbox 509 2970 2106 3042; baseline -0.001 -13"><span class='ocrx_word' id='word_1_311' title='bbox 509 2984 599 3029; x_wconf 90' lang='lat' dir='ltr'><strong>tua</strong></span> <span class='ocrx_word' id='word_1_312' title='bbox 616 2986 966 3042; x_wconf 75' lang='lat' dir='ltr'><strong>quaecumque</strong></span> <span class='ocrx_word' id='word_1_313' title='bbox 982 2978 1135 3041; x_wconf 84' lang='lat' dir='ltr'><strong>gesta</strong></span> <span class='ocrx_word' id='word_1_314' title='bbox 1159 2970 1440 3037; x_wconf 86' lang='lat' dir='ltr'><strong>obtulerit,</strong></span> <span class='ocrx_word' id='word_1_315' title='bbox 1460 2970 1542 3025; x_wconf 87' lang='lat' dir='ltr'><strong>vel</strong></span> <span class='ocrx_word' id='word_1_316' title='bbox 1563 2970 1888 3041; x_wconf 89' lang='lat' dir='ltr'><strong>prolaturam</strong></span> <span class='ocrx_word' id='word_1_317' title='bbox 1908 2987 1968 3028; x_wconf 90' lang='lat' dir='ltr'><strong>se</strong></span> <span class='ocrx_word' id='word_1_318' title='bbox 1984 2987 2106 3033; x_wconf 89' lang='lat' dir='ltr'><strong>esse</strong></span> 
     </span>
    </p>
   </div>
   <div class='ocr_carea' id='block_1_47' title="bbox 506 3054 2105 3138">
    <p class='ocr_par' dir='ltr' id='par_1_47' title="bbox 506 3054 2105 3138">
     <span class='ocr_line' id='line_1_47' title="bbox 506 3054 2105 3138; baseline -0.001 -18"><span class='ocrx_word' id='word_1_319' title='bbox 506 3065 793 3138; x_wconf 89' lang='lat' dir='ltr'><strong>promittit,</strong></span> <span class='ocrx_word' id='word_1_320' title='bbox 824 3076 1049 3118; x_wconf 89' lang='lat' dir='ltr'><strong>necesse</strong></span> <span class='ocrx_word' id='word_1_321' title='bbox 1078 3071 1162 3117; x_wconf 86' lang='lat' dir='ltr'><strong>est</strong></span> <span class='ocrx_word' id='word_1_322' title='bbox 1198 3071 1255 3115; x_wconf 92' lang='lat' dir='ltr'><strong>ut</strong></span> <span class='ocrx_word' id='word_1_323' title='bbox 1282 3059 1470 3116; x_wconf 84' lang='lat' dir='ltr'><strong>eadem</strong></span> <span class='ocrx_word' id='word_1_324' title='bbox 1505 3054 1833 3133; x_wconf 81' lang='lat' dir='ltr'><strong>relegantur.</strong></span> <span class='ocrx_word' id='word_1_325' title='bbox 1864 3058 2105 3118; x_wconf 82' lang='lat' dir='ltr'><strong>Adeoda-</strong></span> 
     </span>
    </p>
   </div>
   <div class='ocr_carea' id='block_1_48' title="bbox 505 3128 2176 3230">
    <p class='ocr_par' dir='ltr' id='par_1_48' title="bbox 505 3128 2176 3230">
     <span class='ocr_line' id='line_1_48' title="bbox 505 3128 2176 3230; baseline -0.002 -16"><span class='ocrx_word' id='word_1_326' title='bbox 505 3170 584 3214; x_wconf 87' lang='lat' dir='ltr'><strong>tus</strong></span> <span class='ocrx_word' id='word_1_327' title='bbox 624 3159 895 3230; x_wconf 85' lang='lat' dir='ltr'><strong><em>episcopus</em></strong></span> <span class='ocrx_word' id='word_1_328' title='bbox 926 3155 1083 3210; x_wconf 84' lang='lat' dir='ltr'><strong>dixit.</strong></span> <span class='ocrx_word' id='word_1_329' title='bbox 1151 3154 1519 3225; x_wconf 64' lang='lat' dir='ltr'><strong>Quaecumque</strong></span> <span class='ocrx_word' id='word_1_330' title='bbox 1567 3171 1745 3212; x_wconf 61' lang='lat' dir='ltr'><strong>causa:</strong></span> <span class='ocrx_word' id='word_1_331' title='bbox 1792 3128 2176 3213; x_wconf 81' lang='lat' dir='ltr'><strong>necessariaC</strong></span> 
     </span>
    </p>
   </div>
   <div class='ocr_carea' id='block_1_49' title="bbox 505 3245 2103 3321">
    <p class='ocr_par' dir='ltr' id='par_1_49' title="bbox 505 3245 2103 3321">
     <span class='ocr_line' id='line_1_49' title="bbox 505 3245 2103 3321; baseline -0.001 -15"><span class='ocrx_word' id='word_1_332' title='bbox 505 3260 654 3319; x_wconf 89' lang='lat' dir='ltr'><strong>sunt,</strong></span> <span class='ocrx_word' id='word_1_333' title='bbox 691 3250 876 3321; x_wconf 82' lang='lat' dir='ltr'><strong>negari</strong></span> <span class='ocrx_word' id='word_1_334' title='bbox 910 3263 1014 3304; x_wconf 91' lang='lat' dir='ltr'><strong>non</strong></span> <span class='ocrx_word' id='word_1_335' title='bbox 1055 3247 1273 3303; x_wconf 88' lang='lat' dir='ltr'><strong>debent.</strong></span> <span class='ocrx_word' id='word_1_336' title='bbox 1308 3245 1376 3301; x_wconf 90' lang='lat' dir='ltr'><strong>Et</strong></span> <span class='ocrx_word' id='word_1_337' title='bbox 1419 3247 1526 3301; x_wconf 89' lang='lat' dir='ltr'><strong><em>alia</em></strong></span> <span class='ocrx_word' id='word_1_338' title='bbox 1571 3264 1747 3303; x_wconf 85' lang='lat' dir='ltr'><strong>manu.</strong></span> <span class='ocrx_word' id='word_1_339' title='bbox 1790 3247 2103 3307; x_wconf 84' lang='lat' dir='ltr'><strong>Adeodatus</strong></span> 
     </span>
    </p>
   </div>
   <div class='ocr_carea' id='block_1_50' title="bbox 502 3339 2102 3412">
    <p class='ocr_par' dir='ltr' id='par_1_50' title="bbox 502 3339 2102 3412">
     <span class='ocr_line' id='line_1_50' title="bbox 502 3339 2102 3412; baseline 0 -14"><span class='ocrx_word' id='word_1_340' title='bbox 502 3344 790 3412; x_wconf 87' lang='lat' dir='ltr'><strong>episcopus</strong></span> <span class='ocrx_word' id='word_1_341' title='bbox 836 3340 1277 3410; x_wconf 88' lang='lat' dir='ltr'><strong>prosecutionem</strong></span> <span class='ocrx_word' id='word_1_342' title='bbox 1325 3353 1499 3394; x_wconf 89' lang='lat' dir='ltr'><strong>meam</strong></span> <span class='ocrx_word' id='word_1_343' title='bbox 1544 3339 1693 3394; x_wconf 88' lang='lat' dir='ltr'><strong>salva</strong></span> <span class='ocrx_word' id='word_1_344' title='bbox 1736 3339 2102 3411; x_wconf 88' lang='lat' dir='ltr'><strong>appellatione</strong></span> 
     </span>
    </p>
   </div>
   <div class='ocr_carea' id='block_1_51' title="bbox 504 3431 2104 3504">
    <p class='ocr_par' dir='ltr' id='par_1_51' title="bbox 504 3431 2104 3504">
     <span class='ocr_line' id='line_1_51' title="bbox 504 3431 2104 3504; baseline 0.001 -15"><span class='ocrx_word' id='word_1_345' title='bbox 504 3432 815 3504; x_wconf 81' lang='lat' dir='ltr'><strong>recognovi.</strong></span> <span class='ocrx_word' id='word_1_346' title='bbox 854 3431 1191 3485; x_wconf 80' lang='lat' dir='ltr'><strong><em>Marcellinus</em></strong></span> <span class='ocrx_word' id='word_1_347' title='bbox 1229 3432 1306 3484; x_wconf 79' lang='lat' dir='ltr'><strong>vir</strong></span> <span class='ocrx_word' id='word_1_348' title='bbox 1332 3432 1653 3485; x_wconf 88' lang='lat' dir='ltr'><strong><em>clarissimus</em></strong></span> <span class='ocrx_word' id='word_1_349' title='bbox 1682 3436 1914 3489; x_wconf 88' lang='lat' dir='ltr'><strong><em>tribunus</em></strong></span> <span class='ocrx_word' id='word_1_350' title='bbox 1938 3445 1987 3490; x_wconf 85' lang='lat' dir='ltr'><strong><em>et</em></strong></span> <span class='ocrx_word' id='word_1_351' title='bbox 2008 3453 2104 3491; x_wconf 81' lang='lat' dir='ltr'><strong>no-</strong></span> 
     </span>
    </p>
   </div>
   <div class='ocr_carea' id='block_1_52' title="bbox 504 3523 2103 3599">
    <p class='ocr_par' dir='ltr' id='par_1_52' title="bbox 504 3523 2103 3599">
     <span class='ocr_line' id='line_1_52' title="bbox 504 3523 2103 3599; baseline 0.003 -20"><span class='ocrx_word' id='word_1_352' title='bbox 504 3528 668 3580; x_wconf 87' lang='lat' dir='ltr'><strong><em>tarius</em></strong></span> <span class='ocrx_word' id='word_1_353' title='bbox 698 3525 848 3579; x_wconf 86' lang='lat' dir='ltr'><strong>dixit.</strong></span> <span class='ocrx_word' id='word_1_354' title='bbox 886 3524 1082 3579; x_wconf 87' lang='lat' dir='ltr'><strong>Patere</strong></span> <span class='ocrx_word' id='word_1_355' title='bbox 1128 3524 1291 3593; x_wconf 88' lang='lat' dir='ltr'><strong>igitur</strong></span> <span class='ocrx_word' id='word_1_356' title='bbox 1336 3530 1396 3577; x_wconf 89' lang='lat' dir='ltr'><strong>ut</strong></span> <span class='ocrx_word' id='word_1_357' title='bbox 1440 3523 1549 3579; x_wconf 84' lang='lat' dir='ltr'><strong>hoc</strong></span> <span class='ocrx_word' id='word_1_358' title='bbox 1572 3525 1716 3595; x_wconf 85' lang='lat' dir='ltr'><strong>quod</strong></span> <span class='ocrx_word' id='word_1_359' title='bbox 1753 3541 1934 3582; x_wconf 68' lang='lat' dir='ltr'><strong>causa:</strong></span> <span class='ocrx_word' id='word_1_360' title='bbox 1976 3545 2103 3599; x_wconf 87' lang='lat' dir='ltr'><strong>pro-</strong></span> 
     </span>
    </p>
   </div>
   <div class='ocr_carea' id='block_1_53' title="bbox 503 3615 2101 3689">
    <p class='ocr_par' dir='ltr' id='par_1_53' title="bbox 503 3615 2101 3689">
     <span class='ocr_line' id='line_1_53' title="bbox 503 3615 2101 3689; baseline 0.004 -17"><span class='ocrx_word' id='word_1_361' title='bbox 503 3619 636 3689; x_wconf 66' lang='lat' dir='ltr'><strong>prias</strong></span> <span class='ocrx_word' id='word_1_362' title='bbox 693 3616 1064 3672; x_wconf 88' lang='lat' dir='ltr'><strong>necessarium</strong></span> <span class='ocrx_word' id='word_1_363' title='bbox 1122 3615 1254 3670; x_wconf 91' lang='lat' dir='ltr'><strong>dicit</strong></span> <span class='ocrx_word' id='word_1_364' title='bbox 1308 3629 1433 3685; x_wconf 90' lang='lat' dir='ltr'><strong>pars</strong></span> <span class='ocrx_word' id='word_1_365' title='bbox 1462 3630 1494 3672; x_wconf 87' lang='lat' dir='ltr'><strong>e</strong></span> <span class='ocrx_word' id='word_1_366' title='bbox 1522 3616 1742 3674; x_wconf 88' lang='lat' dir='ltr'><strong>diverso</strong></span> <span class='ocrx_word' id='word_1_367' title='bbox 1772 3618 2003 3689; x_wconf 83' lang='lat' dir='ltr'><strong>sistens,</strong></span> <span class='ocrx_word' id='word_1_368' title='bbox 2031 3623 2101 3680; x_wconf 89' lang='lat' dir='ltr'><strong>ab</strong></span> 
     </span>
    </p>
   </div>
   <div class='ocr_carea' id='block_1_54' title="bbox 502 3707 2100 3779">
    <p class='ocr_par' dir='ltr' id='par_1_54' title="bbox 502 3707 2100 3779">
     <span class='ocr_line' id='line_1_54' title="bbox 502 3707 2100 3779; baseline 0 -12"><span class='ocrx_word' id='word_1_369' title='bbox 502 3709 684 3767; x_wconf 82' lang='lat' dir='ltr'><strong>ollicio</strong></span> <span class='ocrx_word' id='word_1_370' title='bbox 720 3710 1001 3764; x_wconf 89' lang='lat' dir='ltr'><strong>recitetur.</strong></span> <span class='ocrx_word' id='word_1_371' title='bbox 1043 3707 1340 3762; x_wconf 78' lang='lat' dir='ltr'><strong>Adeodatus</strong></span> <span class='ocrx_word' id='word_1_372' title='bbox 1376 3708 1645 3779; x_wconf 81' lang='lat' dir='ltr'><strong>episcopus</strong></span> <span class='ocrx_word' id='word_1_373' title='bbox 1691 3711 1843 3766; x_wconf 85' lang='lat' dir='ltr'><strong>dixit.</strong></span> <span class='ocrx_word' id='word_1_374' title='bbox 1889 3714 2100 3771; x_wconf 86' lang='lat' dir='ltr'><strong>Conce-</strong></span> 
     </span>
    </p>
   </div>
   <div class='ocr_carea' id='block_1_55' title="bbox 503 3802 2099 3875">
    <p class='ocr_par' dir='ltr' id='par_1_55' title="bbox 503 3802 2099 3875">
     <span class='ocr_line' id='line_1_55' title="bbox 503 3802 2099 3875; baseline 0.004 -17"><span class='ocrx_word' id='word_1_375' title='bbox 503 3804 635 3858; x_wconf 88' lang='lat' dir='ltr'><strong>dere</strong></span> <span class='ocrx_word' id='word_1_376' title='bbox 663 3817 769 3857; x_wconf 91' lang='lat' dir='ltr'><strong>non</strong></span> <span class='ocrx_word' id='word_1_377' title='bbox 808 3816 1026 3871; x_wconf 87' lang='lat' dir='ltr'><strong>possum</strong></span> <span class='ocrx_word' id='word_1_378' title='bbox 1058 3810 1114 3855; x_wconf 93' lang='lat' dir='ltr'><strong>ut</strong></span> <span class='ocrx_word' id='word_1_379' title='bbox 1150 3816 1209 3856; x_wconf 91' lang='lat' dir='ltr'><strong>ea</strong></span> <span class='ocrx_word' id='word_1_380' title='bbox 1239 3816 1360 3871; x_wconf 68' lang='lat' dir='ltr'><strong>quae</strong></span> <span class='ocrx_word' id='word_1_381' title='bbox 1396 3802 1584 3857; x_wconf 84' lang='lat' dir='ltr'><strong>volunt</strong></span> <span class='ocrx_word' id='word_1_382' title='bbox 1621 3804 1673 3858; x_wconf 91' lang='lat' dir='ltr'><strong>in</strong></span> <span class='ocrx_word' id='word_1_383' title='bbox 1693 3805 1901 3875; x_wconf 89' lang='lat' dir='ltr'><strong>judicio</strong></span> <span class='ocrx_word' id='word_1_384' title='bbox 1922 3810 2099 3865; x_wconf 86' lang='lat' dir='ltr'><strong>venti-</strong></span> 
     </span>
    </p>
   </div>
   <div class='ocr_carea' id='block_1_56' title="bbox 501 3892 2097 3971">
    <p class='ocr_par' dir='ltr' id='par_1_56' title="bbox 501 3892 2097 3971">
     <span class='ocr_line' id='line_1_56' title="bbox 501 3892 2097 3971; baseline 0.003 -20"><span class='ocrx_word' id='word_1_385' title='bbox 501 3896 636 3961; x_wconf 89' lang='lat' dir='ltr'><strong>lent,</strong></span> <span class='ocrx_word' id='word_1_386' title='bbox 654 3893 757 3949; x_wconf 89' lang='lat' dir='ltr'><strong>nisi</strong></span> <span class='ocrx_word' id='word_1_387' title='bbox 776 3909 839 3949; x_wconf 86' lang='lat' dir='ltr'><strong>ea</strong></span> <span class='ocrx_word' id='word_1_388' title='bbox 856 3908 977 3962; x_wconf 73' lang='lat' dir='ltr'><strong>qua:</strong></span> <span class='ocrx_word' id='word_1_389' title='bbox 998 3892 1064 3947; x_wconf 89' lang='lat' dir='ltr'><strong>de</strong></span> <span class='ocrx_word' id='word_1_390' title='bbox 1092 3893 1222 3962; x_wconf 78' lang='lat' dir='ltr'><strong>ipsis</strong></span> <span class='ocrx_word' id='word_1_391' title='bbox 1244 3893 1483 3964; x_wconf 81' lang='lat' dir='ltr'><strong>ﬂagitavi</strong></span> <span class='ocrx_word' id='word_1_392' title='bbox 1511 3895 1562 3949; x_wconf 90' lang='lat' dir='ltr'><strong>in</strong></span> <span class='ocrx_word' id='word_1_393' title='bbox 1585 3896 1790 3966; x_wconf 84' lang='lat' dir='ltr'><strong>judicio</strong></span> <span class='ocrx_word' id='word_1_394' title='bbox 1811 3898 2097 3971; x_wconf 83' lang='lat' dir='ltr'><strong>depromp-</strong></span> 
     </span>
    </p>
   </div>
   <div class='ocr_carea' id='block_1_57' title="bbox 501 3983 2096 4063">
    <p class='ocr_par' dir='ltr' id='par_1_57' title="bbox 501 3983 2096 4063">
     <span class='ocr_line' id='line_1_57' title="bbox 501 3983 2096 4063; baseline 0.006 -23"><span class='ocrx_word' id='word_1_395' title='bbox 501 3987 691 4040; x_wconf 90' lang='lat' dir='ltr'><strong>serint.</strong></span> <span class='ocrx_word' id='word_1_396' title='bbox 720 3983 789 4039; x_wconf 89' lang='lat' dir='ltr'><strong>Et</strong></span> <span class='ocrx_word' id='word_1_397' title='bbox 826 3985 931 4038; x_wconf 89' lang='lat' dir='ltr'><strong><em>alia</em></strong></span> <span class='ocrx_word' id='word_1_398' title='bbox 960 4001 1135 4039; x_wconf 86' lang='lat' dir='ltr'><strong>manu.</strong></span> <span class='ocrx_word' id='word_1_399' title='bbox 1170 3983 1483 4042; x_wconf 82' lang='lat' dir='ltr'><strong>Adeodatus</strong></span> <span class='ocrx_word' id='word_1_400' title='bbox 1509 3989 1796 4060; x_wconf 88' lang='lat' dir='ltr'><strong>episcopus</strong></span> <span class='ocrx_word' id='word_1_401' title='bbox 1831 4007 2096 4063; x_wconf 86' lang='lat' dir='ltr'><strong>prosecu-</strong></span> 
     </span>
    </p>
   </div>
   <div class='ocr_carea' id='block_1_58' title="bbox 500 4079 2095 4159">
    <p class='ocr_par' dir='ltr' id='par_1_58' title="bbox 500 4079 2095 4159">
     <span class='ocr_line' id='line_1_58' title="bbox 500 4079 2095 4159; baseline 0.004 -24"><span class='ocrx_word' id='word_1_402' title='bbox 500 4080 701 4135; x_wconf 90' lang='lat' dir='ltr'><strong>tionem</strong></span> <span class='ocrx_word' id='word_1_403' title='bbox 729 4094 902 4133; x_wconf 88' lang='lat' dir='ltr'><strong>meam</strong></span> <span class='ocrx_word' id='word_1_404' title='bbox 926 4079 1071 4132; x_wconf 88' lang='lat' dir='ltr'><strong>salva</strong></span> <span class='ocrx_word' id='word_1_405' title='bbox 1096 4079 1461 4149; x_wconf 88' lang='lat' dir='ltr'><strong>appellatione</strong></span> <span class='ocrx_word' id='word_1_406' title='bbox 1486 4085 1796 4153; x_wconf 87' lang='lat' dir='ltr'><strong>recognovi.</strong></span> <span class='ocrx_word' id='word_1_407' title='bbox 1842 4086 2095 4159; x_wconf 81' lang='lat' dir='ltr'><strong><em>Augusti-</em></strong></span> 
     </span>
    </p>
   </div>
   <div class='ocr_carea' id='block_1_59' title="bbox 499 4169 2093 4241">
    <p class='ocr_par' dir='ltr' id='par_1_59' title="bbox 499 4169 2093 4241">
     <span class='ocr_line' id='line_1_59' title="bbox 499 4169 2093 4241; baseline 0.008 -15"><span class='ocrx_word' id='word_1_408' title='bbox 499 4190 595 4226; x_wconf 87' lang='lat' dir='ltr'><strong><em>nus</em></strong></span> <span class='ocrx_word' id='word_1_409' title='bbox 638 4172 907 4241; x_wconf 82' lang='lat' dir='ltr'><strong>episropus</strong></span> <span class='ocrx_word' id='word_1_410' title='bbox 938 4169 1183 4225; x_wconf 73' lang='lat' dir='ltr'><strong><em>Ecclesia:</em></strong></span> <span class='ocrx_word' id='word_1_411' title='bbox 1212 4173 1479 4227; x_wconf 75' lang='lat' dir='ltr'><strong>catholica:</strong></span> <span class='ocrx_word' id='word_1_412' title='bbox 1518 4175 1669 4231; x_wconf 81' lang='lat' dir='ltr'><strong>dixit.</strong></span> <span class='ocrx_word' id='word_1_413' title='bbox 1722 4176 1833 4233; x_wconf 74' lang='lat' dir='ltr'><strong>‘Nos</strong></span> <span class='ocrx_word' id='word_1_414' title='bbox 1878 4181 1979 4235; x_wconf 90' lang='lat' dir='ltr'><strong>ista</strong></span> <span class='ocrx_word' id='word_1_415' title='bbox 2022 4182 2093 4239; x_wconf 83' lang='lat' dir='ltr'><strong>de</strong></span> 
     </span>
    </p>
   </div>
   <div class='ocr_carea' id='block_1_60' title="bbox 499 4263 2091 4343">
    <p class='ocr_par' dir='ltr' id='par_1_60' title="bbox 499 4263 2091 4343">
     <span class='ocr_line' id='line_1_60' title="bbox 499 4263 2091 4343; baseline 0.006 -23"><span class='ocrx_word' id='word_1_416' title='bbox 499 4264 733 4320; x_wconf 87' lang='lat' dir='ltr'><strong>archivis</strong></span> <span class='ocrx_word' id='word_1_417' title='bbox 773 4263 1098 4331; x_wconf 83' lang='lat' dir='ltr'><strong>accepimus.</strong></span> <span class='ocrx_word' id='word_1_418' title='bbox 1135 4263 1192 4319; x_wconf 89' lang='lat' dir='ltr'><strong>Si</strong></span> <span class='ocrx_word' id='word_1_419' title='bbox 1223 4263 1352 4334; x_wconf 90' lang='lat' dir='ltr'><strong>quid</strong></span> <span class='ocrx_word' id='word_1_420' title='bbox 1392 4273 1475 4319; x_wconf 90' lang='lat' dir='ltr'><strong>est</strong></span> <span class='ocrx_word' id='word_1_421' title='bbox 1500 4267 1644 4335; x_wconf 90' lang='lat' dir='ltr'><strong>quod</strong></span> <span class='ocrx_word' id='word_1_422' title='bbox 1682 4278 1737 4323; x_wconf 89' lang='lat' dir='ltr'><strong>et</strong></span> <span class='ocrx_word' id='word_1_423' title='bbox 1762 4278 1815 4323; x_wconf 90' lang='lat' dir='ltr'><strong>tu</strong></span> <span class='ocrx_word' id='word_1_424' title='bbox 1843 4275 2091 4343; x_wconf 89' lang='lat' dir='ltr'><strong>accipere</strong></span> 
     </span>
    </p>
   </div>
   <div class='ocr_carea' id='block_1_61' title="bbox 497 4356 2092 4431">
    <p class='ocr_par' dir='ltr' id='par_1_61' title="bbox 497 4356 2092 4431">
     <span class='ocr_line' id='line_1_61' title="bbox 497 4356 2092 4431; baseline 0.003 -14"><span class='ocrx_word' id='word_1_425' title='bbox 497 4359 747 4431; x_wconf 86' lang='lat' dir='ltr'><strong>potuisti,</strong></span> <span class='ocrx_word' id='word_1_426' title='bbox 793 4358 839 4413; x_wconf 88' lang='lat' dir='ltr'><strong>si</strong></span> <span class='ocrx_word' id='word_1_427' title='bbox 869 4356 1205 4412; x_wconf 90' lang='lat' dir='ltr'><strong>recitandum</strong></span> <span class='ocrx_word' id='word_1_428' title='bbox 1236 4359 1569 4428; x_wconf 81' lang='lat' dir='ltr'><strong>p0posceris,</strong></span> <span class='ocrx_word' id='word_1_429' title='bbox 1596 4369 1650 4416; x_wconf 88' lang='lat' dir='ltr'><strong>et</strong></span> <span class='ocrx_word' id='word_1_430' title='bbox 1682 4377 1713 4416; x_wconf 90' lang='lat' dir='ltr'><strong>a</strong></span> <span class='ocrx_word' id='word_1_431' title='bbox 1744 4364 1895 4418; x_wconf 86' lang='lat' dir='ltr'><strong>nobis</strong></span> <span class='ocrx_word' id='word_1_432' title='bbox 1926 4365 2092 4422; x_wconf 88' lang='lat' dir='ltr'><strong>fuerit</strong></span> 
     </span>
    </p>
   </div>
   <div class='ocr_carea' id='block_1_62' title="bbox 493 4449 2089 4522">
    <p class='ocr_par' dir='ltr' id='par_1_62' title="bbox 493 4449 2089 4522">
     <span class='ocr_line' id='line_1_62' title="bbox 493 4449 2089 4522; baseline 0.004 -14"><span class='ocrx_word' id='word_1_433' title='bbox 493 4451 911 4513; x_wconf 86' lang='lat' dir='ltr'><strong>contradictum,</strong></span> <span class='ocrx_word' id='word_1_434' title='bbox 931 4449 1145 4520; x_wconf 89' lang='lat' dir='ltr'><strong>iniquos</strong></span> <span class='ocrx_word' id='word_1_435' title='bbox 1165 4449 1384 4522; x_wconf 89' lang='lat' dir='ltr'><strong>deputa,</strong></span> <span class='ocrx_word' id='word_1_436' title='bbox 1409 4460 1462 4505; x_wconf 90' lang='lat' dir='ltr'><strong>et</strong></span> <span class='ocrx_word' id='word_1_437' title='bbox 1488 4454 1657 4507; x_wconf 82' lang='lat' dir='ltr'><strong>vicem</strong></span> <span class='ocrx_word' id='word_1_438' title='bbox 1684 4454 1869 4512; x_wconf 85' lang='lat' dir='ltr'><strong>redde.</strong></span> <span class='ocrx_word' id='word_1_439' title='bbox 1892 4456 1961 4511; x_wconf 83' lang='lat' dir='ltr'><strong>Et</strong></span> <span class='ocrx_word' id='word_1_440' title='bbox 1980 4460 2089 4514; x_wconf 87' lang='lat' dir='ltr'><strong><em>alia</em></strong></span> 
     </span>
    </p>
   </div>
   <div class='ocr_carea' id='block_1_63' title="bbox 495 4539 2088 4611">
    <p class='ocr_par' dir='ltr' id='par_1_63' title="bbox 495 4539 2088 4611">
     <span class='ocr_line' id='line_1_63' title="bbox 495 4539 2088 4611; baseline 0.005 -14"><span class='ocrx_word' id='word_1_441' title='bbox 495 4560 672 4598; x_wconf 85' lang='lat' dir='ltr'><strong><em>manu.</em></strong></span> <span class='ocrx_word' id='word_1_442' title='bbox 689 4541 1019 4611; x_wconf 79' lang='lat' dir='ltr'><strong>Recognovi.</strong></span> <span class='ocrx_word' id='word_1_443' title='bbox 1048 4539 1384 4596; x_wconf 78' lang='lat' dir='ltr'><strong><em>Marcellinus</em></strong></span> <span class='ocrx_word' id='word_1_444' title='bbox 1411 4544 1487 4595; x_wconf 80' lang='lat' dir='ltr'><strong><em>vir</em></strong></span> <span class='ocrx_word' id='word_1_445' title='bbox 1514 4544 1832 4601; x_wconf 85' lang='lat' dir='ltr'><strong><em>clarissimus</em></strong></span> <span class='ocrx_word' id='word_1_446' title='bbox 1850 4548 2088 4605; x_wconf 85' lang='lat' dir='ltr'><strong><em>tribunus</em></strong></span> 
     </span>
    </p>
   </div>
   <div class='ocr_carea' id='block_1_64' title="bbox 493 4631 2083 4712">
    <p class='ocr_par' dir='ltr' id='par_1_64' title="bbox 493 4631 2083 4712">
     <span class='ocr_line' id='line_1_64' title="bbox 493 4631 2083 4712; baseline 0.005 -22"><span class='ocrx_word' id='word_1_447' title='bbox 493 4645 539 4690; x_wconf 85' lang='lat' dir='ltr'><strong>et</strong></span> <span class='ocrx_word' id='word_1_448' title='bbox 567 4635 795 4689; x_wconf 88' lang='lat' dir='ltr'><strong><em>notarius</em></strong></span> <span class='ocrx_word' id='word_1_449' title='bbox 823 4632 977 4687; x_wconf 86' lang='lat' dir='ltr'><strong>dixit.</strong></span> <span class='ocrx_word' id='word_1_450' title='bbox 1011 4631 1386 4703; x_wconf 89' lang='lat' dir='ltr'><strong>Suspicionem</strong></span> <span class='ocrx_word' id='word_1_451' title='bbox 1406 4635 1629 4704; x_wconf 70' lang='lat' dir='ltr'><strong>iudiciis</strong></span> <span class='ocrx_word' id='word_1_452' title='bbox 1657 4636 1813 4707; x_wconf 81' lang='lat' dir='ltr'><strong>lacis,</strong></span> <span class='ocrx_word' id='word_1_453' title='bbox 1848 4642 1989 4712; x_wconf 88' lang='lat' dir='ltr'><strong>quod</strong></span> <span class='ocrx_word' id='word_1_454' title='bbox 2017 4658 2083 4700; x_wconf 85' lang='lat' dir='ltr'><strong>ea</strong></span> 
     </span>
    </p>
   </div>
   <div class='ocr_carea' id='block_1_65' title="bbox 490 4714 2084 4806">
    <p class='ocr_par' dir='ltr' id='par_1_65' title="bbox 490 4714 2084 4806">
     <span class='ocr_line' id='line_1_65' title="bbox 490 4714 2084 4806; baseline 0.007 -24"><span class='ocrx_word' id='word_1_455' title='bbox 490 4740 598 4782; x_wconf 90' lang='lat' dir='ltr'><strong>non</strong></span> <span class='ocrx_word' id='word_1_456' title='bbox 628 4724 852 4797; x_wconf 84' lang='lat' dir='ltr'><strong>pateris,</strong></span> <span class='ocrx_word' id='word_1_457' title='bbox 884 4738 1003 4778; x_wconf 87' lang='lat' dir='ltr'><strong>cum</strong></span> <span class='ocrx_word' id='word_1_458' title='bbox 1034 4734 1087 4778; x_wconf 90' lang='lat' dir='ltr'><strong>ct</strong></span> <span class='ocrx_word' id='word_1_459' title='bbox 1115 4725 1210 4781; x_wconf 86' lang='lat' dir='ltr'><strong>tibi</strong></span> <span class='ocrx_word' id='word_1_460' title='bbox 1243 4724 1325 4780; x_wconf 84' lang='lat' dir='ltr'><strong>fas</strong></span> <span class='ocrx_word' id='word_1_461' title='bbox 1355 4727 1426 4781; x_wconf 88' lang='lat' dir='ltr'><strong>sit</strong></span> <span class='ocrx_word' id='word_1_462' title='bbox 1457 4729 1705 4784; x_wconf 87' lang='lat' dir='ltr'><strong>universa</strong></span> <span class='ocrx_word' id='word_1_463' title='bbox 1737 4714 1856 4802; x_wconf 68' lang='lat' dir='ltr'><strong>quae</strong></span> <span class='ocrx_word' id='word_1_464' title='bbox 1898 4735 2084 4806; x_wconf 85' lang='lat' dir='ltr'><strong>inges-</strong></span> 
     </span>
    </p>
   </div>
   <div class='ocr_carea' id='block_1_66' title="bbox 490 4814 2084 4896">
    <p class='ocr_par' dir='ltr' id='par_1_66' title="bbox 490 4814 2084 4896">
     <span class='ocr_line' id='line_1_66' title="bbox 490 4814 2084 4896; baseline 0.006 -23"><span class='ocrx_word' id='word_1_465' title='bbox 490 4820 627 4873; x_wconf 90' lang='lat' dir='ltr'><strong>seris</strong></span> <span class='ocrx_word' id='word_1_466' title='bbox 669 4817 965 4888; x_wconf 83' lang='lat' dir='ltr'><strong>publicare.</strong></span> <span class='ocrx_word' id='word_1_467' title='bbox 1036 4814 1191 4871; x_wconf 83' lang='lat' dir='ltr'><strong>Unde</strong></span> <span class='ocrx_word' id='word_1_468' title='bbox 1242 4818 1460 4873; x_wconf 87' lang='lat' dir='ltr'><strong>tandem</strong></span> <span class='ocrx_word' id='word_1_469' title='bbox 1508 4821 1803 4891; x_wconf 83' lang='lat' dir='ltr'><strong>aliquando</strong></span> <span class='ocrx_word' id='word_1_470' title='bbox 1859 4840 1920 4880; x_wconf 89' lang='lat' dir='ltr'><strong>ea</strong></span> <span class='ocrx_word' id='word_1_471' title='bbox 1959 4842 2084 4896; x_wconf 71' lang='lat' dir='ltr'><strong>qua:</strong></span> 
     </span>
    </p>
   </div>
   <div class='ocr_carea' id='block_1_67' title="bbox 488 4906 2082 4984">
    <p class='ocr_par' dir='ltr' id='par_1_67' title="bbox 488 4906 2082 4984">
     <span class='ocr_line' id='line_1_67' title="bbox 488 4906 2082 4984; baseline 0.007 -21"><span class='ocrx_word' id='word_1_472' title='bbox 488 4908 668 4964; x_wconf 87' lang='lat' dir='ltr'><strong>oblata</strong></span> <span class='ocrx_word' id='word_1_473' title='bbox 723 4914 851 4963; x_wconf 91' lang='lat' dir='ltr'><strong>sunt</strong></span> <span class='ocrx_word' id='word_1_474' title='bbox 896 4906 1215 4965; x_wconf 88' lang='lat' dir='ltr'><strong>recitcutur.</strong></span> <span class='ocrx_word' id='word_1_475' title='bbox 1279 4908 1570 4964; x_wconf 85' lang='lat' dir='ltr'><strong><em>Petilianus</em></strong></span> <span class='ocrx_word' id='word_1_476' title='bbox 1617 4915 1885 4984; x_wconf 85' lang='lat' dir='ltr'><strong><em>episcopus</em></strong></span> <span class='ocrx_word' id='word_1_477' title='bbox 1927 4918 2082 4974; x_wconf 81' lang='lat' dir='ltr'><strong>dixit.</strong></span> 
     </span>
    </p>
   </div>
   <div class='ocr_carea' id='block_1_68' title="bbox 486 4989 2082 5080">
    <p class='ocr_par' dir='ltr' id='par_1_68' title="bbox 486 4989 2082 5080">
     <span class='ocr_line' id='line_1_68' title="bbox 486 4989 2082 5080; baseline 0.007 -23"><span class='ocrx_word' id='word_1_478' title='bbox 486 5001 738 5058; x_wconf 84' lang='lat' dir='ltr'><strong>Noluisse</strong></span> <span class='ocrx_word' id='word_1_479' title='bbox 766 5002 1117 5071; x_wconf 88' lang='lat' dir='ltr'><strong>pronuntiare</strong></span> <span class='ocrx_word' id='word_1_480' title='bbox 1142 5010 1467 5073; x_wconf 84' lang='lat' dir='ltr'><strong>potestatem</strong></span> <span class='ocrx_word' id='word_1_481' title='bbox 1491 4989 1794 5077; x_wconf 88' lang='lat' dir='ltr'><strong>tuamquod</strong></span> <span class='ocrx_word' id='word_1_482' title='bbox 1824 5011 2082 5080; x_wconf 89' lang='lat' dir='ltr'><strong>petimus,</strong></span> 
     </span>
    </p>
   </div>
   <div class='ocr_carea' id='block_1_69' title="bbox 480 5094 2082 5174">
    <p class='ocr_par' dir='ltr' id='par_1_69' title="bbox 480 5094 2082 5174">
     <span class='ocr_line' id='line_1_69' title="bbox 480 5094 2082 5174; baseline 0.006 -23"><span class='ocrx_word' id='word_1_483' title='bbox 480 5104 601 5151; x_wconf 80' lang='lat' dir='ltr'><strong>acta</strong></span> <span class='ocrx_word' id='word_1_484' title='bbox 627 5094 965 5150; x_wconf 83' lang='lat' dir='ltr'><strong>contineant.</strong></span> <span class='ocrx_word' id='word_1_485' title='bbox 1002 5094 1245 5150; x_wconf 87' lang='lat' dir='ltr'><strong>Ulterius</strong></span> <span class='ocrx_word' id='word_1_486' title='bbox 1295 5111 1401 5151; x_wconf 90' lang='lat' dir='ltr'><strong>non</strong></span> <span class='ocrx_word' id='word_1_487' title='bbox 1454 5112 1741 5167; x_wconf 85' lang='lat' dir='ltr'><strong>possumus</strong></span> <span class='ocrx_word' id='word_1_488' title='bbox 1770 5103 1971 5174; x_wconf 92' lang='lat' dir='ltr'><strong>aliquid</strong></span> <span class='ocrx_word' id='word_1_489' title='bbox 1998 5107 2082 5162; x_wconf 89' lang='lat' dir='ltr'><strong>di-</strong></span> 
     </span>
    </p>
   </div>
   <div class='ocr_carea' id='block_1_70' title="bbox 475 5181 2091 5257">
    <p class='ocr_par' dir='ltr' id='par_1_70' title="bbox 475 5181 2091 5257">
     <span class='ocr_line' id='line_1_70' title="bbox 475 5181 2091 5257; baseline 0.013 -23"><span class='ocrx_word' id='word_1_490' title='bbox 475 5181 629 5256; x_wconf 54' lang='lat' dir='ltr'><strong>‘cere,</strong></span> <span class='ocrx_word' id='word_1_491' title='bbox 661 5188 897 5242; x_wconf 85' lang='lat' dir='ltr'><strong>maxime</strong></span> <span class='ocrx_word' id='word_1_492' title='bbox 942 5202 1066 5242; x_wconf 91' lang='lat' dir='ltr'><strong>cum</strong></span> <span class='ocrx_word' id='word_1_493' title='bbox 1114 5188 1322 5242; x_wconf 80' lang='lat' dir='ltr'><strong>videam</strong></span> <span class='ocrx_word' id='word_1_494' title='bbox 1354 5196 1677 5257; x_wconf 88' lang='lat' dir='ltr'><strong>potestatem</strong></span> <span class='ocrx_word' id='word_1_495' title='bbox 1731 5202 1875 5249; x_wconf 89' lang='lat' dir='ltr'><strong>tuam</strong></span> <span class='ocrx_word' id='word_1_496' title='bbox 1926 5198 2091 5254; x_wconf 68' lang='lat' dir='ltr'><strong>aliud&quot;</strong></span> 
     </span>
    </p>
   </div>
   <div class='ocr_carea' id='block_1_71' title="bbox 476 5278 2077 5359">
    <p class='ocr_par' dir='ltr' id='par_1_71' title="bbox 476 5278 2077 5359">
     <span class='ocr_line' id='line_1_71' title="bbox 476 5278 2077 5359; baseline 0.007 -23"><span class='ocrx_word' id='word_1_497' title='bbox 476 5279 620 5337; x_wconf 72' lang='lat' dir='ltr'><strong>velle</strong></span> <span class='ocrx_word' id='word_1_498' title='bbox 640 5320 658 5348; x_wconf 95' lang='lat'><strong>,</strong></span> <span class='ocrx_word' id='word_1_499' title='bbox 699 5294 820 5335; x_wconf 89' lang='lat' dir='ltr'><strong>cum</strong></span> <span class='ocrx_word' id='word_1_500' title='bbox 849 5294 949 5349; x_wconf 89' lang='lat' dir='ltr'><strong>ego</strong></span> <span class='ocrx_word' id='word_1_501' title='bbox 994 5278 1136 5333; x_wconf 83' lang='lat' dir='ltr'><strong>aliud</strong></span> <span class='ocrx_word' id='word_1_502' title='bbox 1167 5278 1428 5350; x_wconf 80' lang='lat' dir='ltr'><strong>ﬂagitem.</strong></span> <span class='ocrx_word' id='word_1_503' title='bbox 1474 5280 1768 5341; x_wconf 91' lang='lat' dir='ltr'><strong>Pronuntia</strong></span> <span class='ocrx_word' id='word_1_504' title='bbox 1799 5288 2077 5359; x_wconf 84' lang='lat' dir='ltr'><strong>superﬂue</strong></span> 
     </span>
    </p>
   </div>
   <div class='ocr_carea' id='block_1_72' title="bbox 479 5370 2071 5454">
    <p class='ocr_par' dir='ltr' id='par_1_72' title="bbox 479 5370 2071 5454">
     <span class='ocr_line' id='line_1_72' title="bbox 479 5370 2071 5454; baseline 0.008 -27"><span class='ocrx_word' id='word_1_505' title='bbox 479 5386 566 5428; x_wconf 88' lang='lat' dir='ltr'><strong>me</strong></span> <span class='ocrx_word' id='word_1_506' title='bbox 608 5371 881 5442; x_wconf 88' lang='lat' dir='ltr'><strong>postulare</strong></span> <span class='ocrx_word' id='word_1_507' title='bbox 921 5370 1062 5441; x_wconf 87' lang='lat' dir='ltr'><strong>quod</strong></span> <span class='ocrx_word' id='word_1_508' title='bbox 1096 5379 1248 5441; x_wconf 89' lang='lat' dir='ltr'><strong>peto,</strong></span> <span class='ocrx_word' id='word_1_509' title='bbox 1282 5372 1351 5427; x_wconf 87' lang='lat' dir='ltr'><strong>sit</strong></span> <span class='ocrx_word' id='word_1_510' title='bbox 1379 5373 1521 5441; x_wconf 89' lang='lat' dir='ltr'><strong>quod</strong></span> <span class='ocrx_word' id='word_1_511' title='bbox 1552 5384 1796 5445; x_wconf 87' lang='lat' dir='ltr'><strong>teneam,</strong></span> <span class='ocrx_word' id='word_1_512' title='bbox 1826 5382 1895 5436; x_wconf 86' lang='lat' dir='ltr'><strong>sit</strong></span> <span class='ocrx_word' id='word_1_513' title='bbox 1924 5384 2071 5454; x_wconf 88' lang='lat' dir='ltr'><strong>quod</strong></span> 
     </span>
    </p>
   </div>
   <div class='ocr_carea' id='block_1_73' title="bbox 478 5464 2069 5538">
    <p class='ocr_par' dir='ltr' id='par_1_73' title="bbox 478 5464 2069 5538">
     <span class='ocr_line' id='line_1_73' title="bbox 478 5464 2069 5538; baseline 0.01 -17"><span class='ocrx_word' id='word_1_514' title='bbox 478 5466 704 5537; x_wconf 86' lang='lat' dir='ltr'><strong>populus</strong></span> <span class='ocrx_word' id='word_1_515' title='bbox 734 5465 967 5521; x_wconf 88' lang='lat' dir='ltr'><strong>noverit.</strong></span> <span class='ocrx_word' id='word_1_516' title='bbox 1007 5464 1142 5520; x_wconf 85' lang='lat' dir='ltr'><strong>Tum</strong></span> <span class='ocrx_word' id='word_1_517' title='bbox 1184 5466 1402 5523; x_wconf 90' lang='lat' dir='ltr'><strong>demum</strong></span> <span class='ocrx_word' id='word_1_518' title='bbox 1444 5470 1509 5524; x_wconf 91' lang='lat' dir='ltr'><strong>ad</strong></span> <span class='ocrx_word' id='word_1_519' title='bbox 1551 5474 1859 5529; x_wconf 83' lang='lat' dir='ltr'><strong>necessaria</strong></span> <span class='ocrx_word' id='word_1_520' title='bbox 1888 5492 2069 5538; x_wconf 55' lang='lat' dir='ltr'><strong>causa</strong></span> 
     </span>
    </p>
   </div>
   <div class='ocr_carea' id='block_1_74' title="bbox 543 5598 2062 5671">
    <p class='ocr_par' dir='ltr' id='par_1_74' title="bbox 543 5598 2062 5671">
     <span class='ocr_line' id='line_1_74' title="bbox 543 5598 2062 5671; baseline 0.009 -17"><span class='ocrx_word' id='word_1_521' title='bbox 543 5602 624 5671; x_wconf 90' lang='lat' dir='ltr'><strong>(l)</strong></span> <span class='ocrx_word' id='word_1_522' title='bbox 655 5598 830 5671; x_wconf 77' lang='lat' dir='ltr'><strong>Longe</strong></span> <span class='ocrx_word' id='word_1_523' title='bbox 860 5607 1003 5656; x_wconf 81' lang='lat' dir='ltr'><strong>ante.</strong></span> <span class='ocrx_word' id='word_1_524' title='bbox 1057 5600 1213 5655; x_wconf 83' lang='lat' dir='ltr'><strong>Auno</strong></span> <span class='ocrx_word' id='word_1_525' title='bbox 1238 5600 1367 5668; x_wconf 71' lang='grc'><strong>405,</strong></span> <span class='ocrx_word' id='word_1_526' title='bbox 1407 5618 1527 5659; x_wconf 88' lang='lat' dir='ltr'><strong>cum</strong></span> <span class='ocrx_word' id='word_1_527' title='bbox 1577 5606 1627 5660; x_wconf 91' lang='lat' dir='ltr'><strong>in</strong></span> <span class='ocrx_word' id='word_1_528' title='bbox 1650 5609 1879 5663; x_wconf 90' lang='lat' dir='ltr'><strong>concilio</strong></span> <span class='ocrx_word' id='word_1_529' title='bbox 1927 5611 2062 5668; x_wconf 81' lang='lat' dir='ltr'><strong>Car-</strong></span> 
     </span>
    </p>
   </div>
   <div class='ocr_carea' id='block_1_75' title="bbox 470 5669 2016 5741">
    <p class='ocr_par' dir='ltr' id='par_1_75' title="bbox 470 5669 2016 5741">
     <span class='ocr_line' id='line_1_75' title="bbox 470 5669 2016 5741; baseline 0.01 -17"><span class='ocrx_word' id='word_1_530' title='bbox 470 5669 782 5741; x_wconf 63' lang='lat' dir='ltr'><strong>llltigllLellSl</strong></span> <span class='ocrx_word' id='word_1_531' title='bbox 802 5669 1137 5741; x_wconf 31' lang='lat' dir='ltr'><strong>decretaﬁest</strong></span> <span class='ocrx_word' id='word_1_532' title='bbox 1158 5670 1360 5741; x_wconf 80' lang='lat' dir='ltr'><strong>legatio</strong></span> <span class='ocrx_word' id='word_1_533' title='bbox 1391 5676 1652 5731; x_wconf 88' lang='lat' dir='ltr'><strong>adversus</strong></span> <span class='ocrx_word' id='word_1_534' title='bbox 1684 5679 2016 5739; x_wconf 84' lang='lat' dir='ltr'><strong>Donatistas.</strong></span> 
     </span>
    </p>
   </div>
   <div class='ocr_carea' id='block_1_76' title="bbox 542 5739 2069 5813">
    <p class='ocr_par' dir='ltr' id='par_1_76' title="bbox 542 5739 2069 5813">
     <span class='ocr_line' id='line_1_76' title="bbox 542 5739 2069 5813; baseline 0.015 -23"><span class='ocrx_word' id='word_1_535' title='bbox 542 5740 623 5810; x_wconf 62' lang='grc' dir='ltr'><strong>(Ξ)</strong></span> <span class='ocrx_word' id='word_1_536' title='bbox 644 5739 920 5795; x_wconf 84' lang='lat' dir='ltr'><strong>Thensium</strong></span> <span class='ocrx_word' id='word_1_537' title='bbox 942 5751 987 5796; x_wconf 89' lang='lat' dir='ltr'><strong><em>et</em></strong></span> <span class='ocrx_word' id='word_1_538' title='bbox 1013 5739 1327 5798; x_wconf 83' lang='lat' dir='ltr'><strong>Euvodiunt.</strong></span> <span class='ocrx_word' id='word_1_539' title='bbox 1353 5745 1563 5812; x_wconf 86' lang='lat' dir='ltr'><strong>Quibus</strong></span> <span class='ocrx_word' id='word_1_540' title='bbox 1586 5749 1639 5804; x_wconf 91' lang='lat' dir='ltr'><strong>iu</strong></span> <span class='ocrx_word' id='word_1_541' title='bbox 1661 5749 1806 5808; x_wconf 87' lang='lat' dir='ltr'><strong>dicto</strong></span> <span class='ocrx_word' id='word_1_542' title='bbox 1826 5756 2069 5813; x_wconf 74' lang='lat' dir='ltr'><strong>concilio</strong></span> 
     </span>
    </p>
   </div>
   <div class='ocr_carea' id='block_1_77' title="bbox 2217 1860 3789 1921">
    <p class='ocr_par' dir='ltr' id='par_1_77' title="bbox 2217 1860 3789 1921">
     <span class='ocr_line' id='line_1_77' title="bbox 2217 1860 3789 1921; baseline -0.003 -2"><span class='ocrx_word' id='word_1_543' title='bbox 2217 1878 2336 1919; x_wconf 90' lang='lat' dir='ltr'><strong>rum</strong></span> <span class='ocrx_word' id='word_1_544' title='bbox 2384 1862 2693 1920; x_wconf 89' lang='lat' dir='ltr'><strong>habitorum</strong></span> <span class='ocrx_word' id='word_1_545' title='bbox 2738 1866 2839 1921; x_wconf 89' lang='lat' dir='ltr'><strong>sub</strong></span> <span class='ocrx_word' id='word_1_546' title='bbox 2866 1864 2956 1920; x_wconf 89' lang='lat' dir='ltr'><strong>die</strong></span> <span class='ocrx_word' id='word_1_547' title='bbox 2985 1865 3144 1921; x_wconf 90' lang='lat' dir='ltr'><strong>tertio</strong></span> <span class='ocrx_word' id='word_1_548' title='bbox 3169 1862 3437 1919; x_wconf 83' lang='lat' dir='ltr'><strong>kalendas</strong></span> <span class='ocrx_word' id='word_1_549' title='bbox 3485 1860 3789 1917; x_wconf 81' lang='lat' dir='ltr'><strong>Februarias</strong></span> 
     </span>
    </p>
   </div>
   <div class='ocr_carea' id='block_1_78' title="bbox 2218 1953 3784 2027">
    <p class='ocr_par' dir='ltr' id='par_1_78' title="bbox 2218 1953 3784 2027">
     <span class='ocr_line' id='line_1_78' title="bbox 2218 1953 3784 2027; baseline -0.003 -16"><span class='ocrx_word' id='word_1_550' title='bbox 2218 1957 2513 2023; x_wconf 67' lang='lat' dir='ltr'><strong>Ravennae,</strong></span> <span class='ocrx_word' id='word_1_551' title='bbox 2543 1957 2606 2012; x_wconf 79' lang='grc' dir='ltr'><strong>Ι).</strong></span> <span class='ocrx_word' id='word_1_552' title='bbox 2637 1955 2704 2012; x_wconf 84' lang='grc' dir='ltr'><strong>Ν.</strong></span> <span class='ocrx_word' id='word_1_553' title='bbox 2732 1956 2969 2013; x_wconf 83' lang='lat' dir='ltr'><strong>Arcadio</strong></span> <span class='ocrx_word' id='word_1_554' title='bbox 2995 1956 3097 2012; x_wconf 87' lang='lat' dir='ltr'><strong>PP.</strong></span> <span class='ocrx_word' id='word_1_555' title='bbox 3146 1956 3392 2027; x_wconf 77' lang='lat' dir='ltr'><strong>Augusto</strong></span> <span class='ocrx_word' id='word_1_556' title='bbox 3423 1964 3479 2010; x_wconf 89' lang='lat' dir='ltr'><strong>et</strong></span> <span class='ocrx_word' id='word_1_557' title='bbox 3525 1953 3695 2009; x_wconf 85' lang='lat' dir='ltr'><strong>Probo</strong></span> <span class='ocrx_word' id='word_1_558' title='bbox 3722 1968 3784 2017; x_wconf 78' lang='lat' dir='ltr'><strong>tr,</strong></span> 
     </span>
    </p>
   </div>
   <div class='ocr_carea' id='block_1_79' title="bbox 2215 2045 3781 2122">
    <p class='ocr_par' dir='ltr' id='par_1_79' title="bbox 2215 2045 3781 2122">
     <span class='ocr_line' id='line_1_79' title="bbox 2215 2045 3781 2122; baseline -0.008 -13"><span class='ocrx_word' id='word_1_559' title='bbox 2215 2050 2377 2122; x_wconf 81' lang='lat'><strong>305</strong></span> <span class='ocrx_word' id='word_1_560' title='bbox 2403 2049 2738 2105; x_wconf 86' lang='lat' dir='ltr'><strong>consulibus.</strong></span> <span class='ocrx_word' id='word_1_561' title='bbox 2768 2049 2835 2102; x_wconf 88' lang='lat' dir='ltr'><strong>Et</strong></span> <span class='ocrx_word' id='word_1_562' title='bbox 2864 2066 2981 2103; x_wconf 89' lang='lat' dir='ltr'><strong><em>cum</em></strong></span> <span class='ocrx_word' id='word_1_563' title='bbox 3008 2049 3267 2114; x_wconf 84' lang='lat' dir='ltr'><strong><em>recitaret,</em></strong></span> <span class='ocrx_word' id='word_1_564' title='bbox 3295 2045 3587 2101; x_wconf 81' lang='lat' dir='ltr'><strong><em>Petilianus</em></strong></span> <span class='ocrx_word' id='word_1_565' title='bbox 3610 2046 3781 2114; x_wconf 79' lang='lat' dir='ltr'><strong>episco-</strong></span> 
     </span>
    </p>
   </div>
   <div class='ocr_carea' id='block_1_80' title="bbox 2217 2138 3783 2216">
    <p class='ocr_par' dir='ltr' id='par_1_80' title="bbox 2217 2138 3783 2216">
     <span class='ocr_line' id='line_1_80' title="bbox 2217 2138 3783 2216; baseline -0.006 -17"><span class='ocrx_word' id='word_1_566' title='bbox 2217 2160 2312 2216; x_wconf 83' lang='lat' dir='ltr'><strong><em>pus</em></strong></span> <span class='ocrx_word' id='word_1_567' title='bbox 2330 2143 2481 2197; x_wconf 86' lang='lat' dir='ltr'><strong>dixit.</strong></span> <span class='ocrx_word' id='word_1_568' title='bbox 2502 2142 2557 2199; x_wconf 91' lang='lat' dir='ltr'><strong>Si</strong></span> <span class='ocrx_word' id='word_1_569' title='bbox 2577 2143 2757 2214; x_wconf 88' lang='lat' dir='ltr'><strong>jubes,</strong></span> <span class='ocrx_word' id='word_1_570' title='bbox 2788 2152 2977 2199; x_wconf 88' lang='lat' dir='ltr'><strong>contra</strong></span> <span class='ocrx_word' id='word_1_571' title='bbox 3003 2142 3106 2198; x_wconf 84' lang='lat' dir='ltr'><strong>hoc</strong></span> <span class='ocrx_word' id='word_1_572' title='bbox 3126 2141 3366 2197; x_wconf 85' lang='lat' dir='ltr'><strong>advertit</strong></span> <span class='ocrx_word' id='word_1_573' title='bbox 3388 2138 3691 2205; x_wconf 80' lang='lat' dir='ltr'><strong>sublimitas</strong></span> <span class='ocrx_word' id='word_1_574' title='bbox 3712 2144 3783 2190; x_wconf 81' lang='lat' dir='ltr'><strong>tua</strong></span> 
     </span>
    </p>
   </div>
   <div class='ocr_carea' id='block_1_81' title="bbox 2215 2236 3785 2311">
    <p class='ocr_par' dir='ltr' id='par_1_81' title="bbox 2215 2236 3785 2311">
     <span class='ocr_line' id='line_1_81' title="bbox 2215 2236 3785 2311; baseline -0.004 -17"><span class='ocrx_word' id='word_1_575' title='bbox 2215 2254 2323 2294; x_wconf 91' lang='lat' dir='ltr'><strong>non</strong></span> <span class='ocrx_word' id='word_1_576' title='bbox 2346 2239 2522 2295; x_wconf 89' lang='lat' dir='ltr'><strong>adhuc</strong></span> <span class='ocrx_word' id='word_1_577' title='bbox 2551 2238 2885 2295; x_wconf 83' lang='lat' dir='ltr'><strong>satisfactum</strong></span> <span class='ocrx_word' id='word_1_578' title='bbox 2916 2238 3270 2311; x_wconf 87' lang='lat' dir='ltr'><strong>petitionibus</strong></span> <span class='ocrx_word' id='word_1_579' title='bbox 3296 2236 3506 2293; x_wconf 88' lang='lat' dir='ltr'><strong>nostris</strong></span> <span class='ocrx_word' id='word_1_580' title='bbox 3526 2277 3541 2301; x_wconf 90' lang='lat'><strong>,</strong></span> <span class='ocrx_word' id='word_1_581' title='bbox 3573 2243 3629 2291; x_wconf 90' lang='lat' dir='ltr'><strong>ut</strong></span> <span class='ocrx_word' id='word_1_582' title='bbox 3651 2248 3785 2289; x_wconf 82' lang='lat' dir='ltr'><strong>esce-</strong></span> 
     </span>
    </p>
   </div>
   <div class='ocr_carea' id='block_1_82' title="bbox 2214 2332 3782 2406">
    <p class='ocr_par' dir='ltr' id='par_1_82' title="bbox 2214 2332 3782 2406">
     <span class='ocr_line' id='line_1_82' title="bbox 2214 2332 3782 2406; baseline -0.005 -15"><span class='ocrx_word' id='word_1_583' title='bbox 2214 2335 2399 2406; x_wconf 90' lang='lat' dir='ltr'><strong>ptione</strong></span> <span class='ocrx_word' id='word_1_584' title='bbox 2430 2350 2619 2391; x_wconf 89' lang='lat' dir='ltr'><strong>eorum</strong></span> <span class='ocrx_word' id='word_1_585' title='bbox 2650 2343 2926 2392; x_wconf 84' lang='lat' dir='ltr'><strong>constaret</strong></span> <span class='ocrx_word' id='word_1_586' title='bbox 2968 2336 3122 2406; x_wconf 80' lang='lat' dir='ltr'><strong>ipsos</strong></span> <span class='ocrx_word' id='word_1_587' title='bbox 3165 2349 3290 2390; x_wconf 88' lang='lat' dir='ltr'><strong>esse</strong></span> <span class='ocrx_word' id='word_1_588' title='bbox 3317 2334 3605 2405; x_wconf 87' lang='lat' dir='ltr'><strong>petitores,</strong></span> <span class='ocrx_word' id='word_1_589' title='bbox 3630 2332 3782 2399; x_wconf 82' lang='lat' dir='ltr'><strong>ipsos-</strong></span> 
     </span>
    </p>
   </div>
   <div class='ocr_carea' id='block_1_83' title="bbox 2214 2405 3781 2500">
    <p class='ocr_par' dir='ltr' id='par_1_83' title="bbox 2214 2405 3781 2500">
     <span class='ocr_line' id='line_1_83' title="bbox 2214 2405 3781 2500; baseline -0.003 -18"><span class='ocrx_word' id='word_1_590' title='bbox 2214 2405 2320 2496; x_wconf 83' lang='lat' dir='ltr'><strong>que</strong></span> <span class='ocrx_word' id='word_1_591' title='bbox 2350 2426 2633 2484; x_wconf 87' lang='lat' dir='ltr'><strong>intendere</strong></span> <span class='ocrx_word' id='word_1_592' title='bbox 2667 2440 2920 2500; x_wconf 89' lang='lat' dir='ltr'><strong>oportere</strong></span> <span class='ocrx_word' id='word_1_593' title='bbox 2962 2405 3084 2500; x_wconf 70' lang='lat' dir='ltr'><strong>qua:</strong></span> <span class='ocrx_word' id='word_1_594' title='bbox 3110 2426 3417 2498; x_wconf 82' lang='lat' dir='ltr'><strong>obiicienda</strong></span> <span class='ocrx_word' id='word_1_595' title='bbox 3445 2439 3570 2481; x_wconf 84' lang='lat' dir='ltr'><strong>esse</strong></span> <span class='ocrx_word' id='word_1_596' title='bbox 3588 2434 3781 2495; x_wconf 56' lang='lat' dir='ltr'><strong>putare.</strong></span> 
     </span>
    </p>
   </div>
   <div class='ocr_carea' id='block_1_84' title="bbox 2214 2515 3779 2590">
    <p class='ocr_par' dir='ltr' id='par_1_84' title="bbox 2214 2515 3779 2590">
     <span class='ocr_line' id='line_1_84' title="bbox 2214 2515 3779 2590; baseline -0.005 -15"><span class='ocrx_word' id='word_1_597' title='bbox 2214 2529 2365 2575; x_wconf 91' lang='lat' dir='ltr'><strong>runt.</strong></span> <span class='ocrx_word' id='word_1_598' title='bbox 2392 2517 2461 2574; x_wconf 90' lang='lat' dir='ltr'><strong>Et</strong></span> <span class='ocrx_word' id='word_1_599' title='bbox 2488 2520 2595 2575; x_wconf 87' lang='lat' dir='ltr'><strong><em>alia</em></strong></span> <span class='ocrx_word' id='word_1_600' title='bbox 2616 2536 2793 2575; x_wconf 88' lang='lat' dir='ltr'><strong><em>manu.</em></strong></span> <span class='ocrx_word' id='word_1_601' title='bbox 2835 2520 3135 2576; x_wconf 82' lang='lat' dir='ltr'><strong>Pe&#39;ilianus</strong></span> <span class='ocrx_word' id='word_1_602' title='bbox 3153 2518 3455 2590; x_wconf 83' lang='lat' dir='ltr'><strong>episcopus</strong></span> <span class='ocrx_word' id='word_1_603' title='bbox 3470 2515 3779 2589; x_wconf 85' lang='lat' dir='ltr'><strong>prosecutio-</strong></span> 
     </span>
    </p>
   </div>
   <div class='ocr_carea' id='block_1_85' title="bbox 2177 2606 3778 2687">
    <p class='ocr_par' dir='ltr' id='par_1_85' title="bbox 2177 2606 3778 2687">
     <span class='ocr_line' id='line_1_85' title="bbox 2177 2606 3778 2687; baseline -0.007 -15"><span class='ocrx_word' id='word_1_604' title='bbox 2177 2629 2336 2675; x_wconf 88' lang='lat' dir='ltr'><strong>.ncm</strong></span> <span class='ocrx_word' id='word_1_605' title='bbox 2429 2628 2607 2670; x_wconf 90' lang='lat' dir='ltr'><strong>meam</strong></span> <span class='ocrx_word' id='word_1_606' title='bbox 2701 2613 3067 2685; x_wconf 83' lang='lat' dir='ltr'><strong>appellatione</strong></span> <span class='ocrx_word' id='word_1_607' title='bbox 3148 2612 3413 2668; x_wconf 89' lang='lat' dir='ltr'><strong>incolumi</strong></span> <span class='ocrx_word' id='word_1_608' title='bbox 3494 2606 3778 2687; x_wconf 76' lang='lat' dir='ltr'><strong>recognovi.</strong></span> 
     </span>
    </p>
   </div>
   <div class='ocr_carea' id='block_1_86' title="bbox 2214 2702 3775 2765">
    <p class='ocr_par' dir='ltr' id='par_1_86' title="bbox 2214 2702 3775 2765">
     <span class='ocr_line' id='line_1_86' title="bbox 2214 2702 3775 2765; baseline -0.006 -1"><span class='ocrx_word' id='word_1_609' title='bbox 2214 2709 2551 2764; x_wconf 84' lang='lat' dir='ltr'><strong><em>Marcellinus</em></strong></span> <span class='ocrx_word' id='word_1_610' title='bbox 2578 2712 2654 2764; x_wconf 81' lang='lat' dir='ltr'><strong><em>vir</em></strong></span> <span class='ocrx_word' id='word_1_611' title='bbox 2701 2710 3018 2765; x_wconf 81' lang='lat' dir='ltr'><strong><em>clarissimus</em></strong></span> <span class='ocrx_word' id='word_1_612' title='bbox 3048 2709 3281 2763; x_wconf 86' lang='lat' dir='ltr'><strong><em>tribunus</em></strong></span> <span class='ocrx_word' id='word_1_613' title='bbox 3308 2717 3357 2761; x_wconf 86' lang='lat' dir='ltr'><strong>et</strong></span> <span class='ocrx_word' id='word_1_614' title='bbox 3388 2704 3618 2760; x_wconf 72' lang='lat' dir='ltr'><strong>notarius</strong></span> <span class='ocrx_word' id='word_1_615' title='bbox 3645 2702 3775 2755; x_wconf 75' lang='lat' dir='ltr'><strong>dixit.</strong></span> 
     </span>
    </p>
   </div>
   <div class='ocr_carea' id='block_1_87' title="bbox 2210 2794 3779 2872">
    <p class='ocr_par' dir='ltr' id='par_1_87' title="bbox 2210 2794 3779 2872">
     <span class='ocr_line' id='line_1_87' title="bbox 2210 2794 3779 2872; baseline -0.01 -13"><span class='ocrx_word' id='word_1_616' title='bbox 2210 2802 2329 2859; x_wconf 82' lang='lat' dir='ltr'><strong>Jam</strong></span> <span class='ocrx_word' id='word_1_617' title='bbox 2362 2818 2504 2859; x_wconf 91' lang='lat' dir='ltr'><strong>nunc</strong></span> <span class='ocrx_word' id='word_1_618' title='bbox 2530 2817 2599 2858; x_wconf 81' lang='lat' dir='ltr'><strong>ex</strong></span> <span class='ocrx_word' id='word_1_619' title='bbox 2630 2802 2864 2859; x_wconf 85' lang='lat' dir='ltr'><strong>lectione</strong></span> <span class='ocrx_word' id='word_1_620' title='bbox 2902 2811 3180 2872; x_wconf 90' lang='lat' dir='ltr'><strong>gestorum</strong></span> <span class='ocrx_word' id='word_1_621' title='bbox 3208 2799 3302 2870; x_wconf 88' lang='lat' dir='ltr'><strong>qui</strong></span> <span class='ocrx_word' id='word_1_622' title='bbox 3332 2798 3539 2869; x_wconf 86' lang='lat' dir='ltr'><strong>petitor</strong></span> <span class='ocrx_word' id='word_1_623' title='bbox 3577 2794 3779 2849; x_wconf 81' lang='lat' dir='ltr'><strong>adsistat</strong></span> 
     </span>
    </p>
   </div>
   <div class='ocr_carea' id='block_1_88' title="bbox 2211 2888 3777 2966">
    <p class='ocr_par' dir='ltr' id='par_1_88' title="bbox 2211 2888 3777 2966">
     <span class='ocr_line' id='line_1_88' title="bbox 2211 2888 3777 2966; baseline -0.008 -15"><span class='ocrx_word' id='word_1_624' title='bbox 2211 2896 2495 2951; x_wconf 86' lang='lat' dir='ltr'><strong>evidenter</strong></span> <span class='ocrx_word' id='word_1_625' title='bbox 2521 2904 2816 2966; x_wconf 85' lang='lat' dir='ltr'><strong>aperteque</strong></span> <span class='ocrx_word' id='word_1_626' title='bbox 2843 2892 3253 2950; x_wconf 86' lang='lat' dir='ltr'><strong>monstrabitur.</strong></span> <span class='ocrx_word' id='word_1_627' title='bbox 3290 2889 3584 2945; x_wconf 79' lang='lat' dir='ltr'><strong><em>Petilianus</em></strong></span> <span class='ocrx_word' id='word_1_628' title='bbox 3602 2888 3777 2957; x_wconf 77' lang='lat' dir='ltr'><strong><em>episco-</em></strong></span> 
     </span>
    </p>
   </div>
   <div class='ocr_carea' id='block_1_89' title="bbox 2212 2980 3779 3059">
    <p class='ocr_par' dir='ltr' id='par_1_89' title="bbox 2212 2980 3779 3059">
     <span class='ocr_line' id='line_1_89' title="bbox 2212 2980 3779 3059; baseline -0.007 -18"><span class='ocrx_word' id='word_1_629' title='bbox 2212 3003 2309 3057; x_wconf 85' lang='lat' dir='ltr'><strong><em>pus</em></strong></span> <span class='ocrx_word' id='word_1_630' title='bbox 2329 2987 2480 3042; x_wconf 79' lang='lat' dir='ltr'><strong>dixit.</strong></span> <span class='ocrx_word' id='word_1_631' title='bbox 2509 2986 2648 3043; x_wconf 85' lang='lat' dir='ltr'><strong>Sunt</strong></span> <span class='ocrx_word' id='word_1_632' title='bbox 2676 2988 2836 3059; x_wconf 88' lang='lat' dir='ltr'><strong>longe</strong></span> <span class='ocrx_word' id='word_1_633' title='bbox 2863 2986 3111 3058; x_wconf 82' lang='lat' dir='ltr'><strong>primitus</strong></span> <span class='ocrx_word' id='word_1_634' title='bbox 3137 2992 3291 3056; x_wconf 81' lang='lat' dir='ltr'><strong>gesta</strong></span> <span class='ocrx_word' id='word_1_635' title='bbox 3312 2982 3583 3045; x_wconf 88' lang='lat' dir='ltr'><strong>conlecta,</strong></span> <span class='ocrx_word' id='word_1_636' title='bbox 3603 2980 3779 3047; x_wconf 87' lang='lat' dir='ltr'><strong>quibus</strong></span> 
     </span>
    </p>
   </div>
   <div class='ocr_carea' id='block_1_90' title="bbox 2209 3072 3776 3151">
    <p class='ocr_par' dir='ltr' id='par_1_90' title="bbox 2209 3072 3776 3151">
     <span class='ocr_line' id='line_1_90' title="bbox 2209 3072 3776 3151; baseline -0.007 -15"><span class='ocrx_word' id='word_1_637' title='bbox 2209 3081 2521 3151; x_wconf 86' lang='lat' dir='ltr'><strong>spectabilis</strong></span> <span class='ocrx_word' id='word_1_638' title='bbox 2542 3081 2644 3137; x_wconf 85' lang='lat' dir='ltr'><strong>viri</strong></span> <span class='ocrx_word' id='word_1_639' title='bbox 2674 3080 3036 3151; x_wconf 84' lang='lat' dir='ltr'><strong>proconsulis.</strong></span> <span class='ocrx_word' id='word_1_640' title='bbox 3069 3077 3139 3133; x_wconf 90' lang='lat' dir='ltr'><strong>Et</strong></span> <span class='ocrx_word' id='word_1_641' title='bbox 3159 3094 3277 3132; x_wconf 90' lang='lat' dir='ltr'><strong><em>cum</em></strong></span> <span class='ocrx_word' id='word_1_642' title='bbox 3308 3076 3523 3141; x_wconf 86' lang='lat' dir='ltr'><strong><em>diceret,</em></strong></span> <span class='ocrx_word' id='word_1_643' title='bbox 3550 3074 3570 3146; x_wconf 90' lang='lat'><strong>(</strong></span> <span class='ocrx_word' id='word_1_644' title='bbox 3593 3072 3659 3127; x_wconf 85' lang='lat' dir='ltr'><strong>Et</strong></span> <span class='ocrx_word' id='word_1_645' title='bbox 3691 3073 3776 3125; x_wconf 81' lang='lat' dir='ltr'><strong>alia</strong></span> 
     </span>
    </p>
   </div>
   <div class='ocr_carea' id='block_1_91' title="bbox 2208 3165 3774 3244">
    <p class='ocr_par' dir='ltr' id='par_1_91' title="bbox 2208 3165 3774 3244">
     <span class='ocr_line' id='line_1_91' title="bbox 2208 3165 3774 3244; baseline -0.008 -15"><span class='ocrx_word' id='word_1_646' title='bbox 2208 3190 2384 3229; x_wconf 84' lang='lat' dir='ltr'><strong><em>manu.</em></strong></span> <span class='ocrx_word' id='word_1_647' title='bbox 2420 3173 2715 3236; x_wconf 84' lang='lat' dir='ltr'><strong>Petilianus</strong></span> <span class='ocrx_word' id='word_1_648' title='bbox 2741 3173 3031 3244; x_wconf 89' lang='lat' dir='ltr'><strong>episcopus</strong></span> <span class='ocrx_word' id='word_1_649' title='bbox 3049 3169 3369 3243; x_wconf 68' lang='lat' dir='ltr'><strong>recognovi.</strong></span> <span class='ocrx_word' id='word_1_650' title='bbox 3398 3168 3662 3223; x_wconf 81' lang='lat' dir='ltr'><strong><em>Possidius</em></strong></span> <span class='ocrx_word' id='word_1_651' title='bbox 3683 3165 3774 3233; x_wconf 79' lang='lat' dir='ltr'><strong>spi-</strong></span> 
     </span>
    </p>
   </div>
   <div class='ocr_carea' id='block_1_92' title="bbox 2206 3262 3773 3337">
    <p class='ocr_par' dir='ltr' id='par_1_92' title="bbox 2206 3262 3773 3337">
     <span class='ocr_line' id='line_1_92' title="bbox 2206 3262 3773 3337; baseline -0.006 -15"><span class='ocrx_word' id='word_1_652' title='bbox 2206 3283 2394 3337; x_wconf 87' lang='lat' dir='ltr'><strong><em>scopus</em></strong></span> <span class='ocrx_word' id='word_1_653' title='bbox 2441 3264 2691 3321; x_wconf 65' lang='lat' dir='ltr'><strong><em>Ecclesia</em></strong></span> <span class='ocrx_word' id='word_1_654' title='bbox 2730 3265 2997 3324; x_wconf 65' lang='lat' dir='ltr'><strong>catholicis</strong></span> <span class='ocrx_word' id='word_1_655' title='bbox 3033 3266 3185 3320; x_wconf 82' lang='lat' dir='ltr'><strong>dixit.</strong></span> <span class='ocrx_word' id='word_1_656' title='bbox 3226 3262 3641 3320; x_wconf 79' lang='lat' dir='ltr'><strong>Prosecutionos</strong></span> <span class='ocrx_word' id='word_1_657' title='bbox 3668 3271 3773 3313; x_wconf 82' lang='lat' dir='ltr'><strong>suas</strong></span> 
     </span>
    </p>
   </div>
   <div class='ocr_carea' id='block_1_93' title="bbox 2206 3342 3773 3430">
    <p class='ocr_par' dir='ltr' id='par_1_93' title="bbox 2206 3342 3773 3430">
     <span class='ocr_line' id='line_1_93' title="bbox 2206 3342 3773 3430; baseline -0.008 -16"><span class='ocrx_word' id='word_1_658' title='bbox 2206 3359 2465 3415; x_wconf 81' lang='lat' dir='ltr'><strong>formidat</strong></span> <span class='ocrx_word' id='word_1_659' title='bbox 2487 3400 2501 3425; x_wconf 97' lang='lat'><strong>,</strong></span> <span class='ocrx_word' id='word_1_660' title='bbox 2554 3358 2678 3414; x_wconf 88' lang='lat' dir='ltr'><strong>ideo</strong></span> <span class='ocrx_word' id='word_1_661' title='bbox 2706 3368 2857 3430; x_wconf 87' lang='lat' dir='ltr'><strong>gesta</strong></span> <span class='ocrx_word' id='word_1_662' title='bbox 2884 3358 3101 3415; x_wconf 88' lang='lat' dir='ltr'><strong>recitari</strong></span> <span class='ocrx_word' id='word_1_663' title='bbox 3132 3342 3242 3413; x_wconf 84' lang='lat' dir='ltr'><strong>non</strong></span> <span class='ocrx_word' id='word_1_664' title='bbox 3270 3354 3564 3426; x_wconf 82' lang='lat' dir='ltr'><strong>permittit.</strong></span> <span class='ocrx_word' id='word_1_665' title='bbox 3589 3350 3651 3405; x_wconf 83' lang='lat' dir='ltr'><strong>Et</strong></span> <span class='ocrx_word' id='word_1_666' title='bbox 3677 3366 3773 3404; x_wconf 71' lang='lat' dir='ltr'><strong>eam</strong></span> 
     </span>
    </p>
   </div>
   <div class='ocr_carea' id='block_1_94' title="bbox 2206 3444 3775 3526">
    <p class='ocr_par' dir='ltr' id='par_1_94' title="bbox 2206 3444 3775 3526">
     <span class='ocr_line' id='line_1_94' title="bbox 2206 3444 3775 3526; baseline -0.006 -20"><span class='ocrx_word' id='word_1_667' title='bbox 2206 3451 2421 3516; x_wconf 83' lang='lat' dir='ltr'><strong>diceret,</strong></span> <span class='ocrx_word' id='word_1_668' title='bbox 2447 3449 2539 3526; x_wconf 87' lang='lat' dir='ltr'><strong>(Et</strong></span> <span class='ocrx_word' id='word_1_669' title='bbox 2564 3451 2671 3505; x_wconf 91' lang='lat' dir='ltr'><strong><em>alia</em></strong></span> <span class='ocrx_word' id='word_1_670' title='bbox 2698 3466 2870 3505; x_wconf 85' lang='lat' dir='ltr'><strong><em>manu.</em></strong></span> <span class='ocrx_word' id='word_1_671' title='bbox 2904 3449 3262 3521; x_wconf 79' lang='lat' dir='ltr'><strong>Recognovi.)</strong></span> <span class='ocrx_word' id='word_1_672' title='bbox 3284 3446 3579 3502; x_wconf 81' lang='lat' dir='ltr'><strong><em>Petilianus</em></strong></span> <span class='ocrx_word' id='word_1_673' title='bbox 3605 3444 3775 3512; x_wconf 71' lang='lat' dir='ltr'><strong>episco-</strong></span> 
     </span>
    </p>
   </div>
   <div class='ocr_carea' id='block_1_95' title="bbox 2205 3535 3770 3617">
    <p class='ocr_par' dir='ltr' id='par_1_95' title="bbox 2205 3535 3770 3617">
     <span class='ocr_line' id='line_1_95' title="bbox 2205 3535 3770 3617; baseline -0.007 -18"><span class='ocrx_word' id='word_1_674' title='bbox 2205 3561 2302 3617; x_wconf 84' lang='lat' dir='ltr'><strong><em>pus</em></strong></span> <span class='ocrx_word' id='word_1_675' title='bbox 2331 3545 2481 3599; x_wconf 88' lang='lat' dir='ltr'><strong>dixit.</strong></span> <span class='ocrx_word' id='word_1_676' title='bbox 2530 3544 2669 3601; x_wconf 89' lang='lat' dir='ltr'><strong>Sunt</strong></span> <span class='ocrx_word' id='word_1_677' title='bbox 2695 3553 2846 3616; x_wconf 90' lang='lat' dir='ltr'><strong>gesta</strong></span> <span class='ocrx_word' id='word_1_678' title='bbox 2876 3545 3055 3599; x_wconf 84' lang='lat' dir='ltr'><strong>habita</strong></span> <span class='ocrx_word' id='word_1_679' title='bbox 3084 3544 3137 3597; x_wconf 91' lang='lat' dir='ltr'><strong>in</strong></span> <span class='ocrx_word' id='word_1_680' title='bbox 3164 3541 3371 3612; x_wconf 87' lang='lat' dir='ltr'><strong>judicio</strong></span> <span class='ocrx_word' id='word_1_681' title='bbox 3403 3535 3770 3611; x_wconf 81' lang='lat' dir='ltr'><strong>proconsulari,</strong></span> 
     </span>
    </p>
   </div>
   <div class='ocr_carea' id='block_1_96' title="bbox 2207 3628 3770 3705">
    <p class='ocr_par' dir='ltr' id='par_1_96' title="bbox 2207 3628 3770 3705">
     <span class='ocr_line' id='line_1_96' title="bbox 2207 3628 3770 3705; baseline -0.006 -15"><span class='ocrx_word' id='word_1_682' title='bbox 2207 3636 2390 3691; x_wconf 87' lang='lat' dir='ltr'><strong>habita</strong></span> <span class='ocrx_word' id='word_1_683' title='bbox 2436 3634 2597 3691; x_wconf 87' lang='lat' dir='ltr'><strong>etiam</strong></span> <span class='ocrx_word' id='word_1_684' title='bbox 2644 3636 2698 3691; x_wconf 89' lang='lat' dir='ltr'><strong>in</strong></span> <span class='ocrx_word' id='word_1_685' title='bbox 2724 3636 2931 3705; x_wconf 89' lang='lat' dir='ltr'><strong>judicio</strong></span> <span class='ocrx_word' id='word_1_686' title='bbox 2956 3633 3174 3691; x_wconf 66' lang='lat' dir='ltr'><strong>vicaria:</strong></span> <span class='ocrx_word' id='word_1_687' title='bbox 3204 3632 3579 3704; x_wconf 67' lang='lat' dir='ltr'><strong>praefecturas,</strong></span> <span class='ocrx_word' id='word_1_688' title='bbox 3601 3628 3770 3699; x_wconf 83' lang='lat' dir='ltr'><strong>quibus</strong></span> 
     </span>
    </p>
   </div>
   <div class='ocr_carea' id='block_1_97' title="bbox 2194 3716 3767 3800">
    <p class='ocr_par' dir='ltr' id='par_1_97' title="bbox 2194 3716 3767 3800">
     <span class='ocr_line' id='line_1_97' title="bbox 2194 3716 3767 3800; baseline -0.003 -21"><span class='ocrx_word' id='word_1_689' title='bbox 2194 3716 2367 3785; x_wconf 85' lang='lat' dir='ltr'><strong>nobis</strong></span> <span class='ocrx_word' id='word_1_690' title='bbox 2396 3729 2629 3800; x_wconf 90' lang='lat' dir='ltr'><strong>plurima</strong></span> <span class='ocrx_word' id='word_1_691' title='bbox 2658 3727 2954 3786; x_wconf 79' lang='lat' dir='ltr'><strong>intendisse</strong></span> <span class='ocrx_word' id='word_1_692' title='bbox 3001 3736 3398 3785; x_wconf 81' lang='lat' dir='ltr'><strong>monstrantur.</strong></span> <span class='ocrx_word' id='word_1_693' title='bbox 3450 3725 3588 3781; x_wconf 86' lang='lat' dir='ltr'><strong>Sunt</strong></span> <span class='ocrx_word' id='word_1_694' title='bbox 3630 3723 3767 3778; x_wconf 85' lang='lat' dir='ltr'><strong>etiam</strong></span> 
     </span>
    </p>
   </div>
   <div class='ocr_carea' id='block_1_98' title="bbox 2204 3815 3769 3893">
    <p class='ocr_par' dir='ltr' id='par_1_98' title="bbox 2204 3815 3769 3893">
     <span class='ocr_line' id='line_1_98' title="bbox 2204 3815 3769 3893; baseline -0.001 -17"><span class='ocrx_word' id='word_1_695' title='bbox 2204 3821 2313 3877; x_wconf 88' lang='lat' dir='ltr'><strong>alia</strong></span> <span class='ocrx_word' id='word_1_696' title='bbox 2368 3838 2491 3893; x_wconf 66' lang='lat' dir='ltr'><strong>quae</strong></span> <span class='ocrx_word' id='word_1_697' title='bbox 2548 3822 2618 3878; x_wconf 89' lang='lat' dir='ltr'><strong>de</strong></span> <span class='ocrx_word' id='word_1_698' title='bbox 2692 3823 3126 3879; x_wconf 81' lang='lat' dir='ltr'><strong>clementissimo</strong></span> <span class='ocrx_word' id='word_1_699' title='bbox 3193 3821 3569 3891; x_wconf 83' lang='lat' dir='ltr'><strong>imperatore,</strong></span> <span class='ocrx_word' id='word_1_700' title='bbox 3621 3815 3769 3875; x_wconf 80' lang='lat' dir='ltr'><strong>eidem</strong></span> 
     </span>
    </p>
   </div>
   <div class='ocr_carea' id='block_1_99' title="bbox 2204 3901 3765 3984">
    <p class='ocr_par' dir='ltr' id='par_1_99' title="bbox 2204 3901 3765 3984">
     <span class='ocr_line' id='line_1_99' title="bbox 2204 3901 3765 3984; baseline -0.004 -15"><span class='ocrx_word' id='word_1_701' title='bbox 2204 3914 2415 3969; x_wconf 86' lang='lat' dir='ltr'><strong>scilicet</strong></span> <span class='ocrx_word' id='word_1_702' title='bbox 2459 3915 2785 3971; x_wconf 89' lang='lat' dir='ltr'><strong>mentientes</strong></span> <span class='ocrx_word' id='word_1_703' title='bbox 2810 3950 2833 3983; x_wconf 88' lang='lat'><strong>,-</strong></span> <span class='ocrx_word' id='word_1_704' title='bbox 2860 3914 3020 3984; x_wconf 90' lang='lat' dir='ltr'><strong>longe</strong></span> <span class='ocrx_word' id='word_1_705' title='bbox 3040 3923 3169 3969; x_wconf 89' lang='lat' dir='ltr'><strong>ante</strong></span> <span class='ocrx_word' id='word_1_706' title='bbox 3199 3911 3279 3984; x_wconf 89' lang='lat' dir='ltr'><strong>(l)</strong></span> <span class='ocrx_word' id='word_1_707' title='bbox 3311 3910 3621 3982; x_wconf 84' lang='lat' dir='ltr'><strong>petiverunt</strong></span> <span class='ocrx_word' id='word_1_708' title='bbox 3646 3901 3765 3978; x_wconf 80' lang='lat' dir='ltr'><strong>[per]</strong></span> 
     </span>
    </p>
   </div>
   <div class='ocr_carea' id='block_1_100' title="bbox 2201 3996 3767 4077">
    <p class='ocr_par' dir='ltr' id='par_1_100' title="bbox 2201 3996 3767 4077">
     <span class='ocr_line' id='line_1_100' title="bbox 2201 3996 3767 4077; baseline -0.008 -16"><span class='ocrx_word' id='word_1_709' title='bbox 2201 4005 2533 4061; x_wconf 86' lang='lat' dir='ltr'><strong>adsistentes</strong></span> <span class='ocrx_word' id='word_1_710' title='bbox 2561 4021 2624 4061; x_wconf 87' lang='lat' dir='ltr'><strong>ac</strong></span> <span class='ocrx_word' id='word_1_711' title='bbox 2653 4007 3041 4077; x_wconf 82' lang='lat' dir='ltr'><strong>supplicantes,</strong></span> <span class='ocrx_word' id='word_1_712' title='bbox 3064 4004 3271 4060; x_wconf 90' lang='lat' dir='ltr'><strong>scilicet</strong></span> <span class='ocrx_word' id='word_1_713' title='bbox 3292 4002 3590 4059; x_wconf 87' lang='lat' dir='ltr'><strong>’l‘beasium</strong></span> <span class='ocrx_word' id='word_1_714' title='bbox 3615 4008 3663 4054; x_wconf 85' lang='lat' dir='ltr'><strong>et</strong></span> <span class='ocrx_word' id='word_1_715' title='bbox 3682 3996 3767 4051; x_wconf 85' lang='grc' dir='ltr'>Ειι-</span> 
     </span>
    </p>
   </div>
   <div class='ocr_carea' id='block_1_101' title="bbox 2202 4089 3765 4171">
    <p class='ocr_par' dir='ltr' id='par_1_101' title="bbox 2202 4089 3765 4171">
     <span class='ocr_line' id='line_1_101' title="bbox 2202 4089 3765 4171; baseline -0.007 -19"><span class='ocrx_word' id='word_1_716' title='bbox 2202 4096 2421 4153; x_wconf 89' lang='lat' dir='ltr'><strong>vodium</strong></span> <span class='ocrx_word' id='word_1_717' title='bbox 2444 4095 2548 4171; x_wconf 67' lang='grc' dir='ltr'><strong>(Ξ),</strong></span> <span class='ocrx_word' id='word_1_718' title='bbox 2581 4098 2707 4153; x_wconf 92' lang='lat' dir='ltr'><strong>illos</strong></span> <span class='ocrx_word' id='word_1_719' title='bbox 2750 4092 2961 4153; x_wconf 80' lang='lat' dir='ltr'><strong>scilicet</strong></span> <span class='ocrx_word' id='word_1_720' title='bbox 3000 4111 3137 4168; x_wconf 89' lang='lat' dir='ltr'><strong>quos</strong></span> <span class='ocrx_word' id='word_1_721' title='bbox 3168 4109 3542 4166; x_wconf 72' lang='lat' dir='ltr'><strong>prtecursores</strong></span> <span class='ocrx_word' id='word_1_722' title='bbox 3567 4103 3618 4148; x_wconf 85' lang='lat' dir='ltr'><strong>et</strong></span> <span class='ocrx_word' id='word_1_723' title='bbox 3643 4089 3765 4146; x_wconf 80' lang='lat' dir='ltr'><strong>nari-</strong></span> 
     </span>
    </p>
   </div>
   <div class='ocr_carea' id='block_1_102' title="bbox 2198 4180 3762 4261">
    <p class='ocr_par' dir='ltr' id='par_1_102' title="bbox 2198 4180 3762 4261">
     <span class='ocr_line' id='line_1_102' title="bbox 2198 4180 3762 4261; baseline -0.001 -20"><span class='ocrx_word' id='word_1_724' title='bbox 2198 4199 2418 4260; x_wconf 89' lang='lat' dir='ltr'><strong>gatores</strong></span> <span class='ocrx_word' id='word_1_725' title='bbox 2467 4204 2686 4261; x_wconf 89' lang='lat' dir='ltr'><strong>semper</strong></span> <span class='ocrx_word' id='word_1_726' title='bbox 2739 4188 2942 4245; x_wconf 82' lang='lat' dir='ltr'><strong>habent</strong></span> <span class='ocrx_word' id='word_1_727' title='bbox 2964 4231 2979 4255; x_wconf 90' lang='lat'><strong>,</strong></span> <span class='ocrx_word' id='word_1_728' title='bbox 3008 4188 3274 4258; x_wconf 75' lang='lat' dir='ltr'><strong>furia-que</strong></span> <span class='ocrx_word' id='word_1_729' title='bbox 3299 4203 3418 4241; x_wconf 67' lang='lat' dir='ltr'><strong>suae</strong></span> <span class='ocrx_word' id='word_1_730' title='bbox 3445 4188 3662 4257; x_wconf 88' lang='lat' dir='ltr'><strong>legatos,</strong></span> <span class='ocrx_word' id='word_1_731' title='bbox 3688 4180 3762 4252; x_wconf 84' lang='lat' dir='ltr'><strong>qui</strong></span> 
     </span>
    </p>
   </div>
   <div class='ocr_carea' id='block_1_103' title="bbox 2200 4280 3761 4363">
    <p class='ocr_par' dir='ltr' id='par_1_103' title="bbox 2200 4280 3761 4363">
     <span class='ocr_line' id='line_1_103' title="bbox 2200 4280 3761 4363; baseline -0.005 -26"><span class='ocrx_word' id='word_1_732' title='bbox 2200 4290 2460 4363; x_wconf 76' lang='lat' dir='ltr'><strong>espetant</strong></span> <span class='ocrx_word' id='word_1_733' title='bbox 2485 4283 2803 4354; x_wconf 87' lang='lat' dir='ltr'><strong>sanguinem</strong></span> <span class='ocrx_word' id='word_1_734' title='bbox 2824 4324 2840 4352; x_wconf 91' lang='lat'><strong>,</strong></span> <span class='ocrx_word' id='word_1_735' title='bbox 2879 4291 3143 4354; x_wconf 79' lang='lat' dir='ltr'><strong>espetant</strong></span> <span class='ocrx_word' id='word_1_736' title='bbox 3167 4282 3616 4354; x_wconf 82' lang='lat' dir='ltr'><strong>proscriptiones,</strong></span> <span class='ocrx_word' id='word_1_737' title='bbox 3636 4280 3761 4333; x_wconf 86' lang='lat' dir='ltr'><strong>incu-</strong></span> 
     </span>
    </p>
   </div>
   <div class='ocr_carea' id='block_1_104' title="bbox 2203 4372 3763 4447">
    <p class='ocr_par' dir='ltr' id='par_1_104' title="bbox 2203 4372 3763 4447">
     <span class='ocr_line' id='line_1_104' title="bbox 2203 4372 3763 4447; baseline -0.003 -19"><span class='ocrx_word' id='word_1_738' title='bbox 2203 4376 2339 4429; x_wconf 88' lang='lat' dir='ltr'><strong>tiant</strong></span> <span class='ocrx_word' id='word_1_739' title='bbox 2364 4387 2562 4442; x_wconf 84' lang='lat' dir='ltr'><strong>metus,</strong></span> <span class='ocrx_word' id='word_1_740' title='bbox 2592 4376 2831 4446; x_wconf 89' lang='lat' dir='ltr'><strong>pericula</strong></span> <span class='ocrx_word' id='word_1_741' title='bbox 2863 4376 3131 4447; x_wconf 89' lang='lat' dir='ltr'><strong>ingerant,</strong></span> <span class='ocrx_word' id='word_1_742' title='bbox 3167 4375 3421 4430; x_wconf 89' lang='lat' dir='ltr'><strong>homines</strong></span> <span class='ocrx_word' id='word_1_743' title='bbox 3450 4388 3550 4446; x_wconf 90' lang='lat' dir='ltr'><strong>per</strong></span> <span class='ocrx_word' id='word_1_744' title='bbox 3576 4372 3763 4443; x_wconf 66' lang='lat' dir='ltr'><strong>provin-</strong></span> 
     </span>
    </p>
   </div>
   <div class='ocr_carea' id='block_1_105' title="bbox 2198 4461 3762 4537">
    <p class='ocr_par' dir='ltr' id='par_1_105' title="bbox 2198 4461 3762 4537">
     <span class='ocr_line' id='line_1_105' title="bbox 2198 4461 3762 4537; baseline -0.004 -18"><span class='ocrx_word' id='word_1_745' title='bbox 2198 4467 2315 4521; x_wconf 84' lang='lat' dir='ltr'><strong>cias</strong></span> <span class='ocrx_word' id='word_1_746' title='bbox 2362 4467 2607 4523; x_wconf 83' lang='lat' dir='ltr'><strong>diversas</strong></span> <span class='ocrx_word' id='word_1_747' title='bbox 2651 4468 2917 4524; x_wconf 89' lang='lat' dir='ltr'><strong>occidant.</strong></span> <span class='ocrx_word' id='word_1_748' title='bbox 2966 4469 3092 4524; x_wconf 63' lang='lat' dir='ltr'><strong>llaec</strong></span> <span class='ocrx_word' id='word_1_749' title='bbox 3125 4468 3309 4524; x_wconf 92' lang='lat' dir='ltr'><strong>omnia</strong></span> <span class='ocrx_word' id='word_1_750' title='bbox 3341 4467 3509 4537; x_wconf 90' lang='lat' dir='ltr'><strong>igitur</strong></span> <span class='ocrx_word' id='word_1_751' title='bbox 3531 4461 3762 4536; x_wconf 76' lang='lat' dir='ltr'><strong>principio</strong></span> 
     </span>
    </p>
   </div>
   <div class='ocr_carea' id='block_1_106' title="bbox 2194 4557 3758 4631">
    <p class='ocr_par' dir='ltr' id='par_1_106' title="bbox 2194 4557 3758 4631">
     <span class='ocr_line' id='line_1_106' title="bbox 2194 4557 3758 4631; baseline -0.006 -17"><span class='ocrx_word' id='word_1_752' title='bbox 2194 4561 2435 4631; x_wconf 60' lang='lat' dir='ltr'><strong>principe</strong></span> <span class='ocrx_word' id='word_1_753' title='bbox 2462 4560 2701 4616; x_wconf 88' lang='lat' dir='ltr'><strong>recitari.</strong></span> <span class='ocrx_word' id='word_1_754' title='bbox 2718 4561 2853 4615; x_wconf 88' lang='lat' dir='ltr'><strong>Tum</strong></span> <span class='ocrx_word' id='word_1_755' title='bbox 2884 4563 3100 4617; x_wconf 87' lang='lat' dir='ltr'><strong>demum</strong></span> <span class='ocrx_word' id='word_1_756' title='bbox 3120 4575 3215 4615; x_wconf 89' lang='lat' dir='ltr'><strong>eos</strong></span> <span class='ocrx_word' id='word_1_757' title='bbox 3240 4560 3494 4614; x_wconf 84' lang='lat' dir='ltr'><strong>invenies</strong></span> <span class='ocrx_word' id='word_1_758' title='bbox 3513 4557 3758 4628; x_wconf 81' lang='lat' dir='ltr'><strong>petitores.</strong></span> 
     </span>
    </p>
   </div>
   <div class='ocr_carea' id='block_1_107' title="bbox 2200 4651 3760 4725">
    <p class='ocr_par' dir='ltr' id='par_1_107' title="bbox 2200 4651 3760 4725">
     <span class='ocr_line' id='line_1_107' title="bbox 2200 4651 3760 4725; baseline -0.007 -19"><span class='ocrx_word' id='word_1_759' title='bbox 2200 4651 2273 4706; x_wconf 86' lang='lat' dir='ltr'><strong>Et</strong></span> <span class='ocrx_word' id='word_1_760' title='bbox 2315 4653 2423 4707; x_wconf 86' lang='lat' dir='ltr'><strong><em>alia</em></strong></span> <span class='ocrx_word' id='word_1_761' title='bbox 2461 4670 2637 4708; x_wconf 89' lang='lat' dir='ltr'><strong><em>manu.</em></strong></span> <span class='ocrx_word' id='word_1_762' title='bbox 2671 4652 2967 4708; x_wconf 88' lang='lat' dir='ltr'><strong>Petilianus</strong></span> <span class='ocrx_word' id='word_1_763' title='bbox 3016 4653 3307 4725; x_wconf 87' lang='lat' dir='ltr'><strong>episcopus</strong></span> <span class='ocrx_word' id='word_1_764' title='bbox 3354 4652 3760 4721; x_wconf 86' lang='lat' dir='ltr'><strong>prosecutionem</strong></span> 
     </span>
    </p>
   </div>
   <div class='ocr_carea' id='block_1_108' title="bbox 2115 4743 3294 4815">
    <p class='ocr_par' dir='ltr' id='par_1_108' title="bbox 2115 4743 3294 4815">
     <span class='ocr_line' id='line_1_108' title="bbox 2115 4743 3294 4815; baseline 0.001 -20"><span class='ocrx_word' id='word_1_765' title='bbox 2115 4785 2128 4795; x_wconf 88' lang='lat'><strong>.</strong></span> <span class='ocrx_word' id='word_1_766' title='bbox 2199 4759 2379 4800; x_wconf 89' lang='lat' dir='ltr'><strong>meam</strong></span> <span class='ocrx_word' id='word_1_767' title='bbox 2410 4745 2555 4800; x_wconf 86' lang='lat' dir='ltr'><strong>salva</strong></span> <span class='ocrx_word' id='word_1_768' title='bbox 2583 4746 2947 4815; x_wconf 87' lang='lat' dir='ltr'><strong>appellatione</strong></span> <span class='ocrx_word' id='word_1_769' title='bbox 2978 4743 3294 4815; x_wconf 88' lang='lat' dir='ltr'><strong>recognovi.</strong></span> 
     </span>
    </p>
   </div>
   <div class='ocr_carea' id='block_1_109' title="bbox 2272 4830 3755 4911">
    <p class='ocr_par' dir='ltr' id='par_1_109' title="bbox 2272 4830 3755 4911">
     <span class='ocr_line' id='line_1_109' title="bbox 2272 4830 3755 4911; baseline -0.009 -19"><span class='ocrx_word' id='word_1_770' title='bbox 2272 4837 2397 4893; x_wconf 74' lang='grc'><strong>142.</strong></span> <span class='ocrx_word' id='word_1_771' title='bbox 2434 4838 2704 4895; x_wconf 85' lang='lat' dir='ltr'><strong><em>Possidius</em></strong></span> <span class='ocrx_word' id='word_1_772' title='bbox 2731 4839 3003 4911; x_wconf 87' lang='lat' dir='ltr'><strong><em>episcopus</em></strong></span> <span class='ocrx_word' id='word_1_773' title='bbox 3043 4837 3289 4893; x_wconf 67' lang='lat' dir='ltr'><strong><em>Ecclesiae</em></strong></span> <span class='ocrx_word' id='word_1_774' title='bbox 3320 4836 3589 4891; x_wconf 71' lang='lat' dir='ltr'><strong><em>catholica</em></strong></span> <span class='ocrx_word' id='word_1_775' title='bbox 3627 4830 3755 4885; x_wconf 80' lang='lat' dir='ltr'><strong>dixit.</strong></span> 
     </span>
    </p>
   </div>
   <div class='ocr_carea' id='block_1_110' title="bbox 2191 4925 3756 5003">
    <p class='ocr_par' dir='ltr' id='par_1_110' title="bbox 2191 4925 3756 5003">
     <span class='ocr_line' id='line_1_110' title="bbox 2191 4925 3756 5003; baseline -0.006 -18"><span class='ocrx_word' id='word_1_776' title='bbox 2191 4928 2318 4996; x_wconf 78' lang='lat' dir='ltr'><strong>Qua</strong></span> <span class='ocrx_word' id='word_1_777' title='bbox 2358 4931 2695 4999; x_wconf 88' lang='lat' dir='ltr'><strong>impatientia</strong></span> <span class='ocrx_word' id='word_1_778' title='bbox 2723 4940 2779 4987; x_wconf 88' lang='lat' dir='ltr'><strong>et</strong></span> <span class='ocrx_word' id='word_1_779' title='bbox 2827 4932 3057 4987; x_wconf 91' lang='lat' dir='ltr'><strong>tumultu</strong></span> <span class='ocrx_word' id='word_1_780' title='bbox 3100 4938 3266 5003; x_wconf 90' lang='lat' dir='ltr'><strong>agant</strong></span> <span class='ocrx_word' id='word_1_781' title='bbox 3292 4929 3366 4986; x_wconf 84' lang='lat' dir='ltr'><strong>sit</strong></span> <span class='ocrx_word' id='word_1_782' title='bbox 3408 4937 3651 4986; x_wconf 83' lang='lat' dir='ltr'><strong>testatum</strong></span> <span class='ocrx_word' id='word_1_783' title='bbox 3687 4925 3756 4978; x_wconf 83' lang='lat' dir='ltr'><strong>bis</strong></span> 
     </span>
    </p>
   </div>
   <div class='ocr_carea' id='block_1_111' title="bbox 2188 5018 3755 5093">
    <p class='ocr_par' dir='ltr' id='par_1_111' title="bbox 2188 5018 3755 5093">
     <span class='ocr_line' id='line_1_111' title="bbox 2188 5018 3755 5093; baseline -0.004 -16"><span class='ocrx_word' id='word_1_784' title='bbox 2188 5024 2365 5093; x_wconf 89' lang='lat' dir='ltr'><strong>gestis</strong></span> <span class='ocrx_word' id='word_1_785' title='bbox 2386 5065 2400 5089; x_wconf 92' lang='lat'><strong>,</strong></span> <span class='ocrx_word' id='word_1_786' title='bbox 2432 5024 2848 5081; x_wconf 88' lang='lat' dir='ltr'><strong>interlocutione</strong></span> <span class='ocrx_word' id='word_1_787' title='bbox 2869 5020 3171 5082; x_wconf 85' lang='lat' dir='ltr'><strong>nobilitatis</strong></span> <span class='ocrx_word' id='word_1_788' title='bbox 3200 5033 3324 5080; x_wconf 66' lang='lat' dir='ltr'><strong>tute.</strong></span> <span class='ocrx_word' id='word_1_789' title='bbox 3363 5022 3595 5080; x_wconf 86' lang='lat' dir='ltr'><strong>Causam</strong></span> <span class='ocrx_word' id='word_1_790' title='bbox 3631 5018 3755 5074; x_wconf 84' lang='lat' dir='ltr'><strong>enim</strong></span> 
     </span>
    </p>
   </div>
   <div class='ocr_carea' id='block_1_112' title="bbox 2194 5111 3752 5190">
    <p class='ocr_par' dir='ltr' id='par_1_112' title="bbox 2194 5111 3752 5190">
     <span class='ocr_line' id='line_1_112' title="bbox 2194 5111 3752 5190; baseline -0.001 -19"><span class='ocrx_word' id='word_1_791' title='bbox 2194 5118 2329 5172; x_wconf 86' lang='lat' dir='ltr'><strong>satis</strong></span> <span class='ocrx_word' id='word_1_792' title='bbox 2354 5117 2581 5184; x_wconf 86' lang='lat' dir='ltr'><strong>timent,</strong></span> <span class='ocrx_word' id='word_1_793' title='bbox 2612 5119 2679 5175; x_wconf 89' lang='lat' dir='ltr'><strong>ad</strong></span> <span class='ocrx_word' id='word_1_794' title='bbox 2725 5120 2878 5190; x_wconf 87' lang='lat' dir='ltr'><strong>cujus</strong></span> <span class='ocrx_word' id='word_1_795' title='bbox 2905 5122 3157 5175; x_wconf 87' lang='lat' dir='ltr'><strong>meritum</strong></span> <span class='ocrx_word' id='word_1_796' title='bbox 3200 5118 3428 5173; x_wconf 89' lang='lat' dir='ltr'><strong>omnino</strong></span> <span class='ocrx_word' id='word_1_797' title='bbox 3450 5111 3752 5172; x_wconf 75' lang='lat' dir='ltr'><strong>descendere</strong></span> 
     </span>
    </p>
   </div>
   <div class='ocr_carea' id='block_1_113' title="bbox 2192 5209 3753 5284">
    <p class='ocr_par' dir='ltr' id='par_1_113' title="bbox 2192 5209 3753 5284">
     <span class='ocr_line' id='line_1_113' title="bbox 2192 5209 3753 5284; baseline -0.003 -19"><span class='ocrx_word' id='word_1_798' title='bbox 2192 5211 2407 5268; x_wconf 82' lang='lat' dir='ltr'><strong>nolunt.</strong></span> <span class='ocrx_word' id='word_1_799' title='bbox 2438 5212 2556 5268; x_wconf 83' lang='lat' dir='ltr'><strong>Non</strong></span> <span class='ocrx_word' id='word_1_800' title='bbox 2598 5213 2708 5269; x_wconf 85' lang='lat' dir='ltr'><strong>sint</strong></span> <span class='ocrx_word' id='word_1_801' title='bbox 2731 5229 2900 5271; x_wconf 77' lang='lat' dir='ltr'><strong>vacua</strong></span> <span class='ocrx_word' id='word_1_802' title='bbox 2947 5214 3127 5270; x_wconf 88' lang='lat' dir='ltr'><strong>omnia</strong></span> <span class='ocrx_word' id='word_1_803' title='bbox 3154 5227 3279 5284; x_wconf 79' lang='lat' dir='ltr'><strong>qua:</strong></span> <span class='ocrx_word' id='word_1_804' title='bbox 3321 5227 3351 5266; x_wconf 92' lang='lat' dir='ltr'><strong>a</strong></span> <span class='ocrx_word' id='word_1_805' title='bbox 3401 5209 3639 5283; x_wconf 85' lang='lat' dir='ltr'><strong>partibus</strong></span> <span class='ocrx_word' id='word_1_806' title='bbox 3674 5221 3753 5259; x_wconf 65' lang='grc' dir='ltr'><strong>που</strong></span> 
     </span>
    </p>
   </div>
   <div class='ocr_carea' id='block_1_114' title="bbox 2194 5299 3751 5379">
    <p class='ocr_par' dir='ltr' id='par_1_114' title="bbox 2194 5299 3751 5379">
     <span class='ocr_line' id='line_1_114' title="bbox 2194 5299 3751 5379; baseline -0.002 -18"><span class='ocrx_word' id='word_1_807' title='bbox 2194 5307 2323 5362; x_wconf 89' lang='lat' dir='ltr'><strong>stris</strong></span> <span class='ocrx_word' id='word_1_808' title='bbox 2348 5308 2399 5361; x_wconf 92' lang='lat' dir='ltr'><strong>in</strong></span> <span class='ocrx_word' id='word_1_809' title='bbox 2426 5307 2904 5379; x_wconf 85' lang='lat' dir='ltr'><strong>prosecutionibus</strong></span> <span class='ocrx_word' id='word_1_810' title='bbox 2940 5317 3085 5365; x_wconf 86' lang='lat' dir='ltr'><strong>tan-ta</strong></span> <span class='ocrx_word' id='word_1_811' title='bbox 3115 5308 3256 5365; x_wconf 86' lang='lat' dir='ltr'><strong>dicta</strong></span> <span class='ocrx_word' id='word_1_812' title='bbox 3280 5314 3415 5363; x_wconf 88' lang='lat' dir='ltr'><strong>sunt</strong></span> <span class='ocrx_word' id='word_1_813' title='bbox 3439 5304 3507 5362; x_wconf 88' lang='lat' dir='ltr'><strong>de</strong></span> <span class='ocrx_word' id='word_1_814' title='bbox 3531 5299 3751 5360; x_wconf 59' lang='lat' dir='ltr'><strong>Ecclesia</strong></span> 
     </span>
    </p>
   </div>
   <div class='ocr_carea' id='block_1_115' title="bbox 2197 5392 3837 5467">
    <p class='ocr_par' dir='ltr' id='par_1_115' title="bbox 2197 5392 3837 5467">
     <span class='ocr_line' id='line_1_115' title="bbox 2197 5392 3837 5467; baseline 0.001 -15"><span class='ocrx_word' id='word_1_815' title='bbox 2197 5396 2297 5467; x_wconf 81' lang='lat' dir='ltr'><strong>Dei</strong></span> <span class='ocrx_word' id='word_1_816' title='bbox 2321 5400 2768 5467; x_wconf 83' lang='lat' dir='ltr'><strong>promissiouibus</strong></span> <span class='ocrx_word' id='word_1_817' title='bbox 2791 5410 2846 5457; x_wconf 90' lang='lat' dir='ltr'><strong>et</strong></span> <span class='ocrx_word' id='word_1_818' title='bbox 2872 5400 3325 5456; x_wconf 83' lang='lat' dir='ltr'><strong>cxhibitionibus.</strong></span> <span class='ocrx_word' id='word_1_819' title='bbox 3355 5396 3498 5467; x_wconf 87' lang='lat' dir='ltr'><strong>Quid</strong></span> <span class='ocrx_word' id='word_1_820' title='bbox 3522 5392 3752 5464; x_wconf 65' lang='lat' dir='ltr'><strong>tergiver-</strong></span> <span class='ocrx_word' id='word_1_821' title='bbox 3836 5402 3837 5467; x_wconf 63' lang='grc' dir='ltr'>ᾖ</span> 
     </span>
    </p>
   </div>
   <div class='ocr_carea' id='block_1_116' title="bbox 2193 5460 3837 5562">
    <p class='ocr_par' dir='ltr' id='par_1_116' title="bbox 2193 5460 3837 5562">
     <span class='ocr_line' id='line_1_116' title="bbox 2193 5460 3837 5562; baseline -0.003 -22"><span class='ocrx_word' id='word_1_822' title='bbox 2193 5497 2405 5554; x_wconf 88' lang='lat' dir='ltr'><strong>santur,</strong></span> <span class='ocrx_word' id='word_1_823' title='bbox 2460 5472 2586 5559; x_wconf 88' lang='lat' dir='ltr'><strong>quid</strong></span> <span class='ocrx_word' id='word_1_824' title='bbox 2628 5491 2812 5546; x_wconf 89' lang='lat' dir='ltr'><strong>nescio</strong></span> <span class='ocrx_word' id='word_1_825' title='bbox 2861 5506 2982 5562; x_wconf 76' lang='lat' dir='ltr'><strong>qua:</strong></span> <span class='ocrx_word' id='word_1_826' title='bbox 3031 5489 3267 5546; x_wconf 77' lang='lat' dir='ltr'><strong>forensia</strong></span> <span class='ocrx_word' id='word_1_827' title='bbox 3321 5482 3615 5545; x_wconf 80' lang='lat' dir='ltr'><strong>rimantur?</strong></span> <span class='ocrx_word' id='word_1_828' title='bbox 3649 5479 3747 5536; x_wconf 80' lang='lat' dir='ltr'><strong>Jam</strong></span> 
     </span>
    </p>
   </div>
   <div class='ocr_carea' id='block_1_117' title="bbox 2185 5619 3741 5697">
    <p class='ocr_par' dir='ltr' id='par_1_117' title="bbox 2185 5619 3741 5697">
     <span class='ocr_line' id='line_1_117' title="bbox 2185 5619 3741 5697; baseline 0.007 -24"><span class='ocrx_word' id='word_1_829' title='bbox 2185 5624 2659 5697; x_wconf 63' lang='lat' dir='ltr'><strong>commonitorium</strong></span> <span class='ocrx_word' id='word_1_830' title='bbox 2691 5624 2877 5679; x_wconf 85' lang='lat' dir='ltr'><strong>datum</strong></span> <span class='ocrx_word' id='word_1_831' title='bbox 2902 5636 2982 5683; x_wconf 88' lang='lat' dir='ltr'><strong>est</strong></span> <span class='ocrx_word' id='word_1_832' title='bbox 3002 5665 3017 5691; x_wconf 87' lang='lat'><strong>,</strong></span> <span class='ocrx_word' id='word_1_833' title='bbox 3044 5626 3187 5697; x_wconf 89' lang='lat' dir='ltr'><strong>quod</strong></span> <span class='ocrx_word' id='word_1_834' title='bbox 3218 5633 3402 5683; x_wconf 75' lang='lat' dir='ltr'><strong>exstet</strong></span> <span class='ocrx_word' id='word_1_835' title='bbox 3427 5624 3481 5681; x_wconf 92' lang='lat' dir='ltr'><strong>in</strong></span> <span class='ocrx_word' id='word_1_836' title='bbox 3496 5622 3613 5689; x_wconf 78' lang='lat' dir='ltr'><strong>cod.</strong></span> <span class='ocrx_word' id='word_1_837' title='bbox 3633 5619 3741 5677; x_wconf 75' lang='lat' dir='ltr'><strong>Can-</strong></span> 
     </span>
    </p>
   </div>
   <div class='ocr_carea' id='block_1_118' title="bbox 2185 5691 2843 5764">
    <p class='ocr_par' dir='ltr' id='par_1_118' title="bbox 2185 5691 2843 5764">
     <span class='ocr_line' id='line_1_118' title="bbox 2185 5691 2843 5764; baseline 0.005 -18"><span class='ocrx_word' id='word_1_838' title='bbox 2185 5691 2340 5748; x_wconf 79' lang='lat' dir='ltr'><strong>Eccl.</strong></span> <span class='ocrx_word' id='word_1_839' title='bbox 2371 5694 2641 5758; x_wconf 78' lang='lat' dir='ltr'><strong>Africanae</strong></span> <span class='ocrx_word' id='word_1_840' title='bbox 2671 5710 2721 5758; x_wconf 85' lang='lat' dir='ltr'><strong>c.</strong></span> <span class='ocrx_word' id='word_1_841' title='bbox 2754 5697 2843 5764; x_wconf 67' lang='grc'><strong>95.</strong></span> 
     </span>
    </p>
   </div>
  </div>
