  <div class='ocr_page' id='page_1' title='image "/cluster/home/n/w/nwhite01/storage/ocr_20150623/11/uva.x000826576/704.png"; bbox 0 0 3860 6212; ppageno 0'>
   <div class='ocr_carea' id='block_1_1' title="bbox 191 322 330 377">
    <p class='ocr_par' dir='ltr' id='par_1_1' title="bbox 191 322 330 377">
     <span class='ocr_line' id='line_1_1' title="bbox 191 322 330 377; baseline 0.014 -2"><span class='ocrx_word' id='word_1_1' title='bbox 191 324 212 375; x_wconf 85' lang='grc' dir='ltr'><strong>-Ι</strong></span> <span class='ocrx_word' id='word_1_2' title='bbox 227 322 330 377; x_wconf 75' lang='lat'><strong>58‘.)</strong></span> 
     </span>
    </p>
   </div>
   <div class='ocr_carea' id='block_1_2' title="bbox 1141 317 2505 394">
    <p class='ocr_par' dir='ltr' id='par_1_2' title="bbox 1141 317 2505 394">
     <span class='ocr_line' id='line_1_2' title="bbox 1141 317 2505 394; baseline -0.003 -14"><span class='ocrx_word' id='word_1_3' title='bbox 1141 323 1364 394; x_wconf 68' lang='lat' dir='ltr'><strong>casm</strong></span> <span class='ocrx_word' id='word_1_4' title='bbox 1397 317 1851 388; x_wconf 75' lang='lat' dir='ltr'><strong>coLLArtoNIs</strong></span> <span class='ocrx_word' id='word_1_5' title='bbox 1887 317 2505 394; x_wconf 67' lang='lat' dir='ltr'><strong>CAlt&#39;l‘llAGlNENSIS.</strong></span> 
     </span>
    </p>
   </div>
   <div class='ocr_carea' id='block_1_3' title="bbox 3321 319 3458 376">
    <p class='ocr_par' dir='ltr' id='par_1_3' title="bbox 3321 319 3458 376">
     <span class='ocr_line' id='line_1_3' title="bbox 3321 319 3458 376; baseline 0.007 -2"><span class='ocrx_word' id='word_1_6' title='bbox 3321 319 3458 376; x_wconf 78' lang='lat' dir='ltr'><strong>i300</strong></span> 
     </span>
    </p>
   </div>
   <div class='ocr_carea' id='block_1_4' title="bbox 187 430 3451 510">
    <p class='ocr_par' dir='ltr' id='par_1_4' title="bbox 187 430 3451 510">
     <span class='ocr_line' id='line_1_4' title="bbox 187 430 3451 510; baseline 0.002 -27"><span class='ocrx_word' id='word_1_7' title='bbox 187 432 444 499; x_wconf 79' lang='lat' dir='ltr'><strong>dignetur</strong></span> <span class='ocrx_word' id='word_1_8' title='bbox 473 433 726 487; x_wconf 77' lang='lat' dir='ltr'><strong>nobilitas</strong></span> <span class='ocrx_word' id='word_1_9' title='bbox 769 442 859 488; x_wconf 89' lang='lat' dir='ltr'><strong>tua</strong></span> <span class='ocrx_word' id='word_1_10' title='bbox 887 436 1240 504; x_wconf 80' lang='lat' dir='ltr'><strong>pronuntiare</strong></span> <span class='ocrx_word' id='word_1_11' title='bbox 1281 435 1473 490; x_wconf 81' lang='lat' dir='ltr'><strong>faciem</strong></span> <span class='ocrx_word' id='word_1_12' title='bbox 1499 430 1770 488; x_wconf 57' lang='lat' dir='ltr'><strong>defensio.</strong></span> <span class='ocrx_word' id='word_1_13' title='bbox 1801 434 1851 492; x_wconf 81' lang='grc' dir='ltr'><strong>Λ</strong></span> <span class='ocrx_word' id='word_1_14' title='bbox 1952 431 2076 510; x_wconf 68' lang='grc'><strong>155.</strong></span> <span class='ocrx_word' id='word_1_15' title='bbox 2131 432 2420 489; x_wconf 81' lang='lat' dir='ltr'><strong>Petilianus</strong></span> <span class='ocrx_word' id='word_1_16' title='bbox 2491 437 2754 504; x_wconf 80' lang='lat' dir='ltr'><strong>episcopus</strong></span> <span class='ocrx_word' id='word_1_17' title='bbox 2801 432 2953 487; x_wconf 90' lang='lat' dir='ltr'><strong>dixit.</strong></span> <span class='ocrx_word' id='word_1_18' title='bbox 3003 431 3087 487; x_wconf 83' lang='lat' dir='ltr'><strong>Me</strong></span> <span class='ocrx_word' id='word_1_19' title='bbox 3138 433 3194 487; x_wconf 89' lang='lat' dir='ltr'><strong>id</strong></span> <span class='ocrx_word' id='word_1_20' title='bbox 3249 438 3451 502; x_wconf 66' lang='lat' dir='ltr'><strong>petis-sc</strong></span> 
     </span>
    </p>
   </div>
   <div class='ocr_carea' id='block_1_5' title="bbox 190 524 1311 600">
    <p class='ocr_par' dir='ltr' id='par_1_5' title="bbox 190 524 1311 600">
     <span class='ocr_line' id='line_1_5' title="bbox 190 524 1311 600; baseline 0.005 -22"><span class='ocrx_word' id='word_1_21' title='bbox 190 524 279 579; x_wconf 88' lang='lat' dir='ltr'><strong>nis</strong></span> <span class='ocrx_word' id='word_1_22' title='bbox 305 540 509 580; x_wconf 89' lang='lat' dir='ltr'><strong>eorum.</strong></span> <span class='ocrx_word' id='word_1_23' title='bbox 549 525 612 578; x_wconf 87' lang='lat' dir='ltr'><strong>Et</strong></span> <span class='ocrx_word' id='word_1_24' title='bbox 643 528 747 580; x_wconf 88' lang='lat' dir='ltr'><strong>alia</strong></span> <span class='ocrx_word' id='word_1_25' title='bbox 780 544 955 582; x_wconf 87' lang='lat' dir='ltr'><strong>manu.</strong></span> <span class='ocrx_word' id='word_1_26' title='bbox 987 529 1311 600; x_wconf 82' lang='lat' dir='ltr'><strong>Recognovi.</strong></span> 
     </span>
    </p>
   </div>
   <div class='ocr_carea' id='block_1_6' title="bbox 269 619 1778 697">
    <p class='ocr_par' dir='ltr' id='par_1_6' title="bbox 269 619 1778 697">
     <span class='ocr_line' id='line_1_6' title="bbox 269 619 1778 697; baseline 0.002 -23"><span class='ocrx_word' id='word_1_27' title='bbox 269 619 391 674; x_wconf 74' lang='grc'><strong>145.</strong></span> <span class='ocrx_word' id='word_1_28' title='bbox 438 619 725 674; x_wconf 86' lang='lat' dir='ltr'><strong>Petilianus</strong></span> <span class='ocrx_word' id='word_1_29' title='bbox 752 624 1022 697; x_wconf 66' lang='lat' dir='ltr'><strong>episcoyus</strong></span> <span class='ocrx_word' id='word_1_30' title='bbox 1049 624 1198 691; x_wconf 87' lang='lat' dir='ltr'><strong>dixit,</strong></span> <span class='ocrx_word' id='word_1_31' title='bbox 1229 624 1434 680; x_wconf 85' lang='lat' dir='ltr'><strong>Ordine</strong></span> <span class='ocrx_word' id='word_1_32' title='bbox 1457 638 1556 686; x_wconf 78' lang='lat' dir='ltr'><strong>suo</strong></span> <span class='ocrx_word' id='word_1_33' title='bbox 1581 639 1611 679; x_wconf 88' lang='lat' dir='ltr'><strong>a</strong></span> <span class='ocrx_word' id='word_1_34' title='bbox 1632 623 1778 693; x_wconf 88' lang='lat' dir='ltr'><strong>priu-</strong></span> 
     </span>
    </p>
   </div>
   <div class='ocr_carea' id='block_1_7' title="bbox 191 711 1777 784">
    <p class='ocr_par' dir='ltr' id='par_1_7' title="bbox 191 711 1777 784">
     <span class='ocr_line' id='line_1_7' title="bbox 191 711 1777 784; baseline 0.001 -17"><span class='ocrx_word' id='word_1_35' title='bbox 191 711 337 783; x_wconf 91' lang='lat' dir='ltr'><strong>cipio</strong></span> <span class='ocrx_word' id='word_1_36' title='bbox 363 723 555 768; x_wconf 89' lang='lat' dir='ltr'><strong>cuncta</strong></span> <span class='ocrx_word' id='word_1_37' title='bbox 580 714 897 770; x_wconf 87' lang='lat' dir='ltr'><strong>recitentur.</strong></span> <span class='ocrx_word' id='word_1_38' title='bbox 929 714 1063 769; x_wconf 85' lang='lat' dir='ltr'><strong>Tum</strong></span> <span class='ocrx_word' id='word_1_39' title='bbox 1106 717 1321 771; x_wconf 88' lang='lat' dir='ltr'><strong>demum</strong></span> <span class='ocrx_word' id='word_1_40' title='bbox 1353 718 1597 772; x_wconf 84' lang='lat' dir='ltr'><strong>invenies</strong></span> <span class='ocrx_word' id='word_1_41' title='bbox 1636 718 1777 784; x_wconf 88' lang='lat' dir='ltr'><strong>peti-</strong></span> 
     </span>
    </p>
   </div>
   <div class='ocr_carea' id='block_1_8' title="bbox 193 807 1782 879">
    <p class='ocr_par' dir='ltr' id='par_1_8' title="bbox 193 807 1782 879">
     <span class='ocr_line' id='line_1_8' title="bbox 193 807 1782 879; baseline 0.003 -20"><span class='ocrx_word' id='word_1_42' title='bbox 193 815 389 862; x_wconf 89' lang='lat' dir='ltr'><strong>torem.</strong></span> <span class='ocrx_word' id='word_1_43' title='bbox 427 807 490 861; x_wconf 79' lang='lat' dir='ltr'><strong>Et</strong></span> <span class='ocrx_word' id='word_1_44' title='bbox 517 808 622 862; x_wconf 87' lang='lat' dir='ltr'><strong>alia</strong></span> <span class='ocrx_word' id='word_1_45' title='bbox 648 813 825 861; x_wconf 76' lang='lat' dir='ltr'><strong>manu.</strong></span> <span class='ocrx_word' id='word_1_46' title='bbox 859 807 1152 862; x_wconf 88' lang='lat' dir='ltr'><strong>Petilianus</strong></span> <span class='ocrx_word' id='word_1_47' title='bbox 1193 812 1481 879; x_wconf 87' lang='lat' dir='ltr'><strong>episcopus</strong></span> <span class='ocrx_word' id='word_1_48' title='bbox 1525 823 1782 879; x_wconf 87' lang='lat' dir='ltr'><strong>prosecu-</strong></span> 
     </span>
    </p>
   </div>
   <div class='ocr_carea' id='block_1_9' title="bbox 191 895 1603 972">
    <p class='ocr_par' dir='ltr' id='par_1_9' title="bbox 191 895 1603 972">
     <span class='ocr_line' id='line_1_9' title="bbox 191 895 1603 972; baseline 0.001 -19"><span class='ocrx_word' id='word_1_49' title='bbox 191 899 396 956; x_wconf 88' lang='lat' dir='ltr'><strong>tionem</strong></span> <span class='ocrx_word' id='word_1_50' title='bbox 423 915 597 968; x_wconf 84' lang='lat' dir='ltr'><strong>meam</strong></span> <span class='ocrx_word' id='word_1_51' title='bbox 623 895 992 972; x_wconf 78' lang='lat' dir='ltr'><strong>appellatione</strong></span> <span class='ocrx_word' id='word_1_52' title='bbox 1016 900 1272 955; x_wconf 88' lang='lat' dir='ltr'><strong>incolumi</strong></span> <span class='ocrx_word' id='word_1_53' title='bbox 1298 904 1603 972; x_wconf 77' lang='lat' dir='ltr'><strong>recognovi.</strong></span> 
     </span>
    </p>
   </div>
   <div class='ocr_carea' id='block_1_10' title="bbox 279 975 1778 1065">
    <p class='ocr_par' dir='ltr' id='par_1_10' title="bbox 279 975 1778 1065">
     <span class='ocr_line' id='line_1_10' title="bbox 279 975 1778 1065; baseline 0.003 -18"><span class='ocrx_word' id='word_1_54' title='bbox 279 992 401 1053; x_wconf 67' lang='lat' dir='ltr'><strong>Ml.</strong></span> <span class='ocrx_word' id='word_1_55' title='bbox 425 975 744 1065; x_wconf 76' lang='lat' dir='ltr'><strong>Augustinus</strong></span> <span class='ocrx_word' id='word_1_56' title='bbox 764 992 1036 1063; x_wconf 82' lang='lat' dir='ltr'><strong>episcopus</strong></span> <span class='ocrx_word' id='word_1_57' title='bbox 1060 991 1309 1046; x_wconf 66' lang='lat' dir='ltr'><strong>Ecclesia:</strong></span> <span class='ocrx_word' id='word_1_58' title='bbox 1333 996 1599 1050; x_wconf 68' lang='lat' dir='ltr'><strong>catholica:</strong></span> <span class='ocrx_word' id='word_1_59' title='bbox 1624 995 1778 1052; x_wconf 88' lang='lat' dir='ltr'><strong>dixit.</strong></span> 
     </span>
    </p>
   </div>
   <div class='ocr_carea' id='block_1_11' title="bbox 191 1083 1782 1161">
    <p class='ocr_par' dir='ltr' id='par_1_11' title="bbox 191 1083 1782 1161">
     <span class='ocr_line' id='line_1_11' title="bbox 191 1083 1782 1161; baseline -0.004 -15"><span class='ocrx_word' id='word_1_60' title='bbox 191 1092 313 1154; x_wconf 69' lang='lat' dir='ltr'><strong>Si‘a</strong></span> <span class='ocrx_word' id='word_1_61' title='bbox 345 1089 611 1161; x_wconf 91' lang='lat' dir='ltr'><strong>principio</strong></span> <span class='ocrx_word' id='word_1_62' title='bbox 631 1086 663 1160; x_wconf 18' lang='lat'><strong>‘[</strong></span> <span class='ocrx_word' id='word_1_63' title='bbox 684 1095 878 1154; x_wconf 84' lang='lat' dir='ltr'><strong>cuncta</strong></span> <span class='ocrx_word' id='word_1_64' title='bbox 910 1083 1188 1140; x_wconf 85' lang='lat' dir='ltr'><strong>recitanda</strong></span> <span class='ocrx_word' id='word_1_65' title='bbox 1218 1083 1382 1156; x_wconf 88' lang='lat' dir='ltr'><strong>sunt]</strong></span> <span class='ocrx_word' id='word_1_66' title='bbox 1414 1101 1476 1139; x_wconf 85' lang='lat' dir='ltr'><strong>ex</strong></span> <span class='ocrx_word' id='word_1_67' title='bbox 1509 1102 1615 1156; x_wconf 91' lang='lat' dir='ltr'><strong>quo</strong></span> <span class='ocrx_word' id='word_1_68' title='bbox 1653 1101 1782 1141; x_wconf 89' lang='lat' dir='ltr'><strong>cau-</strong></span> 
     </span>
    </p>
   </div>
   <div class='ocr_carea' id='block_1_12' title="bbox 163 1177 1788 1256">
    <p class='ocr_par' dir='ltr' id='par_1_12' title="bbox 163 1177 1788 1256">
     <span class='ocr_line' id='line_1_12' title="bbox 163 1177 1788 1256; baseline -0.004 -17"><span class='ocrx_word' id='word_1_69' title='bbox 163 1196 313 1239; x_wconf 85' lang='lat' dir='ltr'><strong>‘sam</strong></span> <span class='ocrx_word' id='word_1_70' title='bbox 345 1182 411 1250; x_wconf 88' lang='lat' dir='ltr'><strong>ad</strong></span> <span class='ocrx_word' id='word_1_71' title='bbox 439 1182 827 1256; x_wconf 72' lang='lat' dir='ltr'><strong>imperatorem</strong></span> <span class='ocrx_word' id='word_1_72' title='bbox 856 1177 1273 1246; x_wconf 88' lang='lat' dir='ltr'><strong>Constantinum</strong></span> <span class='ocrx_word' id='word_1_73' title='bbox 1306 1177 1572 1247; x_wconf 85' lang='lat' dir='ltr'><strong>miserunt</strong></span> <span class='ocrx_word' id='word_1_74' title='bbox 1604 1179 1788 1233; x_wconf 89' lang='lat' dir='ltr'><strong>crimi-</strong></span> 
     </span>
    </p>
   </div>
   <div class='ocr_carea' id='block_1_13' title="bbox 198 1269 1789 1353">
    <p class='ocr_par' dir='ltr' id='par_1_13' title="bbox 198 1269 1789 1353">
     <span class='ocr_line' id='line_1_13' title="bbox 198 1269 1789 1353; baseline -0.004 -24"><span class='ocrx_word' id='word_1_75' title='bbox 198 1290 327 1330; x_wconf 88' lang='lat' dir='ltr'><strong>num</strong></span> <span class='ocrx_word' id='word_1_76' title='bbox 358 1272 634 1342; x_wconf 85' lang='lat' dir='ltr'><strong>Cacciliani</strong></span> <span class='ocrx_word' id='word_1_77' title='bbox 678 1271 812 1353; x_wconf 67' lang='lat' dir='ltr'><strong>iube</strong></span> <span class='ocrx_word' id='word_1_78' title='bbox 854 1271 1095 1346; x_wconf 67' lang='lat' dir='ltr'><strong>recitari.</strong></span> <span class='ocrx_word' id='word_1_79' title='bbox 1147 1269 1217 1323; x_wconf 86' lang='lat' dir='ltr'><strong>Et</strong></span> <span class='ocrx_word' id='word_1_80' title='bbox 1263 1270 1366 1323; x_wconf 88' lang='lat' dir='ltr'><strong>alia</strong></span> <span class='ocrx_word' id='word_1_81' title='bbox 1395 1286 1572 1331; x_wconf 83' lang='lat' dir='ltr'><strong>manu.</strong></span> <span class='ocrx_word' id='word_1_82' title='bbox 1615 1269 1789 1339; x_wconf 53' lang='lat' dir='ltr'><strong>Recoc</strong></span> 
     </span>
    </p>
   </div>
   <div class='ocr_carea' id='block_1_14' title="bbox 196 1359 1791 1441">
    <p class='ocr_par' dir='ltr' id='par_1_14' title="bbox 196 1359 1791 1441">
     <span class='ocr_line' id='line_1_14' title="bbox 196 1359 1791 1441; baseline -0.004 -20"><span class='ocrx_word' id='word_1_83' title='bbox 196 1366 383 1440; x_wconf 85' lang='lat' dir='ltr'><strong>gnovi.</strong></span> <span class='ocrx_word' id='word_1_84' title='bbox 433 1363 850 1421; x_wconf 80' lang='lat' dir='ltr'><strong>Fortunatianus</strong></span> <span class='ocrx_word' id='word_1_85' title='bbox 897 1364 1166 1441; x_wconf 70' lang='lat' dir='ltr'><strong>episcopus</strong></span> <span class='ocrx_word' id='word_1_86' title='bbox 1214 1359 1461 1429; x_wconf 76' lang='lat' dir='ltr'><strong>Ecclesia:</strong></span> <span class='ocrx_word' id='word_1_87' title='bbox 1525 1361 1791 1426; x_wconf 73' lang='lat' dir='ltr'><strong>catholica:</strong></span> 
     </span>
    </p>
   </div>
   <div class='ocr_carea' id='block_1_15' title="bbox 199 1441 1790 1528">
    <p class='ocr_par' dir='ltr' id='par_1_15' title="bbox 199 1441 1790 1528">
     <span class='ocr_line' id='line_1_15' title="bbox 199 1441 1790 1528; baseline -0.004 -16"><span class='ocrx_word' id='word_1_88' title='bbox 199 1445 350 1514; x_wconf 77' lang='lat' dir='ltr'><strong>dixit.</strong></span> <span class='ocrx_word' id='word_1_89' title='bbox 380 1459 515 1528; x_wconf 83' lang='lat' dir='ltr'><strong>Quia</strong></span> <span class='ocrx_word' id='word_1_90' title='bbox 545 1441 793 1514; x_wconf 83' lang='lat' dir='ltr'><strong>voluistis</strong></span> <span class='ocrx_word' id='word_1_91' title='bbox 824 1458 892 1513; x_wconf 89' lang='lat' dir='ltr'><strong>de</strong></span> <span class='ocrx_word' id='word_1_92' title='bbox 944 1455 1215 1526; x_wconf 82' lang='lat' dir='ltr'><strong>prioribus</strong></span> <span class='ocrx_word' id='word_1_93' title='bbox 1243 1454 1410 1525; x_wconf 88' lang='lat' dir='ltr'><strong>gestis</strong></span> <span class='ocrx_word' id='word_1_94' title='bbox 1457 1453 1790 1508; x_wconf 81' lang='lat' dir='ltr'><strong>mentionem</strong></span> 
     </span>
    </p>
   </div>
   <div class='ocr_carea' id='block_1_16' title="bbox 197 1547 1717 1640">
    <p class='ocr_par' dir='ltr' id='par_1_16' title="bbox 197 1547 1717 1640">
     <span class='ocr_line' id='line_1_16' title="bbox 197 1547 1717 1640; baseline -0.003 -34"><span class='ocrx_word' id='word_1_95' title='bbox 197 1551 396 1608; x_wconf 80' lang='lat' dir='ltr'><strong>facere.</strong></span> <span class='ocrx_word' id='word_1_96' title='bbox 431 1551 501 1606; x_wconf 87' lang='lat' dir='ltr'><strong>Et</strong></span> <span class='ocrx_word' id='word_1_97' title='bbox 525 1552 651 1640; x_wconf 69' lang='lat' dir='ltr'><strong>cum&#39;</strong></span> <span class='ocrx_word' id='word_1_98' title='bbox 671 1552 859 1610; x_wconf 84' lang='lat' dir='ltr'><strong>diceret</strong></span> <span class='ocrx_word' id='word_1_99' title='bbox 899 1549 991 1627; x_wconf 86' lang='lat' dir='ltr'><strong>(Et</strong></span> <span class='ocrx_word' id='word_1_100' title='bbox 1020 1549 1128 1620; x_wconf 75' lang='lat' dir='ltr'><strong>alia</strong></span> <span class='ocrx_word' id='word_1_101' title='bbox 1155 1566 1331 1602; x_wconf 86' lang='lat' dir='ltr'><strong>manu.</strong></span> <span class='ocrx_word' id='word_1_102' title='bbox 1353 1547 1717 1634; x_wconf 72' lang='lat' dir='ltr'><strong>Recognovi),</strong></span> 
     </span>
    </p>
   </div>
   <div class='ocr_carea' id='block_1_17' title="bbox 277 1639 1794 1716">
    <p class='ocr_par' dir='ltr' id='par_1_17' title="bbox 277 1639 1794 1716">
     <span class='ocr_line' id='line_1_17' title="bbox 277 1639 1794 1716; baseline -0.005 -17"><span class='ocrx_word' id='word_1_103' title='bbox 277 1646 401 1716; x_wconf 70' lang='lat'><strong>“5.</strong></span> <span class='ocrx_word' id='word_1_104' title='bbox 433 1639 772 1701; x_wconf 82' lang='lat' dir='ltr'><strong>Marcellinus</strong></span> <span class='ocrx_word' id='word_1_105' title='bbox 798 1645 873 1699; x_wconf 84' lang='lat' dir='ltr'><strong>vir</strong></span> <span class='ocrx_word' id='word_1_106' title='bbox 901 1644 1214 1712; x_wconf 84' lang='lat' dir='ltr'><strong>clarissimus</strong></span> <span class='ocrx_word' id='word_1_107' title='bbox 1228 1643 1459 1711; x_wconf 79' lang='lat' dir='ltr'><strong>tribunus</strong></span> <span class='ocrx_word' id='word_1_108' title='bbox 1488 1653 1534 1694; x_wconf 92' lang='lat' dir='ltr'><strong>et</strong></span> <span class='ocrx_word' id='word_1_109' title='bbox 1561 1639 1794 1707; x_wconf 74' lang='lat' dir='ltr'><strong>notarius</strong></span> 
     </span>
    </p>
   </div>
   <div class='ocr_carea' id='block_1_18' title="bbox 1882 512 3461 605">
    <p class='ocr_par' dir='ltr' id='par_1_18' title="bbox 1882 512 3461 605">
     <span class='ocr_line' id='line_1_18' title="bbox 1882 512 3461 605; baseline 0.004 -27"><span class='ocrx_word' id='word_1_110' title='bbox 1882 524 2055 582; x_wconf 88' lang='lat' dir='ltr'><strong>adhuc</strong></span> <span class='ocrx_word' id='word_1_111' title='bbox 2089 527 2320 582; x_wconf 87' lang='lat' dir='ltr'><strong>recalent</strong></span> <span class='ocrx_word' id='word_1_112' title='bbox 2348 536 2527 597; x_wconf 88' lang='lat' dir='ltr'><strong>gesta,</strong></span> <span class='ocrx_word' id='word_1_113' title='bbox 2561 537 2700 582; x_wconf 90' lang='lat' dir='ltr'><strong>utea</strong></span> <span class='ocrx_word' id='word_1_114' title='bbox 2731 542 2852 605; x_wconf 64' lang='lat' dir='ltr'><strong>qum</strong></span> <span class='ocrx_word' id='word_1_115' title='bbox 2885 512 3196 597; x_wconf 84' lang='lat' dir='ltr'><strong>imperatori</strong></span> <span class='ocrx_word' id='word_1_116' title='bbox 3250 532 3461 585; x_wconf 88' lang='lat' dir='ltr'><strong>mentiti</strong></span> 
     </span>
    </p>
   </div>
   <div class='ocr_carea' id='block_1_19' title="bbox 1881 618 3458 690">
    <p class='ocr_par' dir='ltr' id='par_1_19' title="bbox 1881 618 3458 690">
     <span class='ocr_line' id='line_1_19' title="bbox 1881 618 3458 690; baseline 0.003 -16"><span class='ocrx_word' id='word_1_117' title='bbox 1881 629 2006 674; x_wconf 90' lang='lat' dir='ltr'><strong>sunt</strong></span> <span class='ocrx_word' id='word_1_118' title='bbox 2041 618 2349 689; x_wconf 77' lang='lat' dir='ltr'><strong>proferant,</strong></span> <span class='ocrx_word' id='word_1_119' title='bbox 2379 621 2554 688; x_wconf 87' lang='lat' dir='ltr'><strong>legant</strong></span> <span class='ocrx_word' id='word_1_120' title='bbox 2583 637 2701 690; x_wconf 78' lang='lat' dir='ltr'><strong>quae</strong></span> <span class='ocrx_word' id='word_1_121' title='bbox 2727 622 3073 690; x_wconf 77' lang='lat' dir='ltr'><strong>obiecerunt,</strong></span> <span class='ocrx_word' id='word_1_122' title='bbox 3114 629 3303 676; x_wconf 83' lang='lat' dir='ltr'><strong>contra</strong></span> <span class='ocrx_word' id='word_1_123' title='bbox 3346 621 3458 678; x_wconf 74' lang='lat' dir='ltr'><strong>lucc</strong></span> 
     </span>
    </p>
   </div>
   <div class='ocr_carea' id='block_1_20' title="bbox 1883 698 3461 786">
    <p class='ocr_par' dir='ltr' id='par_1_20' title="bbox 1883 698 3461 786">
     <span class='ocr_line' id='line_1_20' title="bbox 1883 698 3461 786; baseline 0.003 -21"><span class='ocrx_word' id='word_1_124' title='bbox 1883 711 2191 782; x_wconf 74' lang='lat' dir='ltr'><strong>huiusmodi</strong></span> <span class='ocrx_word' id='word_1_125' title='bbox 2242 698 2496 780; x_wconf 75' lang='lat' dir='ltr'><strong>nebulas,</strong></span> <span class='ocrx_word' id='word_1_126' title='bbox 2553 721 2609 766; x_wconf 91' lang='lat' dir='ltr'><strong>ut</strong></span> <span class='ocrx_word' id='word_1_127' title='bbox 2651 713 2848 768; x_wconf 85' lang='lat' dir='ltr'><strong>vellent</strong></span> <span class='ocrx_word' id='word_1_128' title='bbox 2892 725 3007 770; x_wconf 87' lang='lat' dir='ltr'><strong>acta</strong></span> <span class='ocrx_word' id='word_1_129' title='bbox 3055 716 3297 786; x_wconf 87' lang='lat' dir='ltr'><strong>relegere</strong></span> <span class='ocrx_word' id='word_1_130' title='bbox 3340 730 3461 786; x_wconf 65' lang='lat' dir='ltr'><strong>quae</strong></span> 
     </span>
    </p>
   </div>
   <div class='ocr_carea' id='block_1_21' title="bbox 1882 795 3452 893">
    <p class='ocr_par' dir='ltr' id='par_1_21' title="bbox 1882 795 3452 893">
     <span class='ocr_line' id='line_1_21' title="bbox 1882 795 3452 893; baseline 0.006 -33"><span class='ocrx_word' id='word_1_131' title='bbox 1882 816 2005 877; x_wconf 88' lang='lat' dir='ltr'><strong>sunt</strong></span> <span class='ocrx_word' id='word_1_132' title='bbox 2062 805 2242 861; x_wconf 88' lang='lat' dir='ltr'><strong>habita</strong></span> <span class='ocrx_word' id='word_1_133' title='bbox 2286 807 2339 861; x_wconf 92' lang='lat' dir='ltr'><strong>in</strong></span> <span class='ocrx_word' id='word_1_134' title='bbox 2388 805 2592 893; x_wconf 62' lang='lat' dir='ltr'><strong>iudicio</strong></span> <span class='ocrx_word' id='word_1_135' title='bbox 2641 806 3001 876; x_wconf 70' lang='lat' dir='ltr'><strong>praefectum,</strong></span> <span class='ocrx_word' id='word_1_136' title='bbox 3051 809 3132 865; x_wconf 91' lang='lat' dir='ltr'><strong>his</strong></span> <span class='ocrx_word' id='word_1_137' title='bbox 3178 828 3299 885; x_wconf 66' lang='lat' dir='ltr'><strong>quae</strong></span> <span class='ocrx_word' id='word_1_138' title='bbox 3350 795 3452 885; x_wconf 82' lang='lat' dir='ltr'><strong>ego</strong></span> 
     </span>
    </p>
   </div>
   <div class='ocr_carea' id='block_1_22' title="bbox 1883 897 3463 975">
    <p class='ocr_par' dir='ltr' id='par_1_22' title="bbox 1883 897 3463 975">
     <span class='ocr_line' id='line_1_22' title="bbox 1883 897 3463 975; baseline 0.005 -21"><span class='ocrx_word' id='word_1_139' title='bbox 1883 897 2041 968; x_wconf 88' lang='lat' dir='ltr'><strong>longe</strong></span> <span class='ocrx_word' id='word_1_140' title='bbox 2093 897 2330 969; x_wconf 74' lang='lat' dir='ltr'><strong>prtetuli,</strong></span> <span class='ocrx_word' id='word_1_141' title='bbox 2372 897 2698 968; x_wconf 76' lang='lat' dir='ltr'><strong>antiquiora.</strong></span> <span class='ocrx_word' id='word_1_142' title='bbox 2751 897 2960 969; x_wconf 89' lang='lat' dir='ltr'><strong>Igitur,</strong></span> <span class='ocrx_word' id='word_1_143' title='bbox 3015 901 3094 956; x_wconf 90' lang='lat' dir='ltr'><strong>vir</strong></span> <span class='ocrx_word' id='word_1_144' title='bbox 3145 897 3463 975; x_wconf 39' lang='lat' dir='ltr'><strong>nobilis,&#39;si</strong></span> 
     </span>
    </p>
   </div>
   <div class='ocr_carea' id='block_1_23' title="bbox 1886 993 3471 1066">
    <p class='ocr_par' dir='ltr' id='par_1_23' title="bbox 1886 993 3471 1066">
     <span class='ocr_line' id='line_1_23' title="bbox 1886 993 3471 1066; baseline 0.006 -19"><span class='ocrx_word' id='word_1_145' title='bbox 1886 1001 2042 1054; x_wconf 88' lang='lat' dir='ltr'><strong>tenor</strong></span> <span class='ocrx_word' id='word_1_146' title='bbox 2066 1008 2124 1048; x_wconf 90' lang='lat' dir='ltr'><strong>se</strong></span> <span class='ocrx_word' id='word_1_147' title='bbox 2149 994 2216 1048; x_wconf 88' lang='lat' dir='ltr'><strong>ita</strong></span> <span class='ocrx_word' id='word_1_148' title='bbox 2256 993 2419 1048; x_wconf 86' lang='lat' dir='ltr'><strong>habet</strong></span> <span class='ocrx_word' id='word_1_149' title='bbox 2442 1007 2618 1062; x_wconf 63' lang='lat' dir='ltr'><strong>causa;</strong></span> <span class='ocrx_word' id='word_1_150' title='bbox 2656 993 2887 1063; x_wconf 83' lang='lat' dir='ltr'><strong>sicnt‘ah</strong></span> <span class='ocrx_word' id='word_1_151' title='bbox 2913 994 3065 1066; x_wconf 81' lang='lat' dir='ltr'><strong>initio</strong></span> <span class='ocrx_word' id='word_1_152' title='bbox 3104 997 3315 1055; x_wconf 89' lang='lat' dir='ltr'><strong>videtur</strong></span> <span class='ocrx_word' id='word_1_153' title='bbox 3345 1016 3471 1058; x_wconf 85' lang='lat' dir='ltr'><strong>csse</strong></span> 
     </span>
    </p>
   </div>
   <div class='ocr_carea' id='block_1_24' title="bbox 1891 1084 3474 1174">
    <p class='ocr_par' dir='ltr' id='par_1_24' title="bbox 1891 1084 3474 1174">
     <span class='ocr_line' id='line_1_24' title="bbox 1891 1084 3474 1174; baseline 0.008 -35"><span class='ocrx_word' id='word_1_154' title='bbox 1891 1084 2185 1154; x_wconf 79' lang='lat' dir='ltr'><strong>formatus,</strong></span> <span class='ocrx_word' id='word_1_155' title='bbox 2213 1100 2303 1140; x_wconf 84' lang='lat' dir='ltr'><strong>aut</strong></span> <span class='ocrx_word' id='word_1_156' title='bbox 2325 1086 2589 1174; x_wconf 61' lang='lat' dir='ltr'><strong>iacturam</strong></span> <span class='ocrx_word' id='word_1_157' title='bbox 2635 1086 3002 1143; x_wconf 84' lang='lat' dir='ltr'><strong>chartularum</strong></span> <span class='ocrx_word' id='word_1_158' title='bbox 3046 1090 3268 1163; x_wconf 88' lang='lat' dir='ltr'><strong>istarum</strong></span> <span class='ocrx_word' id='word_1_159' title='bbox 3298 1096 3474 1166; x_wconf 80' lang='lat' dir='ltr'><strong>publi-</strong></span> 
     </span>
    </p>
   </div>
   <div class='ocr_carea' id='block_1_25' title="bbox 1888 1164 3471 1254">
    <p class='ocr_par' dir='ltr' id='par_1_25' title="bbox 1888 1164 3471 1254">
     <span class='ocr_line' id='line_1_25' title="bbox 1888 1164 3471 1254; baseline 0.007 -20"><span class='ocrx_word' id='word_1_160' title='bbox 1888 1195 2072 1234; x_wconf 90' lang='lat' dir='ltr'><strong>carum</strong></span> <span class='ocrx_word' id='word_1_161' title='bbox 2091 1179 2310 1246; x_wconf 83' lang='lat' dir='ltr'><strong>faciant,</strong></span> <span class='ocrx_word' id='word_1_162' title='bbox 2335 1164 2388 1236; x_wconf 83' lang='lat' dir='ltr'><strong>et</strong></span> <span class='ocrx_word' id='word_1_163' title='bbox 2407 1179 2474 1236; x_wconf 89' lang='lat' dir='ltr'><strong>ad</strong></span> <span class='ocrx_word' id='word_1_164' title='bbox 2499 1182 2722 1251; x_wconf 82' lang='lat' dir='ltr'><strong>legalem</strong></span> <span class='ocrx_word' id='word_1_165' title='bbox 2747 1180 3194 1252; x_wconf 86' lang='lat' dir='ltr'><strong>disceptationem</strong></span> <span class='ocrx_word' id='word_1_166' title='bbox 3217 1164 3471 1254; x_wconf 81' lang='lat' dir='ltr'><strong>veniant;</strong></span> 
     </span>
    </p>
   </div>
   <div class='ocr_carea' id='block_1_26' title="bbox 1890 1271 3473 1349">
    <p class='ocr_par' dir='ltr' id='par_1_26' title="bbox 1890 1271 3473 1349">
     <span class='ocr_line' id='line_1_26' title="bbox 1890 1271 3473 1349; baseline 0.008 -27"><span class='ocrx_word' id='word_1_167' title='bbox 1890 1279 1983 1341; x_wconf 74' lang='lat' dir='ltr'><strong>aut</strong></span> <span class='ocrx_word' id='word_1_168' title='bbox 2010 1272 2054 1326; x_wconf 90' lang='lat' dir='ltr'><strong>si</strong></span> <span class='ocrx_word' id='word_1_169' title='bbox 2096 1271 2181 1327; x_wconf 89' lang='lat' dir='ltr'><strong>his</strong></span> <span class='ocrx_word' id='word_1_170' title='bbox 2208 1273 2372 1341; x_wconf 80' lang='lat' dir='ltr'><strong>rebus</strong></span> <span class='ocrx_word' id='word_1_171' title='bbox 2400 1273 2475 1342; x_wconf 93' lang='lat' dir='ltr'><strong>uti</strong></span> <span class='ocrx_word' id='word_1_172' title='bbox 2507 1271 2850 1338; x_wconf 87' lang='lat' dir='ltr'><strong>desiderant,</strong></span> <span class='ocrx_word' id='word_1_173' title='bbox 2883 1273 3082 1332; x_wconf 81' lang='lat' dir='ltr'><strong>iaciant</strong></span> <span class='ocrx_word' id='word_1_174' title='bbox 3109 1276 3241 1348; x_wconf 88' lang='lat' dir='ltr'><strong>legis</strong></span> <span class='ocrx_word' id='word_1_175' title='bbox 3274 1278 3473 1349; x_wconf 61' lang='lat' dir='ltr'><strong>divina:</strong></span> 
     </span>
    </p>
   </div>
   <div class='ocr_carea' id='block_1_27' title="bbox 1887 1357 3475 1441">
    <p class='ocr_par' dir='ltr' id='par_1_27' title="bbox 1887 1357 3475 1441">
     <span class='ocr_line' id='line_1_27' title="bbox 1887 1357 3475 1441; baseline 0.009 -27"><span class='ocrx_word' id='word_1_176' title='bbox 1887 1357 2173 1428; x_wconf 79' lang='lat' dir='ltr'><strong>iacturam.</strong></span> <span class='ocrx_word' id='word_1_177' title='bbox 2219 1363 2283 1416; x_wconf 80' lang='lat' dir='ltr'><strong>Et</strong></span> <span class='ocrx_word' id='word_1_178' title='bbox 2308 1364 2412 1421; x_wconf 86' lang='lat' dir='ltr'><strong>alia</strong></span> <span class='ocrx_word' id='word_1_179' title='bbox 2433 1380 2610 1429; x_wconf 86' lang='lat' dir='ltr'><strong>manu.</strong></span> <span class='ocrx_word' id='word_1_180' title='bbox 2645 1363 2941 1434; x_wconf 84' lang='lat' dir='ltr'><strong>Petilianus</strong></span> <span class='ocrx_word' id='word_1_181' title='bbox 2965 1366 3256 1441; x_wconf 85' lang='lat' dir='ltr'><strong>episcopus</strong></span> <span class='ocrx_word' id='word_1_182' title='bbox 3287 1386 3475 1441; x_wconf 86' lang='lat' dir='ltr'><strong>prose-</strong></span> 
     </span>
    </p>
   </div>
   <div class='ocr_carea' id='block_1_28' title="bbox 1894 1450 3367 1536">
    <p class='ocr_par' dir='ltr' id='par_1_28' title="bbox 1894 1450 3367 1536">
     <span class='ocr_line' id='line_1_28' title="bbox 1894 1450 3367 1536; baseline 0.01 -30"><span class='ocrx_word' id='word_1_183' title='bbox 1894 1454 2162 1520; x_wconf 81' lang='lat' dir='ltr'><strong>cntionem</strong></span> <span class='ocrx_word' id='word_1_184' title='bbox 2186 1470 2357 1509; x_wconf 88' lang='lat' dir='ltr'><strong>meam</strong></span> <span class='ocrx_word' id='word_1_185' title='bbox 2387 1456 2754 1536; x_wconf 84' lang='lat' dir='ltr'><strong>appellatione</strong></span> <span class='ocrx_word' id='word_1_186' title='bbox 2779 1458 3039 1530; x_wconf 87' lang='lat' dir='ltr'><strong>incolumi</strong></span> <span class='ocrx_word' id='word_1_187' title='bbox 3056 1450 3367 1536; x_wconf 78' lang='lat' dir='ltr'><strong>recognovi.</strong></span> 
     </span>
    </p>
   </div>
   <div class='ocr_carea' id='block_1_29' title="bbox 1971 1541 3482 1626">
    <p class='ocr_par' dir='ltr' id='par_1_29' title="bbox 1971 1541 3482 1626">
     <span class='ocr_line' id='line_1_29' title="bbox 1971 1541 3482 1626; baseline 0.013 -29"><span class='ocrx_word' id='word_1_188' title='bbox 1971 1541 2092 1598; x_wconf 73' lang='grc'><strong>154.</strong></span> <span class='ocrx_word' id='word_1_189' title='bbox 2126 1543 2462 1603; x_wconf 74' lang='lat' dir='ltr'><strong>Marcellinus</strong></span> <span class='ocrx_word' id='word_1_190' title='bbox 2479 1551 2555 1607; x_wconf 81' lang='lat' dir='ltr'><strong>vir</strong></span> <span class='ocrx_word' id='word_1_191' title='bbox 2582 1551 2900 1626; x_wconf 69' lang='lat' dir='ltr'><strong>clarissimus</strong></span> <span class='ocrx_word' id='word_1_192' title='bbox 2922 1552 3156 1608; x_wconf 82' lang='lat' dir='ltr'><strong>tribunus</strong></span> <span class='ocrx_word' id='word_1_193' title='bbox 3171 1563 3219 1608; x_wconf 87' lang='lat' dir='ltr'><strong>et</strong></span> <span class='ocrx_word' id='word_1_194' title='bbox 3250 1556 3482 1616; x_wconf 83' lang='lat' dir='ltr'><strong>notarius</strong></span> 
     </span>
    </p>
   </div>
   <div class='ocr_carea' id='block_1_30' title="bbox 1899 1627 3480 1727">
    <p class='ocr_par' dir='ltr' id='par_1_30' title="bbox 1899 1627 3480 1727">
     <span class='ocr_line' id='line_1_30' title="bbox 1899 1627 3480 1727; baseline 0.01 -39"><span class='ocrx_word' id='word_1_195' title='bbox 1899 1635 2049 1690; x_wconf 86' lang='lat' dir='ltr'><strong>dixit.</strong></span> <span class='ocrx_word' id='word_1_196' title='bbox 2084 1636 2498 1705; x_wconf 83' lang='lat' dir='ltr'><strong>Proconsularia</strong></span> <span class='ocrx_word' id='word_1_197' title='bbox 2525 1651 2673 1713; x_wconf 80' lang='lat' dir='ltr'><strong>gesta</strong></span> <span class='ocrx_word' id='word_1_198' title='bbox 2719 1653 2775 1698; x_wconf 92' lang='lat' dir='ltr'><strong>et</strong></span> <span class='ocrx_word' id='word_1_199' title='bbox 2817 1644 2997 1699; x_wconf 83' lang='lat' dir='ltr'><strong>habita</strong></span> <span class='ocrx_word' id='word_1_200' title='bbox 3045 1646 3098 1718; x_wconf 87' lang='lat' dir='ltr'><strong>in</strong></span> <span class='ocrx_word' id='word_1_201' title='bbox 3126 1647 3328 1727; x_wconf 76' lang='lat' dir='ltr'><strong>judicio</strong></span> <span class='ocrx_word' id='word_1_202' title='bbox 3356 1627 3480 1704; x_wconf 50' lang='lat' dir='ltr'><strong>illo?</strong></span> 
     </span>
    </p>
   </div>
   <div class='ocr_carea' id='block_1_31' title="bbox 201 1730 3540 1814">
    <p class='ocr_par' dir='ltr' id='par_1_31' title="bbox 201 1730 3540 1814">
     <span class='ocr_line' id='line_1_31' title="bbox 201 1730 3540 1814; baseline 0.002 -22"><span class='ocrx_word' id='word_1_203' title='bbox 201 1737 352 1792; x_wconf 88' lang='lat' dir='ltr'><strong>dixit.</strong></span> <span class='ocrx_word' id='word_1_204' title='bbox 390 1737 517 1804; x_wconf 70' lang='lat' dir='ltr'><strong>Hmc</strong></span> <span class='ocrx_word' id='word_1_205' title='bbox 544 1748 693 1809; x_wconf 86' lang='lat' dir='ltr'><strong>gesta</strong></span> <span class='ocrx_word' id='word_1_206' title='bbox 723 1752 841 1806; x_wconf 75' lang='lat' dir='ltr'><strong>qua:</strong></span> <span class='ocrx_word' id='word_1_207' title='bbox 863 1736 1084 1806; x_wconf 79' lang='lat' dir='ltr'><strong>recitari</strong></span> <span class='ocrx_word' id='word_1_208' title='bbox 1115 1736 1352 1806; x_wconf 82' lang='lat' dir='ltr'><strong>postulat</strong></span> <span class='ocrx_word' id='word_1_209' title='bbox 1387 1734 1645 1790; x_wconf 87' lang='lat' dir='ltr'><strong>sanctitas</strong></span> <span class='ocrx_word' id='word_1_210' title='bbox 1675 1747 1796 1788; x_wconf 86' lang='lat' dir='ltr'><strong>ves—</strong></span> <span class='ocrx_word' id='word_1_211' title='bbox 1899 1730 2094 1801; x_wconf 84' lang='lat' dir='ltr'><strong>strium</strong></span> <span class='ocrx_word' id='word_1_212' title='bbox 2119 1741 2454 1802; x_wconf 84' lang='lat' dir='ltr'><strong>potestatum</strong></span> <span class='ocrx_word' id='word_1_213' title='bbox 2479 1776 2494 1800; x_wconf 95' lang='lat'><strong>,</strong></span> <span class='ocrx_word' id='word_1_214' title='bbox 2521 1734 2756 1790; x_wconf 77' lang='lat' dir='ltr'><strong>ofﬁcium</strong></span> <span class='ocrx_word' id='word_1_215' title='bbox 2794 1736 3078 1808; x_wconf 87' lang='lat' dir='ltr'><strong>diligenter</strong></span> <span class='ocrx_word' id='word_1_216' title='bbox 3114 1741 3397 1814; x_wconf 76' lang='lat' dir='ltr'><strong>inspiciat,</strong></span> <span class='ocrx_word' id='word_1_217' title='bbox 3424 1753 3483 1799; x_wconf 88' lang='lat' dir='ltr'><strong>ut</strong></span> <span class='ocrx_word' id='word_1_218' title='bbox 3531 1745 3540 1751; x_wconf 82' lang='grc'><strong>”</strong></span> 
     </span>
    </p>
   </div>
   <div class='ocr_carea' id='block_1_32' title="bbox 202 1820 3223 1903">
    <p class='ocr_par' dir='ltr' id='par_1_32' title="bbox 202 1820 3223 1903">
     <span class='ocr_line' id='line_1_32' title="bbox 202 1820 3223 1903; baseline 0 -18"><span class='ocrx_word' id='word_1_219' title='bbox 202 1838 287 1898; x_wconf 81' lang='lat' dir='ltr'><strong>tra</strong></span> <span class='ocrx_word' id='word_1_220' title='bbox 311 1869 326 1896; x_wconf 94' lang='lat'><strong>,</strong></span> <span class='ocrx_word' id='word_1_221' title='bbox 385 1829 684 1898; x_wconf 80' lang='lat' dir='ltr'><strong>posteriora</strong></span> <span class='ocrx_word' id='word_1_222' title='bbox 742 1835 870 1894; x_wconf 91' lang='lat' dir='ltr'><strong>sunt</strong></span> <span class='ocrx_word' id='word_1_223' title='bbox 920 1826 1004 1896; x_wconf 85' lang='lat' dir='ltr'><strong>bis</strong></span> <span class='ocrx_word' id='word_1_224' title='bbox 1055 1827 1220 1902; x_wconf 80' lang='lat' dir='ltr'><strong>gestis</strong></span> <span class='ocrx_word' id='word_1_225' title='bbox 1270 1842 1389 1900; x_wconf 68' lang='lat' dir='ltr'><strong>quae</strong></span> <span class='ocrx_word' id='word_1_226' title='bbox 1430 1824 1629 1881; x_wconf 87' lang='lat' dir='ltr'><strong>obtulit</strong></span> <span class='ocrx_word' id='word_1_227' title='bbox 1671 1837 1796 1903; x_wconf 86' lang='lat' dir='ltr'><strong>pars</strong></span> <span class='ocrx_word' id='word_1_228' title='bbox 1825 1820 1873 1898; x_wconf 77' lang='grc' dir='ltr'><strong><em>Β</em></strong></span> <span class='ocrx_word' id='word_1_229' title='bbox 1900 1837 1964 1878; x_wconf 90' lang='lat' dir='ltr'><strong>ea</strong></span> <span class='ocrx_word' id='word_1_230' title='bbox 1995 1837 2114 1893; x_wconf 69' lang='lat' dir='ltr'><strong>quae</strong></span> <span class='ocrx_word' id='word_1_231' title='bbox 2136 1824 2317 1899; x_wconf 88' lang='lat' dir='ltr'><strong>priora</strong></span> <span class='ocrx_word' id='word_1_232' title='bbox 2341 1835 2498 1894; x_wconf 88' lang='lat' dir='ltr'><strong>sunt,</strong></span> <span class='ocrx_word' id='word_1_233' title='bbox 2527 1827 2777 1895; x_wconf 87' lang='lat' dir='ltr'><strong>primitus</strong></span> <span class='ocrx_word' id='word_1_234' title='bbox 2805 1829 3121 1900; x_wconf 85' lang='lat' dir='ltr'><strong>recitentur.</strong></span> <span class='ocrx_word' id='word_1_235' title='bbox 3220 1825 3223 1827; x_wconf 70' lang='grc'><strong>’</strong></span> 
     </span>
    </p>
   </div>
   <div class='ocr_carea' id='block_1_33' title="bbox 201 1920 854 1994">
    <p class='ocr_par' dir='ltr' id='par_1_33' title="bbox 201 1920 854 1994">
     <span class='ocr_line' id='line_1_33' title="bbox 201 1920 854 1994; baseline -0.002 -15"><span class='ocrx_word' id='word_1_236' title='bbox 201 1923 467 1994; x_wconf 84' lang='lat' dir='ltr'><strong>catholica</strong></span> <span class='ocrx_word' id='word_1_237' title='bbox 489 1963 505 1989; x_wconf 83' lang='lat'><strong>,</strong></span> <span class='ocrx_word' id='word_1_238' title='bbox 535 1937 600 1982; x_wconf 86' lang='lat' dir='ltr'><strong>an</strong></span> <span class='ocrx_word' id='word_1_239' title='bbox 630 1920 854 1992; x_wconf 80' lang='lat' dir='ltr'><strong>priora?</strong></span> 
     </span>
    </p>
   </div>
   <div class='ocr_carea' id='block_1_34' title="bbox 278 2008 1797 2089">
    <p class='ocr_par' dir='ltr' id='par_1_34' title="bbox 278 2008 1797 2089">
     <span class='ocr_line' id='line_1_34' title="bbox 278 2008 1797 2089; baseline -0.003 -18"><span class='ocrx_word' id='word_1_240' title='bbox 278 2015 403 2089; x_wconf 70' lang='grc'><strong>146.</strong></span> <span class='ocrx_word' id='word_1_241' title='bbox 440 2014 728 2087; x_wconf 72' lang='lat' dir='ltr'><strong>Petilianus</strong></span> <span class='ocrx_word' id='word_1_242' title='bbox 769 2015 1043 2086; x_wconf 79' lang='lat' dir='ltr'><strong>episcopus</strong></span> <span class='ocrx_word' id='word_1_243' title='bbox 1070 2008 1219 2069; x_wconf 86' lang='lat' dir='ltr'><strong>dixit.</strong></span> <span class='ocrx_word' id='word_1_244' title='bbox 1271 2011 1389 2082; x_wconf 81' lang='lat' dir='ltr'><strong>Non</strong></span> <span class='ocrx_word' id='word_1_245' title='bbox 1419 2020 1503 2068; x_wconf 89' lang='lat' dir='ltr'><strong>est</strong></span> <span class='ocrx_word' id='word_1_246' title='bbox 1546 2009 1797 2082; x_wconf 86' lang='lat' dir='ltr'><strong>equidem</strong></span> 
     </span>
    </p>
   </div>
   <div class='ocr_carea' id='block_1_35' title="bbox 207 2105 1799 2197">
    <p class='ocr_par' dir='ltr' id='par_1_35' title="bbox 207 2105 1799 2197">
     <span class='ocr_line' id='line_1_35' title="bbox 207 2105 1799 2197; baseline -0.005 -30"><span class='ocrx_word' id='word_1_247' title='bbox 207 2111 338 2195; x_wconf 80' lang='lat' dir='ltr'><strong>pars</strong></span> <span class='ocrx_word' id='word_1_248' title='bbox 376 2109 672 2179; x_wconf 88' lang='lat' dir='ltr'><strong>catholica,</strong></span> <span class='ocrx_word' id='word_1_249' title='bbox 705 2108 803 2163; x_wconf 87' lang='lat' dir='ltr'><strong>nisi</strong></span> <span class='ocrx_word' id='word_1_250' title='bbox 835 2123 954 2197; x_wconf 67' lang='lat' dir='ltr'><strong>qua:</strong></span> <span class='ocrx_word' id='word_1_251' title='bbox 980 2107 1143 2178; x_wconf 88' lang='lat' dir='ltr'><strong>hujus</strong></span> <span class='ocrx_word' id='word_1_252' title='bbox 1171 2105 1591 2175; x_wconf 80' lang='lat' dir='ltr'><strong>conﬂictationis</strong></span> <span class='ocrx_word' id='word_1_253' title='bbox 1613 2120 1799 2176; x_wconf 91' lang='lat' dir='ltr'><strong>sump-</strong></span> 
     </span>
    </p>
   </div>
   <div class='ocr_carea' id='block_1_36' title="bbox 203 2198 1798 2278">
    <p class='ocr_par' dir='ltr' id='par_1_36' title="bbox 203 2198 1798 2278">
     <span class='ocr_line' id='line_1_36' title="bbox 203 2198 1798 2278; baseline -0.003 -20"><span class='ocrx_word' id='word_1_254' title='bbox 203 2203 342 2276; x_wconf 80' lang='lat' dir='ltr'><strong>serit</strong></span> <span class='ocrx_word' id='word_1_255' title='bbox 364 2203 614 2278; x_wconf 83' lang='lat' dir='ltr'><strong>palmam.</strong></span> <span class='ocrx_word' id='word_1_256' title='bbox 643 2201 809 2271; x_wconf 84' lang='lat' dir='ltr'><strong>igitur</strong></span> <span class='ocrx_word' id='word_1_257' title='bbox 838 2201 1085 2273; x_wconf 79' lang='lat' dir='ltr'><strong>cupimus</strong></span> <span class='ocrx_word' id='word_1_258' title='bbox 1118 2199 1339 2256; x_wconf 87' lang='lat' dir='ltr'><strong>recitari</strong></span> <span class='ocrx_word' id='word_1_259' title='bbox 1365 2215 1485 2270; x_wconf 59' lang='lat' dir='ltr'><strong>quas</strong></span> <span class='ocrx_word' id='word_1_260' title='bbox 1515 2199 1566 2254; x_wconf 91' lang='lat' dir='ltr'><strong>in</strong></span> <span class='ocrx_word' id='word_1_261' title='bbox 1586 2198 1798 2270; x_wconf 81' lang='lat' dir='ltr'><strong>judicio</strong></span> 
     </span>
    </p>
   </div>
   <div class='ocr_carea' id='block_1_37' title="bbox 203 2292 1801 2370">
    <p class='ocr_par' dir='ltr' id='par_1_37' title="bbox 203 2292 1801 2370">
     <span class='ocr_line' id='line_1_37' title="bbox 203 2292 1801 2370; baseline -0.003 -17"><span class='ocrx_word' id='word_1_262' title='bbox 203 2298 582 2370; x_wconf 84' lang='lat' dir='ltr'><strong>proconsulari</strong></span> <span class='ocrx_word' id='word_1_263' title='bbox 632 2306 687 2362; x_wconf 86' lang='lat' dir='ltr'><strong>et</strong></span> <span class='ocrx_word' id='word_1_264' title='bbox 731 2297 950 2364; x_wconf 65' lang='lat' dir='ltr'><strong>vicaria:</strong></span> <span class='ocrx_word' id='word_1_265' title='bbox 998 2292 1334 2368; x_wconf 68' lang='lat' dir='ltr'><strong>praefectura:</strong></span> <span class='ocrx_word' id='word_1_266' title='bbox 1390 2296 1456 2351; x_wconf 88' lang='lat' dir='ltr'><strong>ab</strong></span> <span class='ocrx_word' id='word_1_267' title='bbox 1503 2296 1635 2367; x_wconf 85' lang='lat' dir='ltr'><strong>ipsis</strong></span> <span class='ocrx_word' id='word_1_268' title='bbox 1673 2301 1801 2350; x_wconf 90' lang='lat' dir='ltr'><strong>sunt</strong></span> 
     </span>
    </p>
   </div>
   <div class='ocr_carea' id='block_1_38' title="bbox 203 2377 1795 2464">
    <p class='ocr_par' dir='ltr' id='par_1_38' title="bbox 203 2377 1795 2464">
     <span class='ocr_line' id='line_1_38' title="bbox 203 2377 1795 2464; baseline -0.008 -9"><span class='ocrx_word' id='word_1_269' title='bbox 203 2377 334 2462; x_wconf 62' lang='lat' dir='ltr'><strong>ante</strong></span> <span class='ocrx_word' id='word_1_270' title='bbox 374 2392 588 2464; x_wconf 84' lang='lat' dir='ltr'><strong>longius</strong></span> <span class='ocrx_word' id='word_1_271' title='bbox 630 2399 879 2462; x_wconf 80' lang='lat' dir='ltr'><strong>prompta</strong></span> <span class='ocrx_word' id='word_1_272' title='bbox 932 2401 1093 2461; x_wconf 86' lang='lat' dir='ltr'><strong>atque</strong></span> <span class='ocrx_word' id='word_1_273' title='bbox 1134 2389 1318 2459; x_wconf 89' lang='lat' dir='ltr'><strong>petita.</strong></span> <span class='ocrx_word' id='word_1_274' title='bbox 1377 2388 1445 2443; x_wconf 88' lang='lat' dir='ltr'><strong>Et</strong></span> <span class='ocrx_word' id='word_1_275' title='bbox 1473 2388 1578 2442; x_wconf 88' lang='lat' dir='ltr'><strong>alia</strong></span> <span class='ocrx_word' id='word_1_276' title='bbox 1616 2405 1795 2460; x_wconf 78' lang='lat' dir='ltr'><strong>manu.</strong></span> 
     </span>
    </p>
   </div>
   <div class='ocr_carea' id='block_1_39' title="bbox 202 2481 1800 2570">
    <p class='ocr_par' dir='ltr' id='par_1_39' title="bbox 202 2481 1800 2570">
     <span class='ocr_line' id='line_1_39' title="bbox 202 2481 1800 2570; baseline -0.003 -30"><span class='ocrx_word' id='word_1_277' title='bbox 202 2485 506 2548; x_wconf 83' lang='lat' dir='ltr'><strong>Petilianus</strong></span> <span class='ocrx_word' id='word_1_278' title='bbox 554 2485 840 2565; x_wconf 79' lang='lat' dir='ltr'><strong>episcopus</strong></span> <span class='ocrx_word' id='word_1_279' title='bbox 872 2483 1302 2570; x_wconf 82' lang='lat' dir='ltr'><strong>prosecutionem</strong></span> <span class='ocrx_word' id='word_1_280' title='bbox 1335 2496 1509 2548; x_wconf 85' lang='lat' dir='ltr'><strong>meam</strong></span> <span class='ocrx_word' id='word_1_281' title='bbox 1559 2481 1800 2552; x_wconf 66' lang='lat' dir='ltr'><strong>appella-</strong></span> 
     </span>
    </p>
   </div>
   <div class='ocr_carea' id='block_1_40' title="bbox 201 2571 1798 2650">
    <p class='ocr_par' dir='ltr' id='par_1_40' title="bbox 201 2571 1798 2650">
     <span class='ocr_line' id='line_1_40' title="bbox 201 2571 1798 2650; baseline -0.003 -18"><span class='ocrx_word' id='word_1_282' title='bbox 201 2571 355 2650; x_wconf 83' lang='lat' dir='ltr'><strong>tione</strong></span> <span class='ocrx_word' id='word_1_283' title='bbox 427 2578 682 2648; x_wconf 73' lang='lat' dir='ltr'><strong>incoiumi</strong></span> <span class='ocrx_word' id='word_1_284' title='bbox 761 2577 1073 2649; x_wconf 83' lang='lat' dir='ltr'><strong>recognovi.</strong></span> <span class='ocrx_word' id='word_1_285' title='bbox 1174 2573 1452 2630; x_wconf 75' lang='lat' dir='ltr'><strong>Possidius</strong></span> <span class='ocrx_word' id='word_1_286' title='bbox 1528 2576 1798 2646; x_wconf 79' lang='lat' dir='ltr'><strong>episcopus</strong></span> 
     </span>
    </p>
   </div>
   <div class='ocr_carea' id='block_1_41' title="bbox 200 2666 1802 2748">
    <p class='ocr_par' dir='ltr' id='par_1_41' title="bbox 200 2666 1802 2748">
     <span class='ocr_line' id='line_1_41' title="bbox 200 2666 1802 2748; baseline -0.002 -24"><span class='ocrx_word' id='word_1_287' title='bbox 200 2669 452 2743; x_wconf 67' lang='lat' dir='ltr'><strong>Ecclesite</strong></span> <span class='ocrx_word' id='word_1_288' title='bbox 471 2671 740 2748; x_wconf 67' lang='lat' dir='ltr'><strong>catholicae</strong></span> <span class='ocrx_word' id='word_1_289' title='bbox 763 2671 916 2737; x_wconf 82' lang='lat' dir='ltr'><strong>dixit.</strong></span> <span class='ocrx_word' id='word_1_290' title='bbox 940 2668 995 2724; x_wconf 89' lang='lat' dir='ltr'><strong>Si</strong></span> <span class='ocrx_word' id='word_1_291' title='bbox 1018 2668 1084 2739; x_wconf 82' lang='lat' dir='ltr'><strong>de</strong></span> <span class='ocrx_word' id='word_1_292' title='bbox 1111 2681 1275 2732; x_wconf 84' lang='lat' dir='ltr'><strong>causa</strong></span> <span class='ocrx_word' id='word_1_293' title='bbox 1309 2682 1668 2738; x_wconf 84' lang='lat' dir='ltr'><strong>praesumeres</strong></span> <span class='ocrx_word' id='word_1_294' title='bbox 1688 2708 1702 2734; x_wconf 94' lang='lat'><strong>,</strong></span> <span class='ocrx_word' id='word_1_295' title='bbox 1730 2666 1802 2722; x_wconf 88' lang='lat' dir='ltr'><strong>ad</strong></span> 
     </span>
    </p>
   </div>
   <div class='ocr_carea' id='block_1_42' title="bbox 198 2759 1724 2832">
    <p class='ocr_par' dir='ltr' id='par_1_42' title="bbox 198 2759 1724 2832">
     <span class='ocr_line' id='line_1_42' title="bbox 198 2759 1724 2832; baseline -0.004 -13"><span class='ocrx_word' id='word_1_296' title='bbox 198 2777 384 2819; x_wconf 67' lang='lat' dir='ltr'><strong>causa:</strong></span> <span class='ocrx_word' id='word_1_297' title='bbox 413 2764 661 2819; x_wconf 91' lang='lat' dir='ltr'><strong>meritum</strong></span> <span class='ocrx_word' id='word_1_298' title='bbox 690 2764 927 2819; x_wconf 87' lang='lat' dir='ltr'><strong>venires.</strong></span> <span class='ocrx_word' id='word_1_299' title='bbox 964 2762 1028 2816; x_wconf 84' lang='lat' dir='ltr'><strong>Et</strong></span> <span class='ocrx_word' id='word_1_300' title='bbox 1051 2762 1157 2816; x_wconf 84' lang='lat' dir='ltr'><strong>alia</strong></span> <span class='ocrx_word' id='word_1_301' title='bbox 1189 2778 1365 2815; x_wconf 89' lang='lat' dir='ltr'><strong>manu.</strong></span> <span class='ocrx_word' id='word_1_302' title='bbox 1397 2759 1724 2832; x_wconf 81' lang='lat' dir='ltr'><strong>Recognovi.</strong></span> 
     </span>
    </p>
   </div>
   <div class='ocr_carea' id='block_1_43' title="bbox 282 2854 1801 2932">
    <p class='ocr_par' dir='ltr' id='par_1_43' title="bbox 282 2854 1801 2932">
     <span class='ocr_line' id='line_1_43' title="bbox 282 2854 1801 2932; baseline -0.003 -20"><span class='ocrx_word' id='word_1_303' title='bbox 282 2857 402 2912; x_wconf 73' lang='lat' dir='ltr'><strong>H7.</strong></span> <span class='ocrx_word' id='word_1_304' title='bbox 437 2855 775 2932; x_wconf 61' lang='lat' dir='ltr'><strong>Marcellinus</strong></span> <span class='ocrx_word' id='word_1_305' title='bbox 798 2857 874 2926; x_wconf 74' lang='lat' dir='ltr'><strong>vir</strong></span> <span class='ocrx_word' id='word_1_306' title='bbox 895 2856 1215 2922; x_wconf 80' lang='lat' dir='ltr'><strong>clarissimus</strong></span> <span class='ocrx_word' id='word_1_307' title='bbox 1239 2854 1474 2922; x_wconf 78' lang='lat' dir='ltr'><strong>tribunus</strong></span> <span class='ocrx_word' id='word_1_308' title='bbox 1493 2864 1540 2912; x_wconf 93' lang='lat' dir='ltr'><strong>et</strong></span> <span class='ocrx_word' id='word_1_309' title='bbox 1552 2854 1801 2914; x_wconf 68' lang='lat' dir='ltr'><strong>notarius</strong></span> 
     </span>
    </p>
   </div>
   <div class='ocr_carea' id='block_1_44' title="bbox 199 2934 1802 3028">
    <p class='ocr_par' dir='ltr' id='par_1_44' title="bbox 199 2934 1802 3028">
     <span class='ocr_line' id='line_1_44' title="bbox 199 2934 1802 3028; baseline -0.004 -21"><span class='ocrx_word' id='word_1_310' title='bbox 199 2949 360 3028; x_wconf 31' lang='lat' dir='ltr'><strong>dixit:</strong></span> <span class='ocrx_word' id='word_1_311' title='bbox 414 2949 546 3024; x_wconf 73' lang='lat' dir='ltr'><strong>Sine</strong></span> <span class='ocrx_word' id='word_1_312' title='bbox 602 2950 916 3028; x_wconf 57' lang='lat' dir='ltr'><strong>praeiudicio</strong></span> <span class='ocrx_word' id='word_1_313' title='bbox 970 2948 1272 3012; x_wconf 83' lang='lat' dir='ltr'><strong>catholicos</strong></span> <span class='ocrx_word' id='word_1_314' title='bbox 1307 2934 1496 3018; x_wconf 7' lang='lat' dir='ltr'><strong>idi‘co,</strong></span> <span class='ocrx_word' id='word_1_315' title='bbox 1569 2962 1802 3018; x_wconf 86' lang='lat' dir='ltr'><strong>sequens</strong></span> 
     </span>
    </p>
   </div>
   <div class='ocr_carea' id='block_1_45' title="bbox 196 3026 1799 3124">
    <p class='ocr_par' dir='ltr' id='par_1_45' title="bbox 196 3026 1799 3124">
     <span class='ocr_line' id='line_1_45' title="bbox 196 3026 1799 3124; baseline -0.005 -20"><span class='ocrx_word' id='word_1_316' title='bbox 196 3026 662 3124; x_wconf 74' lang='lat' dir='ltr'><strong>nuncupationem</strong></span> <span class='ocrx_word' id='word_1_317' title='bbox 713 3026 1125 3116; x_wconf 74' lang='lat' dir='ltr'><strong>clementissimi</strong></span> <span class='ocrx_word' id='word_1_318' title='bbox 1179 3041 1460 3111; x_wconf 82' lang='lat' dir='ltr'><strong>principis.</strong></span> <span class='ocrx_word' id='word_1_319' title='bbox 1513 3039 1666 3096; x_wconf 89' lang='lat' dir='ltr'><strong>Unde</strong></span> <span class='ocrx_word' id='word_1_320' title='bbox 1737 3054 1799 3097; x_wconf 85' lang='lat' dir='ltr'><strong>ea</strong></span> 
     </span>
    </p>
   </div>
   <div class='ocr_carea' id='block_1_46' title="bbox 197 3133 1801 3219">
    <p class='ocr_par' dir='ltr' id='par_1_46' title="bbox 197 3133 1801 3219">
     <span class='ocr_line' id='line_1_46' title="bbox 197 3133 1801 3219; baseline -0.004 -26"><span class='ocrx_word' id='word_1_321' title='bbox 197 3144 356 3219; x_wconf 75' lang='lat' dir='ltr'><strong>gesta</strong></span> <span class='ocrx_word' id='word_1_322' title='bbox 385 3152 502 3216; x_wconf 67' lang='lat' dir='ltr'><strong>qua:</strong></span> <span class='ocrx_word' id='word_1_323' title='bbox 529 3137 836 3211; x_wconf 77' lang='lat' dir='ltr'><strong>antiquiora</strong></span> <span class='ocrx_word' id='word_1_324' title='bbox 875 3145 1035 3203; x_wconf 91' lang='lat' dir='ltr'><strong>sunt,</strong></span> <span class='ocrx_word' id='word_1_325' title='bbox 1065 3136 1110 3201; x_wconf 84' lang='lat' dir='ltr'><strong>si</strong></span> <span class='ocrx_word' id='word_1_326' title='bbox 1136 3135 1343 3207; x_wconf 78' lang='lat' dir='ltr'><strong>placet,</strong></span> <span class='ocrx_word' id='word_1_327' title='bbox 1385 3135 1453 3189; x_wconf 87' lang='lat' dir='ltr'><strong>ab</strong></span> <span class='ocrx_word' id='word_1_328' title='bbox 1495 3133 1677 3203; x_wconf 75' lang='lat' dir='ltr'><strong>ofﬁcio</strong></span> <span class='ocrx_word' id='word_1_329' title='bbox 1716 3147 1801 3196; x_wconf 86' lang='lat' dir='ltr'><strong>re-</strong></span> 
     </span>
    </p>
   </div>
   <div class='ocr_carea' id='block_1_47' title="bbox 196 3235 1136 3302">
    <p class='ocr_par' dir='ltr' id='par_1_47' title="bbox 196 3235 1136 3302">
     <span class='ocr_line' id='line_1_47' title="bbox 196 3235 1136 3302; baseline -0.004 -16"><span class='ocrx_word' id='word_1_330' title='bbox 196 3235 457 3302; x_wconf 54' lang='lat' dir='ltr'><strong>tinentur.</strong></span> <span class='ocrx_word' id='word_1_331' title='bbox 715 3287 719 3293; x_wconf 70' lang='grc'><strong><em>,</em></strong></span> <span class='ocrx_word' id='word_1_332' title='bbox 1133 3277 1136 3282; x_wconf 40' lang='grc' dir='ltr'>λ</span> 
     </span>
    </p>
   </div>
   <div class='ocr_carea' id='block_1_48' title="bbox 279 3317 1794 3407">
    <p class='ocr_par' dir='ltr' id='par_1_48' title="bbox 279 3317 1794 3407">
     <span class='ocr_line' id='line_1_48' title="bbox 279 3317 1794 3407; baseline -0.006 -28"><span class='ocrx_word' id='word_1_333' title='bbox 279 3324 401 3392; x_wconf 62' lang='grc'><strong>118.</strong></span> <span class='ocrx_word' id='word_1_334' title='bbox 437 3323 710 3398; x_wconf 70' lang='lat' dir='ltr'><strong>Possidius</strong></span> <span class='ocrx_word' id='word_1_335' title='bbox 754 3323 1041 3407; x_wconf 73' lang='lat' dir='ltr'><strong>Episcopus</strong></span> <span class='ocrx_word' id='word_1_336' title='bbox 1078 3321 1328 3384; x_wconf 72' lang='lat' dir='ltr'><strong>Ecclesia:</strong></span> <span class='ocrx_word' id='word_1_337' title='bbox 1357 3319 1622 3376; x_wconf 80' lang='lat' dir='ltr'><strong>catholij</strong></span> <span class='ocrx_word' id='word_1_338' title='bbox 1643 3317 1794 3387; x_wconf 74' lang='lat' dir='ltr'><strong>dixit,</strong></span> 
     </span>
    </p>
   </div>
   <div class='ocr_carea' id='block_1_49' title="bbox 195 3408 1798 3498">
    <p class='ocr_par' dir='ltr' id='par_1_49' title="bbox 195 3408 1798 3498">
     <span class='ocr_line' id='line_1_49' title="bbox 195 3408 1798 3498; baseline -0.005 -23"><span class='ocrx_word' id='word_1_339' title='bbox 195 3408 495 3489; x_wconf 58' lang='lat' dir='ltr'><strong>Onesimus</strong></span> <span class='ocrx_word' id='word_1_340' title='bbox 533 3417 909 3498; x_wconf 84' lang='lat' dir='ltr'><strong>antiquissima</strong></span> <span class='ocrx_word' id='word_1_341' title='bbox 940 3432 1060 3498; x_wconf 76' lang='lat' dir='ltr'><strong>quae</strong></span> <span class='ocrx_word' id='word_1_342' title='bbox 1087 3416 1322 3484; x_wconf 87' lang='lat' dir='ltr'><strong>petimus</strong></span> <span class='ocrx_word' id='word_1_343' title='bbox 1353 3414 1556 3485; x_wconf 87' lang='lat' dir='ltr'><strong>suscipi</strong></span> <span class='ocrx_word' id='word_1_344' title='bbox 1583 3412 1651 3469; x_wconf 90' lang='lat' dir='ltr'><strong>ab</strong></span> <span class='ocrx_word' id='word_1_345' title='bbox 1679 3411 1798 3474; x_wconf 81' lang='lat' dir='ltr'><strong>ofﬁ-</strong></span> 
     </span>
    </p>
   </div>
   <div class='ocr_carea' id='block_1_50' title="bbox 195 3508 1401 3582">
    <p class='ocr_par' dir='ltr' id='par_1_50' title="bbox 195 3508 1401 3582">
     <span class='ocr_line' id='line_1_50' title="bbox 195 3508 1401 3582; baseline -0.003 -18"><span class='ocrx_word' id='word_1_346' title='bbox 195 3509 310 3582; x_wconf 75' lang='lat' dir='ltr'><strong>cio.</strong></span> <span class='ocrx_word' id='word_1_347' title='bbox 340 3509 622 3581; x_wconf 66' lang='lat' dir='ltr'><strong>Prmcipiat</strong></span> <span class='ocrx_word' id='word_1_348' title='bbox 645 3509 905 3578; x_wconf 71' lang='lat' dir='ltr'><strong>nobilitas</strong></span> <span class='ocrx_word' id='word_1_349' title='bbox 935 3519 1019 3574; x_wconf 88' lang='lat' dir='ltr'><strong>tua</strong></span> <span class='ocrx_word' id='word_1_350' title='bbox 1044 3524 1106 3570; x_wconf 83' lang='lat' dir='ltr'><strong>ea</strong></span> <span class='ocrx_word' id='word_1_351' title='bbox 1138 3508 1401 3582; x_wconf 62' lang='lat' dir='ltr'><strong>recitari:</strong></span> 
     </span>
    </p>
   </div>
   <div class='ocr_carea' id='block_1_51' title="bbox 279 3589 1798 3674">
    <p class='ocr_par' dir='ltr' id='par_1_51' title="bbox 279 3589 1798 3674">
     <span class='ocr_line' id='line_1_51' title="bbox 279 3589 1798 3674; baseline -0.003 -16"><span class='ocrx_word' id='word_1_352' title='bbox 279 3600 404 3658; x_wconf 73' lang='grc'><strong>149.</strong></span> <span class='ocrx_word' id='word_1_353' title='bbox 438 3600 730 3657; x_wconf 83' lang='lat' dir='ltr'><strong>Petilianus</strong></span> <span class='ocrx_word' id='word_1_354' title='bbox 780 3603 1069 3674; x_wconf 84' lang='lat' dir='ltr'><strong>episcopus</strong></span> <span class='ocrx_word' id='word_1_355' title='bbox 1098 3601 1250 3655; x_wconf 87' lang='lat' dir='ltr'><strong>dixit.</strong></span> <span class='ocrx_word' id='word_1_356' title='bbox 1297 3599 1356 3656; x_wconf 90' lang='lat' dir='ltr'><strong>Si</strong></span> <span class='ocrx_word' id='word_1_357' title='bbox 1385 3600 1487 3656; x_wconf 86' lang='lat' dir='ltr'><strong>hoc</strong></span> <span class='ocrx_word' id='word_1_358' title='bbox 1537 3589 1798 3671; x_wconf 83' lang='lat' dir='ltr'><strong>potestati</strong></span> 
     </span>
    </p>
   </div>
   <div class='ocr_carea' id='block_1_52' title="bbox 198 3693 1798 3778">
    <p class='ocr_par' dir='ltr' id='par_1_52' title="bbox 198 3693 1798 3778">
     <span class='ocr_line' id='line_1_52' title="bbox 198 3693 1798 3778; baseline -0.005 -22"><span class='ocrx_word' id='word_1_359' title='bbox 198 3709 316 3761; x_wconf 59' lang='lat' dir='ltr'><strong>tua</strong></span> <span class='ocrx_word' id='word_1_360' title='bbox 342 3697 658 3763; x_wconf 72' lang='lat' dir='ltr'><strong>mandatum</strong></span> <span class='ocrx_word' id='word_1_361' title='bbox 685 3706 823 3765; x_wconf 74' lang='lat' dir='ltr'><strong>est,</strong></span> <span class='ocrx_word' id='word_1_362' title='bbox 854 3698 901 3764; x_wconf 78' lang='lat' dir='ltr'><strong>si</strong></span> <span class='ocrx_word' id='word_1_363' title='bbox 948 3703 1054 3766; x_wconf 73' lang='lat' dir='ltr'><strong>non</strong></span> <span class='ocrx_word' id='word_1_364' title='bbox 1090 3704 1437 3762; x_wconf 84' lang='lat' dir='ltr'><strong>recesserunt</strong></span> <span class='ocrx_word' id='word_1_365' title='bbox 1466 3695 1534 3750; x_wconf 82' lang='lat' dir='ltr'><strong>ab</strong></span> <span class='ocrx_word' id='word_1_366' title='bbox 1561 3693 1648 3778; x_wconf 83' lang='lat' dir='ltr'><strong>his</strong></span> <span class='ocrx_word' id='word_1_367' title='bbox 1677 3708 1798 3766; x_wconf 71' lang='lat' dir='ltr'><strong>quae</strong></span> 
     </span>
    </p>
   </div>
   <div class='ocr_carea' id='block_1_53' title="bbox 189 3791 1794 3864">
    <p class='ocr_par' dir='ltr' id='par_1_53' title="bbox 189 3791 1794 3864">
     <span class='ocr_line' id='line_1_53' title="bbox 189 3791 1794 3864; baseline -0.006 -10"><span class='ocrx_word' id='word_1_368' title='bbox 189 3792 518 3863; x_wconf 78' lang='lat' dir='ltr'><strong>iamdudum</strong></span> <span class='ocrx_word' id='word_1_369' title='bbox 543 3793 911 3864; x_wconf 75' lang='lat' dir='ltr'><strong>promiserant</strong></span> <span class='ocrx_word' id='word_1_370' title='bbox 939 3807 999 3848; x_wconf 93' lang='lat' dir='ltr'><strong>se</strong></span> <span class='ocrx_word' id='word_1_371' title='bbox 1025 3791 1270 3860; x_wconf 78' lang='lat' dir='ltr'><strong>lcgaliter</strong></span> <span class='ocrx_word' id='word_1_372' title='bbox 1310 3806 1472 3862; x_wconf 83' lang='lat' dir='ltr'><strong>agere</strong></span> <span class='ocrx_word' id='word_1_373' title='bbox 1501 3793 1794 3859; x_wconf 74' lang='lat' dir='ltr'><strong>oportere&quot;,</strong></span> 
     </span>
    </p>
   </div>
   <div class='ocr_carea' id='block_1_54' title="bbox 175 3881 1795 3956">
    <p class='ocr_par' dir='ltr' id='par_1_54' title="bbox 175 3881 1795 3956">
     <span class='ocr_line' id='line_1_54' title="bbox 175 3881 1795 3956; baseline -0.006 -12"><span class='ocrx_word' id='word_1_374' title='bbox 175 3885 369 3947; x_wconf 74' lang='lat' dir='ltr'><strong>redde</strong></span> <span class='ocrx_word' id='word_1_375' title='bbox 399 3886 557 3943; x_wconf 86' lang='lat' dir='ltr'><strong>nobis</strong></span> <span class='ocrx_word' id='word_1_376' title='bbox 582 3885 730 3948; x_wconf 70' lang='lat' dir='ltr'><strong>illam</strong></span> <span class='ocrx_word' id='word_1_377' title='bbox 773 3884 1000 3956; x_wconf 77' lang='lat' dir='ltr'><strong>primam</strong></span> <span class='ocrx_word' id='word_1_378' title='bbox 1051 3883 1416 3953; x_wconf 78' lang='lat' dir='ltr'><strong>objectionent</strong></span> <span class='ocrx_word' id='word_1_379' title='bbox 1440 3881 1654 3952; x_wconf 72' lang='lat' dir='ltr'><strong>,cuius.</strong></span> <span class='ocrx_word' id='word_1_380' title='bbox 1693 3881 1795 3952; x_wconf 79' lang='lat' dir='ltr'><strong>visi</strong></span> 
     </span>
    </p>
   </div>
   <div class='ocr_carea' id='block_1_55' title="bbox 192 3975 1795 4051">
    <p class='ocr_par' dir='ltr' id='par_1_55' title="bbox 192 3975 1795 4051">
     <span class='ocr_line' id='line_1_55' title="bbox 192 3975 1795 4051; baseline -0.005 -13"><span class='ocrx_word' id='word_1_381' title='bbox 192 3977 601 4051; x_wconf 77' lang='lat' dir='ltr'><strong>quodammodo</strong></span> <span class='ocrx_word' id='word_1_382' title='bbox 639 3993 826 4043; x_wconf 76' lang='lat' dir='ltr'><strong>sumus</strong></span> <span class='ocrx_word' id='word_1_383' title='bbox 870 3978 971 4044; x_wconf 78' lang='lat' dir='ltr'><strong>sub</strong></span> <span class='ocrx_word' id='word_1_384' title='bbox 1002 3977 1164 4047; x_wconf 80' lang='lat' dir='ltr'><strong>hujus</strong></span> <span class='ocrx_word' id='word_1_385' title='bbox 1195 3975 1531 4046; x_wconf 85' lang='lat' dir='ltr'><strong>exceptionis</strong></span> <span class='ocrx_word' id='word_1_386' title='bbox 1583 3975 1795 4045; x_wconf 80' lang='lat' dir='ltr'><strong>ratione</strong></span> 
     </span>
    </p>
   </div>
   <div class='ocr_carea' id='block_1_56' title="bbox 194 4069 1794 4142">
    <p class='ocr_par' dir='ltr' id='par_1_56' title="bbox 194 4069 1794 4142">
     <span class='ocr_line' id='line_1_56' title="bbox 194 4069 1794 4142; baseline -0.006 -14"><span class='ocrx_word' id='word_1_387' title='bbox 194 4071 399 4136; x_wconf 70' lang='lat' dir='ltr'><strong>fecisse</strong></span> <span class='ocrx_word' id='word_1_388' title='bbox 418 4070 709 4142; x_wconf 79' lang='lat' dir='ltr'><strong>iacturam.</strong></span> <span class='ocrx_word' id='word_1_389' title='bbox 736 4069 794 4126; x_wconf 87' lang='lat' dir='ltr'><strong>Si</strong></span> <span class='ocrx_word' id='word_1_390' title='bbox 824 4069 984 4140; x_wconf 87' lang='lat' dir='ltr'><strong>igitur</strong></span> <span class='ocrx_word' id='word_1_391' title='bbox 1014 4069 1082 4124; x_wconf 83' lang='lat' dir='ltr'><strong>ad</strong></span> <span class='ocrx_word' id='word_1_392' title='bbox 1127 4070 1298 4140; x_wconf 83' lang='lat' dir='ltr'><strong>legem</strong></span> <span class='ocrx_word' id='word_1_393' title='bbox 1327 4083 1387 4140; x_wconf 85' lang='lat' dir='ltr'><strong>se</strong></span> <span class='ocrx_word' id='word_1_394' title='bbox 1408 4069 1634 4136; x_wconf 87' lang='lat' dir='ltr'><strong>retinet,</strong></span> <span class='ocrx_word' id='word_1_395' title='bbox 1673 4082 1794 4139; x_wconf 49' lang='lat' dir='ltr'><strong>pere</strong></span> 
     </span>
    </p>
   </div>
   <div class='ocr_carea' id='block_1_57' title="bbox 194 4151 1795 4233">
    <p class='ocr_par' dir='ltr' id='par_1_57' title="bbox 194 4151 1795 4233">
     <span class='ocr_line' id='line_1_57' title="bbox 194 4151 1795 4233; baseline -0.004 -14"><span class='ocrx_word' id='word_1_396' title='bbox 194 4161 350 4229; x_wconf 78' lang='lat' dir='ltr'><strong>videt</strong></span> <span class='ocrx_word' id='word_1_397' title='bbox 369 4163 681 4233; x_wconf 56' lang='lat' dir='ltr'><strong>praestantia</strong></span> <span class='ocrx_word' id='word_1_398' title='bbox 710 4170 796 4216; x_wconf 89' lang='lat' dir='ltr'><strong>tua</strong></span> <span class='ocrx_word' id='word_1_399' title='bbox 833 4151 1145 4233; x_wconf 73' lang='lat' dir='ltr'><strong>nullatenus</strong></span> <span class='ocrx_word' id='word_1_400' title='bbox 1172 4175 1266 4229; x_wconf 80' lang='lat' dir='ltr'><strong>eos</strong></span> <span class='ocrx_word' id='word_1_401' title='bbox 1295 4159 1489 4229; x_wconf 76' lang='lat' dir='ltr'><strong>harum</strong></span> <span class='ocrx_word' id='word_1_402' title='bbox 1517 4157 1795 4225; x_wconf 80' lang='lat' dir='ltr'><strong>chartula-</strong></span> 
     </span>
    </p>
   </div>
   <div class='ocr_carea' id='block_1_58' title="bbox 153 4242 1796 4327">
    <p class='ocr_par' dir='ltr' id='par_1_58' title="bbox 153 4242 1796 4327">
     <span class='ocr_line' id='line_1_58' title="bbox 153 4242 1796 4327; baseline -0.005 -15"><span class='ocrx_word' id='word_1_403' title='bbox 153 4257 159 4260; x_wconf 81' lang='grc'><em>’</em></span> <span class='ocrx_word' id='word_1_404' title='bbox 196 4272 323 4322; x_wconf 84' lang='lat' dir='ltr'><strong>rum</strong></span> <span class='ocrx_word' id='word_1_405' title='bbox 359 4270 495 4327; x_wconf 72' lang='lat' dir='ltr'><strong>quas</strong></span> <span class='ocrx_word' id='word_1_406' title='bbox 539 4242 848 4327; x_wconf 76' lang='lat' dir='ltr'><strong>proferunt,</strong></span> <span class='ocrx_word' id='word_1_407' title='bbox 909 4253 1088 4315; x_wconf 83' lang='lat' dir='ltr'><strong>facere</strong></span> <span class='ocrx_word' id='word_1_408' title='bbox 1113 4267 1274 4327; x_wconf 85' lang='lat' dir='ltr'><strong>posse</strong></span> <span class='ocrx_word' id='word_1_409' title='bbox 1315 4244 1676 4318; x_wconf 78' lang='lat' dir='ltr'><strong>mentionem.</strong></span> <span class='ocrx_word' id='word_1_410' title='bbox 1725 4250 1796 4306; x_wconf 83' lang='lat' dir='ltr'><strong>Et</strong></span> 
     </span>
    </p>
   </div>
   <div class='ocr_carea' id='block_1_59' title="bbox 194 4338 1796 4419">
    <p class='ocr_par' dir='ltr' id='par_1_59' title="bbox 194 4338 1796 4419">
     <span class='ocr_line' id='line_1_59' title="bbox 194 4338 1796 4419; baseline -0.003 -13"><span class='ocrx_word' id='word_1_411' title='bbox 194 4364 345 4406; x_wconf 90' lang='lat' dir='ltr'><strong>nunc</strong></span> <span class='ocrx_word' id='word_1_412' title='bbox 369 4348 531 4405; x_wconf 90' lang='lat' dir='ltr'><strong>etiam</strong></span> <span class='ocrx_word' id='word_1_413' title='bbox 562 4359 722 4418; x_wconf 89' lang='lat' dir='ltr'><strong>atque</strong></span> <span class='ocrx_word' id='word_1_414' title='bbox 741 4348 905 4404; x_wconf 83' lang='lat' dir='ltr'><strong>etiam</strong></span> <span class='ocrx_word' id='word_1_415' title='bbox 936 4347 1119 4419; x_wconf 86' lang='lat' dir='ltr'><strong>ﬂagito</strong></span> <span class='ocrx_word' id='word_1_416' title='bbox 1148 4356 1204 4400; x_wconf 92' lang='lat' dir='ltr'><strong>ut</strong></span> <span class='ocrx_word' id='word_1_417' title='bbox 1235 4356 1487 4419; x_wconf 75' lang='lat' dir='ltr'><strong>promunt</strong></span> <span class='ocrx_word' id='word_1_418' title='bbox 1534 4338 1664 4418; x_wconf 75' lang='lat' dir='ltr'><strong>quid</strong></span> <span class='ocrx_word' id='word_1_419' title='bbox 1695 4344 1796 4416; x_wconf 87' lang='lat' dir='ltr'><strong>eli-</strong></span> 
     </span>
    </p>
   </div>
   <div class='ocr_carea' id='block_1_60' title="bbox 190 4441 1790 4517">
    <p class='ocr_par' dir='ltr' id='par_1_60' title="bbox 190 4441 1790 4517">
     <span class='ocr_line' id='line_1_60' title="bbox 190 4441 1790 4517; baseline -0.003 -18"><span class='ocrx_word' id='word_1_420' title='bbox 190 4455 323 4517; x_wconf 71' lang='lat' dir='ltr'><strong>gant</strong></span> <span class='ocrx_word' id='word_1_421' title='bbox 345 4483 362 4512; x_wconf 90' lang='lat'><strong>,</strong></span> <span class='ocrx_word' id='word_1_422' title='bbox 393 4451 572 4511; x_wconf 78' lang='lat' dir='ltr'><strong>utrum</strong></span> <span class='ocrx_word' id='word_1_423' title='bbox 596 4442 801 4512; x_wconf 72' lang='lat' dir='ltr'><strong>forensi</strong></span> <span class='ocrx_word' id='word_1_424' title='bbox 827 4443 1043 4512; x_wconf 78' lang='lat' dir='ltr'><strong>actione</strong></span> <span class='ocrx_word' id='word_1_425' title='bbox 1070 4457 1282 4509; x_wconf 83' lang='lat' dir='ltr'><strong>mecum</strong></span> <span class='ocrx_word' id='word_1_426' title='bbox 1306 4451 1505 4513; x_wconf 78' lang='lat' dir='ltr'><strong>agant,</strong></span> <span class='ocrx_word' id='word_1_427' title='bbox 1532 4457 1597 4507; x_wconf 79' lang='lat' dir='ltr'><strong>an</strong></span> <span class='ocrx_word' id='word_1_428' title='bbox 1628 4441 1790 4511; x_wconf 73' lang='lat' dir='ltr'><strong>legali</strong></span> 
     </span>
    </p>
   </div>
   <div class='ocr_carea' id='block_1_61' title="bbox 179 4535 1794 4608">
    <p class='ocr_par' dir='ltr' id='par_1_61' title="bbox 179 4535 1794 4608">
     <span class='ocr_line' id='line_1_61' title="bbox 179 4535 1794 4608; baseline -0.001 -16"><span class='ocrx_word' id='word_1_429' title='bbox 179 4537 604 4605; x_wconf 76' lang='lat' dir='ltr'><strong>.concartatione</strong></span> <span class='ocrx_word' id='word_1_430' title='bbox 650 4537 976 4608; x_wconf 78' lang='lat' dir='ltr'><strong>disceptent;</strong></span> <span class='ocrx_word' id='word_1_431' title='bbox 1013 4537 1079 4603; x_wconf 80' lang='lat' dir='ltr'><strong>Et</strong></span> <span class='ocrx_word' id='word_1_432' title='bbox 1126 4538 1234 4598; x_wconf 78' lang='lat' dir='ltr'><strong>alia</strong></span> <span class='ocrx_word' id='word_1_433' title='bbox 1277 4553 1456 4603; x_wconf 70' lang='lat' dir='ltr'><strong>manu.</strong></span> <span class='ocrx_word' id='word_1_434' title='bbox 1494 4535 1794 4602; x_wconf 82' lang='lat' dir='ltr'><strong>Petilianus</strong></span> 
     </span>
    </p>
   </div>
   <div class='ocr_carea' id='block_1_62' title="bbox 1976 1917 3480 1993">
    <p class='ocr_par' dir='ltr' id='par_1_62' title="bbox 1976 1917 3480 1993">
     <span class='ocr_line' id='line_1_62' title="bbox 1976 1917 3480 1993; baseline 0.007 -19"><span class='ocrx_word' id='word_1_435' title='bbox 1976 1917 2099 1978; x_wconf 84' lang='grc'><strong>155.</strong></span> <span class='ocrx_word' id='word_1_436' title='bbox 2129 1918 2446 1992; x_wconf 80' lang='lat' dir='ltr'><strong>Augustinus</strong></span> <span class='ocrx_word' id='word_1_437' title='bbox 2468 1922 2737 1993; x_wconf 80' lang='lat' dir='ltr'><strong>episcopus</strong></span> <span class='ocrx_word' id='word_1_438' title='bbox 2763 1918 3010 1978; x_wconf 72' lang='lat' dir='ltr'><strong>Ecclesiae</strong></span> <span class='ocrx_word' id='word_1_439' title='bbox 3038 1923 3305 1982; x_wconf 72' lang='lat' dir='ltr'><strong>catholica:</strong></span> <span class='ocrx_word' id='word_1_440' title='bbox 3321 1926 3480 1984; x_wconf 82' lang='lat' dir='ltr'><strong>dixit.</strong></span> 
     </span>
    </p>
   </div>
   <div class='ocr_carea' id='block_1_63' title="bbox 1902 2011 3486 2096">
    <p class='ocr_par' dir='ltr' id='par_1_63' title="bbox 1902 2011 3486 2096">
     <span class='ocr_line' id='line_1_63' title="bbox 1902 2011 3486 2096; baseline 0.006 -28"><span class='ocrx_word' id='word_1_441' title='bbox 1902 2011 1981 2068; x_wconf 83' lang='lat' dir='ltr'><strong>Ad</strong></span> <span class='ocrx_word' id='word_1_442' title='bbox 2013 2027 2075 2068; x_wconf 89' lang='lat' dir='ltr'><strong>ea</strong></span> <span class='ocrx_word' id='word_1_443' title='bbox 2106 2029 2227 2084; x_wconf 65' lang='lat' dir='ltr'><strong>quae</strong></span> <span class='ocrx_word' id='word_1_444' title='bbox 2244 2024 2528 2086; x_wconf 77' lang='lat' dir='ltr'><strong>prosecuta</strong></span> <span class='ocrx_word' id='word_1_445' title='bbox 2555 2022 2641 2072; x_wconf 89' lang='lat' dir='ltr'><strong>est</strong></span> <span class='ocrx_word' id='word_1_446' title='bbox 2665 2016 2830 2079; x_wconf 89' lang='lat' dir='ltr'><strong>modo</strong></span> <span class='ocrx_word' id='word_1_447' title='bbox 2870 2032 2998 2094; x_wconf 84' lang='lat' dir='ltr'><strong>pars</strong></span> <span class='ocrx_word' id='word_1_448' title='bbox 3023 2017 3237 2088; x_wconf 80' lang='lat' dir='ltr'><strong>diversa</strong></span> <span class='ocrx_word' id='word_1_449' title='bbox 3257 2063 3271 2090; x_wconf 94' lang='lat'><strong>,</strong></span> <span class='ocrx_word' id='word_1_450' title='bbox 3305 2025 3486 2096; x_wconf 82' lang='lat' dir='ltr'><strong>paucis</strong></span> 
     </span>
    </p>
   </div>
   <div class='ocr_carea' id='block_1_64' title="bbox 1900 2109 3489 2178">
    <p class='ocr_par' dir='ltr' id='par_1_64' title="bbox 1900 2109 3489 2178">
     <span class='ocr_line' id='line_1_64' title="bbox 1900 2109 3489 2178; baseline 0.007 -15"><span class='ocrx_word' id='word_1_451' title='bbox 1900 2109 2147 2177; x_wconf 80' lang='lat' dir='ltr'><strong>advertat</strong></span> <span class='ocrx_word' id='word_1_452' title='bbox 2193 2109 2494 2177; x_wconf 85' lang='lat' dir='ltr'><strong>sublimitas</strong></span> <span class='ocrx_word' id='word_1_453' title='bbox 2534 2118 2648 2166; x_wconf 86' lang='lat' dir='ltr'><strong>tua.</strong></span> <span class='ocrx_word' id='word_1_454' title='bbox 2695 2111 2802 2167; x_wconf 88' lang='lat' dir='ltr'><strong>Nos</strong></span> <span class='ocrx_word' id='word_1_455' title='bbox 2845 2112 3144 2178; x_wconf 75' lang='lat' dir='ltr'><strong>Ecclesium</strong></span> <span class='ocrx_word' id='word_1_456' title='bbox 3166 2115 3489 2176; x_wconf 84' lang='lat' dir='ltr'><strong>catholicam</strong></span> 
     </span>
    </p>
   </div>
   <div class='ocr_carea' id='block_1_65' title="bbox 1901 2205 3489 2274">
    <p class='ocr_par' dir='ltr' id='par_1_65' title="bbox 1901 2205 3489 2274">
     <span class='ocr_line' id='line_1_65' title="bbox 1901 2205 3489 2274; baseline 0.006 -14"><span class='ocrx_word' id='word_1_457' title='bbox 1901 2205 2178 2271; x_wconf 83' lang='lat' dir='ltr'><strong>retinere,</strong></span> <span class='ocrx_word' id='word_1_458' title='bbox 2225 2206 2339 2274; x_wconf 91' lang='lat' dir='ltr'><strong>ipsa</strong></span> <span class='ocrx_word' id='word_1_459' title='bbox 2398 2214 2599 2262; x_wconf 68' lang='lat' dir='ltr'><strong>nostra:</strong></span> <span class='ocrx_word' id='word_1_460' title='bbox 2656 2205 3056 2273; x_wconf 84' lang='lat' dir='ltr'><strong>communionis</strong></span> <span class='ocrx_word' id='word_1_461' title='bbox 3109 2209 3489 2270; x_wconf 85' lang='lat' dir='ltr'><strong>testiﬁcatione</strong></span> 
     </span>
    </p>
   </div>
   <div class='ocr_carea' id='block_1_66' title="bbox 1902 2296 3486 2377">
    <p class='ocr_par' dir='ltr' id='par_1_66' title="bbox 1902 2296 3486 2377">
     <span class='ocr_line' id='line_1_66' title="bbox 1902 2296 3486 2377; baseline 0.005 -25"><span class='ocrx_word' id='word_1_462' title='bbox 1902 2307 2303 2377; x_wconf 65' lang='lat' dir='ltr'><strong>monstramus,</strong></span> <span class='ocrx_word' id='word_1_463' title='bbox 2326 2312 2486 2368; x_wconf 89' lang='lat' dir='ltr'><strong>quam</strong></span> <span class='ocrx_word' id='word_1_464' title='bbox 2504 2296 2802 2354; x_wconf 84' lang='lat' dir='ltr'><strong>Ecclesiam</strong></span> <span class='ocrx_word' id='word_1_465' title='bbox 2831 2299 3061 2369; x_wconf 89' lang='lat' dir='ltr'><strong>probare</strong></span> <span class='ocrx_word' id='word_1_466' title='bbox 3085 2300 3486 2371; x_wconf 82' lang='lat' dir='ltr'><strong>descendimus,</strong></span> 
     </span>
    </p>
   </div>
   <div class='ocr_carea' id='block_1_67' title="bbox 1901 2389 3491 2469">
    <p class='ocr_par' dir='ltr' id='par_1_67' title="bbox 1901 2389 3491 2469">
     <span class='ocr_line' id='line_1_67' title="bbox 1901 2389 3491 2469; baseline 0.005 -23"><span class='ocrx_word' id='word_1_467' title='bbox 1901 2389 1951 2454; x_wconf 88' lang='lat' dir='ltr'><strong>si</strong></span> <span class='ocrx_word' id='word_1_468' title='bbox 2017 2389 2358 2459; x_wconf 89' lang='lat' dir='ltr'><strong>permittant,</strong></span> <span class='ocrx_word' id='word_1_469' title='bbox 2416 2404 2523 2453; x_wconf 90' lang='lat' dir='ltr'><strong>non</strong></span> <span class='ocrx_word' id='word_1_470' title='bbox 2575 2390 2887 2452; x_wconf 88' lang='lat' dir='ltr'><strong>rumoribus</strong></span> <span class='ocrx_word' id='word_1_471' title='bbox 2959 2392 3252 2469; x_wconf 67' lang='lat' dir='ltr'><strong>humanis,</strong></span> <span class='ocrx_word' id='word_1_472' title='bbox 3315 2411 3491 2468; x_wconf 87' lang='lat' dir='ltr'><strong>neque</strong></span> 
     </span>
    </p>
   </div>
   <div class='ocr_carea' id='block_1_68' title="bbox 1901 2483 3494 2561">
    <p class='ocr_par' dir='ltr' id='par_1_68' title="bbox 1901 2483 3494 2561">
     <span class='ocr_line' id='line_1_68' title="bbox 1901 2483 3494 2561; baseline 0.003 -19"><span class='ocrx_word' id='word_1_473' title='bbox 1901 2485 2210 2544; x_wconf 87' lang='lat' dir='ltr'><strong>errantibus</strong></span> <span class='ocrx_word' id='word_1_474' title='bbox 2238 2483 2620 2557; x_wconf 82' lang='lat' dir='ltr'><strong>opinionibus,</strong></span> <span class='ocrx_word' id='word_1_475' title='bbox 2665 2486 2760 2548; x_wconf 85' lang='lat' dir='ltr'><strong>sed</strong></span> <span class='ocrx_word' id='word_1_476' title='bbox 2803 2485 3004 2542; x_wconf 90' lang='lat' dir='ltr'><strong>divinis</strong></span> <span class='ocrx_word' id='word_1_477' title='bbox 3051 2488 3281 2561; x_wconf 89' lang='lat' dir='ltr'><strong>eloquiis</strong></span> <span class='ocrx_word' id='word_1_478' title='bbox 3311 2489 3494 2560; x_wconf 72' lang='lat' dir='ltr'><strong>decla-</strong></span> 
     </span>
    </p>
   </div>
   <div class='ocr_carea' id='block_1_69' title="bbox 1902 2576 3495 2664">
    <p class='ocr_par' dir='ltr' id='par_1_69' title="bbox 1902 2576 3495 2664">
     <span class='ocr_line' id='line_1_69' title="bbox 1902 2576 3495 2664; baseline 0.003 -30"><span class='ocrx_word' id='word_1_479' title='bbox 1902 2587 2093 2634; x_wconf 88' lang='lat' dir='ltr'><strong>ratam.</strong></span> <span class='ocrx_word' id='word_1_480' title='bbox 2139 2576 2210 2634; x_wconf 90' lang='lat' dir='ltr'><strong>Ut</strong></span> <span class='ocrx_word' id='word_1_481' title='bbox 2240 2589 2419 2640; x_wconf 85' lang='lat' dir='ltr'><strong>autem</strong></span> <span class='ocrx_word' id='word_1_482' title='bbox 2452 2578 2628 2655; x_wconf 80' lang='lat' dir='ltr'><strong>leges,</strong></span> <span class='ocrx_word' id='word_1_483' title='bbox 2678 2579 2764 2635; x_wconf 88' lang='lat' dir='ltr'><strong>vel</strong></span> <span class='ocrx_word' id='word_1_484' title='bbox 2803 2587 2978 2663; x_wconf 61' lang='lat' dir='ltr'><strong>gesta,</strong></span> <span class='ocrx_word' id='word_1_485' title='bbox 3011 2581 3091 2636; x_wconf 90' lang='lat' dir='ltr'><strong>vel</strong></span> <span class='ocrx_word' id='word_1_486' title='bbox 3136 2595 3495 2664; x_wconf 65' lang='lat' dir='ltr'><strong>quaecumque</strong></span> 
     </span>
    </p>
   </div>
   <div class='ocr_carea' id='block_1_70' title="bbox 1903 2673 3491 2756">
    <p class='ocr_par' dir='ltr' id='par_1_70' title="bbox 1903 2673 3491 2756">
     <span class='ocr_line' id='line_1_70' title="bbox 1903 2673 3491 2756; baseline 0.001 -26"><span class='ocrx_word' id='word_1_487' title='bbox 1903 2675 1971 2730; x_wconf 86' lang='lat' dir='ltr'><strong>de</strong></span> <span class='ocrx_word' id='word_1_488' title='bbox 2002 2676 2238 2756; x_wconf 75' lang='lat' dir='ltr'><strong>arcltivis</strong></span> <span class='ocrx_word' id='word_1_489' title='bbox 2269 2675 2478 2746; x_wconf 72' lang='lat' dir='ltr'><strong>prolata</strong></span> <span class='ocrx_word' id='word_1_490' title='bbox 2505 2673 2797 2741; x_wconf 66' lang='lat' dir='ltr'><strong>aderamus</strong></span> <span class='ocrx_word' id='word_1_491' title='bbox 2821 2678 2873 2730; x_wconf 88' lang='lat' dir='ltr'><strong>in</strong></span> <span class='ocrx_word' id='word_1_492' title='bbox 2903 2674 3004 2735; x_wconf 84' lang='lat' dir='ltr'><strong>hac</strong></span> <span class='ocrx_word' id='word_1_493' title='bbox 3031 2675 3326 2733; x_wconf 88' lang='lat' dir='ltr'><strong>collatione</strong></span> <span class='ocrx_word' id='word_1_494' title='bbox 3353 2679 3491 2734; x_wconf 77' lang='lat' dir='ltr'><strong>reci—</strong></span> 
     </span>
    </p>
   </div>
   <div class='ocr_carea' id='block_1_71' title="bbox 1905 2767 3495 2849">
    <p class='ocr_par' dir='ltr' id='par_1_71' title="bbox 1905 2767 3495 2849">
     <span class='ocr_line' id='line_1_71' title="bbox 1905 2767 3495 2849; baseline 0.003 -26"><span class='ocrx_word' id='word_1_495' title='bbox 1905 2768 2068 2836; x_wconf 86' lang='lat' dir='ltr'><strong>tanda</strong></span> <span class='ocrx_word' id='word_1_496' title='bbox 2089 2810 2103 2835; x_wconf 93' lang='lat'><strong>,</strong></span> <span class='ocrx_word' id='word_1_497' title='bbox 2136 2767 2240 2841; x_wconf 89' lang='lat' dir='ltr'><strong>ipsi</strong></span> <span class='ocrx_word' id='word_1_498' title='bbox 2271 2779 2468 2849; x_wconf 81' lang='lat' dir='ltr'><strong>cogunt</strong></span> <span class='ocrx_word' id='word_1_499' title='bbox 2494 2769 2585 2842; x_wconf 84' lang='lat' dir='ltr'><strong>qui</strong></span> <span class='ocrx_word' id='word_1_500' title='bbox 2637 2767 2835 2825; x_wconf 90' lang='lat' dir='ltr'><strong>talibus</strong></span> <span class='ocrx_word' id='word_1_501' title='bbox 2865 2778 3054 2842; x_wconf 78' lang='lat' dir='ltr'><strong>agunt,</strong></span> <span class='ocrx_word' id='word_1_502' title='bbox 3078 2768 3214 2825; x_wconf 85' lang='lat' dir='ltr'><strong>Nam</strong></span> <span class='ocrx_word' id='word_1_503' title='bbox 3243 2772 3289 2825; x_wconf 90' lang='lat' dir='ltr'><strong>si</strong></span> <span class='ocrx_word' id='word_1_504' title='bbox 3315 2786 3495 2840; x_wconf 86' lang='lat' dir='ltr'><strong>remo—</strong></span> 
     </span>
    </p>
   </div>
   <div class='ocr_carea' id='block_1_72' title="bbox 1905 2859 3497 2930">
    <p class='ocr_par' dir='ltr' id='par_1_72' title="bbox 1905 2859 3497 2930">
     <span class='ocr_line' id='line_1_72' title="bbox 1905 2859 3497 2930; baseline 0.001 -16"><span class='ocrx_word' id='word_1_505' title='bbox 1905 2860 1975 2926; x_wconf 80' lang='lat' dir='ltr'><strong>tis</strong></span> <span class='ocrx_word' id='word_1_506' title='bbox 2002 2859 2378 2928; x_wconf 80' lang='lat' dir='ltr'><strong>hujuscemodi</strong></span> <span class='ocrx_word' id='word_1_507' title='bbox 2421 2860 2671 2925; x_wconf 88' lang='lat' dir='ltr'><strong>omnibus</strong></span> <span class='ocrx_word' id='word_1_508' title='bbox 2701 2859 2904 2915; x_wconf 86' lang='lat' dir='ltr'><strong>chartis</strong></span> <span class='ocrx_word' id='word_1_509' title='bbox 2952 2861 3162 2917; x_wconf 92' lang='lat' dir='ltr'><strong>nollent</strong></span> <span class='ocrx_word' id='word_1_510' title='bbox 3198 2862 3497 2930; x_wconf 87' lang='lat' dir='ltr'><strong>Ecclesiam</strong></span> 
     </span>
    </p>
   </div>
   <div class='ocr_carea' id='block_1_73' title="bbox 1906 2951 3500 3023">
    <p class='ocr_par' dir='ltr' id='par_1_73' title="bbox 1906 2951 3500 3023">
     <span class='ocr_line' id='line_1_73' title="bbox 1906 2951 3500 3023; baseline -0.001 -12"><span class='ocrx_word' id='word_1_511' title='bbox 1906 2951 2008 3011; x_wconf 86' lang='lat' dir='ltr'><strong>nisi</strong></span> <span class='ocrx_word' id='word_1_512' title='bbox 2033 2953 2086 3021; x_wconf 83' lang='lat' dir='ltr'><strong>in</strong></span> <span class='ocrx_word' id='word_1_513' title='bbox 2112 2951 2406 3023; x_wconf 80' lang='lat' dir='ltr'><strong>Scriptur-is</strong></span> <span class='ocrx_word' id='word_1_514' title='bbox 2429 2951 2660 3018; x_wconf 87' lang='lat' dir='ltr'><strong>adverti,</strong></span> <span class='ocrx_word' id='word_1_515' title='bbox 2685 2951 2817 3006; x_wconf 88' lang='lat' dir='ltr'><strong>nihil</strong></span> <span class='ocrx_word' id='word_1_516' title='bbox 2848 2951 3154 3020; x_wconf 74' lang='lat' dir='ltr'><strong>vellemus,</strong></span> <span class='ocrx_word' id='word_1_517' title='bbox 3186 2953 3318 3009; x_wconf 89' lang='lat' dir='ltr'><strong>nihil</strong></span> <span class='ocrx_word' id='word_1_518' title='bbox 3348 2955 3500 3010; x_wconf 89' lang='lat' dir='ltr'><strong>aliud</strong></span> 
     </span>
    </p>
   </div>
   <div class='ocr_carea' id='block_1_74' title="bbox 1906 3042 3497 3121">
    <p class='ocr_par' dir='ltr' id='par_1_74' title="bbox 1906 3042 3497 3121">
     <span class='ocr_line' id='line_1_74' title="bbox 1906 3042 3497 3121; baseline 0.003 -22"><span class='ocrx_word' id='word_1_519' title='bbox 1906 3053 2244 3121; x_wconf 84' lang='lat' dir='ltr'><strong>optaremus.</strong></span> <span class='ocrx_word' id='word_1_520' title='bbox 2272 3042 2514 3115; x_wconf 80' lang='lat' dir='ltr'><strong>Crimina</strong></span> <span class='ocrx_word' id='word_1_521' title='bbox 2560 3044 2746 3102; x_wconf 91' lang='lat' dir='ltr'><strong>dicunt</strong></span> <span class='ocrx_word' id='word_1_522' title='bbox 2785 3045 3113 3102; x_wconf 85' lang='lat' dir='ltr'><strong>traditionis.</strong></span> <span class='ocrx_word' id='word_1_523' title='bbox 3157 3047 3234 3103; x_wconf 87' lang='lat' dir='ltr'><strong>Ea</strong></span> <span class='ocrx_word' id='word_1_524' title='bbox 3267 3049 3497 3105; x_wconf 89' lang='lat' dir='ltr'><strong>crimina</strong></span> 
     </span>
    </p>
   </div>
   <div class='ocr_carea' id='block_1_75' title="bbox 1911 3136 3501 3226">
    <p class='ocr_par' dir='ltr' id='par_1_75' title="bbox 1911 3136 3501 3226">
     <span class='ocr_line' id='line_1_75' title="bbox 1911 3136 3501 3226; baseline 0.004 -34"><span class='ocrx_word' id='word_1_525' title='bbox 1911 3138 2218 3206; x_wconf 82' lang='lat' dir='ltr'><strong>traditionis</strong></span> <span class='ocrx_word' id='word_1_526' title='bbox 2269 3145 2361 3206; x_wconf 88' lang='lat' dir='ltr'><strong>aut</strong></span> <span class='ocrx_word' id='word_1_527' title='bbox 2417 3151 2523 3192; x_wconf 92' lang='lat' dir='ltr'><strong>non</strong></span> <span class='ocrx_word' id='word_1_528' title='bbox 2589 3136 2823 3226; x_wconf 82' lang='lat' dir='ltr'><strong>probant</strong></span> <span class='ocrx_word' id='word_1_529' title='bbox 2872 3137 3153 3213; x_wconf 75' lang='lat' dir='ltr'><strong>archivis,</strong></span> <span class='ocrx_word' id='word_1_530' title='bbox 3237 3152 3293 3197; x_wconf 90' lang='lat' dir='ltr'><strong>et</strong></span> <span class='ocrx_word' id='word_1_531' title='bbox 3365 3141 3501 3198; x_wconf 91' lang='lat' dir='ltr'><strong>nihil</strong></span> 
     </span>
    </p>
   </div>
   <div class='ocr_carea' id='block_1_76' title="bbox 1825 3217 3497 3315">
    <p class='ocr_par' dir='ltr' id='par_1_76' title="bbox 1825 3217 3497 3315">
     <span class='ocr_line' id='line_1_76' title="bbox 1825 3217 3497 3315; baseline 0.005 -31"><span class='ocrx_word' id='word_1_532' title='bbox 1825 3217 1872 3292; x_wconf 71' lang='grc' dir='ltr'>Ω</span> <span class='ocrx_word' id='word_1_533' title='bbox 1906 3229 2132 3312; x_wconf 51' lang='lat' dir='ltr'><strong>dicunt;</strong></span> <span class='ocrx_word' id='word_1_534' title='bbox 2153 3230 2246 3300; x_wconf 73' lang='lat' dir='ltr'><strong>aut</strong></span> <span class='ocrx_word' id='word_1_535' title='bbox 2277 3231 2542 3315; x_wconf 83' lang='lat' dir='ltr'><strong>probant,</strong></span> <span class='ocrx_word' id='word_1_536' title='bbox 2575 3217 2631 3285; x_wconf 83' lang='lat' dir='ltr'><strong>et</strong></span> <span class='ocrx_word' id='word_1_537' title='bbox 2656 3230 2889 3286; x_wconf 89' lang='lat' dir='ltr'><strong>archivis</strong></span> <span class='ocrx_word' id='word_1_538' title='bbox 2927 3247 3027 3293; x_wconf 84' lang='lat' dir='ltr'><strong>nos</strong></span> <span class='ocrx_word' id='word_1_539' title='bbox 3052 3229 3293 3307; x_wconf 81' lang='lat' dir='ltr'><strong>vicissim</strong></span> <span class='ocrx_word' id='word_1_540' title='bbox 3337 3250 3497 3306; x_wconf 84' lang='lat' dir='ltr'><strong>agere</strong></span> 
     </span>
    </p>
   </div>
   <div class='ocr_carea' id='block_1_77' title="bbox 1901 3315 3499 3401">
    <p class='ocr_par' dir='ltr' id='par_1_77' title="bbox 1901 3315 3499 3401">
     <span class='ocr_line' id='line_1_77' title="bbox 1901 3315 3499 3401; baseline 0.006 -26"><span class='ocrx_word' id='word_1_541' title='bbox 1901 3322 2259 3401; x_wconf 79' lang='lat' dir='ltr'><strong>compellunt.</strong></span> <span class='ocrx_word' id='word_1_542' title='bbox 2291 3322 2477 3401; x_wconf 81' lang='lat' dir='ltr'><strong>Itaque</strong></span> <span class='ocrx_word' id='word_1_543' title='bbox 2524 3315 2766 3395; x_wconf 86' lang='lat' dir='ltr'><strong>pervidet</strong></span> <span class='ocrx_word' id='word_1_544' title='bbox 2819 3324 3132 3395; x_wconf 68' lang='lat' dir='ltr'><strong>praestantia</strong></span> <span class='ocrx_word' id='word_1_545' title='bbox 3174 3334 3262 3381; x_wconf 91' lang='lat' dir='ltr'><strong>tua</strong></span> <span class='ocrx_word' id='word_1_546' title='bbox 3305 3326 3499 3385; x_wconf 81' lang='lat' dir='ltr'><strong>distin-</strong></span> 
     </span>
    </p>
   </div>
   <div class='ocr_carea' id='block_1_78' title="bbox 1901 3400 3500 3504">
    <p class='ocr_par' dir='ltr' id='par_1_78' title="bbox 1901 3400 3500 3504">
     <span class='ocr_line' id='line_1_78' title="bbox 1901 3400 3500 3504; baseline 0.004 -36"><span class='ocrx_word' id='word_1_547' title='bbox 1901 3400 2145 3484; x_wconf 82' lang='lat' dir='ltr'><strong>guendas</strong></span> <span class='ocrx_word' id='word_1_548' title='bbox 2174 3428 2296 3470; x_wconf 90' lang='lat' dir='ltr'><strong>esse</strong></span> <span class='ocrx_word' id='word_1_549' title='bbox 2323 3400 2554 3479; x_wconf 83' lang='lat' dir='ltr'><strong>causas,</strong></span> <span class='ocrx_word' id='word_1_550' title='bbox 2586 3413 2802 3485; x_wconf 79' lang='lat' dir='ltr'><strong>quando</strong></span> <span class='ocrx_word' id='word_1_551' title='bbox 2825 3429 3085 3486; x_wconf 80' lang='lat' dir='ltr'><strong>cogamur</strong></span> <span class='ocrx_word' id='word_1_552' title='bbox 3115 3414 3343 3504; x_wconf 78' lang='lat' dir='ltr'><strong>publicis</strong></span> <span class='ocrx_word' id='word_1_553' title='bbox 3365 3417 3500 3502; x_wconf 80' lang='lat' dir='ltr'><strong>legi-</strong></span> 
     </span>
    </p>
   </div>
   <div class='ocr_carea' id='block_1_79' title="bbox 1902 3504 3502 3583">
    <p class='ocr_par' dir='ltr' id='par_1_79' title="bbox 1902 3504 3502 3583">
     <span class='ocr_line' id='line_1_79' title="bbox 1902 3504 3502 3583; baseline 0.003 -21"><span class='ocrx_word' id='word_1_554' title='bbox 1902 3506 2003 3576; x_wconf 85' lang='lat' dir='ltr'><strong>bus</strong></span> <span class='ocrx_word' id='word_1_555' title='bbox 2052 3521 2246 3576; x_wconf 85' lang='lat' dir='ltr'><strong>agere;</strong></span> <span class='ocrx_word' id='word_1_556' title='bbox 2289 3505 2507 3576; x_wconf 81' lang='lat' dir='ltr'><strong>quando</strong></span> <span class='ocrx_word' id='word_1_557' title='bbox 2531 3513 2712 3572; x_wconf 81' lang='lat' dir='ltr'><strong>autem</strong></span> <span class='ocrx_word' id='word_1_558' title='bbox 2745 3504 2977 3563; x_wconf 86' lang='lat' dir='ltr'><strong>velimus</strong></span> <span class='ocrx_word' id='word_1_559' title='bbox 3030 3516 3084 3576; x_wconf 85' lang='lat' dir='ltr'><strong>et</strong></span> <span class='ocrx_word' id='word_1_560' title='bbox 3122 3517 3373 3583; x_wconf 82' lang='lat' dir='ltr'><strong>optemus</strong></span> <span class='ocrx_word' id='word_1_561' title='bbox 3405 3526 3502 3567; x_wconf 91' lang='lat' dir='ltr'><strong>ne-</strong></span> 
     </span>
    </p>
   </div>
   <div class='ocr_carea' id='block_1_80' title="bbox 1901 3596 3493 3675">
    <p class='ocr_par' dir='ltr' id='par_1_80' title="bbox 1901 3596 3493 3675">
     <span class='ocr_line' id='line_1_80' title="bbox 1901 3596 3493 3675; baseline 0.005 -21"><span class='ocrx_word' id='word_1_562' title='bbox 1901 3599 2108 3674; x_wconf 89' lang='lat' dir='ltr'><strong>gotium</strong></span> <span class='ocrx_word' id='word_1_563' title='bbox 2139 3596 2397 3654; x_wconf 76' lang='lat' dir='ltr'><strong>Ecclesia:</strong></span> <span class='ocrx_word' id='word_1_564' title='bbox 2421 3614 2526 3667; x_wconf 86' lang='lat' dir='ltr'><strong>non</strong></span> <span class='ocrx_word' id='word_1_565' title='bbox 2562 3599 2662 3655; x_wconf 90' lang='lat' dir='ltr'><strong>nisi</strong></span> <span class='ocrx_word' id='word_1_566' title='bbox 2691 3600 2890 3656; x_wconf 89' lang='lat' dir='ltr'><strong>divinis</strong></span> <span class='ocrx_word' id='word_1_567' title='bbox 2931 3599 3162 3671; x_wconf 83' lang='lat' dir='ltr'><strong>eloquiis</strong></span> <span class='ocrx_word' id='word_1_568' title='bbox 3193 3604 3493 3675; x_wconf 83' lang='lat' dir='ltr'><strong>terminari.</strong></span> 
     </span>
    </p>
   </div>
   <div class='ocr_carea' id='block_1_81' title="bbox 1901 3688 3497 3780">
    <p class='ocr_par' dir='ltr' id='par_1_81' title="bbox 1901 3688 3497 3780">
     <span class='ocr_line' id='line_1_81' title="bbox 1901 3688 3497 3780; baseline 0.003 -33"><span class='ocrx_word' id='word_1_569' title='bbox 1901 3689 1974 3760; x_wconf 78' lang='lat' dir='ltr'><strong>Et</strong></span> <span class='ocrx_word' id='word_1_570' title='bbox 1999 3692 2105 3746; x_wconf 88' lang='lat' dir='ltr'><strong>alia</strong></span> <span class='ocrx_word' id='word_1_571' title='bbox 2130 3690 2293 3766; x_wconf 73' lang='lat'><strong>306</strong></span> <span class='ocrx_word' id='word_1_572' title='bbox 2313 3706 2489 3754; x_wconf 84' lang='lat' dir='ltr'><strong>manu.</strong></span> <span class='ocrx_word' id='word_1_573' title='bbox 2521 3689 2852 3760; x_wconf 73' lang='lat' dir='ltr'><strong>Recoguovi.</strong></span> <span class='ocrx_word' id='word_1_574' title='bbox 2885 3688 3178 3746; x_wconf 81' lang='lat' dir='ltr'><strong>Petilianus</strong></span> <span class='ocrx_word' id='word_1_575' title='bbox 3223 3694 3497 3780; x_wconf 76' lang='lat' dir='ltr'><strong>episcopus</strong></span> 
     </span>
    </p>
   </div>
   <div class='ocr_carea' id='block_1_82' title="bbox 1903 3781 3500 3878">
    <p class='ocr_par' dir='ltr' id='par_1_82' title="bbox 1903 3781 3500 3878">
     <span class='ocr_line' id='line_1_82' title="bbox 1903 3781 3500 3878; baseline -0.001 -40"><span class='ocrx_word' id='word_1_576' title='bbox 1903 3783 2197 3855; x_wconf 84' lang='lat' dir='ltr'><strong>dixit.Quid</strong></span> <span class='ocrx_word' id='word_1_577' title='bbox 2210 3782 2432 3853; x_wconf 83' lang='lat' dir='ltr'><strong>elegerit</strong></span> <span class='ocrx_word' id='word_1_578' title='bbox 2451 3781 2612 3838; x_wconf 85' lang='lat' dir='ltr'><strong>dicat.</strong></span> <span class='ocrx_word' id='word_1_579' title='bbox 2631 3783 2804 3838; x_wconf 84' lang='lat' dir='ltr'><strong>Ambo</strong></span> <span class='ocrx_word' id='word_1_580' title='bbox 2825 3784 2965 3838; x_wconf 91' lang='lat' dir='ltr'><strong>enim</strong></span> <span class='ocrx_word' id='word_1_581' title='bbox 2995 3787 3311 3864; x_wconf 47' lang='lat' dir='ltr'><strong>tenere’non</strong></span> <span class='ocrx_word' id='word_1_582' title='bbox 3340 3800 3500 3878; x_wconf 70' lang='lat' dir='ltr'><strong>pote.</strong></span> 
     </span>
    </p>
   </div>
   <div class='ocr_carea' id='block_1_83' title="bbox 1903 3860 3498 3961">
    <p class='ocr_par' dir='ltr' id='par_1_83' title="bbox 1903 3860 3498 3961">
     <span class='ocr_line' id='line_1_83' title="bbox 1903 3860 3498 3961; baseline 0.005 -29"><span class='ocrx_word' id='word_1_583' title='bbox 1903 3886 2028 3933; x_wconf 91' lang='lat' dir='ltr'><strong>runt</strong></span> <span class='ocrx_word' id='word_1_584' title='bbox 2059 3873 2147 3931; x_wconf 89' lang='lat' dir='ltr'><strong>.Et</strong></span> <span class='ocrx_word' id='word_1_585' title='bbox 2175 3876 2280 3930; x_wconf 86' lang='lat' dir='ltr'><strong>alia</strong></span> <span class='ocrx_word' id='word_1_586' title='bbox 2307 3892 2482 3930; x_wconf 84' lang='lat' dir='ltr'><strong>manu.</strong></span> <span class='ocrx_word' id='word_1_587' title='bbox 2513 3875 2806 3945; x_wconf 77' lang='lat' dir='ltr'><strong>Petiliauus</strong></span> <span class='ocrx_word' id='word_1_588' title='bbox 2833 3861 3120 3961; x_wconf 82' lang='lat' dir='ltr'><strong>episcopus</strong></span> <span class='ocrx_word' id='word_1_589' title='bbox 3162 3860 3498 3955; x_wconf 49' lang='lat' dir='ltr'><strong>prosecutio-</strong></span> 
     </span>
    </p>
   </div>
   <div class='ocr_carea' id='block_1_84' title="bbox 1902 3968 3268 4058">
    <p class='ocr_par' dir='ltr' id='par_1_84' title="bbox 1902 3968 3268 4058">
     <span class='ocr_line' id='line_1_84' title="bbox 1902 3968 3268 4058; baseline 0.001 -31"><span class='ocrx_word' id='word_1_590' title='bbox 1902 3987 2026 4041; x_wconf 80' lang='lat' dir='ltr'><strong>item</strong></span> <span class='ocrx_word' id='word_1_591' title='bbox 2059 3985 2233 4027; x_wconf 83' lang='lat' dir='ltr'><strong>meam</strong></span> <span class='ocrx_word' id='word_1_592' title='bbox 2267 3968 2525 4027; x_wconf 89' lang='lat' dir='ltr'><strong>incolumi</strong></span> <span class='ocrx_word' id='word_1_593' title='bbox 2551 3969 2913 4058; x_wconf 83' lang='lat' dir='ltr'><strong>appellatione</strong></span> <span class='ocrx_word' id='word_1_594' title='bbox 2947 3975 3268 4046; x_wconf 85' lang='lat' dir='ltr'><strong>recognovi.</strong></span> 
     </span>
    </p>
   </div>
   <div class='ocr_carea' id='block_1_85' title="bbox 1976 4062 3496 4132">
    <p class='ocr_par' dir='ltr' id='par_1_85' title="bbox 1976 4062 3496 4132">
     <span class='ocr_line' id='line_1_85' title="bbox 1976 4062 3496 4132; baseline 0.009 -17"><span class='ocrx_word' id='word_1_595' title='bbox 1976 4064 2101 4126; x_wconf 71' lang='grc'><strong>156.</strong></span> <span class='ocrx_word' id='word_1_596' title='bbox 2134 4062 2474 4130; x_wconf 76' lang='lat' dir='ltr'><strong>Marcellinus</strong></span> <span class='ocrx_word' id='word_1_597' title='bbox 2490 4064 2566 4117; x_wconf 80' lang='lat' dir='ltr'><strong>vir</strong></span> <span class='ocrx_word' id='word_1_598' title='bbox 2589 4064 2907 4124; x_wconf 84' lang='lat' dir='ltr'><strong>clarissimus</strong></span> <span class='ocrx_word' id='word_1_599' title='bbox 2932 4065 3165 4122; x_wconf 78' lang='lat' dir='ltr'><strong>tribunus</strong></span> <span class='ocrx_word' id='word_1_600' title='bbox 3182 4078 3230 4124; x_wconf 88' lang='lat' dir='ltr'><strong>et</strong></span> <span class='ocrx_word' id='word_1_601' title='bbox 3258 4073 3496 4132; x_wconf 85' lang='lat' dir='ltr'><strong>notarius</strong></span> 
     </span>
    </p>
   </div>
   <div class='ocr_carea' id='block_1_86' title="bbox 1902 4155 3499 4232">
    <p class='ocr_par' dir='ltr' id='par_1_86' title="bbox 1902 4155 3499 4232">
     <span class='ocr_line' id='line_1_86' title="bbox 1902 4155 3499 4232; baseline 0.007 -21"><span class='ocrx_word' id='word_1_602' title='bbox 1902 4159 2055 4213; x_wconf 83' lang='lat' dir='ltr'><strong>dixit.</strong></span> <span class='ocrx_word' id='word_1_603' title='bbox 2107 4155 2519 4228; x_wconf 82' lang='lat' dir='ltr'><strong>Apertissimam</strong></span> <span class='ocrx_word' id='word_1_604' title='bbox 2552 4158 2993 4232; x_wconf 82' lang='lat' dir='ltr'><strong>prosecutiouem</strong></span> <span class='ocrx_word' id='word_1_605' title='bbox 3033 4161 3205 4230; x_wconf 90' lang='lat' dir='ltr'><strong>partis</strong></span> <span class='ocrx_word' id='word_1_606' title='bbox 3252 4163 3499 4222; x_wconf 78' lang='lat' dir='ltr'><strong>adversa:</strong></span> 
     </span>
    </p>
   </div>
   <div class='ocr_carea' id='block_1_87' title="bbox 1904 4239 3496 4325">
    <p class='ocr_par' dir='ltr' id='par_1_87' title="bbox 1904 4239 3496 4325">
     <span class='ocr_line' id='line_1_87' title="bbox 1904 4239 3496 4325; baseline 0.006 -22"><span class='ocrx_word' id='word_1_607' title='bbox 1904 4250 2070 4307; x_wconf 78' lang='lat' dir='ltr'><strong>fuisse</strong></span> <span class='ocrx_word' id='word_1_608' title='bbox 2094 4249 2224 4317; x_wconf 86' lang='lat' dir='ltr'><strong>satis</strong></span> <span class='ocrx_word' id='word_1_609' title='bbox 2262 4248 2468 4303; x_wconf 88' lang='lat' dir='ltr'><strong>clarum</strong></span> <span class='ocrx_word' id='word_1_610' title='bbox 2515 4258 2600 4306; x_wconf 86' lang='lat' dir='ltr'><strong>est</strong></span> <span class='ocrx_word' id='word_1_611' title='bbox 2629 4270 2640 4303; x_wconf 89' lang='lat'><strong>:</strong></span> <span class='ocrx_word' id='word_1_612' title='bbox 2669 4249 2719 4304; x_wconf 92' lang='lat' dir='ltr'><strong>in</strong></span> <span class='ocrx_word' id='word_1_613' title='bbox 2751 4264 2855 4325; x_wconf 81' lang='lat' dir='ltr'><strong>qua</strong></span> <span class='ocrx_word' id='word_1_614' title='bbox 2887 4249 2941 4305; x_wconf 92' lang='lat' dir='ltr'><strong>id</strong></span> <span class='ocrx_word' id='word_1_615' title='bbox 2964 4239 3189 4308; x_wconf 83' lang='lat' dir='ltr'><strong>videtur</strong></span> <span class='ocrx_word' id='word_1_616' title='bbox 3218 4265 3496 4315; x_wconf 88' lang='lat' dir='ltr'><strong>ostensum</strong></span> 
     </span>
    </p>
   </div>
   <div class='ocr_carea' id='block_1_88' title="bbox 1905 4341 3496 4428">
    <p class='ocr_par' dir='ltr' id='par_1_88' title="bbox 1905 4341 3496 4428">
     <span class='ocr_line' id='line_1_88' title="bbox 1905 4341 3496 4428; baseline 0.006 -32"><span class='ocrx_word' id='word_1_617' title='bbox 1905 4343 2033 4401; x_wconf 91' lang='lat' dir='ltr'><strong>utsi</strong></span> <span class='ocrx_word' id='word_1_618' title='bbox 2067 4341 2371 4401; x_wconf 89' lang='lat' dir='ltr'><strong>traditionis</strong></span> <span class='ocrx_word' id='word_1_619' title='bbox 2417 4343 2623 4397; x_wconf 90' lang='lat' dir='ltr'><strong>crimen</strong></span> <span class='ocrx_word' id='word_1_620' title='bbox 2670 4343 2950 4428; x_wconf 57' lang='lat' dir='ltr'><strong>obiicitur,</strong></span> <span class='ocrx_word' id='word_1_621' title='bbox 2989 4345 3132 4415; x_wconf 92' lang='lat' dir='ltr'><strong>quod</strong></span> <span class='ocrx_word' id='word_1_622' title='bbox 3164 4348 3282 4404; x_wconf 87' lang='lat' dir='ltr'><strong>sine</strong></span> <span class='ocrx_word' id='word_1_623' title='bbox 3328 4349 3496 4412; x_wconf 91' lang='lat' dir='ltr'><strong>dubio</strong></span> 
     </span>
    </p>
   </div>
   <div class='ocr_carea' id='block_1_89' title="bbox 1903 4434 3599 4524">
    <p class='ocr_par' dir='ltr' id='par_1_89' title="bbox 1903 4434 3599 4524">
     <span class='ocr_line' id='line_1_89' title="bbox 1903 4434 3599 4524; baseline 0.006 -35"><span class='ocrx_word' id='word_1_624' title='bbox 1903 4434 2112 4506; x_wconf 86' lang='lat' dir='ltr'><strong>legibus</strong></span> <span class='ocrx_word' id='word_1_625' title='bbox 2137 4434 2336 4499; x_wconf 88' lang='lat' dir='ltr'><strong>divinis</strong></span> <span class='ocrx_word' id='word_1_626' title='bbox 2367 4449 2474 4506; x_wconf 75' lang='lat' dir='ltr'><strong>nun</strong></span> <span class='ocrx_word' id='word_1_627' title='bbox 2506 4444 2686 4510; x_wconf 86' lang='lat' dir='ltr'><strong>potest</strong></span> <span class='ocrx_word' id='word_1_628' title='bbox 2709 4437 3031 4524; x_wconf 82' lang='lat' dir='ltr'><strong>approbari,</strong></span> <span class='ocrx_word' id='word_1_629' title='bbox 3075 4441 3174 4510; x_wconf 81' lang='lat' dir='ltr'><strong>sed</strong></span> <span class='ocrx_word' id='word_1_630' title='bbox 3214 4450 3496 4516; x_wconf 86' lang='lat' dir='ltr'><strong>gestorum</strong></span> <span class='ocrx_word' id='word_1_631' title='bbox 3595 4488 3599 4499; x_wconf 82' lang='lat'><strong>..</strong></span> 
     </span>
    </p>
   </div>
   <div class='ocr_carea' id='block_1_90' title="bbox 1902 4525 3500 4606">
    <p class='ocr_par' dir='ltr' id='par_1_90' title="bbox 1902 4525 3500 4606">
     <span class='ocr_line' id='line_1_90' title="bbox 1902 4525 3500 4606; baseline 0.005 -22"><span class='ocrx_word' id='word_1_632' title='bbox 1902 4529 2011 4585; x_wconf 84' lang='lat' dir='ltr'><strong>ﬁde</strong></span> <span class='ocrx_word' id='word_1_633' title='bbox 2039 4530 2354 4605; x_wconf 85' lang='lat' dir='ltr'><strong>diligentius</strong></span> <span class='ocrx_word' id='word_1_634' title='bbox 2382 4525 2614 4587; x_wconf 89' lang='lat' dir='ltr'><strong>inveniri</strong></span> <span class='ocrx_word' id='word_1_635' title='bbox 2638 4572 2653 4594; x_wconf 91' lang='lat'><strong>,</strong></span> <span class='ocrx_word' id='word_1_636' title='bbox 2688 4540 2800 4597; x_wconf 86' lang='lat' dir='ltr'><strong>tum</strong></span> <span class='ocrx_word' id='word_1_637' title='bbox 2831 4531 3052 4588; x_wconf 90' lang='lat' dir='ltr'><strong>demum</strong></span> <span class='ocrx_word' id='word_1_638' title='bbox 3072 4534 3241 4605; x_wconf 84' lang='lat' dir='ltr'><strong>gestis</strong></span> <span class='ocrx_word' id='word_1_639' title='bbox 3267 4536 3500 4606; x_wconf 86' lang='lat' dir='ltr'><strong>publicis</strong></span> 
     </span>
    </p>
   </div>
   <div class='ocr_carea' id='block_1_91' title="bbox 190 4616 3495 4710">
    <p class='ocr_par' dir='ltr' id='par_1_91' title="bbox 190 4616 3495 4710">
     <span class='ocr_line' id='line_1_91' title="bbox 190 4616 3495 4710; baseline 0 -22"><span class='ocrx_word' id='word_1_640' title='bbox 190 4637 488 4709; x_wconf 69' lang='lat' dir='ltr'><strong>episcopus</strong></span> <span class='ocrx_word' id='word_1_641' title='bbox 535 4637 980 4709; x_wconf 70' lang='lat' dir='ltr'><strong>prosecutionem</strong></span> <span class='ocrx_word' id='word_1_642' title='bbox 1020 4651 1195 4693; x_wconf 84' lang='lat' dir='ltr'><strong>meam</strong></span> <span class='ocrx_word' id='word_1_643' title='bbox 1246 4634 1503 4693; x_wconf 89' lang='lat' dir='ltr'><strong>incolumi</strong></span> <span class='ocrx_word' id='word_1_644' title='bbox 1549 4634 1794 4706; x_wconf 79' lang='lat' dir='ltr'><strong>appella-</strong></span> <span class='ocrx_word' id='word_1_645' title='bbox 1820 4619 1876 4696; x_wconf 87' lang='lat' dir='ltr'><strong><em>D</em></strong></span> <span class='ocrx_word' id='word_1_646' title='bbox 1901 4625 2081 4679; x_wconf 90' lang='lat' dir='ltr'><strong>omnia</strong></span> <span class='ocrx_word' id='word_1_647' title='bbox 2109 4637 2458 4698; x_wconf 77' lang='lat' dir='ltr'><strong>peraguntur.</strong></span> <span class='ocrx_word' id='word_1_648' title='bbox 2495 4623 2590 4682; x_wconf 91' lang='lat' dir='ltr'><strong>Sin</strong></span> <span class='ocrx_word' id='word_1_649' title='bbox 2618 4640 2747 4697; x_wconf 88' lang='lat' dir='ltr'><strong>vero</strong></span> <span class='ocrx_word' id='word_1_650' title='bbox 2775 4641 2935 4689; x_wconf 83' lang='lat' dir='ltr'><strong>causa</strong></span> <span class='ocrx_word' id='word_1_651' title='bbox 2962 4616 3095 4687; x_wconf 82' lang='lat' dir='ltr'><strong>ﬁdei</strong></span> <span class='ocrx_word' id='word_1_652' title='bbox 3109 4633 3337 4700; x_wconf 69' lang='lat' dir='ltr'><strong>coeperit</strong></span> <span class='ocrx_word' id='word_1_653' title='bbox 3386 4633 3495 4710; x_wconf 73' lang='lat' dir='ltr'><strong>agi,</strong></span> 
     </span>
    </p>
   </div>
   <div class='ocr_carea' id='block_1_92' title="bbox 189 4731 682 4802">
    <p class='ocr_par' dir='ltr' id='par_1_92' title="bbox 189 4731 682 4802">
     <span class='ocr_line' id='line_1_92' title="bbox 189 4731 682 4802; baseline -0.002 -15"><span class='ocrx_word' id='word_1_654' title='bbox 189 4733 341 4788; x_wconf 91' lang='lat' dir='ltr'><strong>tione</strong></span> <span class='ocrx_word' id='word_1_655' title='bbox 368 4731 682 4802; x_wconf 88' lang='lat' dir='ltr'><strong>recognovi.</strong></span> 
     </span>
    </p>
   </div>
   <div class='ocr_carea' id='block_1_93' title="bbox 271 4816 1790 4892">
    <p class='ocr_par' dir='ltr' id='par_1_93' title="bbox 271 4816 1790 4892">
     <span class='ocr_line' id='line_1_93' title="bbox 271 4816 1790 4892; baseline -0.007 -6"><span class='ocrx_word' id='word_1_656' title='bbox 271 4823 399 4890; x_wconf 50' lang='lat'><strong>150.</strong></span> <span class='ocrx_word' id='word_1_657' title='bbox 433 4823 777 4892; x_wconf 70' lang='lat' dir='ltr'><strong>Marcellinus</strong></span> <span class='ocrx_word' id='word_1_658' title='bbox 801 4825 878 4880; x_wconf 80' lang='lat' dir='ltr'><strong>vir</strong></span> <span class='ocrx_word' id='word_1_659' title='bbox 894 4816 1207 4891; x_wconf 71' lang='lat' dir='ltr'><strong>clarissimus</strong></span> <span class='ocrx_word' id='word_1_660' title='bbox 1232 4822 1466 4891; x_wconf 70' lang='lat' dir='ltr'><strong>tribunus</strong></span> <span class='ocrx_word' id='word_1_661' title='bbox 1485 4830 1531 4877; x_wconf 89' lang='lat' dir='ltr'><strong>et</strong></span> <span class='ocrx_word' id='word_1_662' title='bbox 1558 4822 1790 4891; x_wconf 66' lang='lat' dir='ltr'><strong>notarius</strong></span> 
     </span>
    </p>
   </div>
   <div class='ocr_carea' id='block_1_94' title="bbox 177 4916 1790 4995">
    <p class='ocr_par' dir='ltr' id='par_1_94' title="bbox 177 4916 1790 4995">
     <span class='ocr_line' id='line_1_94' title="bbox 177 4916 1790 4995; baseline -0.001 -21"><span class='ocrx_word' id='word_1_663' title='bbox 381 4918 655 4989; x_wconf 85' lang='lat' dir='ltr'><strong>Suscipiat</strong></span> <span class='ocrx_word' id='word_1_664' title='bbox 683 4919 922 4982; x_wconf 69' lang='lat' dir='ltr'><strong>ofﬁcium</strong></span> <span class='ocrx_word' id='word_1_665' title='bbox 969 4935 1105 4991; x_wconf 26' lang='lat' dir='ltr'><strong>quas.</strong></span> <span class='ocrx_word' id='word_1_666' title='bbox 1133 4919 1202 4976; x_wconf 88' lang='lat' dir='ltr'><strong>ab</strong></span> <span class='ocrx_word' id='word_1_667' title='bbox 1244 4916 1491 4990; x_wconf 86' lang='lat' dir='ltr'><strong>utrisque</strong></span> <span class='ocrx_word' id='word_1_668' title='bbox 1540 4917 1790 4990; x_wconf 83' lang='lat' dir='ltr'><strong>partibus</strong></span> 
     </span>
    </p>
   </div>
   <div class='ocr_carea' id='block_1_95' title="bbox 189 5008 1796 5084">
    <p class='ocr_par' dir='ltr' id='par_1_95' title="bbox 189 5008 1796 5084">
     <span class='ocr_line' id='line_1_95' title="bbox 189 5008 1796 5084; baseline 0 -16"><span class='ocrx_word' id='word_1_669' title='bbox 189 5012 518 5077; x_wconf 61' lang='lat' dir='ltr'><strong>onerantur.</strong></span> <span class='ocrx_word' id='word_1_670' title='bbox 548 5023 601 5073; x_wconf 85' lang='lat' dir='ltr'><strong>et</strong></span> <span class='ocrx_word' id='word_1_671' title='bbox 630 5008 880 5071; x_wconf 76' lang='lat' dir='ltr'><strong>conferat</strong></span> <span class='ocrx_word' id='word_1_672' title='bbox 906 5021 1155 5084; x_wconf 79' lang='lat' dir='ltr'><strong>tempus,</strong></span> <span class='ocrx_word' id='word_1_673' title='bbox 1205 5022 1264 5070; x_wconf 87' lang='lat' dir='ltr'><strong>ut</strong></span> <span class='ocrx_word' id='word_1_674' title='bbox 1301 5025 1424 5084; x_wconf 66' lang='lat' dir='ltr'><strong>qua:</strong></span> <span class='ocrx_word' id='word_1_675' title='bbox 1459 5011 1642 5082; x_wconf 86' lang='lat' dir='ltr'><strong>priora</strong></span> <span class='ocrx_word' id='word_1_676' title='bbox 1670 5025 1796 5071; x_wconf 81' lang='lat' dir='ltr'><strong>esse</strong></span> 
     </span>
    </p>
   </div>
   <div class='ocr_carea' id='block_1_96' title="bbox 191 5103 1170 5172">
    <p class='ocr_par' dir='ltr' id='par_1_96' title="bbox 191 5103 1170 5172">
     <span class='ocr_line' id='line_1_96' title="bbox 191 5103 1170 5172; baseline -0.002 -11"><span class='ocrx_word' id='word_1_677' title='bbox 191 5104 534 5172; x_wconf 62' lang='lat' dir='ltr'><strong>constituit,</strong></span> <span class='ocrx_word' id='word_1_678' title='bbox 566 5103 756 5171; x_wconf 84' lang='lat' dir='ltr'><strong>eadem</strong></span> <span class='ocrx_word' id='word_1_679' title='bbox 782 5105 1102 5171; x_wconf 75' lang='lat' dir='ltr'><strong>recitantur.</strong></span> <span class='ocrx_word' id='word_1_680' title='bbox 1162 5123 1170 5128; x_wconf 71' lang='grc'><strong>’</strong></span> 
     </span>
    </p>
   </div>
   <div class='ocr_carea' id='block_1_97' title="bbox 270 5197 1791 5270">
    <p class='ocr_par' dir='ltr' id='par_1_97' title="bbox 270 5197 1791 5270">
     <span class='ocr_line' id='line_1_97' title="bbox 270 5197 1791 5270; baseline -0.004 -12"><span class='ocrx_word' id='word_1_681' title='bbox 270 5200 400 5270; x_wconf 61' lang='grc'><strong>151.</strong></span> <span class='ocrx_word' id='word_1_682' title='bbox 432 5198 730 5266; x_wconf 65' lang='lat' dir='ltr'><strong>Petiliam:</strong></span> <span class='ocrx_word' id='word_1_683' title='bbox 755 5199 1024 5270; x_wconf 68' lang='lat' dir='ltr'><strong>episcopus</strong></span> <span class='ocrx_word' id='word_1_684' title='bbox 1055 5197 1208 5259; x_wconf 74' lang='lat' dir='ltr'><strong>dixit.</strong></span> <span class='ocrx_word' id='word_1_685' title='bbox 1233 5197 1450 5264; x_wconf 79' lang='lat' dir='ltr'><strong>Sensim</strong></span> <span class='ocrx_word' id='word_1_686' title='bbox 1491 5198 1549 5255; x_wconf 88' lang='lat' dir='ltr'><strong>in</strong></span> <span class='ocrx_word' id='word_1_687' title='bbox 1573 5212 1791 5266; x_wconf 84' lang='lat' dir='ltr'><strong>causam</strong></span> 
     </span>
    </p>
   </div>
   <div class='ocr_carea' id='block_1_98' title="bbox 188 5277 1792 5369">
    <p class='ocr_par' dir='ltr' id='par_1_98' title="bbox 188 5277 1792 5369">
     <span class='ocr_line' id='line_1_98' title="bbox 188 5277 1792 5369; baseline -0.004 -21"><span class='ocrx_word' id='word_1_688' title='bbox 188 5289 525 5348; x_wconf 86' lang='lat' dir='ltr'><strong>inducimur.</strong></span> <span class='ocrx_word' id='word_1_689' title='bbox 562 5289 626 5345; x_wconf 88' lang='lat' dir='ltr'><strong>Et</strong></span> <span class='ocrx_word' id='word_1_690' title='bbox 647 5277 761 5344; x_wconf 64' lang='lat' dir='ltr'><strong>itlia</strong></span> <span class='ocrx_word' id='word_1_691' title='bbox 789 5306 967 5369; x_wconf 80' lang='lat' dir='ltr'><strong>manu.</strong></span> <span class='ocrx_word' id='word_1_692' title='bbox 1005 5290 1306 5352; x_wconf 80' lang='lat' dir='ltr'><strong>Petiliauus</strong></span> <span class='ocrx_word' id='word_1_693' title='bbox 1349 5289 1792 5363; x_wconf 25' lang='lat' dir='ltr'><strong>episcopus&#39;pro;</strong></span> 
     </span>
    </p>
   </div>
   <div class='ocr_carea' id='block_1_99' title="bbox 191 5384 1752 5457">
    <p class='ocr_par' dir='ltr' id='par_1_99' title="bbox 191 5384 1752 5457">
     <span class='ocr_line' id='line_1_99' title="bbox 191 5384 1752 5457; baseline -0.004 -13"><span class='ocrx_word' id='word_1_694' title='bbox 191 5385 537 5449; x_wconf 70' lang='lat' dir='ltr'><strong>attentionem</strong></span> <span class='ocrx_word' id='word_1_695' title='bbox 565 5400 743 5447; x_wconf 84' lang='lat' dir='ltr'><strong>meam</strong></span> <span class='ocrx_word' id='word_1_696' title='bbox 764 5385 1127 5457; x_wconf 81' lang='lat' dir='ltr'><strong>appellatione</strong></span> <span class='ocrx_word' id='word_1_697' title='bbox 1150 5384 1407 5449; x_wconf 83' lang='lat' dir='ltr'><strong>incolumi</strong></span> <span class='ocrx_word' id='word_1_698' title='bbox 1439 5385 1752 5456; x_wconf 88' lang='lat' dir='ltr'><strong>recognovi.</strong></span> 
     </span>
    </p>
   </div>
   <div class='ocr_carea' id='block_1_100' title="bbox 269 5469 1749 5549">
    <p class='ocr_par' dir='ltr' id='par_1_100' title="bbox 269 5469 1749 5549">
     <span class='ocr_line' id='line_1_100' title="bbox 269 5469 1749 5549; baseline -0.005 -10"><span class='ocrx_word' id='word_1_699' title='bbox 269 5479 396 5539; x_wconf 67' lang='grc'><strong>152.</strong></span> <span class='ocrx_word' id='word_1_700' title='bbox 427 5476 700 5541; x_wconf 72' lang='lat' dir='ltr'><strong>Possidius</strong></span> <span class='ocrx_word' id='word_1_701' title='bbox 729 5469 1000 5549; x_wconf 62' lang='lat' dir='ltr'><strong>cpiscopus</strong></span> <span class='ocrx_word' id='word_1_702' title='bbox 1022 5476 1278 5534; x_wconf 57' lang='lat' dir='ltr'><strong>Ecclesiae</strong></span> <span class='ocrx_word' id='word_1_703' title='bbox 1302 5478 1572 5544; x_wconf 66' lang='lat' dir='ltr'><strong>catholica</strong></span> <span class='ocrx_word' id='word_1_704' title='bbox 1598 5479 1749 5534; x_wconf 86' lang='lat' dir='ltr'><strong>dixit.</strong></span> 
     </span>
    </p>
   </div>
   <div class='ocr_carea' id='block_1_101' title="bbox 189 5562 1792 5645">
    <p class='ocr_par' dir='ltr' id='par_1_101' title="bbox 189 5562 1792 5645">
     <span class='ocr_line' id='line_1_101' title="bbox 189 5562 1792 5645; baseline 0.002 -17"><span class='ocrx_word' id='word_1_705' title='bbox 189 5570 354 5640; x_wconf 84' lang='lat' dir='ltr'><strong>Quod</strong></span> <span class='ocrx_word' id='word_1_706' title='bbox 376 5570 611 5642; x_wconf 78' lang='lat' dir='ltr'><strong>petistis,</strong></span> <span class='ocrx_word' id='word_1_707' title='bbox 651 5568 949 5633; x_wconf 73' lang='lat' dir='ltr'><strong>oﬂeﬁtitus.</strong></span> <span class='ocrx_word' id='word_1_708' title='bbox 995 5571 1114 5634; x_wconf 79' lang='lat' dir='ltr'><strong>Non</strong></span> <span class='ocrx_word' id='word_1_709' title='bbox 1142 5562 1237 5635; x_wconf 81' lang='lat' dir='ltr'><strong>vos</strong></span> <span class='ocrx_word' id='word_1_710' title='bbox 1267 5573 1526 5641; x_wconf 70' lang='lat' dir='ltr'><strong>pmoiteat</strong></span> <span class='ocrx_word' id='word_1_711' title='bbox 1566 5573 1792 5645; x_wconf 60' lang='lat' dir='ltr'><strong>petisse,</strong></span> 
     </span>
    </p>
   </div>
   <div class='ocr_carea' id='block_1_102' title="bbox 189 5650 1792 5737">
    <p class='ocr_par' dir='ltr' id='par_1_102' title="bbox 189 5650 1792 5737">
     <span class='ocr_line' id='line_1_102' title="bbox 189 5650 1792 5737; baseline -0.001 -11"><span class='ocrx_word' id='word_1_712' title='bbox 189 5666 429 5736; x_wconf 83' lang='lat' dir='ltr'><strong>Antiqua</strong></span> <span class='ocrx_word' id='word_1_713' title='bbox 477 5675 631 5737; x_wconf 85' lang='lat' dir='ltr'><strong>gesta</strong></span> <span class='ocrx_word' id='word_1_714' title='bbox 682 5667 930 5727; x_wconf 80' lang='lat' dir='ltr'><strong>voluistis</strong></span> <span class='ocrx_word' id='word_1_715' title='bbox 974 5650 1213 5725; x_wconf 86' lang='lat' dir='ltr'><strong>recitari.</strong></span> <span class='ocrx_word' id='word_1_716' title='bbox 1267 5667 1396 5729; x_wconf 70' lang='lat' dir='ltr'><strong>Haec</strong></span> <span class='ocrx_word' id='word_1_717' title='bbox 1442 5667 1496 5721; x_wconf 92' lang='lat' dir='ltr'><strong>in</strong></span> <span class='ocrx_word' id='word_1_718' title='bbox 1541 5668 1792 5730; x_wconf 80' lang='lat' dir='ltr'><strong>manibus</strong></span> 
     </span>
    </p>
   </div>
   <div class='ocr_carea' id='block_1_103' title="bbox 191 5758 1794 5830">
    <p class='ocr_par' dir='ltr' id='par_1_103' title="bbox 191 5758 1794 5830">
     <span class='ocr_line' id='line_1_103' title="bbox 191 5758 1794 5830; baseline 0 -15"><span class='ocrx_word' id='word_1_719' title='bbox 191 5759 464 5815; x_wconf 83' lang='lat' dir='ltr'><strong>habemus</strong></span> <span class='ocrx_word' id='word_1_720' title='bbox 490 5799 506 5827; x_wconf 96' lang='lat'><strong>,</strong></span> <span class='ocrx_word' id='word_1_721' title='bbox 532 5759 720 5830; x_wconf 84' lang='lat' dir='ltr'><strong>jubeat</strong></span> <span class='ocrx_word' id='word_1_722' title='bbox 756 5758 1010 5815; x_wconf 89' lang='lat' dir='ltr'><strong>nobilitas</strong></span> <span class='ocrx_word' id='word_1_723' title='bbox 1053 5769 1141 5816; x_wconf 86' lang='lat' dir='ltr'><strong>tua</strong></span> <span class='ocrx_word' id='word_1_724' title='bbox 1167 5758 1314 5830; x_wconf 78' lang='lat' dir='ltr'><strong>quod</strong></span> <span class='ocrx_word' id='word_1_725' title='bbox 1341 5758 1621 5824; x_wconf 64' lang='lat' dir='ltr'><strong>oderimus</strong></span> <span class='ocrx_word' id='word_1_726' title='bbox 1650 5759 1794 5825; x_wconf 79' lang='lat' dir='ltr'><strong>reci-</strong></span> 
     </span>
    </p>
   </div>
   <div class='ocr_carea' id='block_1_104' title="bbox 199 5851 1146 5922">
    <p class='ocr_par' dir='ltr' id='par_1_104' title="bbox 199 5851 1146 5922">
     <span class='ocr_line' id='line_1_104' title="bbox 199 5851 1146 5922; baseline 0.003 -13"><span class='ocrx_word' id='word_1_727' title='bbox 199 5852 324 5909; x_wconf 88' lang='lat' dir='ltr'><strong>tari.</strong></span> <span class='ocrx_word' id='word_1_728' title='bbox 363 5851 430 5908; x_wconf 80' lang='lat' dir='ltr'><strong>Et</strong></span> <span class='ocrx_word' id='word_1_729' title='bbox 453 5853 563 5910; x_wconf 87' lang='lat' dir='ltr'><strong>alia</strong></span> <span class='ocrx_word' id='word_1_730' title='bbox 584 5869 758 5910; x_wconf 80' lang='lat' dir='ltr'><strong>manu.</strong></span> <span class='ocrx_word' id='word_1_731' title='bbox 795 5853 1146 5922; x_wconf 55' lang='lat' dir='ltr'><strong>Recognovil</strong></span> 
     </span>
    </p>
   </div>
   <div class='ocr_carea' id='block_1_105' title="bbox 1905 4718 3498 4798">
    <p class='ocr_par' dir='ltr' id='par_1_105' title="bbox 1905 4718 3498 4798">
     <span class='ocr_line' id='line_1_105' title="bbox 1905 4718 3498 4798; baseline 0.005 -23"><span class='ocrx_word' id='word_1_732' title='bbox 1905 4727 2035 4778; x_wconf 88' lang='lat' dir='ltr'><strong>tunc</strong></span> <span class='ocrx_word' id='word_1_733' title='bbox 2067 4721 2131 4775; x_wconf 90' lang='lat' dir='ltr'><strong>ad</strong></span> <span class='ocrx_word' id='word_1_734' title='bbox 2161 4737 2222 4776; x_wconf 89' lang='lat' dir='ltr'><strong>ea</strong></span> <span class='ocrx_word' id='word_1_735' title='bbox 2251 4736 2372 4793; x_wconf 74' lang='lat' dir='ltr'><strong>qua:</strong></span> <span class='ocrx_word' id='word_1_736' title='bbox 2399 4720 2602 4780; x_wconf 89' lang='lat' dir='ltr'><strong>veteris</strong></span> <span class='ocrx_word' id='word_1_737' title='bbox 2629 4731 2684 4794; x_wconf 78' lang='lat' dir='ltr'><strong>et</strong></span> <span class='ocrx_word' id='word_1_738' title='bbox 2713 4721 2839 4788; x_wconf 87' lang='lat' dir='ltr'><strong>novi</strong></span> <span class='ocrx_word' id='word_1_739' title='bbox 2865 4718 3200 4786; x_wconf 72' lang='lat' dir='ltr'><strong>Testamenti</strong></span> <span class='ocrx_word' id='word_1_740' title='bbox 3231 4727 3498 4798; x_wconf 82' lang='lat' dir='ltr'><strong>exemplis</strong></span> 
     </span>
    </p>
   </div>
   <div class='ocr_carea' id='block_1_106' title="bbox 1903 4798 3498 4887">
    <p class='ocr_par' dir='ltr' id='par_1_106' title="bbox 1903 4798 3498 4887">
     <span class='ocr_line' id='line_1_106' title="bbox 1903 4798 3498 4887; baseline 0.001 -17"><span class='ocrx_word' id='word_1_741' title='bbox 1903 4814 2147 4887; x_wconf 86' lang='lat' dir='ltr'><strong>docenda</strong></span> <span class='ocrx_word' id='word_1_742' title='bbox 2194 4825 2319 4871; x_wconf 88' lang='lat' dir='ltr'><strong>sunt</strong></span> <span class='ocrx_word' id='word_1_743' title='bbox 2366 4815 2638 4870; x_wconf 83' lang='lat' dir='ltr'><strong>venietur.</strong></span> <span class='ocrx_word' id='word_1_744' title='bbox 2687 4813 2844 4870; x_wconf 87' lang='lat' dir='ltr'><strong>Unde</strong></span> <span class='ocrx_word' id='word_1_745' title='bbox 2894 4816 3152 4883; x_wconf 84' lang='lat' dir='ltr'><strong>sanctitas</strong></span> <span class='ocrx_word' id='word_1_746' title='bbox 3197 4798 3498 4886; x_wconf 73' lang='lat' dir='ltr'><strong>vestra,si</strong></span> 
     </span>
    </p>
   </div>
   <div class='ocr_carea' id='block_1_107' title="bbox 1901 4904 3502 5004">
    <p class='ocr_par' dir='ltr' id='par_1_107' title="bbox 1901 4904 3502 5004">
     <span class='ocr_line' id='line_1_107' title="bbox 1901 4904 3502 5004; baseline 0.006 -41"><span class='ocrx_word' id='word_1_747' title='bbox 1901 4904 2216 4980; x_wconf 85' lang='lat' dir='ltr'><strong>petitionem</strong></span> <span class='ocrx_word' id='word_1_748' title='bbox 2265 4924 2416 4966; x_wconf 89' lang='lat' dir='ltr'><strong>suam</strong></span> <span class='ocrx_word' id='word_1_749' title='bbox 2460 4909 3005 4984; x_wconf 83' lang='lat' dir='ltr'><strong>prosecutioncmque</strong></span> <span class='ocrx_word' id='word_1_750' title='bbox 3043 4911 3286 4986; x_wconf 82' lang='lat' dir='ltr'><strong>adversae</strong></span> <span class='ocrx_word' id='word_1_751' title='bbox 3331 4918 3502 5004; x_wconf 86' lang='lat' dir='ltr'><strong>partis</strong></span> 
     </span>
    </p>
   </div>
   <div class='ocr_carea' id='block_1_108' title="bbox 1902 5001 3495 5084">
    <p class='ocr_par' dir='ltr' id='par_1_108' title="bbox 1902 5001 3495 5084">
     <span class='ocr_line' id='line_1_108' title="bbox 1902 5001 3495 5084; baseline 0.004 -25"><span class='ocrx_word' id='word_1_752' title='bbox 1902 5003 2015 5059; x_wconf 92' lang='lat' dir='ltr'><strong>vult</strong></span> <span class='ocrx_word' id='word_1_753' title='bbox 2061 5002 2486 5074; x_wconf 80' lang='lat' dir='ltr'><strong>professionibus</strong></span> <span class='ocrx_word' id='word_1_754' title='bbox 2540 5001 2824 5069; x_wconf 85' lang='lat' dir='ltr'><strong>roborari,</strong></span> <span class='ocrx_word' id='word_1_755' title='bbox 2865 5001 3166 5075; x_wconf 85' lang='lat' dir='ltr'><strong>evidenter</strong></span> <span class='ocrx_word' id='word_1_756' title='bbox 3204 5001 3495 5084; x_wconf 84' lang='lat' dir='ltr'><strong>ostendat,</strong></span> 
     </span>
    </p>
   </div>
   <div class='ocr_carea' id='block_1_109' title="bbox 1901 5091 3498 5170">
    <p class='ocr_par' dir='ltr' id='par_1_109' title="bbox 1901 5091 3498 5170">
     <span class='ocr_line' id='line_1_109' title="bbox 1901 5091 3498 5170; baseline 0 -16"><span class='ocrx_word' id='word_1_757' title='bbox 1901 5108 2084 5154; x_wconf 90' lang='lat' dir='ltr'><strong>utrum</strong></span> <span class='ocrx_word' id='word_1_758' title='bbox 2131 5096 2432 5158; x_wconf 84' lang='lat' dir='ltr'><strong>traditionis</strong></span> <span class='ocrx_word' id='word_1_759' title='bbox 2468 5097 2705 5168; x_wconf 80' lang='lat' dir='ltr'><strong>crimen,</strong></span> <span class='ocrx_word' id='word_1_760' title='bbox 2749 5094 2892 5166; x_wconf 86' lang='lat' dir='ltr'><strong>quod</strong></span> <span class='ocrx_word' id='word_1_761' title='bbox 2919 5096 3142 5170; x_wconf 87' lang='lat' dir='ltr'><strong>probari</strong></span> <span class='ocrx_word' id='word_1_762' title='bbox 3185 5091 3498 5166; x_wconf 70' lang='lat' dir='ltr'><strong>nullatenus</strong></span> 
     </span>
    </p>
   </div>
   <div class='ocr_carea' id='block_1_110' title="bbox 1898 5185 3494 5268">
    <p class='ocr_par' dir='ltr' id='par_1_110' title="bbox 1898 5185 3494 5268">
     <span class='ocr_line' id='line_1_110' title="bbox 1898 5185 3494 5268; baseline 0.004 -23"><span class='ocrx_word' id='word_1_763' title='bbox 1898 5198 2116 5261; x_wconf 84' lang='lat' dir='ltr'><strong>potest,</strong></span> <span class='ocrx_word' id='word_1_764' title='bbox 2141 5187 2243 5244; x_wconf 89' lang='lat' dir='ltr'><strong>nisi</strong></span> <span class='ocrx_word' id='word_1_765' title='bbox 2278 5187 2598 5260; x_wconf 87' lang='lat' dir='ltr'><strong>quibusdam</strong></span> <span class='ocrx_word' id='word_1_766' title='bbox 2649 5185 3077 5253; x_wconf 84' lang='lat' dir='ltr'><strong>evidentissintis</strong></span> <span class='ocrx_word' id='word_1_767' title='bbox 3119 5189 3494 5268; x_wconf 82' lang='lat' dir='ltr'><strong>documentis,</strong></span> 
     </span>
    </p>
   </div>
   <div class='ocr_carea' id='block_1_111' title="bbox 1901 5268 3500 5358">
    <p class='ocr_par' dir='ltr' id='par_1_111' title="bbox 1901 5268 3500 5358">
     <span class='ocr_line' id='line_1_111' title="bbox 1901 5268 3500 5358; baseline 0.001 -18"><span class='ocrx_word' id='word_1_768' title='bbox 1901 5287 1987 5358; x_wconf 85' lang='lat' dir='ltr'><strong>agi</strong></span> <span class='ocrx_word' id='word_1_769' title='bbox 2013 5285 2066 5341; x_wconf 92' lang='lat' dir='ltr'><strong>in</strong></span> <span class='ocrx_word' id='word_1_770' title='bbox 2089 5283 2293 5356; x_wconf 85' lang='lat' dir='ltr'><strong>judicio</strong></span> <span class='ocrx_word' id='word_1_771' title='bbox 2323 5268 2596 5351; x_wconf 85' lang='lat' dir='ltr'><strong>desideret</strong></span> <span class='ocrx_word' id='word_1_772' title='bbox 2615 5322 2628 5347; x_wconf 89' lang='lat'><strong>,</strong></span> <span class='ocrx_word' id='word_1_773' title='bbox 2661 5297 2728 5340; x_wconf 84' lang='lat' dir='ltr'><strong>an</strong></span> <span class='ocrx_word' id='word_1_774' title='bbox 2765 5289 2971 5351; x_wconf 85' lang='lat' dir='ltr'><strong>tantum</strong></span> <span class='ocrx_word' id='word_1_775' title='bbox 3001 5283 3124 5340; x_wconf 88' lang='lat' dir='ltr'><strong>ﬁdei</strong></span> <span class='ocrx_word' id='word_1_776' title='bbox 3153 5300 3373 5343; x_wconf 88' lang='lat' dir='ltr'><strong>causam</strong></span> <span class='ocrx_word' id='word_1_777' title='bbox 3403 5280 3500 5346; x_wconf 62' lang='lat' dir='ltr'><strong>cu-</strong></span> 
     </span>
    </p>
   </div>
   <div class='ocr_carea' id='block_1_112' title="bbox 1898 5368 3497 5453">
    <p class='ocr_par' dir='ltr' id='par_1_112' title="bbox 1898 5368 3497 5453">
     <span class='ocr_line' id='line_1_112' title="bbox 1898 5368 3497 5453; baseline 0.002 -18"><span class='ocrx_word' id='word_1_778' title='bbox 1898 5379 1977 5450; x_wconf 84' lang='lat' dir='ltr'><strong>pit</strong></span> <span class='ocrx_word' id='word_1_779' title='bbox 2005 5378 2056 5447; x_wconf 89' lang='lat' dir='ltr'><strong>in</strong></span> <span class='ocrx_word' id='word_1_780' title='bbox 2079 5368 2290 5448; x_wconf 87' lang='lat' dir='ltr'><strong>judicio</strong></span> <span class='ocrx_word' id='word_1_781' title='bbox 2330 5374 2719 5432; x_wconf 85' lang='lat' dir='ltr'><strong>mediocritatis</strong></span> <span class='ocrx_word' id='word_1_782' title='bbox 2745 5389 2882 5434; x_wconf 69' lang='lat' dir='ltr'><strong>meae</strong></span> <span class='ocrx_word' id='word_1_783' title='bbox 2921 5375 3148 5450; x_wconf 80' lang='lat' dir='ltr'><strong>disquiri</strong></span> <span class='ocrx_word' id='word_1_784' title='bbox 3198 5387 3359 5453; x_wconf 80' lang='lat' dir='ltr'><strong>atque</strong></span> <span class='ocrx_word' id='word_1_785' title='bbox 3387 5389 3497 5439; x_wconf 90' lang='lat' dir='ltr'><strong>ter-</strong></span> 
     </span>
    </p>
   </div>
   <div class='ocr_carea' id='block_1_113' title="bbox 1899 5472 3072 5540">
    <p class='ocr_par' dir='ltr' id='par_1_113' title="bbox 1899 5472 3072 5540">
     <span class='ocr_line' id='line_1_113' title="bbox 1899 5472 3072 5540; baseline 0.009 -10"><span class='ocrx_word' id='word_1_786' title='bbox 1899 5472 2114 5530; x_wconf 86' lang='lat' dir='ltr'><strong>minari.</strong></span> <span class='ocrx_word' id='word_1_787' title='bbox 2301 5529 2306 5534; x_wconf 85' lang='lat'>,</span> <span class='ocrx_word' id='word_1_788' title='bbox 3070 5538 3072 5540; x_wconf 74' lang='grc'>,</span> 
     </span>
    </p>
   </div>
   <div class='ocr_carea' id='block_1_114' title="bbox 1971 5564 3498 5652">
    <p class='ocr_par' dir='ltr' id='par_1_114' title="bbox 1971 5564 3498 5652">
     <span class='ocr_line' id='line_1_114' title="bbox 1971 5564 3498 5652; baseline 0.005 -31"><span class='ocrx_word' id='word_1_789' title='bbox 1971 5565 2096 5624; x_wconf 75' lang='grc'><strong>157.</strong></span> <span class='ocrx_word' id='word_1_790' title='bbox 2128 5564 2389 5626; x_wconf 76' lang='lat' dir='ltr'><strong>Euteritus</strong></span> <span class='ocrx_word' id='word_1_791' title='bbox 2439 5565 2712 5652; x_wconf 67' lang='lat' dir='ltr'><strong>cpiscopus</strong></span> <span class='ocrx_word' id='word_1_792' title='bbox 2763 5565 2915 5629; x_wconf 84' lang='lat' dir='ltr'><strong>dixit.</strong></span> <span class='ocrx_word' id='word_1_793' title='bbox 2976 5566 3109 5636; x_wconf 62' lang='lat' dir='ltr'><strong>Quae</strong></span> <span class='ocrx_word' id='word_1_794' title='bbox 3163 5569 3234 5632; x_wconf 89' lang='lat' dir='ltr'><strong>ad</strong></span> <span class='ocrx_word' id='word_1_795' title='bbox 3276 5587 3498 5632; x_wconf 89' lang='lat' dir='ltr'><strong>causam</strong></span> 
     </span>
    </p>
   </div>
   <div class='ocr_carea' id='block_1_115' title="bbox 1900 5657 3590 5736">
    <p class='ocr_par' dir='ltr' id='par_1_115' title="bbox 1900 5657 3590 5736">
     <span class='ocr_line' id='line_1_115' title="bbox 1900 5657 3590 5736; baseline 0.007 -22"><span class='ocrx_word' id='word_1_796' title='bbox 1900 5660 2201 5733; x_wconf 73' lang='lat' dir='ltr'><strong>pertinent,</strong></span> <span class='ocrx_word' id='word_1_797' title='bbox 2252 5658 2456 5729; x_wconf 77' lang='lat' dir='ltr'><strong>saepius</strong></span> <span class='ocrx_word' id='word_1_798' title='bbox 2498 5674 2585 5732; x_wconf 80' lang='lat' dir='ltr'><strong>tne</strong></span> <span class='ocrx_word' id='word_1_799' title='bbox 2639 5657 2908 5723; x_wconf 75' lang='lat' dir='ltr'><strong>replicare</strong></span> <span class='ocrx_word' id='word_1_800' title='bbox 2955 5676 3064 5723; x_wconf 91' lang='lat' dir='ltr'><strong>non</strong></span> <span class='ocrx_word' id='word_1_801' title='bbox 3113 5662 3296 5732; x_wconf 76' lang='lat' dir='ltr'><strong>pudet.</strong></span> <span class='ocrx_word' id='word_1_802' title='bbox 3345 5666 3501 5724; x_wconf 85' lang='lat' dir='ltr'><strong>Adeo</strong></span> <span class='ocrx_word' id='word_1_803' title='bbox 3588 5734 3590 5736; x_wconf 18' lang='grc' dir='ltr'><strong><em>ν</em></strong></span> 
     </span>
    </p>
   </div>
   <div class='ocr_carea' id='block_1_116' title="bbox 1897 5750 3504 5833">
    <p class='ocr_par' dir='ltr' id='par_1_116' title="bbox 1897 5750 3504 5833">
     <span class='ocr_line' id='line_1_116' title="bbox 1897 5750 3504 5833; baseline 0.002 -23"><span class='ocrx_word' id='word_1_804' title='bbox 1897 5768 2044 5814; x_wconf 78' lang='lat' dir='ltr'><strong>enim</strong></span> <span class='ocrx_word' id='word_1_805' title='bbox 2091 5761 2148 5821; x_wconf 83' lang='lat' dir='ltr'><strong>et</strong></span> <span class='ocrx_word' id='word_1_806' title='bbox 2192 5753 2246 5808; x_wconf 91' lang='lat' dir='ltr'><strong>in</strong></span> <span class='ocrx_word' id='word_1_807' title='bbox 2276 5752 2448 5825; x_wconf 81' lang='lat' dir='ltr'><strong>prima</strong></span> <span class='ocrx_word' id='word_1_808' title='bbox 2505 5750 2682 5815; x_wconf 83' lang='lat' dir='ltr'><strong>fronte</strong></span> <span class='ocrx_word' id='word_1_809' title='bbox 2725 5753 2928 5825; x_wconf 84' lang='lat' dir='ltr'><strong>negotii</strong></span> <span class='ocrx_word' id='word_1_810' title='bbox 2978 5755 3397 5833; x_wconf 86' lang='lat' dir='ltr'><strong>postulavimus,</strong></span> <span class='ocrx_word' id='word_1_811' title='bbox 3443 5772 3504 5819; x_wconf 85' lang='lat' dir='ltr'><strong>ut</strong></span> 
     </span>
    </p>
   </div>
   <div class='ocr_carea' id='block_1_117' title="bbox 1861 5840 3500 5923">
    <p class='ocr_par' dir='ltr' id='par_1_117' title="bbox 1861 5840 3500 5923">
     <span class='ocr_line' id='line_1_117' title="bbox 1861 5840 3500 5923; baseline 0.008 -23"><span class='ocrx_word' id='word_1_812' title='bbox 1861 5885 1863 5887; x_wconf 58' lang='grc' dir='ltr'><strong><em>ι</em></strong></span> <span class='ocrx_word' id='word_1_813' title='bbox 1899 5845 2214 5914; x_wconf 85' lang='lat' dir='ltr'><strong>mandatum</strong></span> <span class='ocrx_word' id='word_1_814' title='bbox 2259 5845 2563 5923; x_wconf 74' lang='lat' dir='ltr'><strong>legatorum</strong></span> <span class='ocrx_word' id='word_1_815' title='bbox 2607 5857 2831 5922; x_wconf 73' lang='lat' dir='ltr'><strong>suorum</strong></span> <span class='ocrx_word' id='word_1_816' title='bbox 2860 5847 2982 5908; x_wconf 83' lang='lat' dir='ltr'><strong>luce</strong></span> <span class='ocrx_word' id='word_1_817' title='bbox 3022 5847 3225 5906; x_wconf 89' lang='lat' dir='ltr'><strong>clarius</strong></span> <span class='ocrx_word' id='word_1_818' title='bbox 3271 5840 3500 5923; x_wconf 77' lang='lat' dir='ltr'><strong>demon-</strong></span> 
     </span>
    </p>
   </div>
  </div>
