3860 6212
520 257 653 314 1591

1462 246 1693 307 GESTA
1732 244 2189 305 COLLATIONIS
2226 245 2842 311 CARTHAGINENSIS.

3654 257 3766 314 {392

516 381 790 438 strarent;
824 385 891 427 ne
912 384 1033 426 cum
1060 368 1176 423 haec
1202 367 1254 422 in
1276 364 1539 437 judicium
1573 367 1936 433 mitterentur,
1972 365 2109 423 forte
2139 368 2186 429 Α
2215 367 2360 437 quod
2400 378 2585 425 nostro
2615 372 2864 426 mandato
2895 370 3505 443 subscriptionibusque
3544 370 3769 428 firmatum

513 474 826 525 renuereut.
860 462 1090 518 Possunt
1115 459 1257 538 enim
1291 460 1474 516 dicere
1505 476 1519 513 :
1554 460 1658 515 alia
1697 461 2068 515 mandavimus
2089 502 2104 526 ,

516 574 627 616 non
659 556 845 614 eadem
885 551 1198 609 censuimus
1230 594 1244 619 ,
1300 567 1401 608 nec
1446 551 1676 622 petenda
1734 553 1801 607 ab
1841 551 2107 622 imperiali

512 660 786 725 praecepto
833 646 1225 703 consensimus.
1286 644 1443 701 Sicut
1490 648 1633 701 enim
1688 660 1852 701 nunc.
1902 643 2110 699 Etcum

515 745 703 799 diceret
739 741 833 815 (Et
860 741 969 796 alia
1017 757 1197 795 manu.
1230 740 1502 795 Emeritus
1520 738 1810 811 episcopus
1837 738 1987 794 salva
2008 751 2107 807 ap-

512 836 805 910 pellatione
832 834 1168 907 recognovi),

588 930 712 987 158.
742 928 1078 985 Marcellinus
1100 930 1176 982 vir
1196 928 1515 984 clarissimus
1542 928 1781 984 tribunus
1800 938 1848 983 et
1874 928 2109 983 notarius

513 1026 665 1088 dixit.
695 1023 819 1080 Haec
846 1024 1221 1079 universorum
1254 1022 1744 1093 subscriptionibus
1779 1028 1993 1077 constat
2022 1035 2108 1076 es-

513 1117 1007 1254 sei'gg?dl?ii:ritus
1032 1197 1307 1267 episcopus
1352 1194 1502 1249 dixit.
1555 1166 1818 1261 Quoniam
1849 1192 1955 1248 duo
1980 1200 2108 1247 sunt

510 1293 727 1365 negotia
750 1332 765 1359 ,
794 1291 902 1347 duo
940 1290 1140 1346 debent
1167 1304 1289 1345 esse
1312 1288 1584 1343 mandata.
1627 1285 1936 1342 Mandatum
1959 1288 2104 1358 quod

510 1388 569 1443 in
618 1385 835 1458 negotio
882 1384 1132 1455 pra-senti
1178 1383 1459 1438 recitatum
1481 1423 1497 1450 ,
1526 1380 1662 1437 actis
1694 1382 1953 1437 insertum
1979 1389 2102 1448 est;

510 1477 824 1536 mandatum
857 1491 986 1531 vero
1016 1473 1165 1546 quod
1196 1473 1390 1546 legatis
1408 1472 1618 1529 videtur
1646 1473 1923 1538 traditum,
1956 1474 2106 1529 nullo

510 1568 566 1626 in
611 1568 773 1625 modo
825 1568 1108 1623 recitatum
1162 1576 1265 1623 est.
1321 1568 1587 1623 Debemus
1641 1584 1770 1639 ergo
1823 1568 2106 1625 advertere

508 1673 688 1719 utrum
720 1669 777 1717 et
799 1660 903 1716 hoc
931 1671 1058 1716 ante
1080 1702 1095 1726 ,
1147 1669 1209 1715 ut
1237 1661 1611 1731 imperialibus
1662 1662 1883 1717 auribus
1926 1661 2107 1718 defer-

2214 469 2316 515 cst.
2346 459 2415 515 Et
2436 464 2541 516 alia
2569 480 2746 518 manu.
2805 463 3137 535 Recognovi.

2288 555 2409 609 l63.
2443 554 2741 611 Adeodatus
2758 557 3030 627 episcopus
3054 558 3209 614 dixit.
3232 557 3351 613 Non
3378 568 3606 630 possunt
3626 560 3672 616 in
3692 577 3774 616 uno
3830 554 3831 605 Ϊ

2213 648 2467 704 mandato
2507 651 2721 705 diversa
2753 651 2999 706 mandari
3052 651 3290 722 negotia.
3334 652 3445 709 Sed
3486 654 3531 709 si
3581 654 3773 711 forsitan

2213 740 2403 797 eadem
2433 757 2551 812 quae
2582 741 2843 797 adversus
2887 757 2983 800 nos
3017 744 3335 809 mandastis,
3354 745 3519 801 etiam
3546 746 3771 803 adversus

2212 831 2345 888 alias
2372 834 2680 904 provincias
2710 835 2993 892 mandasse
3022 845 3072 892 te
3094 846 3313 893 constat
3332 879 3349 905 ,
3375 838 3519 896 bene
3546 839 3671 896 facis
3694 860 3777 896 non

2210 925 2464 997 prodere.
2495 925 2612 981 Non
2666 935 2718 982 te
2751 942 2904 1005 ergo
2960 930 3011 984 in
3064 930 3307 987 medium
3357 933 3620 1003 proferas.
3660 938 3779 1001 Quo»

2213 1019 2359 1074 niam
2400 1036 2487 1075 me
2520 1021 2752 1091 primum
2776 1023 2990 1095 insequi
3018 1025 3329 1103 desideras,
3354 1043 3541 1085 servas
3564 1028 3658 1086 hoc
3685 1031 3780 1087 aliis

2215 1113 2529 1189 provinciis.
2574 1114 2874 1173 Ostendisti
2924 1120 3057 1190 quid,
3086 1119 3301 1191 fecisti,
3355 1124 3637 1181 ostendisti
3677 1126 3779 1196 quid

2209 1205 2377 1261 celes.
2428 1196 2614 1264 Teneo
2652 1218 2803 1265 tuum
2857 1212 3240 1281 mendacium,
3290 1214 3453 1273 teneo
3501 1218 3777 1275 falsitatem.

2210 1297 2278 1353 Et
2307 1300 2416 1355 alia
2443 1318 2619 1357 manu.
2655 1303 2968 1363 Adeodatus
2994 1309 3286 1380 episcopus
3315 1312 3467 1367 salva
3492 1313 3782 1385 appellatio—

2210 1410 2278 1451 ne
2306 1398 2623 1468 recognovi.
3147 1470 3150 1473 η

2283 1488 2405 1544 161.
2439 1488 2776 1545 Marcellinus
2800 1491 2877 1545 uir
2903 1493 3224 1549 clarissimus
3242 1496 3487 1553 tribunus
3510 1506 3559 1553 et
3578 1502 3781 1554 notarius

2210 1580 2363 1635 dixit.
2396 1580 2787 1638 Prosecutione
2816 1597 2944 1651 sua,
2970 1585 3054 1641 vir
3084 1588 3447 1663 venerabilis,
3488 1591 3534 1646 si
3560 1592 3783 1663 dignatur

2210 1675 2468 1731 sanctitas
2499 1684 2586 1731 tua
2619 1675 2911 1747 diligenter
2938 1678 3223 1736 advertere
3249 1722 3265 1747 ,
3295 1696 3407 1737 non
3437 1681 3710 1739 adversum
3740 1695 3782 1741 te

504 1765 657 1814 retur
682 1798 697 1823 ,
727 1756 795 1811 ab
824 1753 1017 1811 iisdem
1056 1754 1269 1810 videtur
1306 1770 1428 1811 esse
1458 1756 1857 1825 conscriptum;
1892 1766 1951 1812 ut
1976 1772 2098 1813 eum
2130 1763 2178 1825 Β
2205 1764 2410 1836 aliquid
2439 1780 2496 1823 se
2528 1767 2846 1838 mandasse,
2890 1770 2983 1826 sed
3034 1786 3097 1827 ea
3132 1786 3257 1841 quas,
3287 1772 3354 1828 ad
3390 1784 3443 1831 ie
3489 1789 3596 1829 ηοη
3634 1778 3775 1847 peni-

507 1859 735 1919 utraque
763 1848 1011 1903 mandata
1058 1848 1110 1903 in
1135 1847 1339 1916 judicio
1381 1847 1585 1903 fuerint
1611 1849 1832 1904 recitata
1855 1894 1869 1917 ,
1919 1858 2101 1907 utrum

506 1959 671 1999 unam
701 1942 988 1997 habuerint
1026 1941 1390 2006 voluntatem,
1431 1940 1676 2009 judicare
1720 1941 1980 2008 digneris.
2030 1942 2102 1998 Et

504 2038 611 2092 alia
638 2053 817 2091 manu.
870 2033 1140 2089 Emeritos
1168 2034 1455 2104 episc0pus
1499 2034 1652 2089 salvo
1686 2034 1883 2091 ell'ectu
1910 2039 2098 2109 appel-

503 2130 727 2187 lationis
759 2129 1071 2197 recognovi.

576 2222 699 2281 160.
734 2221 1048 2292 Augustinus
1078 2219 1352 2291 episcOpus
1378 2218 1625 2274 Ecclesia
1650 2221 1920 2275 catholico:
1942 2220 2091 2276 dixit.

502 2316 624 2373 Iam
670 2316 830 2371 toties
866 2313 1343 2369 conclamavimus.
1376 2312 1685 2368 Mandatum
1728 2312 1869 2385 quod
1920 2312 2097 2384 injun-

501 2419 646 2466 ctum
674 2419 757 2464 est
782 2407 973 2477 legatis
998 2405 1377 2477 episcoporum
1406 2446 1421 2467 .
1455 2406 1523 2460 ab
1552 2406 1825 2476 episcopis
1852 2404 2096 2475 flagitant

478 2484 601 2560 lsibi
632 2501 869 2559 recitari.
923 2501 1035 2556 Hoc
1064 2510 1148 2556 est
1198 2499 1372 2555 aliena
1427 2500 1706 2570 requirere
1756 2499 1823 2553 ad
1873 2514 2090 2554 causam
2132 2534 2137 2537 -

497 2611 606 2652 non
638 2594 979 2667 pertinentia.
1011 2593 1319 2648 Mandatum
1368 2591 1508 2661 quod
1542 2591 1699 2646 nobis
1726 2599 1949 2663 propter
1974 2591 2088 2645 col-

494 2688 754 2746 lationem
777 2704 897 2744 cum
923 2687 1007 2742 his
1036 2686 1334 2741 faciendam
1360 2686 1654 2756 injunctum
1683 2695 1797 2750 est,
1825 2684 1925 2739 hoc
1952 2682 2093 2757 reci-

494 2793 669 2840 tatum
713 2790 833 2847 est,
868 2782 972 2836 hoc
992 2780 1072 2836 eis
1101 2778 1351 2835 sufficiat.
1380 2778 1516 2848 Quid
1544 2779 1587 2833 si
1618 2779 1761 2835 enim
1809 2777 1985 2847 aliqua
2014 2776 2091 2831 le-

458 2886 463 2890 ’
493 2878 634 2947 gatis
675 2873 924 2930 mandata
956 2884 1114 2938 sunt,
1146 2872 1211 2928 ad
1244 2888 1461 2928 causam
1507 2872 1725 2943 quidem
1773 2870 1931 2924 istam
1981 2882 2087 2923 non

491 2970 821 3043 pertinentia
846 3011 860 3036 ,
896 2968 989 3024 sed
1020 2983 1138 3039 qua:
1165 2967 1312 3037 ipsos
1357 2966 1498 3020 scire
1531 2963 1826 3019 nolumus?
1878 2960 2090 3017 Sufficit

494 3062 640 3133 quod
669 3064 969 3131 imperator
991 3060 1333 3117 collationem
1359 3073 1457 3113 uos
1487 3057 1686 3127 petisse
1714 3070 1812 3109 suo
1845 3056 2085 3110 testimo-

2205 1869 2368 1915 neant
2418 1861 2633 1932 propria
2685 1867 3067 1933 prosecutione
3114 1866 3369 1936 signavit.
3419 1868 3557 1923 Illud
3601 1878 3777 1926 tantum

2203 1951 2486 2008 evidenter
2506 1954 2789 2011 confessus
2811 1966 2891 2011 est
2908 2000 2922 2023 ,
2948 1956 3295 2013 collationem
3322 1974 3385 2015 se
3405 1960 3657 2016 omnibus
3683 1979 3778 2018 mo-

2201 2045 2285 2102 dis
2335 2048 2675 2118 postulasse,
2724 2058 2779 2106 et
2831 2049 2972 2106 banc
3018 2050 3186 2107 fuisse
3232 2067 3572 2109 concessam.
3650 2054 3776 2113 Unde

2200 2138 2347 2194 illius
2402 2140 2674 2206 mandati,
2720 2157 2789 2196 ne
2845 2133 3112 2198 excedere
3159 2144 3443 2199 videamur
3506 2145 3773 2215 imperialis

2200 2234 2455 2303 praecepti
2480 2232 2731 2300 formam,
2755 2228 3085 2290 mentionem
3121 2236 3235 2290 fieri
3264 2235 3429 2291 video
3455 2251 3560 2291 non
3578 2236 3767 2293 debere.

2197 2324 2538 2396 Quapropter
2583 2325 2649 2381 ad
2697 2341 2756 2381 ea
2810 2340 2933 2396 quae
2981 2327 3277 2397 qutesivit,
3321 2330 3583 2385 sanctitas
3619 2338 3769 2385 vestra

2197 2418 2532 2488 respondere
2552 2418 2822 2486 dignetur,
2850 2428 3027 2475 utrum
3052 2420 3365 2476 traditionis
3386 2422 3592 2477 crimen
3618 2466 3632 2489 ,
3652 2424 3770 2493 quod

2195 2511 2433 2565 archivis
2475 2510 2703 2580 publicis
2748 2512 2947 2580 poterit
2995 2512 3326 2579 monstrari,
3370 2513 3457 2584 agi
3500 2514 3551 2567 in
3589 2513 3770 2583 judicio

2194 2602 2406 2671 velitis,
2432 2619 2497 2658 an
2531 2603 2795 2661 Ecclesia:
2824 2613 2879 2660 et
2906 2604 3029 2661 fidei
3064 2614 3278 2662 tantum
3322 2621 3544 2663 causam
3565 2608 3768 2679 cupiatis

2192 2694 2411 2765 inquiri.
2848 2712 2849 2715 ‘

2264 2786 2387 2844 165.
2437 2787 2730 2843 Petilianus
2778 2788 3069 2861 Episcopus
3117 2791 3275 2846 dixit.
3351 2789 3569 2847 Urbane
3632 2792 3767 2847 nobis

2189 2876 2447 2943 illuditur,
2479 2889 2536 2933 ut
2564 2894 2687 2941 cum
2715 2880 2815 2949 ipsi
2845 2882 2950 2935 sint
2979 2866 3238 2951 petitores
3260 2924 3276 2949 ,
3305 2897 3633 2954 semperque
3659 2898 3766 2937 nos-

2190 2977 2327 3024 tram
2374 2985 2560 3041 pacem
2607 2972 3029 3042 lnquietaverint
3067 2982 3231 3045 atque
3277 2976 3655 3044 turbaverint,
3683 2990 3767 3031 nos

2188 3063 2309 3119 loco
2340 3068 2627 3135 petitorum
2660 3067 3076 3135 constituamur,
3109 3083 3231 3123 cum
3266 3070 3507 3140 paciset
3531 3070 3765 3127 Ecclesix

492 3156 588 3211 nio
618 3153 933 3210 declaravit.
962 3153 1087 3208 Haec
1115 3165 1375 3208 concessa
1397 3160 1512 3217 est,
1546 3149 1613 3204 ad
1643 3148 1782 3202 hanc
1809 3149 2077 3214 venimus,
2107 3150 2151 3214 C
2187 3156 2278 3212 Dei
2313 3172 2661 3226 possessores
2697 3176 2912 3230 semper
2937 3160 3203 3217 fuerimus
3226 3175 3291 3216 ac
3318 3162 3509 3217 simus,
3534 3162 3661 3218 pem
3688 3162 3767 3231 ξεί-

489 3249 609 3306 htec
653 3249 944 3319 aliquando
990 3257 1198 3319 agatur,
1246 3245 1457 3302 veritati
1500 3260 1659 3301 aures
1689 3244 1965 3299 hominum
1989 3258 2083 3314 pa—

487 3350 625 3399 tent.
659 3342 726 3396 Et
756 3344 861 3397 alia
889 3358 1064 3396 manu.
1104 3341 1434 3410 Recognovi.

563 3434 690 3490 161.
718 3432 1012 3486 Adeodatus
1038 3432 1310 3501 episwpus
1360 3428 1509 3483 dixit.
1541 3427 1839 3483 Confessus
1875 3442 1932 3481 es
1961 3441 2081 3498 quae

488 3526 617 3583 olim
651 3525 881 3581 tacuisti.
915 3523 1207 3580 Ostendisti
1240 3533 1290 3577 te
1314 3524 1478 3576 multa
1511 3520 1775 3577 adversus
1804 3536 1903 3575 nos
1926 3535 2079 3575 mau-

488 3620 679 3685 dasse,
704 3634 824 3689 quae
850 3616 994 3672 scire
1034 3632 1142 3671 non
1173 3614 1329 3670 facile
1358 3613 1675 3669 debeamus.
1707 3611 1861 3669 Unde
1884 3612 2076 3668 advero

486 3715 552 3770 tit
586 3714 886 3787 sublimitas
914 3721 1033 3777 tua,
1061 3709 1188 3782 quid
1220 3725 1284 3766 ex
1325 3708 1446 3779 ejus
1476 3706 1852 3778 prosecutione
1877 3705 2079 3761 debea-

487 3822 610 3862 mus
640 3806 945 3869 advertere,
969 3802 1097 3875 quid
1122 3801 1248 3857 illud
1275 3800 1583 3856 mandatum
1631 3800 1905 3866 continet,
1934 3797 2077 3869 quod

490 3907 678 3954 contra
734 3912 833 3952 nos
884 3894 1196 3951 mandatum
1226 3894 1365 3948 scire
1412 3907 1515 3947 non
1567 3892 1723 3947 facile
1762 3891 2074 3947 debeamus.

488 3988 558 4045 Et
598 3991 703 4046 alia
746 4006 922 4044 manu.
973 3987 1284 4045 Adeodatus
1325 3986 1610 4055 episc0pus
1642 3983 2089 4055 presecutionem»

487 4102 664 4144 meam
696 4087 839 4157 salva
870 4083 1234 4154 appellatione
1259 4080 1572 4151 recognovi.

563 4177 687 4233 162.
722 4176 1036 4247 Augustinus
1065 4175 1335 4246 episcOpus
1362 4172 1609 4227 Ecclesia?
1633 4173 1902 4228 catholica:
1923 4172 2073 4226 dixit.

488 4270 607 4327 Non
639 4268 742 4324 hoc
774 4268 929 4334 dixi,
957 4248 1063 4321 non
1092 4264 1369 4320 advertisti
1399 4306 1411 4331 ,
1445 4274 1535 4318 aut
1578 4263 1881 4318 dissimulas
1906 4274 1956 4317 te
1983 4278 2078 4317 au-

487 4363 633 4419 disse
675 4360 818 4431 quod
867 4359 1000 4415 dixi.
1055 4358 1222 4423 Audi,
1272 4357 1482 4427 planius
1535 4355 1637 4411 hoc
1691 4356 1951 4419 dicimus,
2009 4368 2077 4408 ne

486 4455 630 4511 forte
657 4454 812 4525 culpa
844 4467 961 4509 mea
994 4466 1103 4507 non
1153 4449 1485 4505 intellexeris
1507 4490 1523 4515 ,
1555 4448 1681 4502 dum
1707 4447 1759 4502 id
1795 4445 2075 4501 obscurius

486 4554 818 4625 aliquantum
866 4552 975 4607 dlxi
1011 4549 1194 4606 studio
1239 4547 1559 4609 brevitatis,
1609 4544 1750 4614 quod
1795 4543 2075 4613 percipere

485 4647 815 4720 nequiveris.
841 4645 1038 4720 Notum
1070 4640 1421 4698 estomnibus
1435 4638 1629 4693 multas
1657 4650 1847 4691 causas
1876 4635 2077 4691 habere

484 4719 785 4800 Ecclesium
805 4780 819 4805 ,
853 4746 908 4793 et
924 4719 1076 4799 suam
1101 4776 1115 4800 ,
1140 4744 1195 4790 et
1214 4734 1537 4804 privatarum
1570 4744 1921 4800 personarum
1947 4728 2077 4782 sibi-

485 4844 599 4892 met
626 4834 1067 4894 commissarum;
1110 4839 1177 4889 et,
1208 4834 1386 4896 potest
1438 4823 1554 4878 fieri
1584 4830 1641 4876 ut
1684 4820 1750 4875 ad
1787 4822 2074 4891 episc0po-

484 4942 604 4986 rum
638 4924 1078 4981 intercessionem
1104 4920 1273 4976 multa
1319 4918 1641 4988 pertineant.
1676 4914 1894 4972 Secreta
1920 4914 2074 4968 nobis

483 5019 892 5074 committuntur
931 5014 1266 5084 negotiorum
1312 5017 1367 5065 et
1411 5021 1695 5063 causarum
1739 5006 2068 5072 alienarum,

484 5109 540 5167 in
561 5109 757 5185 quibus
801 5114 983 5161 nostra
1027 5102 1351 5158 interventio
1397 5114 1542 5168 smpe
1576 5097 1894 5166 postulatur,
1940 5111 2065 5167 pro-

485 5215 601 5276 pter
624 5219 743 5273 qua:
770 5200 1029 5255 auxiliqu
1076 5197 1145 5251 ab
1183 5195 1422 5273 Ecclesia
1452 5192 1708 5262 poscitur.
1763 5190 1889 5245 "an
1942 5203 2067 5259 pro-

481 5298 655 5353 denda
715 5312 819 5350 non
870 5301 1029 5357 sunt,
1062 5306 1128 5345 ne
1178 5289 1479 5359 proditores
1524 5285 1877 5340 inveniamur.
1911 5282 2069 5338 Sulli-

481 5392 555 5445 cit
580 5390 671 5443 tibi
705 5386 845 5459 quod
887 5382 1234 5439 collationem
1287 5396 1371 5433 me
1420 5379 1617 5448 petisse
1677 5378 1729 5429 in
1774 5390 1932 5429 causa
1978 5387 2064 5427 tua

2183 3256 2269 3305 tur
2294 3250 2625 3307 nobilitatem
2657 3260 2800 3306 tuam
2822 3263 2879 3307 ut
2906 3252 3049 3308 hunc
3075 3251 3325 3309 ordinem
3351 3269 3556 3310 serves.
3592 3254 3765 3309 Osten-

2184 3341 2314 3397 dant
2343 3344 2468 3412 quid
2501 3345 2753 3414 egerint,
2806 3345 2876 3399 tbi
2929 3346 3174 3401 invenies
3222 3350 3510 3418 petitores.
3572 3347 3636 3402 Et
3678 3346 3766 3399 alia

2182 3449 2357 3488 manu.
2388 3434 2686 3491 Petilianus
2715 3436 3004 3507 episcopus
3044 3437 3192 3493 salva
3234 3440 3605 3510 appellatione
3631 3455 3765 3496 reco-

2182 3528 2367 3596 gnovL
2542 3580 2551 3591 ,
2628 3558 2629 3565 ι
3065 3581 3077 3591 ,

2256 3607 2378 3663 166.
2414 3606 2749 3664 Marcellinus
2769 3610 2847 3663 uir
2867 3609 3185 3673 clarissimus
3206 3609 3445 3667 tribunus
3479 3622 3527 3666 et
3551 3612 3765 3667 notarius

2182 3699 2335 3754 dixit.
2362 3700 2419 3757 Si
2442 3702 2703 3757 sanctitas
2756 3710 2845 3756 tua
2878 3702 3219 3771 permitteret
3249 3744 3263 3769 ,
3316 3703 3408 3759 vel
3446 3704 3768 3776 permisisset

2179 3801 2328 3862 gesta
2355 3793 2607 3859 recitari,
2628 3794 2737 3863 jam
2763 3794 2891 3849 olim
2914 3794 3002 3865 qui
3034 3795 3287 3864 petitoris
3312 3795 3436 3851 loco
3458 3796 3760 3857 adsisteret.

2181 3886 2445 3954 potuisset
2468 3886 2701 3942 ostendi.
2748 3886 2902 3944 Unde
2924 3887 3007 3950 vel
3028 3903 3176 3944 nunc
3217 3889 3567 3961 antiquiora,
3614 3890 3764 3945 utin-

2182 3980 2407 4035 terfatus
2432 3995 2549 4035 sum
2573 4023 2587 4048 ,
2616 3991 2770 4051 gesta
2799 3985 3111 4061 recitentur.
3149 3964 3446 4039 Petilianus
3490 3982 3762 4053 Episcopus

2179 4074 2331 4128 dixit.
2364 4072 2623 4130 Ordinem
2656 4089 2812 4131 serva
2846 4083 3148 4147 gestorum.
3180 4074 3250 4129 Et
3281 4076 3393 4130 alia
3414 4092 3592 4130 manu.
3632 4075 3760 4130 Petie

2177 4166 2349 4222 lianus
2378 4168 2663 4237 episcopus
2709 4169 3139 4239 prosecutionem
3188 4182 3371 4224 meam
3412 4167 3759 4239 appellatione

2179 4260 2435 4316 incolumi
2476 4262 2788 4331 recognovi.

2252 4350 2376 4405 167.
2408 4351 2739 4406 Marcellinus
2760 4352 2834 4406 vir
2864 4354 3184 4409 clarissimus
3210 4354 3449 4410 tribunus
3477 4366 3525 4411 et
3545 4356 3756 4411 nolui”

2179 4443 2328 4498 dixit.
2360 4444 2560 4498 Eorum
2589 4452 2865 4514 gestorum
2907 4462 3029 4516 qua:
3080 4462 3107 4497 a
3151 4448 3398 4517 partibus
3434 4449 3752 4509 offeruntur.

2101 4524 2156 4583 D
2182 4535 2235 4591 id
2256 4544 2339 4591 est
2367 4539 2830 4607 proconsularium
2860 4550 2915 4594 et
2942 4539 3328 4597 illustrissimze
3358 4543 3506 4600 sedis
3523 4584 3541 4611 ,
3562 4553 3753 4613 tempo-

2180 4644 2237 4683 ra
2262 4630 2576 4685 recitentur.

2256 4722 2377 4777 168.
2417 4722 2679 4777 Possidius
2720 4723 2987 4792 episwpus
3030 4724 3279 4781 Ecclesia:
3328 4731 3593 4786 catholica
3611 4732 3749 4785 ἄξω.
3786 4776 3789 4779 .

2182 4813 2469 4869 Olfertmus
2500 4816 2713 4869 chartas
2736 4815 3070 4883 alitiquiores
3113 4819 3316 4872 nostris
3363 4820 3751 4876 deﬁnitionibus

2181 4906 2506 4976 profuturas.
2542 4905 2607 4960 Et
2632 4908 2736 4960 alia
2762 4923 2934 4960 manu.
2968 4908 3294 4979 Recognovi.
3353 4910 3625 4967 Montanus
3645 4914 3747 4982 epi-

2178 5019 2364 5072 scOpus
2404 5003 2553 5058 dixit.
2586 5003 2640 5060 Si
2661 5004 2818 5072 jubes
2842 5046 2857 5071 ,
2881 5004 2951 5060 de
2979 5007 3167 5061 codice
3198 5006 3339 5078 lego.
3362 5007 3429 5061 Et
3453 5009 3554 5061 alia
3574 5022 3747 5061 mu.

2178 5096 2461 5150 Montanus
2493 5096 2775 5165 episcopus
2825 5098 3267 5167 prosecutionem
3308 5116 3485 5156 meam
3524 5099 3747 5171 appella-

2179 5187 2321 5240 tione
2351 5186 2603 5241 incolumi
2630 5188 2943 5257 recognovi.

2250 5278 2370 5333 169.
2408 5277 2742 5333 Marcellinus
2762 5280 2839 5332 uir
2865 5280 3181 5334 clarissimus
3210 5281 3447 5338 tribunus
3458 5294 3510 5349 et
3529 5282 3747 5337 notuit:

2176 5370 2327 5425 dixit.
2351 5369 2501 5425 Sicut
2531 5371 2722 5437 statui,
2752 5371 2820 5426 ab
2858 5370 3043 5427 ofﬁcio
3074 5373 3355 5430 recitetnr.
3387 5374 3635 5447 Navigia
3657 5372 3746 5427 σόα

479 5482 592 5551 ipse
627 5483 776 5537 testis
808 5480 887 5532 est
922 5472 1378 5532 clementissimus
1406 5472 1715 5540 imperator.
1748 5467 1888 5520 Nihil
1922 5466 2062 5520 ultra
2161 5466 2311 5536 jutor
2361 5478 2686 5518 numerorum
2732 5463 2979 5517 recitavit.
3016 5463 3144 5520 Post
3180 5467 3515 5529 consulatum
3560 5465 3626 5521 ι).
3676 5461 3738 5519 N.

484 5590 725 5644 qumras,
766 5574 810 5627 si
844 5571 1052 5641 negotia
1081 5569 1254 5623 aliena
1292 5580 1399 5621 non
1447 5564 1664 5633 quaeris.
1715 5561 1939 5631 Nt-gotio
1972 5570 2062 5614 tuo

488 5667 689 5721 sufﬁcit
712 5666 852 5736 quod
878 5664 943 5719 de
970 5665 1085 5734 ipsa
1109 5658 1452 5733 imperatoris
1482 5658 1600 5729 lege
1630 5655 1907 5711 recitatum
1939 5661 2056 5717 est,

2170 5554 2461 5610 Theodosii
2504 5554 2729 5625 Augusti
2781 5552 2895 5626 (1),
2951 5556 3131 5613 idibus
3161 5557 3492 5630 Septembris
3525 5552 3741 5615 Cartha-

2167 5649 2311 5718 gine.
2343 5648 2411 5702 Et
2437 5666 2550 5703 cum
2579 5650 2837 5711 recitaret,

552 5776 634 5847 (1)
680 5775 985 5845 Legendum
1030 5774 1099 5828 D.
1135 5772 1187 5829 Ν
1197 5814 1209 5828 .
1240 5769 1527 5829 Theodosio
1572 5766 1692 5823 PP.
1737 5766 1968 5836 Augusto
1996 5774 2044 5820 ct
2089 5762 2375 5820 Rumorido
2400 5778 2448 5818 υ.
2480 5782 2527 5819 ο.
2556 5779 2712 5831 coss.,
2743 5773 2796 5817 ut
2828 5762 2966 5834 infra
2990 5805 3005 5835 ,
3047 5781 3217 5824 annus
3238 5776 3320 5823 ‘cst
3343 5766 3465 5835 405,
