3860 6212
126 226 284 284 i395

1091 222 1322 283 essm
1357 187 1812 281 commotus
1850 222 2471 285 CARTllAGlNENSlS.

3280 230 3421 289 1594

213 340 380 414 307
412 337 539 396 170.
572 295 792 412 Alypius
816 338 1081 411 episcopus
1103 337 1349 392 Ecclesiae
1375 335 1641 391 catholica:
1656 337 1738 390 di-
1766 339 1820 400 Α
1919 340 2037 396 175.
2073 339 2358 397 Petilianus
2387 327 2655 415 episcopus
2685 345 2837 400 dixit.
2871 343 3075 401 Petitur
3099 356 3179 402 est
3209 350 3296 419 qui
3328 364 3428 421 pe.»

123 438 241 491 :rit.
269 437 579 506 Antiquiora
606 433 946 505 proferimus.
972 430 1039 485 Et
1061 430 1165 485 alia
1195 446 1369 483 manu.
1404 427 1732 499 ltecoguovi.

127 529 481 585 Marcellinus
516 530 589 583 vir
626 528 940 582 clarissimus
971 526 1203 580 tribunus
1246 533 1294 579 et
1320 521 1552 585 notarius
1581 521 1731 574 dixit.

116 623 359 679 Interim
389 624 489 678 ista
522 636 641 692 qnte
665 621 968 689 antiquiora
996 624 1303 689 suntgesta
1336 615 1388 669 in
1417 613 1547 669 sede
1578 612 1730 667 illus-

116 716 299 768 trium
333 712 510 767 habita
544 719 865 788 potestatum
888 752 903 779 ,
942 710 1184 781 patimini
1236 708 1571 777 relegantur.
1611 703 1733 761 Na-

116 808 302 881 vigius
340 808 547 879 adjutor
594 821 925 860 numerorum
972 804 1223 857 recitavit.
1275 806 1334 857 υ.
1381 800 1445 855 Ν.
1498 799 1734 856 Arcadio

116 902 382 971 Augusto
407 913 459 953 vt
489 908 543 953 et
574 898 755 953 Probo
781 899 897 951 viro
926 896 1231 952 clarissimo
1260 893 1581 950 consulibus
1604 892 1727 967 (An.

117 994 290 1065 40b).
324 992 392 1048 Et
418 1008 533 1047 cum
567 992 822 1055 recitaret,
868 971 880 983 ’

209 1087 337 1141 ΓΗ.
372 1084 709 1151 Marcellinus
735 1084 813 1138 uir
849 1082 1163 1138 clarissimus
1206 1081 1438 1136 tribunus
1481 1090 1527 1135 et
1561 1079 1732 1134 Nota-

116 1179 245 1234 rius
292 1180 443 1234 dixit.
483 1178 613 1247 Quae
651 1177 831 1248 priora
867 1185 1013 1241 sunt,
1046 1177 1112 1230 ab
1141 1175 1320 1231 ofli'cio
1351 1168 1725 1245 suggerantur.

211 1270 336 1325 172.
373 1270 689 1341 Ruﬁnianus
709 1268 878 1324 scriba
895 1268 991 1323 viri
1011 1267 1283 1322 clarissimi
1304 1269 1554 1323 curatoris
1576 1267 1728 1321 dixit.

118 1360 209 1414 Ea
241 1368 366 1415 sunt
414 1360 593 1431 priora
625 1375 767 1432 quae
793 1361 845 1415 in
876 1358 1063 1416 codice
1097 1359 1280 1414 oblato
1330 1358 1395 1430 (a
1422 1355 1728 1428 Donatistis)

116 1453 509 1509 continentur.

205 1547 332 1602 113.
385 1545 608 1616 Alypius
663 1546 931 1616 episcOpus
970 1532 1218 1599 Ecclesia:
1264 1542 1529 1597 catholica:
1573 1542 1724 1596 dixit.

114 1636 274 1692 Ecce
317 1636 623 1706 antiquiora
672 1635 1017 1705 proferimus.
1068 1635 1135 1688 Et
1174 1636 1282 1689 alia
1320 1651 1496 1688 manu.
1546 1633 1726 1689 Reco-

109 1728 311 1801 gnovi.
343 1728 655 1799 Ruﬁnianus
676 1728 844 1783 scriba
881 1729 977 1782 uiri
1002 1728 1277 1783 clarissimi
1302 1728 1554 1783 curatoris
1570 1727 1719 1782 dixit.
1754 1723 1801 1783 B

112 1819 452 1891 Siquidem,
504 1821 644 1876 sicut
698 1822 1103 1891 suggessimus,
1155 1819 1504 1875 consulatum.
1550 1820 1728 1875 conti-

113 1924 293 1969 neant
324 1913 614 1970 Theodosii
636 1900 861 1985 Augusti
889 1922 943 1968 et
965 1912 1246 1969 Rutnoridi
1271 1912 1371 1968 viri
1398 1913 1689 1969 clarissimi
1710 1954 1725 1979 ,

108 2010 230 2063 alia
259 2024 393 2064 vero
420 2008 762 2066 consulatum
791 2008 1108 2064 contineant
1134 2006 1197 2062 D.
1247 2005 1312 2063 N.
1344 2006 1569 2063 Arcadii
1593 2021 1645 2063 v1
1668 2010 1727 2064 'et

108 2099 290 2155 Probi
320 2102 420 2155 viri
452 2100 766 2157 clarissimi.

200 2192 329 2247 ns.
364 2191 702 2248 Marcellinus
748 2193 827 2247 vir
866 2193 1185 2247 clarissimus
1224 2192 1457 2247 tribunus
1485 2203 1533 2247 et
1579 2203 1725 2248 nota-

104 2288 230 2341 rius
257 2287 410 2341 dixit.
447 2288 518 2341 Ea
546 2302 664 2356 qtue
697 2274 995 2357 antiquiora
1032 2293 1159 2341 sunt
1194 2287 1513 2343 recitentur.
1559 2285 1725 2341 Navi-

106 2382 237 2452 gius
294 2380 503 2450 adjutor
534 2395 865 2433 numerorum
891 2379 1055 2449 ofﬁcii
1092 2380 1187 2433 viri
1219 2379 1493 2434 clarissimi
1523 2390 1569 2435 et
1602 2396 1721 2449 spe-

111 2474 330 2529 ctabilis
378 2475 574 2541 sicarii,
606 2476 858 2529 recitavit.
904 2473 1231 2551 [Equitatem
1275 2470 1420 2529 tuam
1452 2475 1718 2544 petimus,

105 2567 423 2637 Septimine
450 2567 531 2621 vir
557 2566 877 2635 clarissime,
909 2567 1296 2641 proconsulum
1319 2582 1527 2622 summe
1550 2568 1721 2623 subli-

106 2659 245 2714 mis.
275 2659 440 2713 Multa
464 2667 647 2714 contra
676 2658 906 2724 divinas,
942 2657 1311 2729 humanasque
1340 2658 1487 2728 leges
1515 2658 1589 2713 ab
1611 2658 1720 2715 b2-

106 2752 304 2807 reticis
347 2751 416 2807 de
466 2760 615 2821 parte
660 2750 853 2821 Donati
885 2750 1124 2806 Ecclesia
1171 2751 1435 2806 catholica
1466 2752 1716 2817 sustinet,

102 2862 241 2916 quae
268 2845 317 2902 si
346 2846 431 2902 vel
477 2844 836 2902 anterioribus
866 2847 948 2901 vel
993 2847 1386 2902 recentioribus
1427 2846 1719 2916 imperiali-

103 2938 217 2993 bus
248 2939 421 3009 jussis
464 2939 796 3010 prohibenda
845 2950 899 2995 et
940 2940 1174 2997 tollenda
1207 2942 1521 3012 postulanda
1554 2940 1720 2996 velle-

102 3047 236 3087 mus
260 3075 277 3099 ,
314 3046 649 3103 nequaquam
683 3032 885 3089 audere
921 3033 1183 3089 deberent
1214 3036 1281 3090 de
1318 3035 1518 3090 nostris
1546 3035 1715 3091 actio-

1840 436 1942 495 tit,
1987 446 2055 485 an
2105 432 2232 502 quid
2286 436 2612 491 vocabitur?
2643 435 2713 491 Et
2754 438 2858 491 alia
2906 454 3087 493 manu.
3130 438 3422 498 Petilianus

1838 522 2124 593 episcopus
2180 528 2610 593 prosecutionem
2648 545 2822 586 meam
2854 532 3231 602 appellatione
3277 534 3426 590 inco—

1838 613 1963 669 lttmi
1994 619 2307 687 recognovi.

1908 707 2033 763 176.
2068 710 2378 781 Augustinus
2408 715 2675 785 episcopus
2704 715 2947 773 Ecclesia:
2966 720 3235 776 catholicis
3258 722 3411 779 dixit.

1836 798 1961 855 Hice
2002 800 2388 870 postulavimus
2413 845 2427 871 ,
2474 804 2566 859 sed
2608 808 3038 875 praecedentibus
3069 812 3267 868 vestris
3313 814 3422 869 cri-

1834 892 2223 948 minationibus
2248 902 2303 949 et
2324 895 2779 953 accusationibus.
2809 898 2940 954 Nam
2978 904 3299 972 proferimus
3327 920 3425 961 an-

1738 1021 1742 1025 «
1834 985 2128 1056 tiquissima
2158 997 2308 1058 gesta
2330 1028 2345 1055 ,
2373 988 2570 1056 quibus
2596 992 2759 1045 vestri
2792 993 3022 1061 majores
3052 1004 3179 1051 tunc
3204 998 3255 1051 in
3286 1007 3421 1052 tent-

1834 1094 1964 1148 pore
2009 1077 2075 1133 ad
2126 1079 2415 1133 Anulinum
2468 1089 2731 1135 venerunt
2774 1085 3151 1151 proconsulem
3181 1128 3195 1152 ,
3237 1096 3289 1143 et
3338 1086 3420 1143 illi

1830 1168 2047 1225 chartas
2092 1170 2143 1224 iit
2179 1171 2372 1241 quibus
2399 1170 2644 1227 dicerent
2672 1172 2938 1244 majorum
2979 1185 3285 1233 nostrorum
3314 1180 3423 1235 eri-

1833 1260 1974 1313 mina
2016 1274 2139 1317 esse
2177 1264 2483 1332 conscripta
2513 1262 2861 1330 obtulerunt;
2896 1276 2950 1320 et
2995 1277 3319 1337 rogaverunt
3366 1281 3423 1327 ut

1828 1351 2048 1408 easdem
2071 1353 2136 1409 ad
2163 1352 2573 1410 Constantinum
2605 1356 2988 1428 imperatorem
3022 1360 3280 1417 misisset.
3315 1362 3421 1417 Has

1828 1443 2109 1499 offerimus
2129 1487 2144 1512 ,
2177 1448 2231 1500 et
2271 1431 2503 1516 petimus
2535 1448 2870 1503 nobilitatem
2898 1458 3046 1505 tuam
3085 1461 3143 1506 ut
3177 1466 3271 1507 eas
3300 1467 3418 1508 sus-

1828 1533 1935 1604 cipi
1975 1536 2045 1589 ab
2087 1537 2268 1592 ofﬁcio
2307 1546 2363 1593 et
2408 1552 2473 1613 ex
2517 1539 2706 1602 ordine
2754 1540 2967 1596 recitari
3011 1542 3315 1615 praecipias.
3350 1544 3420 1599 Et

1828 1628 1937 1681 alia
1964 1645 2143 1684 manu.
2178 1631 2501 1702 Recognovi.
3430 1707 3434 1712 '

1901 1721 2027 1777 177.
2058 1720 2395 1779 Marcellinus
2414 1726 2493 1779 vir
2516 1726 2831 1781 clarissimus
2858 1729 3088 1784 tribunus
3116 1740 3162 1784 et
3186 1733 3419 1786 notarius

1836 1814 1991 1870 dixit.
2020 1814 2261 1873 Libellus
2286 1818 2446 1873 datus
2465 1834 2494 1874 a
2522 1819 2674 1874 vobis
2700 1821 2976 1877 evidenter
2996 1824 3233 1879 ostendit
3250 1812 3423 1881 Schis-

1832 1910 1993 1965 matis
2020 1918 2074 1965 et
2116 1909 2390 1967 haereseos
2428 1914 2635 1968 crimen
2666 1914 2939 1985 objectum
2967 1906 2985 1982 ;“
3011 1915 3154 1988 quod
3190 1917 3425 1989 probare

1829 2016 1927 2057 vos
1953 2003 2227 2058 convenit.

1902 2079 2026 2149 178'.
2062 2092 2335 2149 Possidius
2362 2096 2628 2168 episcOpus
2669 2097 2917 2155 Ecclesia:
2964 2102 3229 2157 catholica:
3263 2104 3416 2162 dixit.

1828 2182 2018 2239 Omnia
2051 2185 2421 2254 probabuntur
2441 2229 2454 2253 ,
2488 2189 2533 2242 si
2563 2203 2623 2245 ea
2647 2204 2767 2259 quae
2792 2190 3085 2247 obtulimus
3102 2234 3117 2259 ,
3143 2203 3197 2248 et
3217 2196 3419 2265 suscipi

1827 2292 1884 2338 et
1920 2283 1990 2338 ab
2031 2284 2208 2340 officio
2237 2286 2451 2341 recitari
2492 2288 2785 2359 praecipere
2827 2287 2993 2345 fueris
3034 2289 3303 2362 dignatus.
3340 2290 3409 2346 Et

1826 2375 1933 2429 alia
1958 2392 2134 2430 manu.
2170 2376 2494 2449 Recognovi.

1900 2468 2021 2524 179.
2069 2468 2405 2525 Marcellinus
2443 2470 2503 2525 V.
2539 2471 2599 2527 C.
2640 2472 2872 2530 tribunus
2901 2483 2951 2530 et
2986 2477 3223 2532 notarius
3258 2476 3412 2532 dixit.

1824 2560 2087 2619 Universa
2110 2578 2213 2633 per
2245 2566 2488 2621 ordinem
2518 2568 2832 2623 recitentur.

1895 2655 2020 2710 180.
2056 2654 2309 2711 Emeritus
2339 2658 2606 2731 episcopus
2630 2659 2782 2714 dixit.
2808 2660 2947 2732 Ergo
2977 2662 3093 2717 loco
3114 2672 3196 2718 est
3222 2663 3421 2733 petito-

1822 2748 1917 2803 ris.
1969 2748 2037 2803 Et
2055 2750 2163 2804 alia
2208 2767 2382 2806 manu.
2438 2752 2712 2809 Emeritos
2762 2754 3049 2825 episcopus
3098 2758 3412 2828 recOgnovi.

1771 2884 1777 2889 ι
1824 2840 2099 2897 Possidius
2154 2845 2424 2917 episcopus
2480 2846 2723 2903 Ecclesia:
2770 2852 3035 2906 catholica:
3082 2851 3228 2906 dixit.
3280 2850 3415 2907 Cum

1820 2936 2024 2992 chartae
2068 2937 2269 2994 fuerint
2312 2943 2585 3007 recitatae,
2617 2944 2815 3013 petitor
2844 2944 3054 2999 facilius
3090 2944 3412 3001 invenietur.

1821 3030 1888 3086 Et
1914 3033 2021 3088 alia
2055 3050 2232 3089 manu.
2269 3035 2601 3104 Recognovi.
2634 3036 2970 3093 Marcellinus
2994 3040 3071 3094 uir
3096 3040 3414 3095 clarissimus

106 3129 282 3183 nibus
310 3129 603 3199 conqueri,
635 3128 870 3207 scientes
896 3142 986 3194 se,
1015 3143 1136 3183 cum
1168 3128 1313 3183 nulla
1344 3128 1431 3183 tali
1466 3130 1583 3200 lege
1619 3130 1715 3185 ad-
1741 3112 1786 3176 C
1819 3124 2057 3180 tribunus
2085 3134 2136 3179 et
2165 3126 2396 3181 notarius
2423 3126 2574 3182 dixit.
2610 3127 2761 3183 Licet
2788 3144 2853 3186 ex
2888 3130 2972 3185 his
3011 3131 3180 3200 gestis
3220 3132 3415 3202 petito-

96 3220 465 3290 juvarentur,
498 3220 878 3277 schismaticos
918 3228 1097 3274 tamen
1138 3235 1265 3275 suos
1292 3221 1717 3295 Maximianistas

102 3328 209 3383 per
235 3312 480 3383 judicum
507 3312 657 3383 jussa
690 3312 825 3368 locis
852 3326 917 3366 ac
955 3311 1175 3367 sedibus
1207 3328 1398 3366 eorum
1436 3312 1717 3382 pellendos

99 3402 598 3473 exturbandOSque
654 3418 898 3459 curasse.
954 3401 1340 3457 Verumtamen
1396 3418 1495 3458 nos
1550 3404 1713 3458 saluti

101 3512 304 3552 eorum
346 3504 402 3553 et
430 3507 628 3551 nostra:
656 3495 1041 3551 existimationi
1075 3496 1300 3566 pariiice
1322 3497 1675 3554 consulentes
1697 3540 1712 3564 ,

101 3600 341 3661 propter
388 3590 707 3645 cbaritatem
758 3604 864 3660 qua
908 3589 1201 3645 Christiani
1242 3605 1473 3657 sumus,
1518 3591 1715 3647 leniter

102 3698 205 3739 eos
238 3682 490 3738 volumus
519 3677 933 3749 admonere,‘ut
964 3698 1203 3739 errorem
1238 3700 1393 3737 suum
1423 3684 1712 3754 cogitando

102 3786 159 3831 et
198 3775 548 3846 agnoscendo
588 3791 697 3829 non
739 3777 1042 3847 negligant;
1088 3781 1180 3829 aut
1213 3776 1255 3829 si
1303 3784 1492 3845 putant
1531 3790 1589 3831 se
1614 3776 1714 3853 ha-

104 3868 246 3924 bere
281 3869 480 3940 aliquid
511 3867 781 3935 veritatis.
824 3885 928 3924 non
975 3886 1091 3925 eam
1135 3871 1352 3925 furiosis
1381 3870 1713 3926 Circumcel-

102 3962 319 4018 lionum
374 3963 647 4019 violentiis
696 3973 883 4019 eontra
943 3965 1215 4035 publicam
1272 3965 1508 4035 quietem
1540 4006 1553 4029 ,
1614 3964 1709 4020 sed

106 4055 403 4127 tranquilla
440 4056 668 4111 rationis
710 4056 1014 4113 redditione
1040 4057 1353 4113 defendant.
1379 4057 1533 4114 Unde
1576 4059 1711 4129 peti-

104 4164 232 4202 mus
274 4149 657 4204 sublimitatem
697 4158 843 4204 tuam
892 4160 947 4204 ut
984 4167 1108 4205 cum
1142 4167 1235 4206 cos
1276 4151 1343 4205 de
1376 4152 1476 4206 hac
1524 4167 1581 4207 re
1612 4166 1709 4220 per

103 4242 465 4312 magisttatus
495 4242 608 4298 sive
638 4242 689 4297 in
718 4243 1056 4309 civitatibus,
1090 4243 1203 4298 sive
1230 4245 1284 4297 in
1314 4243 1707 4313 pertinentibus

102 4334 401 4388 territoriis
423 4335 717 4390 admonere
748 4335 1081 4391 voluerimus
1102 4379 1115 4401 ,
1144 4336 1353 4407 eopiam
1390 4338 1543 4390 nobis
1569 4351 1705 4405 prte-

101 4426 221 4479 heri
266 4436 536 4497 gestorum
564 4466 577 4489 ,
605 4436 662 4481 et
688 4443 783 4483 eos
816 4444 880 4482 ex
912 4428 1228 4498 allegatione
1257 4436 1438 4481 nostra
1481 4426 1705 4482 honeSIe

99 4519 405 4575 convenire
442 4520 724 4590 praeripias
757 4540 770 4575 :
812 4520 952 4591 quod
984 4520 1261 4574 consecuti
1286 4560 1302 4585 ,
1344 4534 1565 4589 agamus
1610 4535 1702 4574 ex-

99 4617 375 4672 Cellentim
418 4628 521 4670 tum
573 4616 715 4685 apud
749 4617 912 4670 Deum
964 4616 1159 4670 uberes
1198 4615 1419 4685 gratias.
1455 4614 1585 4669 Data
1634 4614 1703 4669 ab

102 4712 373 4769 universis
424 4713 689 4783 episeopis
742 4709 1018 4767 catholicis
1065 4725 1129 4763 ex
1203 4708 1433 4763 concilio
1475 4706 1701 4763 Cartha-

98 4806 315 4872 giniensi
362 4805 529 4878 (Auni
574 4803 740 4874 405),
794 4804 853 4857 1).
904 4801 967 4857 Ν.
1002 4800 1308 4880 Theodosio
1348 4803 1593 4872 Augusto
1641 4810 1696 4857 et

102 4899 406 4957 anorido
448 4899 563 4953 viro
604 4898 904 4952 clarissimo
947 4896 1263 4951 consulibus
1290 4938 1304 4962 ,
1342 4895 1520 4951 idibus
1562 4894 1697 4965 Sep-

102 4994 330 5047 tcmbris
368 4989 715 5058 Carthagine.
752 4988 1067 5057 Septiminus
1104 4988 1181 5041 vir
1219 4987 1538 5042 clarissimus
1579 5004 1699 5057 pro-

102 5089 285 5140 consul
313 5085 465 5137 dixit.
501 5083 553 5134 ltt
580 5082 820 5151 quolibet
849 5082 969 5136 loco
993 5070 1325 5136 antistitibus
1364 5082 1497 5149 legis
1534 5097 1701 5138 vene-

102 5180 291 5232 rabilis
314 5179 382 5229 ob
410 5177 643 5243 quietem
682 5174 895 5246 imperii
925 5184 1200 5245 gestorum
1238 5175 1697 5231 conﬁciendorum

101 5271 357 5324 tribuitur
398 5266 661 5332 facultas;
698 5267 797 5321 hoc
829 5267 991 5343 etiam
1026 5278 1215 5321 tenore
1255 5268 1413 5334 hujus
1454 5283 1695 5338 prtccep-

103 5366 266 5418 tionis
310 5362 540 5416 limitato
562 5404 574 5427 ,
606 5370 663 5415 ut
692 5362 988 5430 intelligant
1012 5377 1069 5416 se
1101 5362 1266 5416 devia-
1302 5360 1475 5431 plebis
1500 5363 1698 5432 magis-

106 5459 197 5510 tris
253 5454 542 5510 salubriter
602 5454 908 5523 petentibus
956 5454 1181 5525 propria:
1212 5455 1574 5522 persuasionis
1615 5470 1699 5508 ra-

102 5550 319 5604 tiocinia
374 5546 720 5615 persolvere,
777 5554 833 5598 ut
887 5545 1046 5599 rebus
1098 5547 1147 5599 in
1200 5545 1377 5599 medio
1432 5546 1693 5613 prolatis,

101 5641 271 5695 amica
310 5639 444 5703 legis
476 5637 774 5691 ntodetatio
817 5648 1098 5701 servetur,
1140 5637 1520 5708 superstitione
1566 5652 1696 5708 sup-

103 5735 271 5802 plosa.
305 5731 422 5797 Quo
452 5731 681 5797 recitato,

1816 3232 1935 3272 rum
1980 3219 2099 3274 loco
2140 3218 2355 3275 adstare
2386 3220 2708 3287 videantur,
2741 3230 2923 3278 tamen
2971 3222 3249 3279 melius'et
3293 3225 3411 3280 evi-

1816 3308 2035 3365 dentius
2062 3311 2450 3381 approbabitur
2478 3328 2600 3367 cum
2630 3314 2811 3369 omnia
2843 3315 3046 3369 fuerint
3073 3315 3323 3371 recitata.

1887 3401 2014 3455 18L
2064 3399 2355 3456 Petilianus
2398 3404 2666 3476 episcopus
2720 3406 2868 3460 dixit.
2921 3405 2977 3461 Si
3028 3407 3077 3461 in
3132 3406 3409 3464 forensem

1815 3492 2125 3549 conﬂictum
2158 3497 2485 3552 revertimur
2506 3539 2523 3565 ,
2556 3507 2771 3553 constat
2798 3514 2895 3555 eos
2925 3501 3055 3572 legis
3090 3502 3288 3558 divinae
3328 3506 3409 3560 fe-

1814 3586 1954 3642 cisse
1970 3585 2256 3656 jactnram.
2283 3588 2661 3658 Respondeant
2686 3591 2850 3660 igitur
2873 3593 3032 3647 etiam
3057 3601 3218 3664 atque
3239 3596 3405 3652 etiam

1814 3676 1955 3747 quod
1985 3680 2137 3749 exegi
2164 3722 2179 3745 ,
2217 3690 2395 3733 utrum
2426 3680 2631 3751 legibus
2668 3682 2899 3752 publicis
2936 3694 3135 3755 agant,
3168 3702 3235 3743 an
3266 3687 3403 3761 legis

1813 3768 2008 3825 divinae
2039 3769 2313 3826 conﬂictu.
2346 3772 2563 3842 Eligant
2587 3772 2814 3830 alterum
2837 3776 2905 3832 de
2930 3776 3159 3835 duobus.
3182 3780 3406 3839 Utrum—
3450 3835 3457 3841 .

1811 3876 1916 3933 que
1945 3862 2086 3917 enim
2114 3871 2301 3918 tenere
2324 3879 2431 3919 non
2466 3875 2708 3933 possunt.
2744 3858 2809 3921 Et
2844 3868 2950 3924 alia
2982 3888 3153 3927 manu.
3188 3873 3409 3930 Petilia—

1813 3969 1913 4009 nus
1947 3955 2236 4025 episcopus
2264 3956 2411 4011 salva
2445 3959 2803 4028 appellatione
2834 3967 3141 4034 recognovi.

1883 4046 2005 4102 £82.
2043 4045 2377 4103 Marcellinus
2399 4052 2475 4103 vir
2501 4050 2813 4108 clarissimus
2839 4056 3074 4112 tribunus
3100 4068 3147 4112 et
3170 4062 3405 4116 notarius

1809 4141 1960 4196 dixit.
2006 4141 2133 4195 Haec
2183 4156 2305 4213 qua:
2352 4145 2612 4199 sanctitas
2656 4156 2830 4202 vestra
2874 4149 3069 4204 obtulit
3113 4152 3403 4224 relegenda

1766 4224 1769 4227 “
1806 4250 1912 4290 non
1939 4238 2259 4308 ambigitur,
2292 4241 2414 4311 quia
2447 4242 2498 4295 in
2523 4242 2729 4311 judicio
2773 4244 2874 4299 viri
2904 4247 3217 4313 spectabilis
3266 4264 3391 4319 pro-

1806 4330 2043 4384 consulis
2065 4338 2183 4386 acta
2213 4342 2337 4386 sunt
2360 4375 2373 4399 ,
2411 4333 2477 4387 ad
2503 4334 2774 4390 forensem
2802 4337 3250 4408 disceptationem
3278 4342 3401 4397 abs-

1809 4436 1913 4491 que
1934 4422 2108 4478 dubio
2134 4425 2426 4492 pertinere.
2460 4426 2613 4482 Unde
2639 4471 2654 4493 ,
2679 4429 2815 4484 sicut
2848 4430 3132 4487 interfatus
3162 4449 3278 4488 sum
3298 4476 3313 4499 ,
3340 4443 3402 4490 ut

1732 4494 2117 4584 Ddiligentius
2167 4519 2484 4573 ostendatur
2530 4520 2620 4589 qui
2676 4520 2795 4578 loco
2841 4525 3089 4592 petitoris
3137 4494 3398 4593 adsistat,

1808 4607 1969 4661 etiam
2006 4608 2089 4661 illa
2128 4610 2373 4686 patimini
2407 4613 2644 4667 recitari.

1882 4700 2004 4755 185.
2040 4699 2326 4757 Petilianus
2365 4706 2639 4775 episcopus
2702 4690 2850 4761 dixit.
2888 4704 3087 4763 Contra
3118 4709 3217 4764 ista
3264 4726 3400 4781 prte-

1808 4795 2007 4849 scribo.
2038 4794 2093 4850 Si
2121 4795 2351 4853 forensis
2381 4809 2465 4853 est
2486 4803 2661 4861 actio.
2696 4785 2855 4871 hujus
2894 4804 3150 4874 temporis
3181 4822 3399 4865 causam

1776 4886 1997 4953 ,attdire
2030 4902 2331 4958 prmceptus
2368 4908 2461 4955 es,
2502 4894 2585 4948 vir
2632 4894 2844 4951 nobilis.
2891 4896 2949 4951 Si
2995 4899 3313 4969 simpliciter
3343 4913 3400 4959 et

1805 4984 2175 5039 ecclesiastico
2224 5000 2374 5041 more
2420 5003 2507 5042 res
2555 4989 2797 5059 geritur,
2844 4992 3177 5062 acquiescam
3228 4995 3278 5049 in
3335 5012 3397 5051 ea

1807 5090 1929 5145 quae
1958 5076 2075 5146 lege
2103 5077 2279 5133 divina
2322 5080 2700 5148 proferuntur,
2732 5084 2815 5137 vel
2856 5100 2883 5137 a
2918 5101 3037 5152 me,
3073 5087 3155 5141 vel
3185 5103 3212 5140 a
3246 5097 3399 5157 parte

1804 5167 2042 5222 diversa.
2089 5166 2142 5223 Si
2190 5183 2368 5227 autem
2415 5188 2687 5241 annosas,
2730 5174 3083 5248 antiquasque
3125 5178 3400 5237 chartulas

1806 5260 2029 5329 cupiunt
2059 5263 2287 5319 recitare
2307 5306 2321 5331 ,
2355 5265 2529 5321 habeo
2558 5283 2657 5338 pro
2692 5284 2779 5324 me
2805 5269 3004 5325 validas
3036 5273 3401 5343 pra-scriptio-

1808 5366 1939 5418 nes,
1971 5356 2142 5410 recito
2170 5356 2300 5412 illud
2325 5370 2537 5428 tempus
2574 5360 2730 5431 cujus
2758 5366 3149 5417 contestatione
3178 5375 3400 5431 praster-

1808 5448 2121 5525 missionem
2150 5449 2365 5505 interim
2396 5453 2519 5507 feci.
2550 5456 2783 5526 Lapsum
2810 5470 2963 5509 eausa
2998 5457 3249 5520 incurrit,
3287 5473 3398 5515 non

1803 5549 1979 5605 potest
2022 5557 2207 5596 rursus
2262 5544 2454 5597 audiri.
2500 5544 2565 5597 Et
2608 5548 2714 5600 alia
2743 5563 2918 5599 manu.
2951 5547 3242 5600 Petilianus
3272 5550 3393 5616 epi-

1802 5645 1999 5699 seopus
2030 5634 2179 5687 salva
2210 5636 2569 5705 appellatione
2603 5638 2904 5705 recognm'i.
2938 5638 3250 5708 Augustinus
3281 5643 3396 5708 epi-

1801 5740 1986 5788 scopus
2032 5726 2270 5780 Ifcclesia'
2317 5729 2579 5781 catholica?
2607 5730 2758 5781 dixit.
2802 5728 3040 5783 Crimina
3089 5729 3399 5786 traditionis
