3860 6212
370 85 509 150 1395

1312 89 1534 152 GESTA
1579 85 2033 155 COL‘LATIOMS
2070 90 2690 163 CARTIIAGINEN815.

3521 111 3662 169 139’}

365 214 644 296 objiciunt.
676 212 746 296 Et
776 215 878 297 alia
922 229 1095 265 manu.
1147 212 1472 282 R'ecognnvi.
1520 199 1807 268 Petilianus
1851 216 1961 284 epi-
1987 230 2041 290 Α
2066 228 2190 272 sunt
2213 263 2227 288 ,
2252 207 2540 289 judicauda
2564 235 2646 279 est
2674 223 2919 281 Ecclesia
2953 227 3044 282 Dei
3068 229 3278 298 perisse
3307 247 3320 284 :
3353 242 3448 283 seu
3478 240 3661 287 tamen

371 323 554 377 scapus
579 292 728 359 dixit.
759 292 871 359 Hoc
900 319 1076 359 causae
1105 313 1208 358 est.
1239 301 1307 356 Et
1328 304 1433 359 alia
1459 322 1632 358 manu.
1659 304 1959 361 Pelilianus

374 399 657 468 episcopus
700 385 845 450 salva
889 396 1258 466 appellatione
1297 396 1605 466 recognovi.
1646 397 1958 467 Augustinus

373 492 641 561 episcopus
672 487 918 543 Ecclesia:
941 489 1204 544 catholica:
1232 490 1381 544 dixit.
1417 488 1600 544 Redde
1628 489 1795 543 vicem
1817 530 1835 556 ,
1864 485 1959 543 au-

371 573 514 640 ditus
535 597 626 650 es,
660 575 783 637 cum
817 564 1255 652 prosequereris,
1287 582 1441 638 nobis
1472 581 1816 652 patientibus.
1844 581 1959 637 Cri-

368 679 510 735 mina
557 675 860 732 traditionis
911 676 1170 744 Ecclcsia:
1214 691 1376 747 quam
1425 682 1677 731 tenemus
1717 675 1958 746 objicere

367 778 783 826 consueverunt.
818 767 883 821 Et
929 769 1035 822 alia
1079 785 1256 824 manu.
1304 767 1634 839 Rccognovi.
1669 767 1959 823 Petilianus

369 863 636 936 episcopus
671 844 821 915 dixit.
855 859 1127 930 Legaliter
1151 861 1294 930 agit,
1330 876 1398 914 an
1435 874 1587 916 more
1615 858 1859 915 forensi?
1888 857 1960 912 Et

366 955 472 1013 alia
503 971 675 1008 manu.
706 952 1003 1008 Petilianus
1031 953 1317 1024 episcopus
1340 952 1654 1023 recognovi.
1689 950 1960 1007 Possidius

370 1049 636 1120 episcopus
668 1027 911 1100 Ecclesia:
936 1045 1202 1098 catholicae
1244 1044 1397 1099 dixit.
1427 1044 1583 1099 Prior
1612 1044 1824 1098 chartas
1864 1044 1961 1100 ob-

371 1141 562 1196 tulisti.
588 1138 656 1193 Et
685 1141 792 1194 alia
816 1155 991 1202 manu.
1013 1121 1344 1207 Recognovi.
1377 1137 1662 1192 Petilianus
1691 1139 1961 1210 episcOpus

373 1236 525 1290 dixit.
572 1233 756 1290 Redde
801 1234 929 1288 mihi
983 1241 1214 1303 tempus.
1260 1233 1570 1289 Calculetur
1617 1233 1852 1289 officium
1893 1233 1960 1289 de

374 1323 737 1401 temporibus,
771 1337 950 1384 utrum
983 1327 1247 1384 hodierna
1281 1329 1369 1384 die
1397 1343 1557 1383 causa
1587 1327 1814 1383 dicenda
1852 1329 1958 1396 sit,

374 1422 420 1480 si
451 1425 518 1480 ad
556 1424 801 1479 forenses
831 1422 1210 1478 descendimus
1249 1421 1511 1478 actiones.
1546 1420 1613 1475 Et
1641 1421 1747 1475 alia
1789 1438 1965 1475 manu.

380 1518 679 1572 Petilianus
727 1517 1013 1586 episcopus
1062 1514 1425 1585 appellatione
1470 1499 1728 1569 incolumi
1771 1528 1965 1584 recog-

377 1610 524 1665 novi.

460 1702 588 1757 184.
622 1700 953 1755 Marcellinus
982 1701 1058 1754 vir
1081 1686 1392 1753 clarissimus
1419 1689 1648 1753 tribunus
1669 1708 1715 1753 et
1741 1699 1971 1754 notarius

374 1796 521 1850 dixit.
557 1793 735 1848 Etiam
766 1799 938 1848 veStra
980 1791 1239 1846 sanctitas
1286 1791 1338 1844 in
1386 1793 1486 1846 hac
1531 1801 1687 1862 parte
1723 1791 1971 1861 judicare

377 1887 618 1942 deberet.
647 1885 871 1940 Constat
911 1884 1055 1940 enim
1087 1899 1152 1939 ex
1181 1898 1446 1939 consensu
1492 1873 1770 1954 utriusque
1799 1885 1970 1953 partis

374 1961 636 2050 judicium
661 1961 825 2033 fuisse
850 1960 1096 2032 dilatum.
1121 1978 1227 2032 Cur
1249 1991 1390 2031 nunc
1411 1964 1685 2045 superfluo
1710 1978 1969 2048 temporis

379 2072 852 2144 praescriptionem
885 2069 1240 2140 objiciendam
1269 2085 1390 2124 esse
1420 2069 1672 2136 creditis,
1697 2085 1816 2124 cum
1848 2085 1967 2126 eam

379 2177 592 2226 cons1et
617 2185 680 2224 ex
714 2183 980 2223 consensu
1012 2168 1245 2238 partium
1281 2165 1451 2222 fuisse
1479 2165 1786 2222 seclusam?
1817 2165 1970 2223 Unde

376 2279 520 2319 nunc
564 2279 626 2318 ea
664 2279 785 2334 quae
812 2263 879 2318 ad
925 2276 1142 2317 causam
1180 2261 1493 2332 pertinent,
1539 2259 1724 2331 peragi
1769 2243 1968 2316 debere

376 2357 724 2417 manifestum
752 2364 857 2413 est.

448 2450 612 2522 308
641 2449 762 2504 185.
799 2447 1087 2504 Petilianus
1114 2448 1381 2521 episcOpus
1411 2447 1564 2501 dixit.
1594 2435 1727 2515 Quia
1767 2435 1871 2517 ipsi
1907 2462 1968 2503 se

377 2543 444 2599 ad
499 2543 733 2599 forensia
782 2528 1168 2609 contulerunt,
1216 2541 1338 2597 ideo
1389 2540 1624 2596 forensia
1670 2540 1962 2611 postulavi.

374 2635 785 2705 Respondeatur
807 2635 937 2690 mihi
959 2633 1025 2688 ad
1054 2648 1115 2689 ea
1147 2649 1268 2703 quae
1298 2632 1533 2699 postulo.
1563 2631 1786 2688 Forensi
1816 2647 1968 2689 more

379 2727 522 2798 agit,
552 2741 618 2780 an
663 2726 1069 2806 ecclesiastico?
1088 2725 1157 2781 Et
1186 2727 1290 2781 alia
1314 2742 1488 2780 manu.
1541 2725 1834 2782 Petilianus
1856 2728 1971 2799 epi-

380 2833 580 2889 sc0pus
620 2819 981 2888 appellatione
1011 2817 1267 2872 incolumi
1300 2817 1603 2887 recognovi.

453 2910 577 2966 186.
614 2908 949 2964 Marcellinus
979 2911 1056 2963 vir
1078 2910 1397 2994 clarissimus
1419 2909 1648 2993 tribunus
1676 2919 1722 2963 et
1740 2910 1967 2966 notarius

2065 310 2228 365 etiam
2257 313 2494 381 ipsorum
2523 331 2740 371 causam
2782 327 3051 388 tamquam
3089 321 3317 375 fratrum
3351 329 3662 378 nostrorum

2066 404 2418 474 suscipimus,
2458 418 2512 463 et
2543 410 2585 463 si
2621 412 2773 467 nobis
2805 414 3014 469 ostendi
3043 415 3316 485 potuerint
3345 416 3624 473 eriminosi
3649 462 3661 485 ,

2067 497 2230 581 liodie
2271 499 2393 555 illos
2423 505 2867 583 anatliemamus;
2908 524 3014 563 non
3063 517 3243 565 tamen
3284 523 3507 582 propter
3543 513 3664 569 illos

2066 588 2366 675 Ecelesiam
2400 610 2428 648 a
2459 596 2568 651 Deo
2587 599 2907 666 promisSam
2945 616 3000 656 et
3028 600 3324 657 exhibitam
3359 602 3663 660 deserimus

2066 693 2157 738 aut
2190 686 2562 757 relinquimus.
2597 688 2703 761 ipsi
2741 707 2869 762 ergo
2893 693 3094 764 eligant
3119 694 3265 765 quod
3296 695 3510 750 volunt.
3544 695 3662 753 Non

2068 775 2328 847 objiciant
2353 781 2580 837 crimina
2619 782 2926 840 hominibus
2951 827 2964 852 ,
3008 795 3063 841 et
3105 786 3310 843 charta:
3347 789 3660 844 cessabunt.

2066 868 2192 925 Sola
2230 871 2410 926 divina
2439 875 2687 944 loquetur
2712 879 3036 944 auctoritas;
3069 881 3182 934 sola
3211 879 3302 936 Dei
3336 881 3618 951 Scriptura
3645 925 3658 948 ,

2068 962 2154 1016 cui
2180 963 2391 1034 utrique
2421 967 2729 1035 subdimur,
2758 971 2807 1024 in
2842 970 3075 1026 medium
3100 965 3427 1042 proferetur.
3459 974 3525 1028 Et
3555 977 3663 1029 alia

2071 1071 2246 1109 manu.
2279 1055 2605 1129 Recognovi.
2636 1061 2970 1120 Marcellinus
2991 1067 3066 1120 vir
3089 1068 3402 1124 clarissimus
3429 1070 3663 1125 tribunus

2071 1157 2117 1200 et
2143 1149 2375 1203 notarius
2401 1152 2554 1207 dixit.
2587 1153 2724 1222 Quid
2756 1152 2986 1212 refertur
3011 1140 3134 1213 liis?

2146 1232 2265 1295 188.
2301 1238 2561 1298 Emeritus
2602 1248 2872 1318 episcopus
2904 1251 3063 1319 partis
3109 1239 3302 1305 Donati
3343 1251 3493 1307 dixit.
3530 1254 3664 1310 Pro-

2072 1331 2192 1388 lixze
2221 1336 2450 1391 orationi
2481 1341 2812 1420 respondere
2839 1358 2947 1397 non
2983 1357 3224 1414 possunt.
3269 1343 3474 1420 Tamen
3514 1363 3664 1403 sum-

2071 1427 2256 1482 matim
2277 1471 2293 1498 ,
2326 1439 2382 1485 ut
2417 1413 2600 1500 valeo,
2629 1451 2767 1505 .qute
2813 1436 3084 1506 sup‘erﬂu‘e
3126 1438 3179 1492 in
3206 1436 3473 1509 judicium
3502 1443 3662 1495 missa

2071 1528 2199 1574 sunt
2219 1513 2508 1590 ventilabo,
2527 1540 2649 1580 cum
2671 1521 2975 1596 optationes
2991 1528 3024 1583 ’a
3044 1532 3243 1585 nostris
3271 1529 3515 1602 partibus
3539 1549 3664 1604 pro-

1999 1633 2048 1692 Β
2078 1613 2280 1681 positas
2310 1631 2376 1669 ne
2404 1613 2488 1672 vel
2527 1611 2817 1675 reiectione
2843 1619 3207 1690 confundant,
3251 1635 3311 1678 ut
3351 1624 3528 1696 neque
3565 1643 3656 1681 ve-

2078 1702 2179 1758 lint
2207 1719 2328 1760 esse
2357 1707 2647 1776 petitores,
2677 1725 2850 1780 neque
2885 1727 2945 1767 se
2974 1713 3154 1768 dicant
3192 1729 3549 1786 responsores
3572 1717 3663 1771 ad-

2074 1803 2220 1850 stare
2237 1836 2251 1861 ,
2285 1797 2672 1870 intulerintque
2699 1803 2895 1858 nostris
2917 1801 3159 1872 partibus
3191 1811 3625 1878 prosecutionem
3645 1854 3659 1876 ,

2075 1896 2134 1940 ut
2173 1887 2214 1941 si
2251 1886 2482 1945 forensis
2521 1893 2720 1962 regula:
2749 1893 2994 1950 ordinem
3032 1889 3247 1966 tenent,
3282 1899 3660 1958 conditionalis

2073 1977 2181 2033 diei
2227 1994 2332 2035 non
2385 1983 2635 2062 omittam
2686 1985 2913 2042 internis
2958 1990 3206 2045 sensibus
3253 1991 3564 2059 notionem;
3617 1995 3662 2050 si

2073 2080 2251 2127 autem
2289 2069 2546 2143 legalibus
2571 2077 2742 2149 magis
2769 2081 2990 2149 cupiunt
3017 2075 3068 2135 in
3092 2081 3297 2151 judicio
3319 2084 3658 2153 conluctari,

2073 2160 2281 2242 divinis
2309 2161 2604 2236 Scripturis
2647 2184 2744 2224 nos
2790 2170 2870 2226 eis
2911 2188 3132 2228 necesse
3179 2183 3264 2230 est
3308 2177 3659 2246 respondere.

2075 2254 2312 2312 Primum
2357 2269 2440 2315 est
2480 2270 2658 2316 autem
2700 2263 2841 2334 Quod
2884 2264 2936 2318 in
2979 2266 3182 2335 judicio
3223 2239 3663 2339 ﬂagitamusfut

2071 2355 2324 2424 quoniam
2354 2355 2419 2411 de
2447 2357 2822 2414 mandatorum
2868 2363 3092 2416 suoru'm
3128 2363 3458 2435 allegatione
3487 2367 3543 2421 in
3577 2367 3661 2436 ju-

2071 2445 2213 2501 dicio
2240 2448 2532 2516 vacillant,
2571 2451 2771 2521 quippe
2812 2437 2933 2508 cum
2982 2471 3144 2510 unum
3193 2457 3475 2529 legentes,
3517 2459 3659 2514 aliud

2073 2544 2306 2620 negent,
2357 2530 2646 2610 dicantque
2684 2552 2861 2598 tamen
2906 2559 2965 2600 se
3007 2545 3211 2616 legatos
3251 2548 3318 2602 ad
3354 2548 3658 2618 imperiales

2069 2645 2228 2686 aures
2255 2630 2555 2688 destinasse
2590 2635 2743 2690 antea
2766 2677 2782 2702 ,
2814 2646 3166 2709 secutumque
3203 2649 3290 2694 est
3325 2641 3619 2697 identidem
3641 2685 3655 2709 ,

2071 2732 2131 2778 ut
2182 2739 2247 2778 ex
2304 2729 2651 2794 responsione
2707 2736 2978 2796 gestorum
3033 2729 3266 2787 dilucide
3319 2732 3603 2789 claruisset
3635 2777 3650 2801 ,

2070 2813 2249 2869 utrum
2292 2831 2389 2870 nos
2430 2818 2815 2885 inquietatdres
2853 2836 3126 2888 essemus,
3165 2823 3543 2894 anjnquietati
3591 2827 3654 2882 ad

2062 2905 2324 2976 judicium
2356 2911 2659 2965 veniremus
2682 2953 2695 2976 ,
2729 2910 2810 2968 liis
2837 2921 2913 2966 tot
2942 2916 3401 2984 propositionibus
3431 2935 3652 2990 respou-

380 3006 530 3060 dixit.
581 3004 993 3073 Respondeatur
1034 3003 1279 3073 objectis.
1331 2985 1646 3074 Augustinus
1696 3008 1962 3074 episcopus
1990 3019 2034 3081 ρ
2069 3000 2198 3055 dere
2227 3001 2470 3056 nolentes
2493 3044 2506 3067 ,
2536 3004 2601 3059 ad
2632 3005 2733 3058 alia
2767 3021 2824 3060 se
2851 3009 3030 3061 nescio
3058 3015 3160 3078 qua
3188 2985 3653 3081 argumentatione

378 3099 621 3152 Ecclesia:
636 3097 911 3161 catholica:
931 3082 1081 3151 dixit.
1114 3096 1171 3152 Si
1203 3098 1495 3166 patiantur,
1523 3091 1774 3152 Ecclesiae
1801 3114 1960 3168 quam

381 3202 626 3247 tenemus
652 3189 814 3262 (sicut
844 3205 1034 3244 omnes
1061 3200 1360 3251 noverunt,
1393 3204 1621 3256 quorum
1644 3190 1818 3243 solent
1847 3190 1963 3243 ani-

379 3299 494 3338 mos
544 3284 656 3337 suis
699 3281 992 3336 sollicitare
1040 3281 1511 3336 criminationibus
1537 3324 1552 3345 ,
1591 3292 1646 3336 et
1684 3283 1846 3336 etiam
1879 3283 1960 3336 sui

378 3374 612 3430 mandati
674 3379 861 3428 tenore
890 3359 1305 3440 declararunt);
1341 3371 1641 3436 Ecclesite,
1700 3373 1913 3442 inquam
1944 3415 1958 3440 ,

377 3481 538 3537 quam
565 3475 843 3528 tenemus,
876 3463 1106 3518 crimina
1136 3462 1313 3516 solent
1349 3462 1659 3519 traditionis
1697 3464 1956 3534 objicere.

377 3548 445 3614 Et
480 3562 583 3613 alia
617 3576 792 3612 manu.
826 3557 1151 3627 Recognovi.
1183 3555 1472 3611 Petilianus
1499 3557 1765 3628 episcopus
1797 3559 1959 3624 partis

377 3649 568 3705 Donati
598 3637 746 3703 dixit.
782 3637 1140 3703 Profiteantur
1172 3647 1236 3702 ad
1272 3648 1514 3717 qmesita.
1559 3646 1956 3702 Professionem

379 3743 692 3812 petivimus,
725 3754 830 3794 nOn
859 3738 1189 3794 conflicmm.
1229 3737 1294 3791 Et
1322 3739 1426 3792 alia
1457 3754 1629 3790 manu.
1664 3738 1982 3816 Petiliauus'

378 3835 662 3902 episcopus
687 3831 1049 3900 appellatione
1076 3829 1332 3883 incolumi
1357 3831 1668 3899 recognovi.

451 3927 572 3981 187.
607 3924 918 3996 Augustinus
949 3925 1216 3992 episcopus
1247 3906 1492 3976 Ecclesia:
1522 3915 1785 3976 catholica!
1806 3911 1954 3977 dixit.

382 4016 436 4072 Si
492 4005 682 4070 horum
731 4015 1014 4069 criminum
1059 4013 1324 4084 jacturam
1365 4011 1605 4080 faciunt,
1654 4013 1720 4068 de
1758 4015 1959 4070 chartis

379 4109 605 4180 publicis
634 4096 766 4162 nihil
797 4106 1138 4177 proferimus.
1168 4106 1223 4162 Si
1249 4117 1428 4161 autem
1469 4107 1521 4159 in
1555 4106 1742 4161 eadem
1770 4105 1957 4161 crimi-

378 4202 599 4256 natione
643 4199 941 4268 persistunt
966 4239 980 4263 ,
1010 4197 1211 4252 chartis
1253 4197 1480 4266 publicis
1519 4197 1776 4253 docemus
1821 4200 1958 4253 hanc

376 4308 594 4348 causam
632 4291 761 4345 olim
790 4304 910 4345 esse
947 4285 1184 4355 finitam,
1217 4303 1317 4342 nec
1345 4301 1522 4343 tamen
1550 4303 1644 4344 eos
1672 4291 1739 4344 ab
1770 4283 1959 4358 hujus-

2069 3093 2361 3161 dejiciunt,
2405 3111 2620 3163 quaeso,
2658 3098 2736 3150 vir
2769 3098 2997 3168 nobilis,
3032 3104 3372 3157 constituant
3395 3106 3648 3174 gradum,

2067 3184 2250 3238 dicant
2287 3202 2347 3240 se
2389 3202 2494 3255 quo
2524 3187 2714 3242 ordine
2745 3205 2914 3259 quave
2945 3177 3158 3248 actione
3185 3195 3236 3247 in
3279 3183 3489 3263 judicio
3529 3213 3652 3251 con-

2067 3277 2279 3332 sistant.
2318 3277 2427 3332 Nos
2457 3280 2631 3346 enim,
2667 3281 2756 3350 Qui
2801 3281 3015 3336 adducti
3053 3299 3239 3338 sumus
3284 3287 3351 3340 ad
3385 3289 3648 3358 discepta-

2067 3371 2300 3434 tionem,
2337 3369 2578 3439 petitoris
2611 3371 2728 3425 loco
2753 3373 2968 3428 adstare
3007 3392 3112 3429 non
3142 3387 3457 3446 possumus.
3503 3379 3646 3448 Ipsos

2066 3478 2291 3517 necesse
2338 3473 2421 3518 est
2471 3479 2809 3535 proponere,
2857 3477 2913 3521 ut
2957 3484 3144 3523 eorum
3193 3473 3645 3541 propositionibus

2065 3555 2184 3620 pars
2213 3563 2393 3608 nostra
2426 3558 2599 3609 valeat
2628 3558 2974 3627 respOndere.
3005 3559 3067 3614 Et
3103 3563 3206 3615 alia
3231 3580 3408 3619 manu.
3448 3565 3644 3622 Emeri-

2065 3656 2147 3700 tus
2178 3646 2466 3716 episc0pus
2488 3648 2634 3702 salva
2661 3651 3020 3719 appellatibnc
3050 3644 3364 3723 recogndvi.

2133 3740 2257 3795 189.
2289 3740 2605 3812 Augustinus
2632 3744 2898 3814 episcopus
2931 3737 3172 3801 Ecclesia?
3199 3751 3465 3804 catholicae
3491 3753 3634 3807 dixit.

2061 3832 2117 3888 Si
2159 3834 2400 3902 petitoris
2441 3835 2559 3888 loco
2597 3834 2864 3890 adsistunt
2907 3838 2995 3906 qui
3038 3839 3265 3894 crimina
3307 3841 3514 3913 objecta
3545 3845 3638 3898 dc-

2058 3921 2320 3985 fendunt,
2373 3932 2476 3978 tua:
2530 3924 2823 3982 nobilitatis
2867 3934 2953 3982 est
3001 3925 3374 3999 pronuntiare.
3427 3933 3493 3987 Et
3539 3937 3636 3988 alia

2059 4028 2234 4066 manu.
2265 4012 2593 4083 Recognovi.

2137 4102 2258 4158 190.
2295 4103 2628 4159 Marcellinus
2666 4107 2743 4159 vir
2786 4107 3098 4164 clarissimus
3128 4112 3366 4168 tribunus
3405 4125 3452 4169 et
3494 4127 3632 4170 nota-

2061 4194 2170 4246 rius
2193 4194 2346 4248 dixit.
2378 4195 2549 4248 Etiam
2583 4198 2956 4263 prosecutione
2985 4201 3082 4255 viri
3129 4203 3455 4263 venerabilis
3497 4209 3630 4263 Peti-

2061 4287 2185 4342 liani
2209 4289 2260 4343 id
2297 4297 2508 4344 constat
2540 4285 2704 4345 fuisse
2745 4292 3043 4361 signatum,
3080 4289 3135 4348 ut
3183 4308 3357 4353 utrum
3401 4317 3522 4371 pars
3546 4319 3629 4358 ca-

376 4387 521 4442 modi
567 4382 887 4454 objiciendis
915 4381 1229 4437 criminibus
1266 4381 1580 4437 cessavisse.
1615 4380 1768 4437 Unde
1811 4395 1954 4437 nunc
1983 4393 2030 4452 D
2057 4379 2255 4436 tholica
2281 4423 2296 4447 ,
2349 4380 2488 4450 quod
2541 4398 2736 4437 nomen
2788 4384 2904 4438 sine
2951 4386 3265 4455 prtejudicio
3318 4389 3499 4447 dicere
3553 4409 3629 4448 me

373 4479 718 4536 collationem
749 4477 903 4530 istam
936 4475 1307 4543 potioscimus,
1339 4471 1445 4528 non
1469 4472 1527 4527 ut
1558 4473 1704 4528 illam
1734 4488 1951 4528 causam

375 4571 682 4630 traditionis
710 4585 868 4638 quam
898 4558 1187 4622 Caeciliano
1210 4574 1267 4629 et
1305 4567 1422 4635 ejus
1463 4566 1683 4636 collegis
1727 4564 1952 4636 objicie-

373 4670 539 4733 bant,
567 4665 926 4733 suscipiamus
958 4662 1139 4716 denuo
1167 4660 1479 4724 finiendam,
1499 4659 1593 4713 sed
1618 4657 1951 4716 demonstre-

371 4782 492 4822 mus
522 4765 651 4819 olim
680 4777 800 4817 esse
839 4761 1078 4824 finitam,
1114 4768 1171 4812 ut
1210 4757 1313 4812 ltoc
1353 4759 1739 4827 cognoscentes
1767 4757 1946 4826 populi

369 4858 460 4928 qui
513 4857 795 4919 nesciunt,
848 4862 899 4906 et
940 4852 1163 4906 istorum
1239 4849 1414 4904 adhuc
1485 4832 1948 4904 criminationibus

370 4957 782 5006 commoventur
801 4987 816 5012 ,
848 4944 1064 4999 tandem
1100 4942 1383 5012 aliquando
1403 4949 1730 5012 cognoscant
1759 4941 1811 4994 in
1840 4955 1944 5010 qua

373 5043 618 5099 Ecclesia
649 5039 956 5095 christiana:
995 5030 1184 5091 salutis
1227 5039 1366 5090 viam
1408 5034 1698 5106 requirant.
1735 5035 1790 5092 Si
1821 5050 1949 5105 ergo

368 5137 435 5190 de
468 5133 704 5188 Ecclesia
735 5130 995 5199 quaeritur
1017 5143 1134 5198 qua:
1161 5128 1259 5194 sit,
1291 5122 1487 5198 quanta
1511 5127 1610 5193 sit,
1636 5128 1811 5196 qualis
1840 5130 1942 5194 sit,

364 5226 478 5279 Sola
507 5223 685 5278 divina
715 5220 1023 5276 teSIimonia
1054 5218 1119 5274 ad
1143 5234 1262 5275 eam
1288 5203 1762 5273 demonstrandam
1793 5203 1944 5273 suffi-

363 5317 526 5370 cient.
561 5315 614 5371 Si
660 5313 905 5369 homines
947 5313 1261 5382 appellant,
1297 5311 1341 5366 si
1377 5310 1682 5365 hominibus
1712 5311 1940 5365 crimin‘a

362 5406 680 5473 intendunt,
708 5419 1030 5474 quamquam
1077 5393 1336 5458 Ecclesia:
1377 5415 1535 5456 causa
1564 5402 1632 5456 ab
1663 5401 1939 5455 hominum

363 5510 520 5549 causa
547 5496 916 5567 distinguenda
945 5504 1061 5561 est,
1092 5509 1195 5550 nec
1231 5493 1285 5550 in
1326 5490 1631 5549 hominibus
1674 5507 1798 5564 spes
1837 5507 1937 5564 po-

369 5587 541 5643 nenda
569 5600 651 5646 est
692 5589 984 5668 Ecclesiae,
1037 5591 1084 5648 si
1137 5589 1261 5647 boni
1306 5599 1467 5670 sunt.
1517 5604 1694 5670 neque
1738 5588 1782 5647 si
1814 5589 1940 5649 ntali

2062 4473 2245 4527 multis
2279 4473 2784 4530 interloemionibus
2823 4474 3094 4543 patefeci,
3137 4477 3256 4547 jure
3299 4483 3514 4548 publico
3551 4485 3626 4553 agi

2055 4568 2249 4633 vellet,
2276 4570 2340 4619 an
2364 4571 2511 4622 certe
2538 4567 2734 4620 divinis
2761 4568 3110 4633 testimoniis,
3135 4571 3416 4626 evidenter
3445 4584 3615 4628 osten-

2054 4658 2222 4713 deret.
2272 4657 2378 4713 Sed
2422 4658 2599 4717 denuo
2625 4657 2690 4711 ad
2723 4657 2941 4726 quaesita
2971 4673 3287 4729 responsum
3317 4674 3398 4717 est
3421 4707 3434 4729 ,
3466 4666 3530 4740 i_ta
3573 4676 3625 4721 ut

2053 4750 2457 4810 evidentissime
2506 4760 2933 4818 monstraretur,
2981 4753 3028 4807 si
3069 4755 3292 4809 crimina
3341 4772 3449 4810 non
3489 4759 3615 4825 obji-

2050 4856 2300 4902 cerentur
2322 4886 2335 4909 ,
2355 4831 2398 4898 la
2426 4843 2760 4899 documentis
2793 4844 3020 4914 publicis
3050 4843 3438 4902 discedendum
3466 4891 3481 4914 ,
3507 4864 3618 4920 qua:

2049 4934 2266 5008 probari
2296 4950 2401 4988 non
2434 4945 2590 5004 posse
2625 4926 2780 4988 aliter
2805 4936 2906 4989 nisi
2941 4936 3272 5004 publicorum
3301 4949 3507 4994 certum
3537 4951 3613 4996 est

2051 5029 2392 5084 attestati'one
2418 5032 2689 5098 gestorum
2717 5045 2729 5081 :
2764 5028 2842 5082 sin
2869 5043 2997 5084 vero
3017 5043 3175 5084 causa
3200 5030 3461 5087 Ecclesia:
3489 5043 3616 5088 trac-

2052 5121 2290 5189 tarettir,
2326 5112 2518 5192 leg-alia
2561 5123 2764 5176 tantum
2792 5123 3097 5177 testimonia
3129 5124 3516 5194 proferrentur.
3547 5126 3616 5198 De

2050 5213 2246 5288 quibus
2275 5215 2401 5285 quid
2434 5215 2640 5284 placeat
2664 5257 2677 5280 ,
2708 5215 3007 5271 evidentius
3033 5216 3368 5289 designetur.

2118 5297 2240 5365 191.
2276 5301 2558 5363 Petiliunus
2584 5307 2849 5377 episwpus
2869 5308 3020 5363 dixit.
3049 5309 3164 5365 Duo
3188 5325 3315 5367 sunt
3341 5326 3461 5385 qua:
3491 5327 3612 5385 prte-

2048 5408 2127 5455 ter
2153 5411 2348 5456 caetera
2382 5416 2410 5454 a
2438 5397 2540 5455 diei
2576 5399 2731 5469 hujus
2761 5400 3020 5471 principio
3046 5403 3315 5474 coepimus
3341 5407 3606 5464 ventilare.

2047 5475 2216 5552 Unum
2244 5536 2258 5561 ,
2304 5503 2360 5550 ut
2401 5493 2502 5563 ipsi
2551 5494 2804 5567 legissent
2849 5495 2972 5566 quid
3026 5498 3342 5568 imperatori
3377 5502 3606 5558 cleinen-

2048 5589 2258 5650 tissimo
2289 5590 2688 5666 suggesserim;
2735 5588 2914 5662 aliud,
2955 5600 3134 5652 utrum
3176 5593 3604 5669 disceptationem
