3860 6212
66 234 87 287 1
100 234 214 290 597

1050 228 1275 289 GESTA
1308 230 1767 292 COLLATIONIS
1804 233 2424 296 CARTllAGlNENBlS.

3238 241 3381 302 1398

61 349 211 421 legis
257 344 461 405 divinas
491 356 676 405 tenere
705 348 923 420 cupiant
946 386 964 416 ,
1002 359 1070 404 an
1109 346 1353 419 publicas
1393 348 1563 420 leges.
1604 349 1680 405 De
1706 351 1762 414 Α
1784 360 1997 407 sentum
2030 360 2209 423 partes
2222 353 2508 424 judiciario
2532 356 2715 415 animo
2736 358 3044 415 defensare.
3068 355 3224 413 Nunc
3248 375 3382 429 prm-

58 450 322 515 utroque
366 442 499 498 nihil
550 441 678 497 mihi
720 448 910 512 aperte
958 434 1281 512 responsum
1324 448 1429 494 est.
1466 440 1531 494 Et
1575 442 1681 495 alia

60 552 259 594 manu.
320 537 616 594 Peliiianus
668 536 958 609 epistmpus
1010 532 1374 607 appellatione
1422 533 1679 591 incolumi

60 631 400 702 recognovi.
726 628 729 631 ⁷
1078 650 1089 655 ί

136 722 280 776 192.
321 720 589 777 Possidius
627 720 897 793 episcopus
938 717 1181 775 Ecclesia
1214 717 1482 775 catholica
1525 718 1677 774 dixit.

59 802 386 866 Kd'lhnnia
411 827 531 868 esse
551 826 870 883 responsum
898 812 1180 883 superiora
1207 806 1474 868 testantur
1500 821 1676 884 gesta.

59 904 129 958 Et
163 905 288 959 alia
321 922 503 959 manu.
533 905 860 975 Recognovi.

136 998 281 1055 195.
320 998 615 1053 Pelilianus
641 997 911 1068 episwpus
941 997 1093 1052 dixit.
1125 980 1377 1054 Pervidct
1404 998 1566 1070 igitur
1590 1013 1680 1054 su-

57 1091 322 1147 blimitas
350 1100 439 1146 tua
483 1088 688 1145 sensim
726 1103 827 1143 nos
861 1088 927 1143 ad
964 1102 1143 1144 causae
1188 1091 1401 1145 interna
1438 1089 1631 1145 deduci
1662 1092 1677 1144 ξ

55 1186 327 1257 pervidet
365 1185 455 1240 illa
488 1192 576 1239 tua
612 1183 921 1253 praestantia
959 1191 1121 1252 atque
1147 1183 1406 1238 vivacitas
1437 1197 1637 1239 sensus
1659 1224 1676 1251 ,

56 1280 250 1350 magis
284 1279 419 1334 mihi
465 1276 980 1334 interlocutionibus
1028 1275 1327 1331 nobilitatis
1368 1283 1473 1331 tua:
1518 1290 1677 1345 quam

56 1373 531 1444 responsionibus
557 1369 990 1427 adversariorum
1016 1368 1183 1426 fuisse
1212 1383 1553 1439 responsum.
1579 1369 1681 1441 lgi-

57 1474 150 1519 tur
181 1464 504 1520 evidentius
547 1462 746 1534 aliquid
785 1453 1153 1530 decernatur,
1183 1455 1492 1517 evidentius
1542 1474 1678 1516 con-

56 1569 209 1625 stet,
248 1559 499 1614 noverim
529 1556 904 1630 quid§debeam
944 1538 1295 1627 respondere.
1328 1554 1454 1610 Mihi
1494 1554 1637 1610 enim
1661 1596 1676 1623 ,

53 1655 206 1709 sicut
243 1658 339 1708 tua
371 1653 620 1709 meminit
665 1652 955 1720 nobilitas,
995 1650 1138 1707 idem
1179 1665 1208 1705 a
1255 1649 1498 1723 partibus
1542 1649 1679 1706 meis

1786 452 1972 500 sentes
2015 455 2160 500 sunt.
2207 446 2312 517 ipsi
2373 448 2504 504 mihi
2548 452 2947 523 respondeant.
2991 450 3093 522 ipsi
3146 450 3382 519 edicam,

1786 534 1889 605 ipsi
1913 536 1979 590 ad
2006 546 2233 607 utraque
2257 554 2383 610 qua:
2415 544 2693 610 proposui,
2726 543 3060 615 respondere
3089 558 3198 598 non
3227 543 3382 599 dilic—

1784 641 1928 686 rant.
1960 630 2027 685 Et
2050 633 2155 686 alia
2186 637 2366 687 manu.
2407 634 2701 691 Petilianus
2742 638 3030 707 episcopus
3064 638 3378 709 recognovi.

1785 719 2058 776 Possidius
2088 725 2355 796 episcOpus
2386 724 2630 781 Ecclesia
2676 728 2941 783 catholica
2970 729 3120 785 dixit.
3144 729 3255 785 Nec
3286 733 3373 785 re-

1784 814 2055 886 spondere
2101 829 2199 871 nos
2242 817 2532 886 permittis.
2570 816 2862 874 Pelilianus
2911 822 3179 891 episcOpus
3227 822 3380 875 dixit.

1784 905 1958 961 Tuum
2030 916 2114 962 est
2172 909 2522 976 pronuntiare
2572 910 2699 979 quid
2754 910 2984 976 audias;
3028 912 3241 967 illorum
3297 919 3382 968 est

1783 1014 1944 1072 agere
1966 1016 2183 1056 causam
2208 1002 2298 1072 qui
2324 1002 2587 1059 adversus
2612 1019 2700 1059 me
2724 1003 2845 1058 loco
2871 1005 3135 1075 petitoris.
3169 1005 3237 1060 Et
3269 1023 3383 1060 cum

1780 1093 1971 1148 diceret
2040 1093 2149 1165 (Et
2192 1093 2299 1148 alia
2348 1110 2525 1149 manu.
2580 1095 2878 1151 Petilianus
2920 1096 3203 1167 episcopus
3232 1113 3385 1154 reco-
3464 1163 3469 1166 ἠ

1780 1186 1939 1256 gnovi
1960 1186 1998 1253 ),
2750 1191 2753 1195 '

1853 1276 1979 1333 196.
2025 1276 2361 1333 Marcellinus
2407 1279 2483 1333 vir
2526 1279 2844 1336 clarissimus
2871 1282 3105 1337 tribunus
3134 1291 3180 1335 et
3231 1293 3381 1338 nota-

1780 1369 1890 1424 rius
1920 1371 2072 1424 dixit.
2114 1370 2226 1427 Hoc
2268 1373 2656 1441 pronuntiavit,
2712 1384 2771 1428 ut
2816 1390 2880 1431 ex
2948 1382 3223 1445 gestorum
3302 1377 3381 1433 le-

1790 1464 1972 1518 ctione
1992 1463 2109 1519 baec
2139 1466 2320 1521 omnia
2352 1466 2875 1538 possintdiligenter
2888 1467 3374 1541 agnosci.Petilia-

1784 1571 1882 1609 nus
1903 1556 2171 1628 episcOpus
2200 1557 2350 1611 dixit.
2384 1558 2488 1629 Ipsi
2522 1560 2727 1624 dicant,
2762 1562 2864 1631 ipsi
2897 1563 3275 1632 proﬁteantur.
3312 1563 3375 1617 lit

1783 1648 1891 1702 alia
1932 1666 2113 1705 manu.
2158 1648 2448 1704 Petilianus
2498 1654 2787 1723 episcopus
2839 1652 3095 1709 incolumi
3141 1655 3380 1726 appella-

55 1744 396 1800 mandatum
425 1753 507 1799 est
528 1787 543 1812 ,
572 1754 632 1799 ut
666 1744 893 1815 objectis
929 1741 1286 1814 reSpondeam
1308 1783 1323 1811 ,
1352 1747 1553 1798 nonut
1578 1740 1676 1797 ob-
1705 1736 1755 1797 Β
1784 1743 1928 1799 tione
1957 1742 2268 1814 recognovi.

51 1837 255 1907 jiciam
291 1836 519 1907 aliquid.
552 1834 669 1891 Non
696 1836 840 1891 enim
876 1835 998 1891 luco
1025 1834 1276 1906 petitoris
1306 1832 1512 1890 adsisto
1531 1875 1547 1902 ,
1576 1832 1674 1889 sed

59 1928 423 1999 responsuri.
456 1927 559 1995 Qui
603 1927 800 1998 saepius
841 1926 981 1998 apud
1029 1926 1377 1999 imperatoris
1420 1928 1579 1982 aures
1620 1923 1678 1982 et

56 2036 257 2076 coram
283 2018 435 2075 omni
468 2018 667 2090 populo
693 2033 824 2073 sane
855 2017 996 2089 apud
1028 2033 1087 2073 se
1116 2018 1445 2086 constituto,
1477 2018 1533 2073 in
1563 2018 1674 2073 cri-

61 2127 194 2168 mcn
247 2128 352 2167 nos
396 2110 760 2181 invidiamque
790 2104 1100 2177 deducunt,
1145 2118 1205 2165 ut
1251 2110 1531 2167 haereticos
1576 2125 1676 2166 no-

59 2205 292 2258 minent
313 2245 327 2271 ,
354 2213 414 2259 ot
443 2202 815 2257 schismatieos
856 2212 1071 2271 quoque
1112 2201 1419 2272 appellent,
1449 2201 1552 2259 hoc
1578 2202 1677 2258 do-

58 2305 275 2363 ceant,
322 2296 429 2350 hoc
470 2294 655 2361 diluo,
708 2293 833 2349 huic
877 2294 958 2349 rei
1012 2308 1377 2363 reSponsurus
1424 2310 1584 2365 sum,
1629 2297 1674 2352 si

61 2389 240 2444 modo
267 2404 329 2445 se
356 2389 420 2443 ad
451 2388 648 2460 legalia
674 2395 998 2444 convertant
1018 2431 1031 2455 ,
1060 2387 1341 2460 i'psiuSque
1370 2389 1678 2461 legisque:-

66 2493 196 2535 rant
232 2495 506 2553 .reSpgonsa
547 2487 708 2552 atque
733 2480 951 2550 judicia.
984 2481 1078 2537 Sin
1107 2495 1238 2536 vero
1280 2490 1515 2553 utraque
1546 2482 1680 2538 mis-

62 2582 239 2638 cent,
288 2572 590 2628 evidentius
620 2572 952 2643 designetur.
997 2571 1248 2629 Noverlm
1290 2588 1462 2644 genus
1506 2577 1678 2630 actio-

60 2668 149 2722 nis
170 2709 185 2734 ,
229 2681 400 2722 nemo
430 2682 515 2721 me
543 2665 911 2737 reprehendat
950 2667 1001 2721 in
1029 2667 1281 2736 publico,
1328 2682 1490 2723 nemo
1523 2666 1680 2723 bonae

62 2775 258 2816 causae
303 2759 576 2814 inﬁrmum
608 2774 729 2815 esse
754 2758 961 2829 judicet
999 2759 1341 2817 defensorem
1363 2802 1377 2827 ,
1411 2777 1573 2817 nemo
1594 2762 1682 2832 ju-

24 2854 211 2908 .dicet
258 2851 537 2921 obliquum
560 2894 574 2917 ,
622 2866 783 2907 nemo
812 2852 1184 2908 adversarium
1215 2852 1464 2910 dolosum
1496 2870 1559 2910 ac
1611 2856 1680 2911 li-

63 2946 383 3015 centiosum
405 2984 421 3012 ,
451 2944 536 2999 cui
560 2944 750 2999 ’omnia
778 2945 1201 3014 permittuntur;
1243 2953 1301 3000 ut
1336 2962 1458 3002 cum
1492 2948 1561 3003 de
1592 2948 1679 3004 his

60 3041 212 3110 justa
258 3047 423 3108 atque
453 3038 722 3094 evidentia
766 3037 1148 3108 requirantur,
1192 3038 1360 3094 libeat
1399 3040 1503 3095 illis
1543 3040 1681 3095 deli-

1856 1834 1980 1892 £97.
2047 1836 2370 1907 Augustinus
2443 1836 2716 1908 episcopus
2790 1836 3037 1892 Ecclesia
3116 1839 3382 1894 catholica

1781 1926 1931 1983 dixit.
1982 1926 2101 1982 Jam
2148 1927 2385 1984 diximus
2449 1928 2592 1985 unde
2639 1943 2859 1998 agamus
2911 1931 3126 2000 potius,
3174 1932 3226 1986 id
3273 1942 3379 2000 est,

1780 2028 1960 2075 utrum
2002 2020 2235 2091 publicis
2288 2020 2628 2076 documentis
2667 2036 2736 2076 an
2784 2020 2983 2078 divinis
3030 2024 3376 2082 testimoniis.

1781 2110 1839 2167 ln
1866 2122 2048 2167 vestra
2083 2120 2171 2168 est
2200 2114 2436 2182 positum
2464 2122 2754 2184 potestate.
2801 2113 2857 2170 Si
2902 2116 3045 2170 enim
3077 2131 3106 2170 a
3132 2118 3380 2173 crimini-

1782 2204 1883 2259 bus
1907 2203 2189 2259 hominum
2220 2205 2450 2260 cessatis
2473 2247 2489 2271 ,
2522 2214 2578 2260 et
2600 2218 2700 2260 nos
2727 2207 3065 2263 cessabimus
3094 2222 3125 2263 a
3157 2210 3386 2279 publicis

1781 2294 2149 2361 documentis,
2176 2308 2232 2354 et
2270 2299 2441 2355 solam
2471 2298 2728 2354 Ecclesia
2752 2314 2970 2355 causam
2997 2301 3199 2359 divinis
3231 2304 3383 2360 testi-

1783 2392 1982 2446 moniis
2005 2406 2335 2448 asset-emus.
2369 2392 2425 2448 Si
2456 2401 2637 2448 autem
2672 2392 2740 2448 ab
2766 2392 3044 2450 hominum
3065 2396 3384 2453 criminibus

1782 2497 1890 2538 non
1916 2482 2195 2549 desistitis,
2228 2497 2451 2540 necesse
2478 2494 2563 2539 est
2591 2499 2691 2539 nos
2722 2495 2769 2539 et
2800 2501 2829 2540 a
2857 2486 3010 2541 vobis
3031 2486 3245 2557 publica
3275 2487 3379 2542 do-

1782 2587 2034 2632 cumenta
2084 2576 2331 2647 ﬂagitare
2355 2619 2370 2643 ,
2397 2586 2453 2633 et
2477 2587 2668 2637 contra
2694 2593 2793 2635 vos
2817 2580 3034 2650 publica
3057 2580 3383 2638 documenta

1784 2669 2049 2739 proferre.
2094 2669 2209 2726 Hoc
2243 2679 2421 2725 autem
2473 2686 2597 2726 cum
2636 2671 2903 2742 cognituri
2946 2672 3379 2740 insinuaremus,

1785 2763 1910 2831 quia
1940 2761 2019 2816 illi
2049 2761 2116 2815 de
2144 2762 2308 2818 corde
2335 2777 2441 2817 non
2483 2771 2567 2818 est
2599 2777 2883 2818 excussum
2908 2763 3299 2834 multiplicibus
3326 2775 3381 2820 et

1787 2852 2077 2923 superﬂuis
2106 2855 2578 2925 prosecutionibus
2618 2856 2832 2920 vestris,
2866 2857 2988 2911 ideo
3019 2857 3175 2912 vobis
3199 2857 3309 2928 jam
3351 2873 3383 2913 a

1788 2946 1943 3000 nobis
1975 2944 2091 3000 haec
2112 2956 2230 3000 acta
2279 2962 2399 3002 esse
2448 2947 2565 3017 ipse
2614 2948 3016 3018 respondebat,
3050 2944 3160 3004 non
3200 2960 3383 3021 partes

1787 3047 2005 3093 nostras
2030 3053 2220 3107 agens,
2264 3040 2356 3094 sed
2391 3053 2537 3105 suas,
2571 3041 2656 3095 cui
2680 3039 2791 3110 jam
2820 3039 3216 3097 insinuavimus
3242 3045 3386 3114 ejus-

63 3142 190 3187 cate
224 3131 509 3202 quomodo
550 3131 822 3187 voluerint
860 3131 1088 3186 nebulas
1118 3145 1180 3186 ac
1210 3133 1461 3187 tenebras
1488 3131 1681 3188 obten-
1708 3131 1752 3193 C
1786 3146 1891 3201 que
1916 3132 2066 3185 cordi
2125 3133 2338 3201 penitus
2375 3133 2656 3190 infiximus
2706 3134 2836 3205 quid
2882 3135 3145 3192 dicamus.
3175 3134 3244 3191 Et
3279 3138 3385 3193 alia

64 3227 243 3292 dere,
279 3235 337 3280 ut
378 3224 551 3281 veniri
583 3241 687 3280 non
724 3225 897 3295 pOSsit
923 3226 990 3279 ad
1017 3225 1293 3281 cardinem
1318 3227 1579 3281 veritatis.
1615 3226 1680 3281 Et

66 3321 175 3375 alia
211 3333 398 3373 manu.
430 3318 728 3375 Petilianus
758 3320 1047 3390 episcopus
1075 3320 1440 3391 appellatione
1470 3321 1679 3377 incolu-

67 3413 141 3467 mi
174 3411 501 3482 recognovi.

146 3504 285 3559 194.
321 3503 657 3558 Marcellinus
681 3504 759 3558 uir
783 3487 1105 3562 clarissimus
1119 3507 1353 3561 tribunus
1381 3515 1428 3561 et
1448 3508 1681 3563 notarius

67 3586 232 3650 dixit.
286 3595 402 3649 Duo
445 3603 573 3650 sunt
617 3606 738 3664 quas
785 3595 1044 3651 sanctitas
1085 3606 1173 3651 tua
1216 3596 1446 3653 credidit
1490 3607 1680 3668 postu-

68 3690 277 3756 landa;
322 3700 487 3743 unum
515 3730 529 3755 ,
574 3697 630 3743 ut
672 3687 989 3744 mandatum
1043 3689 1093 3742 in
1141 3700 1250 3759 quo
1294 3690 1454 3759 legati
1481 3689 1679 3745 delecti

67 3792 202 3836 sunt
234 3796 269 3834 a
310 3790 466 3849 parte
495 3796 526 3835 e
568 3778 784 3835 diverso
813 3778 1039 3835 sistente
1077 3778 1457 3849 relegeretur;
1490 3780 1632 3835 aliud
1660 3821 1676 3847 ,

68 3882 264 3927 utrum
304 3885 334 3924 a
376 3869 573 3925 divinis
614 3870 823 3939 legibus
865 3870 1222 3938 recederent,
1268 3870 1679 3927 evidentissime

68 3966 540 4020 demonstrarent.
588 3962 882 4018 Petilianus
913 3965 1185 4037 episcOpus
1226 3964 1377 4018 dixit.
1433 3964 1679 4033 ReSpon-

69 4060 243 4114 deant
286 4057 525 4112 breviter
551 4056 618 4111 ad
662 4067 971 4126 utrumque.
1016 4056 1085 4111 Et
1114 4058 1219 4111 alia
1246 4074 1427 4111 manu.
1462 4056 1683 4112 Petilia-

72 4169 173 4207 nus
204 4152 500 4222 episc0pus
530 4146 843 4221 recogntivi.‘
875 4150 1211 4205 Marcellinus
1238 4152 1314 4205 uir
1358 4151 1680 4208 clarissimus

71 4247 316 4299 tribunus
360 4254 407 4298 et
446 4244 680 4298 notarius
709 4243 859 4298 dixit.
897 4243 995 4300 Uni
1031 4243 1126 4309 rei,
1161 4243 1413 4314 quoniam
1442 4258 1561 4299 mea
1596 4245 1677 4299 in-

70 4349 284 4396 tererat
305 4381 320 4406 ,
355 4338 467 4408 ipse
497 4338 772 4407 respondi.
808 4337 918 4393 Nec
961 4336 1103 4391 enim
1131 4338 1196 4392 tle
1229 4338 1311 4392 his
1356 4337 1549 4408 legatis
1581 4353 1679 4407 po-

70 4441 248 4487 teram
275 4430 559 4497 dubitare,
590 4430 658 4486 de
688 4445 915 4500 quorum
950 4430 1216 4501 legatione
1242 4434 1683 4500 pronuntiaverat

68 4522 541 4582 clementissimus
569 4522 896 4593 imperator,
931 4539 997 4578 nc
1029 4524 1081 4577 in
1125 4524 1244 4593 ejus
1286 4523 1539 4592 injuriam
1592 4540 1680 4579 re-
1706 4527 1761 4587 Ι)

68 4614 253 4675 fricari
302 4618 468 4690 309
510 4616 710 4688 aliquid
762 4615 1058 4672 videretur.
1110 4616 1268 4671 Aliud
1314 4632 1443 4672 vero
1488 4633 1673 4674 eorum

67 4721 292 4769 constat
322 4712 808 4783 prosecutionibus
850 4711 1129 4767 deﬁnitum
1158 4753 1173 4776 ,
1225 4711 1422 4781 quibus
1459 4711 1511 4766 id
1558 4713 1672 4767 evi-

66 4808 267 4865 denter
296 4814 579 4862 05tensum
609 4815 731 4872 est,
760 4806 900 4862 velle
938 4821 997 4861 se
1026 4820 1055 4860 a
1086 4806 1299 4874 publico
1324 4806 1443 4876 jure
1473 4807 1574 4862 sub
1610 4822 1672 4862 ea

66 4902 393 4958 conditione
432 4899 747 4967 discedere,
780 4900 823 4954 si
862 4899 929 4954 de
973 4913 1325 4969 personarum
1356 4899 1676 4955 criminibus

68 4994 356 5051 taceretis.
384 4990 538 5048 Unde
562 4992 817 5062 quoniam
860 4991 987 5046 hinc
1032 4991 1317 5047 conﬂictus
1360 5001 1567 5047 tantum
1596 5008 1681 5048 re-

71 5087 348 5141 mansisse
377 5086 755 5156 cognoscitur,
789 5093 848 5138 ut
872 5084 966 5155 ‘qui
1006 5083 1251 5154 petitoris
1293 5085 1413 5139 loco
1454 5085 1681 5140 adsistat

67 5178 485 5234 evitletttissime
509 5177 944 5241 demonStretur,
978 5178 1232 5247 quoniam
1264 5186 1412 5247 gesta
1439 5192 1469 5229 a
1496 5186 1677 5230 vestra

72 5282 229 5340 parte
276 5270 456 5325 oblata
507 5271 727 5324 recitata
772 5278 937 5335 sunt,
994 5269 1236 5338 patimini
1285 5269 1466 5323 denuo
1514 5271 1675 5324 etiam

70 5380 127 5415 ea
159 5376 292 5432 qua
335 5376 363 5413 a
406 5361 617 5414 diversa
663 5371 814 5429 parte
851 5359 1180 5426 ollerenlur,
1224 5360 1293 5414 ab
1328 5360 1507 5414 cilicio
1538 5363 1677 5415 reci-

69 5456 201 5509 tari.
1163 5502 1169 5510 .

143 5544 280 5600 195.
328 5541 616 5597 Petilianus
662 5544 928 5611 episwpus
980 5545 1129 5597 dixit.
1163 5545 1333 5612 Cujus
1361 5553 1509 5612 gesta
1552 5554 1678 5599 sunt

74 5652 199 5706 quae
233 5650 262 5687 a
296 5633 538 5703 partibus
568 5635 705 5687 meis
745 5634 965 5687 recitata
1009 5636 1176 5687 sunt?
1201 5634 1258 5689 Si
1296 5635 1549 5689 absentes
1590 5652 1677 5690 es-

71 5738 199 5786 sent
239 5741 273 5779 e
329 5725 552 5781 diverso
590 5724 879 5793 sistentes,
904 5725 1051 5780 licuit
1085 5726 1199 5789 tibi,
1231 5727 1310 5780 vir
1335 5727 1553 5793 nobilis,
1582 5728 1675 5783 ab-

1785 3238 1966 3300 manu.
1996 3223 2325 3294 Recognovi.

1861 3317 1985 3373 198.
2032 3318 2327 3374 Adeodatus
2355 3321 2627 3391 episwpus
2671 3320 2819 3375 dixit.
2857 3322 2974 3391 Quo
3003 3321 3193 3379 ordine
3226 3337 3387 3395 agerc

1783 3408 2079 3466 debeamus
2153 3412 2207 3467 in
2267 3424 2449 3469 nosna
2503 3429 2610 3469 non
2666 3421 2751 3469 est
2804 3416 3037 3485 positum
3093 3426 3381 3486 potestate,

1786 3518 1907 3557 cum
1934 3492 2121 3575 ipsum
2151 3507 2338 3562 venire
2366 3508 2419 3562 in
2443 3516 2631 3561 nostra
2661 3517 2929 3577 potestate
2957 3523 3066 3564 non
3100 3509 3287 3567 fuerit.
3316 3511 3384 3566 Et

1784 3590 1893 3650 alia
1928 3614 2103 3652 manu.
2152 3599 2460 3657 Adeodatus
2497 3601 2786 3672 episcopus
2832 3603 2978 3657 salva
3018 3604 3384 3676 appellatione

1784 3690 2095 3758 recognovi.

1859 3781 1984 3838 199.
2061 3784 2378 3856 Augustinus
2469 3787 2739 3859 episcOpus
2807 3787 3059 3844 Ecclesia
3117 3790 3385 3848 catholica

1784 3873 1936 3929 dixit.
1974 3876 2113 3946 Ergo
2144 3876 2211 3931 ad
2260 3877 2588 3948 interrogata
2647 3879 2996 3949 respondete.
3036 3881 3311 3937 Receditis
3352 3899 3383 3939 a

1784 3966 2101 4021 criminibus
2134 3968 2478 4023 traditionis?
2510 3969 2896 4039 Respondeant
2924 3972 2990 4026 ad
3020 3973 3184 4029 breve
3212 3976 3383 4031 inter-

1783 4068 2031 4128 rogatum
2078 4068 2345 4114 nostrum.
2393 4059 2595 4115 Facitis
2627 4061 2898 4132 jacturam
2927 4064 3213 4119 criminum
3259 4082 3381 4138 quae

1784 4150 1973 4205 soletis
2000 4151 2237 4220 objicere
2260 4152 2550 4208 Caciliano
2584 4162 2638 4209 et
2665 4155 2890 4226 collegis
2918 4156 3058 4225 ejus,
3091 4172 3160 4212 an
3210 4159 3262 4214 in
3293 4175 3383 4214 ea-
3464 4190 3467 4191 ν

1784 4242 1907 4297 dem
1952 4242 2330 4299 criminatione
2379 4246 2715 4315 persistitis‘!
2746 4245 2814 4300 Et
2844 4249 2950 4301 alia
2997 4264 3174 4303 manu.
3210 4252 3386 4309 Reco-

1783 4339 1965 4409 guovi.
2001 4337 2336 4394 Marcellinus
2376 4336 2460 4396 ivir
2500 4342 2820 4399 clarissimus
2871 4346 3107 4402 tribunus
3142 4357 3189 4402 et
3234 4360 3385 4405 nola-

1785 4433 1893 4486 rius
1925 4433 2075 4487 dixit.
2111 4433 2192 4487 Ad
2224 4432 2451 4505 quaesita
2486 4437 2833 4507 respondete.

1859 4524 1985 4579 200.
2031 4524 2291 4580 Emeritus
2342 4528 2616 4599 episcopus
2670 4530 2819 4584 dixit.
2864 4530 3035 4588 Breve
3061 4546 3216 4591 suum
3248 4536 3385 4593 dicit

1787 4630 1908 4670 esse
1947 4618 2294 4685 postulatum,
2339 4619 2504 4675 breve
2543 4631 2789 4677 nostrum
2821 4623 2981 4680 debet
3007 4640 3129 4683 esse
3156 4644 3381 4700 respou-

1787 4724 1929 4764 Sum.
1963 4710 2153 4767 Omnis
2175 4714 2317 4769 actio
2341 4714 2478 4771 duas
2499 4718 2637 4771 solet
2664 4719 2940 4789 suscipere
2972 4736 3255 4794 personas,
3288 4739 3383 4795 pe-

1786 4804 1965 4860 titoris
2014 4816 2071 4861 et
2115 4822 2144 4860 e
2187 4807 2404 4863 diverso
2452 4812 2849 4880 respondentis.
2895 4814 3030 4869 Cum
3078 4815 3194 4872 bmc
3223 4832 3385 4875 causa

1785 4914 1943 4953 suum
1967 4900 2214 4955 ordinem
2244 4911 2442 4969 teneat,
2475 4904 2896 4979 conﬂictumque
2925 4906 3218 4975 desideret,
3255 4910 3385 4980 quid

1786 5000 1873 5047 est
1900 4994 2040 5062 quod
2066 5003 2191 5048 ante
2223 4996 2482 5066 principia
2522 4998 2746 5067 negotii,
2781 5000 2936 5069 quasi
2969 5001 3217 5071 quzedam
3249 5005 3384 5061 mihi

1785 5084 1983 5138 electio
2005 5100 2071 5139 ex
2095 5087 2320 5140 adversa
2347 5102 2499 5157 parte
2524 5093 2862 5159 pr0ponitur,
2894 5102 2950 5147 ut
2977 5092 3177 5158 dicam,
3204 5105 3385 5153 utrum

1783 5177 2101 5230 criminibus
2160 5179 2438 5234 intentatis
2493 5181 2765 5238 Caeciliani
2818 5184 3076 5255 refrager,
3111 5196 3273 5260 atque
3313 5189 3385 5245 ab

1789 5266 1978 5321 iisdem
2005 5284 2124 5337 que
2150 5270 2456 5339 objeceram
2497 5275 2685 5328 sileam
2711 5318 2723 5340 ,
2754 5292 2820 5331 an
2857 5277 3071 5347 objecta
3098 5281 3149 5333 in
3175 5282 3384 5350 judicio

1787 5358 1992 5413 valeam
2014 5362 2338 5416 conﬁrmare
2362 5364 2384 5417 ’ἓ
2411 5365 2682 5420 Memento
2700 5368 2941 5435 judicum
2976 5388 3210 5438 sumtnc,
3241 5376 3386 5431 sicut

1783 5451 2017 5516 adsolcs,
2052 5456 2139 5519 qui
2177 5456 2246 5507 sit
2281 5456 2414 5508 ordo
2446 5457 2679 5513 dicendi.
2720 5460 2886 5514 Nemo
2914 5463 3056 5515 cnim
3088 5465 3380 5525 adversum

1782 5557 1839 5597 se
1884 5545 2116 5599 adstanti
2156 5547 2285 5599 dicit
2320 5566 2331 5599 :
2365 5548 2512 5616 Elige
2535 5550 2625 5601 tibi
2669 5562 2842 5604 utrum
2873 5567 2958 5605 me
2988 5568 3212 5610 accusas
3259 5574 3386 5613 ncc-

1786 5652 1872 5689 nn.
1931 5636 2100 5690 Nemo
2143 5639 2272 5692 dicit
2310 5658 2319 5689 :
2357 5639 2725 5695 lntentaturus
2758 5658 2817 5697 es
2853 5644 3083 5711 crimen,
3130 5663 3197 5703 an
3250 5651 3383 5706 nihil

1786 5728 1919 5784 mihi
1983 5730 2036 5785 in
2105 5730 2308 5801 judicio
2362 5733 2641 5791 oblaturus
2695 5750 2784 5800 es,
2870 5745 2924 5792 et
2991 5738 3383 5801 intentionibus
