3860 6212
379 261 520 316 1509

1314 259 1543 315 GESTA
1584 257 2046 314 C(ll.l.:\'l‘l0;\'lS
2085 262 2708 320 (IARTIIAGINENSIS.

3463 94 3819 240 πι-ιι

3539 268 3676 323 H00

373 381 478 435 tuis
510 391 718 436 mutum
750 380 1019 452 quoddam
1051 377 1325 432 silentium
1359 377 1666 444 imponens,
1700 376 1876 431 inanis
1905 391 1966 430 ac
1997 382 2047 438 Α
2077 393 2182 432 non
2231 395 2444 446 recuso,
2471 383 2514 436 si
2549 381 2650 434 hoc
2683 390 2863 452 potest
2911 395 3030 436 esse
3086 382 3456 437 retinendum.
3508 381 3676 438 Serva

371 476 491 530 sine
541 479 752 531 ratione
778 474 843 528 de
877 483 983 528 tam
1033 473 1343 543 longinquis
1390 471 1697 543 regionibus
1764 468 1988 524 venisse

371 567 600 633 dicaris,
642 583 762 621 cum
811 566 875 621 ad
930 566 1031 624 hoc
1071 582 1170 637 ego
1213 566 1506 627 adsidam.
1539 576 1596 618 ιιι
1640 565 1684 618 si
1740 579 1825 617 me
1856 563 1972 631 ipse

371 661 568 716 dixerit
618 659 707 713 illa
756 660 961 728 dixisse
1000 676 1121 730 qua:
1153 661 1392 730 graviter
1432 658 1687 733 ferreaut
1721 657 1973 726 imperia-

370 755 511 808 libus
538 753 793 819 auribus,
835 765 925 806 aut
959 753 1009 807 in
1045 768 1144 807 suo
1177 754 1432 807 mandato
1467 751 1823 821 subscripsit,
1860 761 1971 805 tum

370 847 586 901 demum
639 847 831 916 eligam
882 857 1043 916 atque
1097 848 1500 913 resyoudeam,
1561 853 1738 898 utrum
1810 843 1972 900 velim

370 939 758 994 intentionibus
801 941 1043 1008 ejusdem
1089 941 1387 996 secundum
1423 939 1819 1008 prosecutionis
1859 954 1972 994 suze

371 1041 617 1086 tenorem
650 1032 822 1102 legum
853 1033 1269 1087 Confirmatione
1294 1033 1545 1086 robustus
1575 1032 1836 1086 accedere
1857 1074 1871 1095 ,
1904 1045 1969 1082 an

271 1189 280 1195 _
370 1140 456 1178 tne
487 1126 553 1178 ab
585 1124 684 1180 bac
710 1124 926 1180 aetionc
972 1140 1272 1181 removere.
1310 1124 1466 1179 Videt
1514 1124 1823 1194 priestantia
1882 1133 1970 1177 tua

371 1235 456 1273 mc
496 1219 825 1289 re~pondvre
869 1235 972 1272 non
1023 1235 1217 1290 posse.
1269 1235 1390 1294 cum
1447 1218 1713 1272 incertum
1749 1217 1967 1283 dixerit,

369 1328 492 1366 cum
524 1312 656 1366 nihil
691 1313 795 1366 tale
827 1313 1170 1381 proposuerit
1195 1313 1278 1366 cui
1313 1312 1540 1366 debeam
1574 1326 1834 1366 revocare
1878 1326 1970 1365 re-

370 1420 646 1475 sponsum.
683 1405 810 1459 Dico
840 1405 982 1459 enim
1013 1421 1136 1460 eum
1188 1414 1365 1459 utrum
1422 1404 1620 1473 petitor
1644 1420 1709 1457 an
1743 1417 1970 1473 respon-

369 1513 461 1552 sor
490 1507 611 1551 stet.
643 1498 736 1552 llle
766 1498 895 1552 milii
925 1496 1050 1552 dicit
1086 1515 1098 1551 :
1132 1497 1186 1552 Si
1214 1495 1489 1551 Cxciliani
1539 1511 1756 1549 causam
1799 1496 1970 1549 inter-

369 1592 612 1652 miseris,
655 1600 782 1644 tunc
826 1591 1023 1660 petitor
1054 1603 1206 1654 sum;
1236 1589 1279 1642 si
1312 1596 1492 1642 autem
1529 1602 1633 1641 non
1666 1587 1974 1657 prattermi-

367 1684 502 1737 seris
524 1724 539 1749 ,
575 1698 797 1737 necesse
830 1693 912 1737 est
944 1699 1030 1737 me
1069 1680 1401 1751 reSpondere
1436 1679 1501 1734 ad
1533 1695 1594 1734 ea
1624 1695 1743 1749 quae
1783 1679 1971 1734 viden-

2079 472 2208 524 mihi
2263 473 2510 542 primitus
2568 483 2805 541 tempora
2845 473 3022 544 legum
3049 516 3063 540 ,
3097 485 3369 528 statuatur
3398 475 3536 530 dies.
3571 476 3675 532 Re-

2080 563 2345 631 spondeat
2392 563 2629 618 ofﬁcium
2675 563 2742 617 de
2782 565 2868 638 die
2900 579 3080 620 causa:
3104 575 3470 636 cognoscatur
3499 568 3674 636 lapsus

2078 651 2263 707 fuisse.
2320 654 2450 708 llinc
2499 655 2671 722 iudica
2703 697 2716 720 ,
2757 655 2882 717 hinc
2911 656 3078 712 debes
3129 658 3276 714 ferre
3326 663 3669 716 sententiam.

2076 745 2353 816 Siquidem
2396 758 2584 802 contra
2615 763 2700 804 me
2726 752 3048 805 sententiam
3082 750 3256 808 ferres
3279 796 3292 820 ,
3321 755 3365 809 si
3413 755 3547 810 forte
3574 757 3671 812 de-

2077 837 2320 893 fuissem.
2358 839 2422 893 Et
2461 841 2567 896 alia
2608 859 2783 895 manu.
2841 843 3138 899 Petilianus
3186 846 3479 921 episcopus
3528 849 3671 905 salva

2074 933 2441 1002 appellatione
2469 936 2788 1005 recognovi.

2145 1025 2273 1081 204.
2317 1025 2635 1091 Augustinus
2661 1029 2930 1097 episcOpus
2955 1029 3202 1086 Ecclesia:
3222 1032 3501 1088 catholica
3520 1035 3669 1089 dixit.

2075 1122 2128 1178 Si
2163 1122 2251 1178 die
2271 1123 2484 1180 decimo
2513 1128 2699 1195 quinto
2724 1139 3013 1194 venerunt,
3052 1140 3108 1184 ut
3155 1120 3222 1184 ad
3273 1129 3676 1200 quartumdeci-

2078 1233 2220 1272 tnum
2281 1229 2668 1287 occurrerent,
2699 1237 2866 1290 quare
2898 1232 3094 1277 octavo
3126 1221 3395 1278 kalendas
3417 1221 3674 1276 constite-

2077 1310 2240 1365 runt?
2266 1309 2331 1364 Et
2358 1312 2463 1364 alia
2493 1329 2672 1366 manu.
2709 1313 3039 1384 Recognovi.

2147 1401 2275 1457 205ι
2326 1402 2614 1458 Petilianus
2657 1406 2923 1475 episcopus
2968 1406 3118 1459 dixit.
3168 1404 3289 1459 Non
3341 1405 3671 1474 inquietasti,

2077 1495 2210 1548 scivi
2237 1496 2402 1568 310
2430 1506 2482 1552 te
2507 1498 2737 1566 lapsum,
2767 1498 3041 1566 superﬂue
3073 1499 3355 1566 ingressus
3387 1512 3506 1552 sum
3532 1498 3674 1566 judi-

2077 1586 2246 1650 cium,
2273 1588 2361 1656 qui
2392 1588 2601 1643 intrare
2629 1605 2731 1641 non
2763 1588 2922 1642 debui
2957 1599 3077 1658 post
3104 1588 3250 1642 diem
3283 1588 3425 1657 lapsi
3454 1591 3670 1659 negotii.

2080 1677 2147 1732 Et
2178 1679 2284 1732 alia
2315 1696 2488 1733 manu.
2513 1680 2809 1734 Petilianus
2842 1681 3148 1750 episcopus,
3185 1682 3554 1750 appellatione
3592 1688 3672 1737 in-

373 1788 460 1832 tur
499 1777 732 1847 objecm.
769 1778 823 1831 Si
858 1778 1017 1830 times
1060 1775 1332 1830 Caeciliani
1375 1789 1590 1829 causam
1619 1814 1632 1837 ,
1670 1775 1972 1844 metuisquc
2006 1779 2053 1838 B
2078 1772 2280 1828 columi
2309 1775 2618 1843 recorgnovi.

373 1871 464 1924 tibi
514 1871 712 1941 aliquid
768 1871 1060 1945 obiectum,
1115 1879 1167 1922 tu
1203 1883 1522 1937 proponere,
1588 1879 1641 1920 tu
1698 1869 1976 1922 instituere

370 1967 639 2020 actionem
657 1964 923 2034 injudicio
935 1963 1178 2018 debebis.
1197 1961 1435 2016 Adtralic
1454 1976 1538 2015 me
1559 1972 1614 2015 et
1638 1961 1688 2014 in
1706 1959 1973 2029 publicum

369 2058 600 2111 colloca.
640 2057 731 2110 Dic
765 2071 850 2109 me
890 2054 1107 2124 aliquod
1140 2054 1236 2107 tibi
1270 2055 1484 2107 crimen
1507 2051 1652 2123 quod
1697 2051 1764 2105 ad
1815 2066 1975 2106 aures

370 2149 752 2219 imperatorias
783 2147 1060 2216 detulisti,
1124 2163 1217 2216 per
1271 2146 1541 2218 publicam
1586 2144 1972 2200 conscientiam

370 2243 808 2296 commendasse.
863 2241 995 2296 Cum
1055 2256 1155 2310 ego
1207 2250 1386 2293 autem
1417 2240 1486 2294 de
1513 2251 1562 2294 te
1593 2238 1763 2308 magis
1805 2253 1971 2308 expe-

373 2347 482 2391 tam
534 2336 660 2405 quid
713 2335 972 2398 audieris,
1019 2333 1145 2405 quid
1193 2347 1280 2388 me
1309 2331 1698 2399 dixisse,quid
1733 2346 1818 2383 me
1843 2329 1972 2383 insi—

374 2445 572 2484 nuasse
627 2428 847 2498 judiciis
889 2426 1139 2491 intimos,
1193 2441 1290 2482 cur
1344 2427 1568 2488 metuis,
1624 2439 1721 2478 cur
1767 2423 1972 2477 vereris

371 2524 638 2577 actionem
667 2522 821 2576 istam
847 2523 899 2575 in
921 2521 1125 2590 judicio
1160 2519 1409 2573 tirmare?
1440 2517 1705 2571 Nimirum
1733 2515 1860 2570 illud
1891 2524 1972 2570 at-

377 2616 574 2679 tendis,
609 2631 676 2670 ne
709 2617 956 2684 petitoris
1007 2615 1307 2682 suscipiens
1358 2626 1643 2682 persooam
1674 2653 1688 2673 .
1715 2625 1887 2680 eaque
1915 2610 1970 2665 in

369 2709 634 2780 judicium
659 2710 847 2771 mittis,
883 2717 974 2762 aut
1001 2718 1241 2776 accepta,
1270 2714 1362 2759 aut
1385 2703 1549 2771 dicta,
1574 2711 1666 2758 aut
1693 2703 1758 2758 ab
1787 2704 1968 2773 aliquo

369 2805 711 2874 promulgata
747 2803 945 2858 docere
984 2799 1262 2870 injudicio
1304 2796 1666 2866 compellaris.
1709 2795 1965 2863 Attende,

373 2896 454 2949 vir
481 2895 696 2954 nobilis.
731 2895 781 2948 in
813 2908 921 2963 quo
947 2903 1090 2947 statu
1123 2893 1188 2945 sit
1215 2893 1313 2946 ista
1337 2905 1494 2945 causa
1518 2932 1532 2955 ,
1567 2905 1688 2944 cum
1728 2904 1847 2958 ego,
1876 2888 1966 2959 qui

370 2989 579 3059 pulsor,
609 2989 919 3058 petitionem
971 2986 1187 3041 illorum
1239 2985 1411 3056 promi
1452 2985 1504 3038 in
1546 2984 1811 3052 judicium
1871 3000 1966 3055 pe-

372 3091 506 3145 tam,
539 3097 741 3150 eosque
763 3096 864 3150 qua
896 3095 1110 3149 possum
1140 3079 1508 3150 postulatione
1531 3076 1798 3148 deprecﬂ
1823 3093 1968 3134 sem-

2151 1865 2277 1918 206.
2323 1865 2634 1934 Augustinus
2656 1866 2926 1936 episcopus
2959 1864 3203 1921 Ecclesia!
3222 1869 3499 1923 catholica:
3524 1871 3670 1925 dixit.

2079 1956 2256 2025 Quare
2298 1957 2362 2010 ad
2405 1957 2659 2012 kalendas
2703 1974 2764 2013 se
2795 1959 3041 2028 promisit
3069 1959 3387 2026 adfuturum
3416 1978 3540 2019 csse
3562 1963 3674 2018 Pri-

2080 2050 2328 2103 tnianus?
2356 2047 2422 2100 Et
2449 2051 2553 2103 alia
2583 2067 2756 2105 "mnu.
2787 2051 3116 2123 Rccognovi.
3150 2055 3373 2126 Alypius
3403 2060 3674 2128 cpiscopus

2083 2143 2329 2198 Ecclesia:
2352 2145 2618 2199 catholica:
2665 2145 2818 2200 dixit.
2845 2147 2956 2203 Hoc
2978 2149 3108 2218 jube
3139 2149 3383 2208 recitari.
3417 2153 3672 2221 Quamvis

2079 2235 2178 2290 ista
2235 2246 2504 2290 transacta
2559 2240 2699 2304 sint,
2726 2241 2970 2309 quamvis
3007 2241 3074 2315 ad
3105 2242 3420 2300 illusionem
3452 2248 3672 2315 p0pulo-

2078 2343 2194 2382 rum
2220 2327 2316 2382 bas
2341 2327 2566 2383 nebulas
2594 2329 2800 2400 injiciat
2849 2347 2973 2402 pars
2995 2333 3206 2390 diversa
3229 2378 3246 2404 ,
3305 2349 3486 2392 tamen
3514 2340 3670 2393 etiam

2079 2417 2179 2475 hoc
2213 2423 2445 2490 petimus
2466 2463 2480 2486 ,
2531 2424 2819 2494 prxcipias
2849 2427 3099 2492 recitari,
3132 2441 3191 2484 ut
3221 2429 3304 2485 sic
3343 2432 3552 2486 saltem
3578 2446 3669 2486 co-

2074 2525 2372 2583 gnoscant,
2425 2529 2586 2586 quam
2639 2517 2987 2587 impudenter
3032 2520 3149 2575 hxc
3197 2521 3399 2576 iterum
3429 2533 3671 2594 repetant

2073 2622 2194 2677 quae
2221 2608 2331 2677 jam
2363 2617 2488 2665 ante
2511 2613 2832 2667 transmissa
2863 2622 3008 2669 sunt.
3038 2613 3107 2668 Et
3135 2616 3242 2669 alia
3281 2613 3463 2672 nianu.
3501 2618 3666 2675 Reco-

2070 2700 2256 2770 gnovi.
2643 2763 2646 2766 ί

2145 2793 2273 2850 207.
2300 2794 2587 2852 Petilianns
2606 2799 2877 2869 episcopus
2903 2801 3057 2856 dixit.
3094 2802 3227 2857 Dum
3280 2819 3390 2860 non
3419 2806 3501 2861 vis
3523 2806 3664 2863 desi-

2074 2905 2241 2961 gnare
2294 2891 2526 2947 alterum
2558 2893 2627 2948 de
2683 2894 2922 2961 duobus,
2951 2897 3110 2952 ambo
3137 2907 3331 2953 tenens
3354 2941 3370 2963 ,
3405 2899 3537 2955 facis
3584 2916 3663 2956 me

2072 2984 2266 3041 eadem
2299 2996 2566 3057 repetere.
2603 2985 2670 3040 Et
2701 2987 2808 3050 alia
2833 3005 3008 3042 manu.
3056 2988 3355 3046 Petilianus
3385 2992 3695 3062 episcopur

2072 3075 2434 3144 appellatione
2461 3077 2720 3133 incolumi
2752 3080 3063 3150 recognovi.

371 3191 470 3244 per
500 3190 564 3228 ne
592 3173 898 3240 moratorjis
928 3172 992 3226 ad
1043 3173 1240 3242 negotii
1293 3169 1571 3226 cardinem
1619 3171 1804 3224 venire
1862 3169 1962 3222 mi-
1989 3169 2035 3232 C
2138 3167 2324 3224 2081‘
2326 3171 2617 3224 ortunatius
2637 3173 2910 3243 episcOpus
2938 3171 3188 3229 Ecclesia:
3211 3175 3488 3231 catholica
3512 3177 3656 3232 dixit.

371 3267 516 3320 nime
540 3266 929 3335 permittuntur.
955 3263 1068 3317 Non
1101 3279 1228 3333 ergo
1250 3277 1314 3316 ex
1347 3272 1528 3315 nostra
1557 3270 1705 3330 parte
1719 3271 1797 3316 est
1821 3260 1963 3331 quod

369 3357 547 3412 adhuc
577 3372 744 3426 usque
775 3355 904 3410 nihil
937 3353 1005 3410 de
1044 3355 1258 3424 negotio
1306 3363 1516 3424 gestum
1585 3365 1703 3416 est,
1749 3367 1873 3408 cum
1919 3351 1964 3407 si

371 3465 656 3522 personam
709 3463 859 3503 suam
902 3447 1122 3518 judiciis
1167 3447 1445 3502 adstruere
1489 3445 1810 3510 voluissent,
1865 3461 1962 3499 ne-

369 3558 523 3598 cesse
561 3555 657 3596 nos
698 3551 814 3594 erat
858 3540 1086 3609 objectis
1144 3540 1286 3594 illico
1338 3528 1690 3607 reSpondeFe.
1751 3536 1814 3590 Et
1858 3536 1966 3590 alia

374 3653 552 3690 manu.
583 3635 857 3692 Emeritos
894 3634 1180 3704 episcopus
1223 3632 1370 3686 salva
1417 3629 1779 3702 appellatione
1820 3644 1966 3684 reco-

373 3729 553 3799 gnovL

438 3821 565 3875 201.
609 3821 926 3892 Augustinus
956 3820 1224 3888 episcopus
1256 3817 1496 3870 Ecclesia:
1522 3815 1788 3868 catholica:
1810 3812 1962 3866 dixit.

367 3912 413 3968 Ο
436 3914 602 3968 breve
633 3927 954 3982 responsum
981 3915 993 3962 !
1025 3909 1197 3976 Quam
1239 3908 1464 3962 multum
1498 3907 1713 3969 dicitur,
1748 3904 1835 3958 ubi
1879 3904 1963 3956 in-

366 4007 540 4062 veniri
583 4022 688 4060 non
734 4013 910 4075 potest
960 4003 1085 4072 quid
1135 4003 1378 4055 dicatur!
1429 4000 1672 4054 Breviter
1711 3997 1963 4066 respondi

367 4117 469 4172 ego
499 4099 955 4170 postulationibus
984 4097 1108 4151 tuis.
1140 4095 1369 4148 Voluisti
1400 4109 1463 4147 ex
1491 4109 1575 4146 me
1596 4093 1759 4156 scire,
1788 4099 1964 4145 utrum

369 4196 631 4266 legalibus
659 4192 982 4256 testimoniis
1005 4190 1200 4245 divinis
1228 4205 1406 4258 agam,
1431 4204 1496 4241 an
1520 4187 1750 4257 publicis
1775 4187 1961 4254 gestis.

366 4286 648 4356 Respondi
684 4285 780 4340 :.Si
814 4285 1023 4338 recedis
1056 4299 1082 4335 a
1119 4281 1435 4335 criminibus
1457 4297 1574 4348 qua:
1607 4296 1713 4333 non
1742 4287 1968 4348 possunt

370 4380 473 4435 nisi
503 4378 671 4447 gestis
699 4377 924 4447 publicis
960 4373 1262 4437 declarari,
1305 4371 1500 4427 recedo
1530 4387 1558 4426 a
1593 4371 1822 4440 publicis
1875 4384 1966 4440 ge—

368 4473 505 4538 stis,
549 4481 604 4525 et
649 4471 782 4524 solis
835 4469 1034 4522 divinis
1079 4465 1404 4522 testimoniis
1436 4480 1676 4520 asseram
1743 4479 1961 4520 causam

2071 3261 2259 3317 Sciunt
2286 3277 2345 3318 se
2371 3265 2422 3317 in
2447 3278 2606 3318 causa
2637 3263 2893 3319 Ecclesia:
2917 3264 3046 3320 nihil
3069 3266 3298 3330 habere.
3329 3267 3458 3324 Ideo
3487 3285 3657 3324 mora-

2070 3355 2222 3410 toriis
2253 3363 2436 3425 agunt.
2462 3355 2801 3425 Quapropter
2825 3359 3078 3425 quoniam
3113 3359 3202 3413 illa
3249 3361 3363 3430 jam
3396 3371 3655 3417 transacta

2071 3457 2228 3514 sunt,
2257 3457 2315 3502 ut
2361 3458 2718 3520 cognoscatur
2774 3450 2864 3518 qui
2909 3452 2978 3506 sit
3020 3454 3238 3521 petitor,
3265 3454 3400 3525 jube
3451 3459 3656 3529 antiqua

2070 3551 2215 3612 gesta
2250 3533 2486 3597 recitari.
2519 3539 2586 3594 Et
2615 3542 2721 3596 alia
2749 3559 2925 3596 manu.
2973 3543 3304 3614 Recognovi.

2141 3633 2266 3689 “200.
2299 3633 2588 3688 Petilianus
2617 3635 2888 3707 episcOpus
2910 3635 3064 3690 dixit.
3089 3636 3147 3693 Si
3189 3637 3404 3709 legibus
3434 3639 3657 3710 publicis

2068 3729 2142 3782 uti
2176 3729 2285 3795 vis,
2317 3728 2608 3798 prtescribo
2633 3744 2701 3784 ne
2729 3730 2896 3799 legas.
2925 3729 2991 3784 Et
3021 3731 3126 3785 alia
3152 3749 3330 3788 manu.
3367 3734 3655 3791 Petilianus

2069 3823 2356 3891 episcOpns
2384 3821 2745 3890 appellatione
2776 3823 3031 3878 incolumi
3062 3825 3376 3895 recognovi,

2140 3915 2265 3969 210.
2301 3913 2638 3969 Marcellinus
2663 3916 2741 3969 uir
2763 3915 3082 3971 clarissimus
3109 3917 3348 3971 tribunus
3369 3927 3417 3972 et
3438 3919 3655 3972 notarius

2070 4007 2220 4059 dixit.
2253 4004 2451 4060 Contra
2474 4021 2773 4062 consensus
2801 4009 3049 4078 proprios
3075 4007 3221 4078 quod
3263 4009 3474 4076 legibus
3521 4009 3653 4064 inhi-

2072 4099 2248 4162 betur,
2281 4101 2463 4154 venire
2491 4099 2790 4154 desideras.
2828 4101 2904 4155 Ex
2948 4115 3222 4156 consensu
3251 4102 3399 4157 enim
3430 4104 3652 4174 partium

2070 4200 2283 4247 constat
2309 4191 2538 4262 primum
2562 4192 2786 4247 dilatum
2813 4192 2977 4248 fuisse
3003 4192 3265 4262 judicium
3291 4236 3309 4260 ,
3340 4204 3400 4249 ut
3423 4195 3532 4250 alio
3551 4195 3650 4256 die.

2071 4288 2155 4342 vel
2184 4287 2344 4342 tertio
2363 4328 2376 4350 ,
2409 4287 2495 4341 vel
2525 4295 2672 4341 certe
2702 4298 2820 4355 post
2849 4281 3142 4345 editionem
3167 4299 3469 4358 gestorum,
3504 4307 3653 4361 nego—

2072 4379 2202 4432 tium
2239 4388 2580 4433 tractaretur.
2615 4379 2801 4444 Unde,
2835 4389 2890 4434 ut
2916 4381 3036 4448 quis
3089 4380 3214 4436 loco
3251 4383 3500 4450 petitoris
3523 4383 3652 4439 adsi-

2072 4481 2178 4526 stat
2204 4471 2516 4541 diligentius
2541 4471 2872 4539 declaretur,
2910 4485 3059 4543 gesta
3086 4479 3414 4531 recitentur.

365 4564 626 4621 Ecclesia:
659 4578 819 4634 quam
859 4561 1114 4616 defendo.
1145 4560 1198 4614 Si
1227 4569 1407 4613 autem
1445 4567 1497 4611 tu
1541 4559 1607 4610 ab
1638 4557 1741 4611 illis
1779 4557 1960 4611 crimi-
1993 4567 2047 4626 D
2142 4566 2269 4619 ΞΗ,
2304 4563 2594 4618 Petilianus
2640 4566 2912 4633 episcopus
2935 4566 3087 4622 dixit,
3121 4566 3411 4622 Servarem
3435 4581 3649 4623 οοηεαι.

363 4658 674 4714 nationibus
729 4671 834 4710 non
880 4657 962 4710 vis
1013 4651 1298 4714 recedere.
1333 4665 1433 4705 nec
1468 4666 1568 4720 ego
1608 4651 1862 4705 recedam
1894 4650 1959 4703 ab

363 4741 444 4808 eis
469 4751 807 4806 documentis
835 4749 1028 4820 quibus
1059 4756 1110 4801 te
1133 4744 1415 4801 ostendam
1456 4743 1586 4797 falsa
1615 4743 1842 4798 crimina
1877 4743 1957 4796 vel

364 4847 522 4901 nobis
544 4846 628 4899 vel
670 4845 768 4912 ipsi
832 4841 1091 4896 Ecclesia:
1127 4855 1288 4909 quam
1339 4837 1637 4892 retinemus
1696 4835 1953 4916 objicere.

365 4936 431 4990 Et
460 4938 560 4990 alia
589 4953 762 4988 manu.
796 4933 1126 5004 Rectignovi.

427 5028 553 5082 202.
583 5027 913 5081 Marcellinus
934 5027 1010 5080 vir
1040 5025 1362 5078 clarissimus
1383 5022 1615 5076 tribunus
1645 5032 1691 5075 et
1721 5022 1956 5075 notarius

360 5121 510 5173 dixit.
547 5118 623 5171 Ad
655 5117 767 5171 hac
798 5119 955 5185 plene
984 5127 1197 5170 constat
1255 5130 1376 5169 esse
1425 5131 1770 5184 reSponsum.
1821 5115 1953 5182 Qua:

358 5218 536 5263 autem
573 5223 697 5278 pars
727 5209 844 5262 loco
883 5209 1128 5275 petitoris
1167 5207 1392 5262 adsistat
1431 5207 1557 5262 sciri
1592 5209 1815 5262 omnino
1843 5223 1949 5259 non

358 5301 574 5370 peterit,
606 5299 706 5352 nisi
737 5315 801 5353 ex
845 5300 1159 5353 recitatione
1199 5308 1509 5366 gestorum;
1543 5315 1685 5367 quze,
1734 5310 1790 5352 ut
1840 5309 1950 5352 sta-

359 5394 454 5456 tui,
494 5392 745 5461 quooiam
798 5406 824 5441 a
872 5398 1023 5459 parte
1078 5399 1250 5442 vestra
1291 5404 1409 5456 qua:
1441 5390 1620 5444 oblata
1651 5401 1794 5455 sunt,
1821 5403 1951 5445 con-

358 5493 462 5536 stat
493 5500 612 5537 esse
636 5485 878 5546 recitata,
915 5483 1128 5536 tandem
1160 5482 1448 5551 aliquando
1473 5483 1838 5552 perlegantur.

430 5575 553 5628 9.05.
599 5575 886 5628 Petilianus
927 5576 1195 5642 epismpus
1227 5575 1380 5627 dixit.
1428 5573 1597 5628 Nemo
1648 5575 1753 5626 duo
1805 5576 1952 5646 eligit

357 5665 426 5718 de
449 5667 672 5720 duobus.
701 5666 832 5718 Cum
854 5682 983 5735 ergo
1016 5666 1391 5736 propOSuerim
1419 5675 1475 5718 ut
1501 5665 1728 5719 alterum
1758 5666 1949 5733 elegis-

285 5762 290 5764 ’
352 5768 454 5812 Set.
491 5760 578 5809 ille
607 5760 705 5813 sibi
735 5760 892 5812 ambo
923 5759 1232 5814 evidentius
1260 5758 1574 5815 vindicavit.
1605 5758 1719 5812 Non
1753 5759 1937 5813 timeo.

2069 4673 2218 4720 sum,
2253 4656 2298 4709 si
2339 4668 2391 4711 et
2435 4655 2536 4725 ipsi
2565 4665 2866 4712 servarent.
2895 4655 2962 4710 Et
2993 4656 3098 4710 alia
3139 4675 3316 4711 manu.
3366 4659 3647 4715 Petilisnus

2069 4749 2351 4817 episcopus
2379 4746 2744 4816 appellitione
2773 4747 3026 4802 incolumi
3057 4751 3370 4819 recognovi.
3691 4746 3693 4748 ’

2138 4840 2263 4894 ἓίὲ.
2295 4821 2634 4892 Marcellinus
2659 4840 2733 4892 vir
2759 4840 3072 4894 clarissimus
3096 4841 3329 4896 tribunus
3357 4852 3404 4896 et
3430 4845 3644 4898 notarius

2065 4935 2217 4988 dixit.
2272 4932 2582 4987 Ilecitentur
2631 4942 2803 5003 gesta.
2862 4934 3159 4987 Adeodatus
3205 4936 3477 5007 episcopus
3505 4937 3641 4990 dixit.

2065 5023 2266 5080 Contra
2321 5022 2437 5077 lucc
2493 5038 2644 5076 serva
2701 5037 2818 5092 qua:
2866 5032 3202 5091 competunt.
3230 5022 3299 5077 Et
3329 5025 3438 5078 alia
3479 5041 3638 5081 manu.

2063 5117 2376 5172 Adeodatus
2423 5116 2712 5184 episcopus
2767 5115 3128 5184 appellatione
3184 5116 3442 5171 incolumi
3498 5131 3637 5172 reco-

2062 5211 2243 5282 gnovi.
2280 5208 2615 5262 Marcellinus
2636 5207 2714 5260 vir
2741 5207 3062 5260 clarissimus
3089 5207 3328 5262 tribunus
3353 5219 3401 5263 et
3427 5210 3640 5263 notarius

2061 5304 2211 5356 dixit.
2247 5302 2319 5354 Ea
2351 5316 2469 5370 qua:
2526 5299 2718 5353 rationi
2747 5306 2802 5353 et
2841 5298 3080 5368 aequitati
3125 5307 3439 5369 competere
3470 5310 3639 5368 potue-

2061 5399 2169 5452 rint
2188 5441 2201 5458 .
2235 5396 2382 5450 salva
2412 5401 2591 5448 erunt.
3631 5461 3638 5466 -

2128 5489 2254 5542 215.
2290 5487 2581 5541 Adeodatus
2609 5486 2874 5554 episcOpus
2904 5484 3054 5538 dixit.
3093 5483 3148 5540 Si
3180 5484 3326 5538 enim
3357 5495 3634 5541 consensus

2057 5579 2358 5632 servandus
2411 5587 2527 5642 est,
2582 5584 2644 5643 et.
2679 5576 2944 5630 retinendi
3001 5593 3190 5630 sumus
3215 5577 3283 5630 ad
3326 5589 3630 5632 consensum

2056 5680 2298 5723 nostrum
2321 5711 2334 5733 ,
2371 5670 2570 5723 debent
2596 5670 2754 5722 etiam
2783 5668 2936 5722 nobis
2987 5670 3084 5736 ipsi
3117 5667 3278 5724 ﬁdem
3311 5671 3392 5725 sui
3423 5683 3632 5724 consen-

2054 5777 2146 5817 sus
2172 5802 2187 5827 ,
2229 5762 2316 5831 qui
2339 5776 2398 5816 se
2427 5761 2632 5830 legibus
2657 5759 2849 5814 divinis
2871 5765 3236 5817 acturos‘esse
3257 5762 3620 5832 promiserunt:
