3860 6212
214 248 344 305 HM

1143 247 1183 302 (ἶ
1196 249 1318 304 EST
1329 253 1365 304 .\
1399 245 1848 306 COLLA'-‘l0NlS
1883 251 2494 314 CARTIlAGlNENSIS.

3363 267 3386 318 1
3402 266 3501 320 402

213 363 280 417 la‘t
312 365 419 420 alia
439 379 614 419 manu.
643 361 955 418 Adeodatus
985 362 1273 434 episcopus
1320 364 1683 436 appellatione
1726 365 1806 420 io-
1835 372 1887 430 Α
1913 370 2073 424 alium
2097 374 2210 427 sine
2237 374 2411 443 sigillo
2429 375 2790 431 cohaerentem
2814 376 2990 432 eidem
3005 377 3186 433 aluta.
3215 376 3400 432 Datum
3415 379 3504 436 die

211 459 410 512 columi
441 458 748 529 recognovi.

282 549 412 604 2M.
448 551 761 622 Augustinus
786 549 1059 620 episcopus
1087 549 1334 606 Ecclesia
1363 551 1634 607 catholica
1656 553 1806 607 diait.

209 639 320 695 Sed
352 657 570 696 causam
598 643 851 698 Ecclesia:
873 685 887 709 ,
924 658 1028 699 non
1069 659 1284 700 causam
1313 645 1585 702 Caciliani
1615 657 1668 702 et
1698 646 1811 702 col-

211 735 452 805 legaruin
477 736 626 805 ejus,
659 738 852 804 quibus
895 738 1119 793 crimina
1152 723 1448 795 intenditis.
1486 742 1622 797 Ecce
1659 742 1810 812 polli-

208 845 421 896 ccmur,
452 837 506 882 et
534 831 738 886 totiens.
762 833 1077 901 pollicemur
1105 837 1356 904 quotiens
1409 848 1658 893 exactum
1691 838 1806 895 fue-

209 922 277 978 rit
303 939 333 976 a
358 921 544 987 nobis,
573 931 626 977 et
651 938 772 977 cum
805 940 909 978 non
939 927 1190 997 exigitur,
1215 928 1511 997 offerimus,
1545 931 1803 988 Ecclesia

207 1030 430 1070 causam
459 1030 567 1070 non
593 1015 700 1071 nisi
728 1016 926 1072 divinis
953 1018 1273 1076 testimoniis
1297 1022 1608 1089 ﬁrmamus,
1640 1023 1805 1080 doce-

204 1126 373 1176 mus,
403 1111 768 1175 ostendimus;
822 1110 1093 1184 caciliaiii
1121 1122 1300 1168 autem
1341 1125 1394 1169 et
1441 1116 1806 1185 quorumlibet

210 1201 494 1258 hominum
525 1218 632 1258 non
662 1203 765 1258 nisi
795 1201 880 1258 his
907 1203 1248 1260 documentis
1277 1205 1470 1276 quibus
1494 1209 1672 1264 solent
1701 1209 1800 1264 ista

207 1296 299 1350 vel
328 1291 691 1352 demonstrari
718 1339 731 1364 ,
760 1296 843 1352 vel
875 1295 1112 1368 purgari.
1148 1295 1216 1350 Et
1246 1298 1352 1352 alia
1400 1314 1577 1354 manu.
1632 1297 1804 1355 Reco-

204 1389 391 1460 gnovi.

277 1484 404 1539 215.
432 1483 769 1539 Marcellinus
791 1486 867 1539 uir
893 1486 1211 1540 clarissimus
1238 1486 1473 1541 tribunus
1495 1496 1542 1541 et
1569 1487 1803 1541 notarius

203 1576 360 1631 dixit.
392 1575 497 1632 ista
549 1576 886 1648 frequentius
933 1577 1073 1633 dicta
1129 1589 1275 1634 sunt.
1336 1579 1491 1636 Unde
1546 1581 1799 1650 quoniam

201 1677 416 1724 constat
446 1668 696 1740 primitus
726 1670 969 1739 petitoris
1003 1686 1289 1742 personam
1320 1671 1520 1728 debere
1549 1673 1798 1743 disquiri,

1913 461 2125 518 decimo
2149 466 2375 535 septimo
2409 466 2754 523 kalendarum
2785 469 3041 525 Maiarum
3068 469 3412 541 Carthagine,
3438 471 3498 527 Ι).

1914 553 1979 608 Ν.
2023 553 2381 611 Constantino
2424 559 2661 627 Augusto
2701 576 2755 615 ιιι
2783 562 3022 618 consule.
3052 565 3167 629 Quo
3195 564 3426 630 recitato,

1983 647 2110 702 221.
2174 648 2460 703 Petilianus
2501 652 2765 722 cpiswpus
2809 653 2961 707 dixit.
3003 653 3136 722 Quis
3163 665 3245 710 est
3275 655 3377 710 iste
3406 653 3498 726 qui

1912 742 2064 811 agit?
2093 740 2370 798 Caciliani
2394 741 2535 796 filius
2557 753 2637 796 est
2662 785 2675 808 ,
2705 758 2772 797 an
2805 745 2954 798 non?
2981 743 3046 798 Et
3073 745 3364 800 aliamanu.
3400 746 3502 803 Pe-

1891 834 2129 888 ttilianus
2160 835 2445 904 episcopus
2469 834 2618 890 salva
2646 836 3005 906 appellatione
3029 839 3336 908 recognovi.

1891 943 1894 945 λ
1977 926 2106 980 222.
2134 925 2458 1000 Augustinus
2483 927 2755 998 episcopus
2783 926 3028 984 Ecclesia
3055 930 3323 986 catholica
3343 931 3493 985 dixit.

1907 1017 1984 1074 Ne
2023 1020 2173 1074 vobis
2207 1020 2401 1075 dicatis
2423 1031 2633 1091 patrem
2667 1022 2718 1076 in
2765 1031 2906 1076 terra
2935 1064 2950 1088 ,
2982 1023 3140 1078 simul
3169 1023 3495 1090 audivimus,
3561 1035 3567 1040 '

1905 1114 2063 1168 simul
2098 1114 2355 1185 legimus,
2389 1115 2551 1171 simul
2594 1115 2806 1186 p0pulis
2851 1116 3229 1186 praedicamus.
3255 1115 3392 1183 Quid
3429 1103 3498 1174 de

1906 1221 1993 1260 me
2035 1206 2237 1277 qtiaris
2265 1216 2441 1262 utrum
2475 1206 2574 1262 sim
2630 1207 2771 1262 filius
2798 1207 3116 1263 Caeciliani?
3149 1207 3495 1274 Czecilianus,

1905 1299 1951 1352 si
2003 1299 2265 1355 innocens
2315 1300 2435 1364 fuit,
2486 1302 2718 1372 gaudeat
2768 1302 2837 1358 de
2887 1317 2982 1356 sua
3037 1304 3382 1378 innocentia2
3416 1319 3502 1360 me

1818 1398 1821 1401 '
1906 1391 2299 1461 congaudente,
2333 1409 2439 1448 non
2469 1389 2520 1448 in
2546 1396 2663 1464 ejus
2696 1395 2999 1450 innocentia
3028 1410 3112 1450 me
3138 1411 3288 1465 spem
3321 1409 3494 1450 meam

1906 1483 2238 1553 ponente.Si
2263 1495 2440 1540 autem
2462 1501 2664 1543 nocens
2693 1487 2810 1554 fuit,
2841 1488 2982 1560 quod
3003 1487 3233 1545 fortasse
3255 1487 3495 1544 discussa

1903 1589 2062 1631 causa
2094 1578 2178 1633 vel
2203 1579 2302 1643 sic,
2329 1579 2409 1634 vel
2441 1581 2594 1634 aliter
2623 1580 2938 1645 declarabit,
2965 1581 3217 1639 sustinuit
3241 1592 3362 1636 enm
3394 1581 3496 1636 Ec-
3540 1572 3551 1588 “’

1904 1669 2064 1724 clesia
2092 1685 2249 1741 quam
2272 1680 2450 1735 teneo,
2477 1680 2534 1725 ut
2563 1691 2589 1723 a
2617 1672 3057 1727 similitudinibus
3079 1673 3363 1729 dominicis
3385 1687 3492 1728 non

205 1767 362 1830 gesta
389 1761 705 1816 recitentur.
733 1759 997 1817 Martialis
1049 1774 1285 1836 exceptor
1311 1765 1558 1819 recitavit.
1616 1764 1803 1836 Incipit
1834 1766 1880 1826 Β
1909 1763 2178 1826 recedam,
2200 1762 2342 1818 sicut
2364 1763 2577 1840 paleam.
2597 1764 2648 1817 in
2678 1763 2975 1828 area,sicut
2994 1763 3045 1817 in
3065 1763 3265 1817 eisdem
3285 1763 3497 1833 pascuis

201 1851 400 1908 relatio
453 1854 666 1908 Anolini
693 1854 1030 1924 proconsulis
1056 1898 1072 1921 ,
1115 1857 1202 1910 ubi
1233 1856 1470 1912 ostendit
1497 1857 1801 1912 Donatistas

199 1945 482 2003 Caciliaui
537 1961 758 2005 causam
817 1950 883 2003 ad
955 1949 1336 2020 imperatorem
1386 1950 1796 2007 Constantinum

200 2038 486 2097 detulisse.
520 2040 587 2095 Et
611 2059 725 2096 cum
755 2045 991 2098 recitaret
1021 2086 1035 2109 ,

276 2130 401 2190 2l6.
448 2132 728 2201 Montanus
768 2135 1040 2208 episcOpus
1071 2136 1224 2191 dixit.
1274 2136 1344 2194 Ut
1375 2137 1500 2207 quid
1535 2138 1639 2194 iste
1672 2141 1798 2195 titu-

201 2223 288 2278 lus
318 2224 558 2296 legitur?
586 2225 653 2281 Et
679 2228 784 2281 alio
814 2243 988 2282 manu.
1018 2228 1305 2284 Montanus
1336 2231 1620 2300 cpiscopus
1648 2231 1794 2287 salva

167 2380 180 2388 _,
201 2318 567 2389 appellatione
612 2322 925 2391 recognovi.
964 2321 1300 2377 Marcellinus
1350 2324 1426 2377 vir
1482 2325 1827 2380 clarissimus.

175 2417 442 2470 .tribunus
467 2426 514 2470 et
543 2417 772 2472 notarius
800 2418 951 2472 dixit.
989 2419 1189 2474 Neuter
1216 2419 1403 2473 titulus
1433 2421 1568 2474 actis
1592 2421 1798 2476 insere-

203 2517 315 2566 tnr.
353 2507 616 2567 Martialis
643 2523 882 2584 exceptar
918 2514 1168 2568 recitavit.
1200 2514 1460 2584 Augustis
1491 2515 1692 2570 nostris
1717 2515 1791 2570 A-

201 2603 422 2659 uolinus
470 2605 551 2660 vir
599 2607 934 2662 clarissimus
987 2609 1277 2679 proconsul
1310 2607 1527 2663 Africae.
1582 2607 1794 2678 Scripta

199 2697 448 2781 caelestia
469 2699 763 2768 Majestatis
788 2710 986 2755 vestra
1015 2710 1235 2771 accepta
1259 2712 1418 2771 atque
1440 2700 1660 2755 adorata
1682 2701 1798 2756 Ca-

201 2791 402 2846 ciliano
431 2802 484 2862 et
527 2792 609 2846 liis
637 2793 726 2863 qui
759 2793 860 2848 sub
897 2793 1088 2848 eodem
1135 2802 1334 2864 agunt,
1379 2795 1578 2864 quique
1608 2794 1795 2849 clerici

200 2884 547 2955 appellantttr
569 2927 582 2950 ,
612 2885 833 2941 devotio
861 2901 977 2941 mea
1010 2887 1150 2956 apud
1185 2897 1300 2942 acta
1341 2887 1617 2957 parvitatis
1661 2903 1796 2943 mea:

201 2975 479 3033 insinuare
507 2980 736 3033 curavit.
765 2977 834 3032 Et
856 2995 973 3033 cum
999 2981 1256 3040 recitaret,
1699 3041 1703 3046 ,

274 3069 398 3123 217.
455 3067 737 3124 Petiliauus
765 3070 1032 3142 episcopus
1059 3071 1210 3129 dixit.
1246 3069 1398 3126 Unde
1429 3070 1532 3125 hoc
1565 3069 1789 3139 profert,

1913 1857 2118 1922 lnedos,
2151 1859 2290 1912 sicut
2314 1857 2365 1933 in
2380 1856 2584 1912 eisdem
2611 1856 2813 1912 retibus
2836 1857 3010 1926 pisces
3041 1854 3245 1920 malos;
3277 1870 3382 1910 non
3419 1863 3499 1911 ta-

1907 1967 2025 2005 men
2056 1958 2276 2021 propter
2291 1949 2462 2008 malos
2482 1963 2579 2004 nos
2599 1958 2690 2004 aut
2707 1965 2885 2004 aream
2899 1948 3223 2003 dominicam
3241 1946 3494 2004 deserere

1904 2045 2184 2112 debemus,
2217 2055 2308 2099 aut
2337 2045 2470 2100 retia
2495 2044 2764 2100 dominica
2795 2042 2994 2099 nefaria
3011 2041 3356 2098 animositate
3383 2041 3494 2097 dis-

1906 2140 2180 2194 scnsionis
2205 2139 2551 2209 abrumpere,
2571 2149 2625 2194 et
2647 2138 2700 2193 in
2722 2153 2872 2193 mare
2896 2148 3022 2192 ante
3055 2146 3270 2207 tempus
3301 2137 3493 2192 littoris

1901 2232 2173 2302 prosilire.
2209 2231 2277 2286 Et
2309 2233 2414 2286 alia
2463 2249 2639 2286 manu.
2684 2230 3014 2309 Recognovi.

1973 2326 2098 2382 223.
2144 2325 2479 2381 Marcellinus
2501 2326 2576 2379 vir
2602 2326 2919 2380 clarissimus
2941 2325 3176 2379 tribunus
3195 2333 3244 2379 et
3266 2324 3495 2379 notarius

1903 2419 2055 2474 dixit.
2085 2420 2174 2475 Sic
2203 2419 2552 2481 ut‘statntnm
2576 2429 2661 2475 est
2687 2419 2866 2474 omnia
2887 2420 3213 2490 relegantur.
3242 2418 3497 2474 Emeritos

1900 2515 2170 2582 episwpus
2196 2513 2351 2566 dixit.
2383 2511 2517 2567 lube
2558 2527 2656 2566 nos
2685 2513 2956 2582 prosequi.
2998 2510 3064 2566 Et
3092 2511 3198 2565 alia
3222 2527 3396 2564 manu.
3424 2511 3493 2566 E-

1902 2605 2124 2658 meritos
2146 2607 2431 2676 episeopus
2451 2606 2759 2676 recognovi.
2793 2603 3128 2658 Marcellinus
3165 2602 3231 2658 V.
3255 2599 3313 2657 C.
3330 2602 3490 2658 tribu-

1902 2714 1997 2751 nus
2028 2707 2075 2749 et
2104 2699 2334 2753 notarius
2374 2697 2527 2752 dixit.
2556 2699 2730 2767 Agite.
2759 2694 3015 2750 Emeritus
3038 2697 3304 2766 episcopus
3334 2695 3482 2749 dixit.
3517 2692 3523 2696 ’

1901 2790 2145 2846 Recitata
2170 2791 2430 2859 scriptura
2446 2805 2606 2860 quam
2624 2803 2748 2857 pars
2766 2789 2990 2844 adversa
3024 2789 3260 2857 protulit.
3284 2786 3350 2842 Et
3375 2804 3492 2842 cum

1901 2883 2087 2937 diceret
2119 2880 2210 2955 (Et
2230 2881 2334 2935 alia
2361 2899 2537 2935 manu.
2558 2881 2823 2936 Emeritus
2841 2882 3129 2950 episcopus
3151 2882 3489 2951 recognovi),

1905 3047 1912 3054 Ι
1971 2975 2101 3030 226.
2149 2975 2560 3029 Fortunatianus
2602 2976 2872 3048 episcOpus
2919 2973 3167 3029 Ecclesia
3216 2974 3488 3030 catholica

1898 3069 2048 3122 dixit.
2081 3069 2215 3136 Quis
2239 3067 2411 3137 possit
2437 3083 2555 3124 esse
2587 3066 2800 3137 petitor,
2826 3066 2908 3122 his
2930 3064 3094 3137 gestis
3116 3068 3314 3137 poterit
3337 3067 3484 3123 inve-

200 3174 266 3213 ex
299 3159 516 3230 publico
542 3161 765 3226 scrinio,
797 3176 863 3216 an
893 3161 961 3218 de
987 3161 1119 3217 suo?
1146 3161 1211 3215 Et
1235 3162 1341 3217 alia
1366 3178 1538 3215 manu.
1573 3161 1791 3231 Petilia-
1817 3154 1862 3216 C
1898 3161 2020 3215 niri.
2047 3160 2113 3212 Et
2138 3161 2243 3214 alia
2269 3176 2443 3218 manu.
2477 3159 2806 3230 Recognovi.

200 3264 303 3306 nus
333 3251 621 3323 episcopus
650 3253 959 3322 recognovi.

158 3325 168 3334 l
269 3344 396 3400 218.
446 3345 764 3416 Augustinus
786 3347 1054 3416 episcOpus
1085 3345 1330 3401 Ecclesia
1350 3330 1784 3400 catholicadixit.

196 3436 385 3507 Legat,
417 3449 469 3491 et
502 3449 628 3491 tunc
657 3439 724 3492 de
753 3438 918 3492 nobis
938 3439 1117 3506 exigat
1147 3439 1306 3508 hujus
1337 3436 1790 3494 lectionisllrmi-

199 3539 384 3586 tatem.
419 3530 486 3585 Et
508 3532 613 3585 alia
641 3548 818 3586 manu.
846 3532 1176 3603 Recognovi.
1619 3602 1628 3606 ἡ

268 3620 398 3676 219.
431 3621 765 3677 Marcellinus
795 3625 872 3677 vir
901 3611 1220 3677 clarissimus
1238 3623 1472 3676 tribunus
1491 3631 1537 3676 et
1550 3617 1788 3676 statarius

195 3714 330 3769 dixit
348 3717 509 3770 :Ante
526 3716 812 3772 lectionem
831 3715 970 3770 unde
986 3715 1228 3786 proferas
1239 3715 1520 3770 evidenter
1536 3710 1794 3770 ostende.

265 3809 391 3865 220.
449 3810 767 3880 Augustinus
787 3810 1056 3879 epis‘coyus
1077 3808 1324 3863 Ecclesia
1347 3807 1613 3862 catholica
1633 3809 1784 3863 dixit.

193 3900 251 3956 Si
300 3902 424 3956 inde
467 3883 993 3968 dubitant‘,glarchiva
1043 3902 1377 3970 proconsulis
1419 3904 1780 3976 requirantur.

193 3995 263 4051 Et
283 3996 389 4050 alia
420 4012 594 4050 manu.
637 3995 968 4066 Recognovi.
1007 3991 1344 4050 Marcellinus
1370 3996 1446 4050 uir
1471 3994 1787 4050 clarissimus

194 4091 429 4144 tribunus
460 4099 506 4141 et
529 4089 761 4143 notarius
797 4089 950 4142 dixit.
979 4087 1240 4156 Quoniam
1269 4089 1319 4141 in
1351 4087 1584 4142 archivis
1612 4088 1786 4157 publi-

99 4186 106 4190 ’
188 4181 272 4235 cis
297 4195 383 4236 ea
426 4196 546 4252 qua
590 4181 887 4236 recitantur
919 4181 1336 4245 inesse‘dixisti,
1369 4181 1508 4253 sicut
1544 4189 1784 4249 coeperat

187 4274 460 4340 ofﬁcium,
492 4274 668 4328 omnia
701 4275 937 4344 relegere
968 4272 1202 4328 debebit.
1235 4271 1494 4334 Martialis
1527 4282 1781 4341 exceptor.

188 4383 257 4422 ex
299 4367 648 4439 superioribus
693 4368 847 4438 gestis
889 4367 1137 4419 recitauit.
1189 4365 1526 4434 Eosdemquc
1573 4366 1780 4419 hortata

187 4471 310 4521 est,
355 4468 412 4514 ut
454 4461 657 4514 unitate
693 4474 962 4518 consensu
1008 4459 1247 4512 omnium
1283 4457 1418 4511 facta
1455 4455 1596 4528 [cum
1637 4455 1782 4510 omni

1962 3254 2122 3325 311
2163 3252 2288 3307 225.
2332 3251 2594 3306 Emeritus
2621 3254 2889 3324 episcopus
2917 3253 3066 3306 dixit.
3091 3251 3331 3310 Recitata
3353 3251 3487 3307 scri—

1891 3358 2047 3418 ptura
2075 3362 2233 3416 quam
2263 3363 2384 3415 pars
2413 3347 2636 3402 adversa
2660 3347 2899 3416 protulit,
2928 3361 3151 3401 consors
3180 3346 3482 3417 tneosjusta

1895 3438 2273 3509 prosecutione
2286 3440 2515 3511 signavit
2527 3455 2719 3495 nomen
2735 3441 2835 3495 sibi
2855 3441 3132 3510 imponere
3145 3440 3342 3495 debere
3360 3457 3482 3495 eum

1891 3531 1981 3602 qui
2007 3546 2224 3586 causam
2247 3529 2490 3587 defendit
2521 3532 2571 3584 in
2608 3530 2811 3599 judicio
2838 3520 3272 3584 CacilianiCSeil
3309 3537 3485 3584 arcta-

1891 3632 1976 3679 tus
2001 3625 2083 3678 his
2102 3624 2255 3678 nodis
2276 3625 2496 3678 veniens
2519 3639 2548 3676 e
2570 3623 2811 3687 diverso,
2836 3623 2986 3692 quasi
3007 3623 3238 3692 quodam
3275 3622 3481 3678 lubrico

1892 3712 2076 3786 fugere
2101 3725 2258 3785 atque
2289 3716 2428 3771 elabi
2469 3724 2716 3779 conatur;
2758 3715 2892 3768 duas
2919 3715 2970 3768 in
2992 3715 3211 3784 jndiciis
3242 3713 3479 3769 inferens

1890 3823 2150 3877 personas
2168 3817 2219 3862 et
2242 3809 2482 3878 geminas
2503 3800 2766 3868 actiones.
2787 3807 2920 3860 Dicit
2943 3810 3104 3861 enim.
3123 3807 3178 3862 Si
3201 3807 3474 3861 Cteciliatti

1887 3915 2115 3971 persona
2149 3909 2244 3970 pro
2265 3901 2498 3971 objectis
2546 3901 2860 3955 criminibus
2892 3900 3086 3970 poterit
3115 3899 3341 3964 destrui,
3372 3899 3473 3955 Ec-

1887 3992 2089 4058 clesia,
2121 3993 2316 4063 inquit,
2341 3979 2481 4047 nihil
2514 3994 2708 4056 oberit,
2747 4008 2868 4047 cum
2904 3993 3058 4048 unius
3091 3993 3320 4048 hominis
3349 4009 3471 4062 pcr-

1887 4101 2015 4140 sona
2058 4086 2326 4141 destructa
2359 4085 2572 4141 adstare
2627 4085 2870 4140 videatur
2898 4086 2948 4166 in
2981 4086 3106 4144 ﬁde.
3144 4086 3298 4154 Quid
3344 4102 3473 4158 ergo

1887 4191 2022 4243 onus
2051 4187 2151 4240 est,
2182 4177 2266 4230 vir
2308 4177 2573 4240 Sublimis,
2603 4177 2870 4231 Caeiliaoi
2900 4192 3116 4231 causam
3149 4178 3198 4231 in
3239 4178 3469 4234 medium

1889 4272 2122 4342 mittere.
2152 4269 2196 4324 si
2227 4270 2358 4324 nihil
2382 4273 2535 4325 obest
2564 4271 2666 4332 his,
2698 4273 2737 4322 si
2765 4270 2893 4325 nihil
2913 4271 3169 4326 adversus
3192 4287 3286 4326 eos
3312 4272 3469 4338 facit;

1885 4371 1977 4416 aut
2004 4379 2099 4416 cur
2141 4362 2194 4416 in
2234 4362 2436 4432 judicio
2478 4361 2787 4418 defenditur
2834 4364 2914 4417 vel
2972 4363 3292 4417 accusator?
3338 4363 3470 4420 Cum

1887 4457 2030 4511 enim
2057 4456 2198 4511 dicat
2231 4471 2404 4526 neque
2428 4456 2526 4511 sibi
2559 4457 2752 4512 obesse
2776 4456 3015 4526 ejusdem
3039 4469 3268 4532 reatum,
3295 4472 3471 4527 neque

185 4550 436 4624 omnino]
477 4567 700 4606 munere
729 4550 749 4623 [
777 4548 1130 4621 indulgentia]
1167 4549 1463 4619 Majestatis
1495 4560 1686 4618 vestra:
1712 4549 1778 4602 li-
1805 4546 1858 4606 D
1887 4563 2043 4618 posse
2072 4550 2303 4620 aliquam
2333 4550 2580 4604 nebulam
2603 4551 2684 4604 vel
2712 4550 2976 4605 maculam
3004 4550 3261 4606 Ecclesia?
3291 4553 3476 4607 innec-

185 4645 362 4699 bet'ati
394 4648 514 4698 esse.
547 4643 849 4708 videantur,
881 4642 1156 4696 Catholica
1187 4642 1474 4708 custodita,
1508 4641 1777 4696 sanctitati

186 4739 323 4808 legis
353 4737 530 4792 debita
558 4739 878 4798 reverentia,
914 4751 976 4791 ac
1011 4735 1210 4790 divinis
1255 4736 1413 4791 rebus
1457 4736 1776 4790 inserviant.

190 4831 389 4885 Verum
421 4840 539 4900 post
570 4843 774 4899 paucos
800 4827 918 4883 dies
940 4830 1265 4883 exstiterunt
1288 4828 1524 4896 quidam,
1548 4827 1778 4882 adunata

183 4937 373 4979 secum
420 4921 598 4991 populi
651 4920 1028 4985 multitudine,
1060 4919 1150 4989 qui
1193 4917 1480 4974 Caeciliano
1510 4921 1784 4974 contradi-

184 5015 417 5070 cendum
460 5023 728 5083 putarent,
761 5013 962 5083 quique
992 5013 1304 5066 fasciculum
1335 5011 1390 5066 in
1416 5012 1561 5066 aluta
1592 5015 1774 5082 signa-

185 5117 326 5171 tum,
351 5116 404 5160 et
433 5106 674 5161 libellum
698 5105 813 5160 sine
842 5105 996 5175 signo
1012 5105 1324 5160 obtulerunt
1346 5105 1598 5159 dicationi
1620 5121 1776 5171 mea,

183 5212 349 5270 atque
382 5198 655 5268 impendio
697 5199 1034 5267 postularunt
1067 5207 1123 5252 ut
1155 5196 1220 5251 ad
1262 5211 1476 5252 sacrum
1514 5181 1577 5252 ac
1616 5211 1780 5253 vene-

185 5292 414 5349 rabilem
455 5291 770 5345 comitatum
817 5289 1052 5343 nominis
1093 5290 1262 5344 vestri
1300 5288 1588 5357 dirigerem
1613 5329 1627 5352 ,
1659 5303 1779 5357 qua

186 5394 441 5442 manente
461 5384 749 5449 Caciliano
778 5386 994 5437 in'statu
1024 5396 1144 5447 suo,
1172 5382 1430 5451 subjectis
1461 5381 1776 5436 eorumdem

187 5479 322 5531 actis
343 5517 358 5542 ,
384 5491 491 5544 quo
517 5484 706 5530 cuncta
745 5473 996 5542 Majestas
1027 5483 1202 5526 vestra
1236 5476 1404 5542 possit
1429 5473 1770 5542 dignoscere,

187 5569 423 5640 parvitas
445 5581 559 5619 mea
584 5565 814 5634 dirigere
835 5564 1064 5618 curavit.
1079 5565 1378 5619 Transmisi
1395 5563 1772 5631 libellosdnos,

189 5675 350 5715 unum
387 5657 438 5711 in
470 5655 613 5708 aluta
645 5657 908 5724 signatum
937 5655 1004 5706 ita
1052 5671 1066 5704 :
1095 5653 1320 5708 Libellus
1343 5654 1588 5708 Ecclesia
1605 5655 1779 5706 cat/io-

187 5753 300 5823 lica
319 5749 591 5806 criminum
613 5743 876 5800 Caeiliaui
905 5745 1164 5800 traditum
1180 5755 1324 5813 parte
1353 5742 1616 5816 Majorini.
1646 5743 1775 5800 Item
1815 5801 1824 5808 ,

1886 4650 2020 4706 lere,
2043 4640 2194 4695 vides
2225 4656 2380 4711 ergo
2406 4641 2674 4711 superflue
2708 4639 2979 4697 Ca-ciliani
3027 4657 3220 4697 nomen
3254 4642 3308 4697 in
3335 4641 3475 4712 judi-

1883 4733 2025 4786 cium
2048 4734 2292 4798 missom,
2327 4748 2449 4787 eum
2482 4732 2581 4788 hac
2609 4735 2759 4804 quasi
2801 4737 3162 4805 peremptoria
3193 4737 3473 4806 prtcscrip-

1883 4825 2032 4880 tione
2075 4833 2366 4881 excusatus
2410 4840 2532 4881 esse
2577 4827 2843 4893 videatur,
2888 4837 2943 4882 ut
2989 4829 3031 4883 si
3083 4844 3210 4884 reus
3262 4828 3352 4894 sit,
3404 4829 3473 4884 ab

1884 4916 2123 4989 Ecclesia
2155 4915 2400 4973 videatur
2445 4927 2762 4984 etaraneus;
2800 4921 2844 4974 si
2877 4920 3156 4984 innocens,
3191 4921 3339 4992 quasi
3371 4921 3469 4974 ob-

1880 4999 2040 5078 jectis
2068 4997 2380 5064 criminibus
2426 5020 2686 5080 purgatus
2718 5025 2877 5082 atque
2929 5013 3208 5077 liberatus,
3241 5015 3378 5070 bene
3419 5014 3471 5068 in

1884 5102 2127 5158 Ecclesia
2162 5117 2255 5158 sua
2299 5100 2519 5156 'stetisse
2552 5105 2813 5158 videatur.
2847 5106 3058 5173 Judica,
3091 5107 3174 5161 vir
3203 5107 3470 5173 sublimis,

1885 5210 2050 5249 unum
2079 5209 2173 5250 eos
2206 5201 2392 5250 tenere
2414 5196 2643 5260 debere;
2675 5198 2720 5251 si
2743 5196 3011 5252 Caeciliani
3045 5215 3258 5255 causam
3290 5200 3475 5256 defen-

1881 5286 2034 5354 dunt,
2070 5287 2350 5356 superbire
2375 5302 2434 5342 se
2459 5298 2512 5343 et
2551 5291 2797 5356 prosequi
2829 5305 2893 5344 ea
2935 5305 3050 5360 quae
3081 5293 3132 5345 in
3156 5293 3354 5361 judicio
3377 5294 3470 5348 ad-

1883 5394 2069 5434 versus
2099 5379 2444 5434 Cacilianiun
2474 5381 2542 5435 de
2571 5383 2798 5436 veritate
2831 5395 3168 5450 promuntur.
3198 5384 3252 5437 Si
3285 5392 3462 5437 autem

1883 5471 2067 5526 dicunt
2110 5471 2302 5525 obesse
2347 5472 2447 5527 sibi
2486 5473 2704 5526 omnino
2750 5490 2854 5528 non
2905 5489 3063 5542 p0sse
3113 5476 3236 5543 quid
3279 5476 3468 5530 fecerit

1879 5561 2223 5628 Caecilianus,
2253 5564 2378 5632 quid
2409 5578 2542 5632 Opus
2582 5575 2658 5618 est
2688 5563 2958 5618 Caciliani
3002 5581 3223 5622 causam
3257 5568 3306 5619 in
3354 5583 3468 5633 me—l

1880 5655 2026 5708 dium
2056 5654 2290 5722 mittere,
2321 5665 2440 5706 cum
2472 5656 2547 5706 eis
2578 5654 2768 5709 obesse
2801 5672 2902 5708 non
2937 5659 3110 5723 possit
3139 5659 3181 5711 si
3228 5655 3389 5711 fuerit
3412 5660 3465 5713 in

1879 5743 2254 5814 jbdicimreus
2303 5745 2770 5801 manifestissimus
2815 5745 3211 5816 deprehensus.
3258 5745 3326 5800 Et
3369 5750 3478 5802 alia
