3860 6212
271 168 410 229 H03

1161 169 1386 232 casm
1423 162 1872 233 COLLATIONIS
1906 157 2527 236 eAit’rl'tActNENSIS.

3399 170 3532 232 illi”.

267 304 442 347 manu.
472 288 736 348 Emeritos
773 289 1057 361 episcopus
1105 291 1248 346 salva
1281 272 1641 363 appellatione
1682 304 1838 347 reco-
1868 284 1921 354 Α
1945 291 2096 347 dixit.
2125 291 2193 348 Ut
2239 306 2337 348 nec
2364 300 2569 363 patrem
2598 305 2752 346 suum
2781 304 2878 346 nec
2929 297 3153 346 matrem
3178 289 3532 346 Caecilianum

266 384 450 456 gnovi.
478 380 810 438 Marcellinus
839 383 917 437 uir
943 383 1260 438 clarissimus
1283 375 1516 438 tribunus
1546 393 1592 438 et
1615 384 1846 439 notarius

267 477 412 532 dixit.
451 475 718 531 Doceatur
746 487 775 528 a
799 483 950 546 parte
975 475 1188 531 diversa
1219 476 1359 548 quod
1384 476 1662 547 quaeritur.

333 566 460 626 228.
495 563 812 644 Augustinus
831 569 1097 640 episcopus
1119 569 1367 624 Ecclesiw
1392 569 1658 624 catholica:
1692 567 1843 621 dixit.

263 660 538 716 Caeciliani
570 659 784 716 cansam
815 661 900 716 vel
921 660 1249 732 collegarum
1279 660 1396 730 ejus
1419 661 1594 714 solent
1624 658 1722 728 ipsi
1745 657 1847 714 Ec-

265 754 444 810 clesiae
483 753 762 810 catholicae
782 753 1058 824 Jobjicere,
1097 753 1180 808 vel
1230 757 1288 808 ut
1315 753 1432 807 sine
1478 749 1843 806 centrOVersia

266 847 478 918 loquar,
527 846 628 916 ipsi
679 837 933 902 Ecclesite
977 851 1136 915 quam
1165 851 1427 900 tenemus.
1483 840 1734 909 Proinde,
1787 848 1846 895 ut

265 938 443 1004 video,
475 953 723 1009 magnum
746 937 929 992 volunt
953 936 1166 991 adferre
1188 933 1583 1006 compendium.
1619 933 1673 989 Si
1707 931 1845 989 hanc

263 1042 480 1084 causam
504 1042 609 1083 non
631 1028 893 1098 objiciunt
913 1026 1167 1082 Ecclesizc
1185 1038 1341 1095 qttam
1374 1031 1640 1091 tenemus,
1662 1024 1846 1081 dicant

262 1121 388 1192 quid
416 1121 463 1177 ei
487 1120 763 1190 objiciunt.
787 1119 845 1176 Si
867 1119 1008 1174 cnim
1035 1118 1190 1187 nihil,
1219 1134 1383 1191 quare
1411 1118 1761 1190 separamur?
1789 1119 1848 1176 Sl

261 1213 458 1284 aliquid
474 1222 668 1283 praeter
682 1196 908 1266 causam
925 1208 1218 1277 Caeciliani,
1241 1212 1480 1282 idipsum
1509 1211 1757 1280 efferant,
1792 1209 1848 1268 id

259 1305 564 1361 ostendant.
593 1304 660 1359 Et
689 1306 795 1359 alia
824 1321 1000 1361 manu.
1032 1304 1364 1378 Recognovi.

329 1395 455 1450 227.
498 1393 788 1470 Petilianus
809 1397 1082 1467 episcopus
1110 1396 1261 1452 dixit.
1293 1397 1373 1453 Tu
1404 1397 1524 1468 quis
1556 1397 1651 1452 es?
1682 1397 1849 1454 Filius

256 1502 318 1551 es
339 1488 632 1553 Cteciliahi,
660 1494 726 1544 an
760 1489 902 1545 non?
923 1489 1093 1546 Tenet
1130 1501 1182 1547 te
1209 1492 1413 1547 crimen
1451 1491 1746 1558 Caeciliani,
1780 1507 1846 1547 an

256 1587 390 1653 nun,
419 1585 464 1640 'sl
514 1583 713 1640 fuerit?
740 1584 805 1639 Et
836 1601 950 1639 cum
979 1585 1164 1640 diceret
1189 1573 1279 1656 (El
1301 1586 1404 1640 alia
1429 1585 1849 1663 manuuPetilia-

260 1689 360 1735 nns
383 1677 639 1750 epicopus
665 1679 1026 1750 appellatione
1049 1679 1302 1735 incolumi
1332 1680 1666 1750 recognovi),

329 1772 457 1829 228.
497 1767 813 1844 Augustinus
835 1773 1102 1844 episcOpus
1129 1773 1373 1827 Ecclesia:
1399 1774 1664 1828 catholica:
1693 1772 1845 1828 dixit.

262 1862 376 1935 Ego
398 1864 448 1918 in
491 1864 729 1918 Ecclesia
759 1877 874 1918 sum
907 1862 959 1917 in
991 1876 1094 1932 qua
1123 1860 1443 1919 Caecilianus
1485 1860 1602 1918 fuit.
1632 1861 1702 1916 Et
1745 1863 1849 1917 alia

258 1974 432 2010 manu.
462 1955 785 2027 Recognovi.

327 2045 452 2105 229.
498 2048 786 2104 Petilianus
861 2049 1127 2121 episcopus
1177 2049 1326 2104 dixit.
1382 2047 1537 2104 Unde
1593 2047 1850 2118 coepisti?

261 2147 432 2215 Quem
460 2145 624 2201 habes
656 2145 898 2216 patrem?
928 2144 1184 2215 Alioquin
1213 2146 1257 2200 si
1289 2153 1494 2216 patrem
1526 2154 1672 2198 tuum
1703 2143 1852 2197 dam-

259 2240 496 2306 naveris,
526 2239 837 2294 hazrctieum
878 2249 927 2294 te
950 2253 1070 2294 esse
1117 2237 1406 2309 profiteris,
1438 2238 1525 2308 qui
1560 2252 1659 2292 nec
1681 2235 1848 2305 origi-

262 2349 382 2388 nem
407 2334 484 2387 vis
515 2333 736 2400 habere,
759 2347 854 2388 nec
878 2343 1104 2402 patrem.
1135 2331 1200 2386 Et
1219 2335 1321 2387 alia
1346 2349 1522 2386 manu.
1556 2331 1850 2387 Petilianus

260 2428 544 2498 episcopus
575 2427 937 2497 appellatione
964 2427 1220 2481 incolumi
1250 2426 1558 2496 recognovi.

331 2518 456 2573 250.
499 2518 813 2589 Augustinus
839 2519 1104 2588 episwptts
1133 2518 1377 2572 Ecclesia:
1409 2515 1674 2572 catltolicte
1697 2515 1848 2571 dixit.

261 2607 316 2662 lu
367 2609 606 2665 Ecclesia
658 2624 863 2675 sumus,
913 2611 1096 2679 inqua
1141 2609 1456 2664 Caecilianus
1483 2609 1848 2678 episcopatum

261 2704 425 2774 gessit
467 2713 519 2758 et
559 2703 699 2759 dieth
756 2703 907 2760 obiit.
955 2704 1080 2773 Ejus
1111 2720 1306 2760 nomen
1335 2705 1402 2758 ad
1445 2704 1614 2759 altare
1657 2703 1852 2756 recita-

270 2797 556 2866 mus,'ejus
586 2799 859 2853 memoriae
911 2800 1392 2861 communicantes,
1443 2807 1695 2869 tanquam
1748 2809 1851 2848 me-

264 2891 451 2945 moria:
475 2885 808 2956 fratris,'non
835 2903 1084 2962 tanquam
1109 2892 1276 2962 patris
1303 2901 1395 2945 aut
1415 2889 1620 2945 matris.
1645 2875 1850 2955 Quaeris

261 2994 440 3039 autem
482 2999 510 3038 ιι
543 2999 628 3039 me
657 2983 798 3039 unde
828 2985 1138 3039 communio
1174 3000 1288 3040 mea
1319 2967 1500 3040 ’διιῐηιιι
1541 2982 1846 3043 exordium.

1947 382 2113 438 fuisse
2152 384 2462 455 diligentius
2507 383 2922 448 demonstretur,
2951 382 3192 454 ejusdem
3228 375 3538 454 prosecutio

1946 473 2192 543 superior
2218 458 2504 544 relegatur.
3203 482 3206 484 ‘

2015 565 2142 620 254.
2185 565 2468 620 Pctilianus
2490 567 2758 636 episcOpus
2780 567 2929 622 dixit.
2959 567 3104 624 Satis
3128 567 3252 624 illos
3289 565 3538 628 defendis

1947 671 2044 724 per
2067 658 2254 712 Deum.
2284 655 2352 711 Et
2377 657 2480 711 alia
2506 674 2684 714 manu.
2716 658 3010 716 Petilianus
3039 661 3330 734 episcopus
3354 663 3536 736 appels

1942 747 2143 805 latione
2177 749 2427 805 incolumi
2458 752 2784 823 recognovi.’_

2015 841 2141 898 2'55.
2183 841 2499 914 Augustinus
2545 845 2814 916 episcopus
2862 843 3110 911 Ecclesia
3149 843 3538 900 catholicae-di-

1944 933 2040 988 xit.
2093 933 2233 991 Ecce
2279 935 2422 1004 dico,
2469 937 2681 1008 quoties
2725 927 2990 994 voluerint
3019 939 3174 1005 dico,
3218 940 3536 995 Caecilianus

1948 1035 2056 1082 non
2086 1037 2170 1082 est
2203 1037 2354 1100 pater
2375 1039 2549 1100 meus,
2581 1031 2700 1100 quia
2733 1031 2892 1087 audio
2925 1032 3212 1099 Dominum
3244 1048 3422 1086 meum
3451 1029 3536 1087 die

1948 1128 2158 1178 centeni
2182 1139 2194 1177 :
2229 1121 2310 1178 Ne
2334 1125 2472 1178 vobis
2500 1135 2696 1194 patrem
2715 1126 2896 1179 dicatis
2917 1126 2970 1179 in
2991 1134 3129 1180 terra
3148 1140 3325 1196 {unus
3353 1135 3421 1181 est
3447 1143 3538 1198 pa-

1952 1226 2025 1270 ter
2067 1217 2227 1271 vester
2275 1215 2432 1272 Deus.
2485 1217 2613 1272 Dico
2652 1216 2997 1272 Cmciliannm
3051 1216 3296 1284 fratrem,
3342 1219 3536 1274 bonum

1951 1309 2196 1378 fratrem,
2222 1312 2263 1365 si
2288 1310 2490 1376 bonus;
2515 1311 2713 1365 malum
2746 1310 2989 1377 fratrem,
3014 1311 3056 1365 si
3081 1313 3256 1367 malus
3277 1321 3380 1378 est,
3406 1327 3537 1384 quo-

1951 1401 2094 1455 niam
2120 1410 2340 1470 propter
2363 1403 2665 1463 communia
2689 1410 3028 1457 sacramenta
3057 1402 3226 1459 frater
3253 1418 3410 1459 meus
3435 1414 3533 1460 est.

1953 1493 2006 1551 Si
2030 1502 2207 1548 autem
2237 1494 2495 1563 judicium
2535 1493 2603 1550 de
2629 1494 2722 1550 illo
2766 1510 2944 1550 meum
2992 1497 3073 1551 vis
3119 1494 3330 1562 audire,
3381 1495 3538 1552 etiam

1949 1588 2292 1644 innocentem
2337 1588 2522 1655 credo,
2553 1588 2844 1659 appetitum
2888 1587 3034 1652 falsis
3071 1587 3539 1643 criminationibus

1872 1676 1921 1738 B
1947 1681 2216 1743 existimo,
2248 1680 2339 1735 sed
2362 1692 2629 1751 tamquam
2661 1679 2824 1736 homo
2852 1681 2919 1736 de
2951 1681 3169 1736 homine
3195 1681 3536 1746 existimatis,

1953 1789 2058 1828 non
2100 1783 2368 1843 tamquam
2401 1781 2606 1829 certum
2634 1774 2836 1844 aliquid
2859 1773 3110 1829 credens.
3137 1773 3218 1828 Tu
3264 1773 3310 1827 si
3355 1773 3541 1843 oltjicls

1951 1864 2207 1920 Ecclesiae
2235 1865 2460 1918 crimina
2507 1864 2798 1932 (Iteciliani,
2851 1865 3074 1932 adsisto,
3125 1864 3364 1919 defendo
3411 1874 3542 1920 tam-

1891 2009 1899 2012 .
1951 1975 2111 2031 quam
2145 1958 2344 2024 fratris,
2377 1959 2667 2014 ostendens
2695 1975 2799 2014 non
2826 1959 3095 2030 pertinere
3121 1960 3188 2013 ad
3224 1958 3535 2025 Ecclesium,

1951 2069 2050 2111 nec
2087 2054 2154 2110 ad
2183 2054 2302 2124 ejus
2341 2068 2582 2121 causam,
2613 2069 2714 2109 nec
2753 2054 2800 2108 el
2847 2051 3227 2124 praejudicare;
3259 2063 3315 2107 et
3346 2053 3424 2106 sic
3453 2051 3540 2107 de-

1953 2157 2200 2204 monstro
2227 2146 2362 2202 nihil
2394 2158 2445 2202 te
2470 2147 2706 2217 objieere
2720 2145 2977 2202 Ecclesia:
3005 2143 3541 2210 eatholicm,etiamsi

1951 2256 2078 2295 vera
2109 2238 2359 2306 fortaSse,
2385 2238 2526 2311 quod
2561 2240 2706 2294 nullo
2735 2238 2894 2294 modo
2917 2239 3118 2308 poteris
3138 2236 3538 2304 demonstrare,

1951 2333 2058 2387 sint
2080 2333 2302 2386 crimina
2332 2331 2624 2387 C:eciliani.
2651 2332 2707 2386 Si
2729 2340 2907 2386 autem
2937 2345 3034 2385 nec
3058 2330 3172 2400 ipsa
3203 2345 3334 2384 vera
3356 2338 3538 2398 potuc-

1953 2428 2028 2482 ris
2057 2427 2454 2490 demonstrare,
2487 2427 2648 2480 etiam
2684 2431 2736 2478 te
2763 2424 2942 2495 judice
2974 2423 3127 2478 vides
3157 2424 3245 2478 ubi
3271 2436 3543 2478 remanse-

1953 2521 2052 2588 ris,
2099 2530 2154 2576 et
2184 2519 2308 2591 quid
2339 2519 2542 2589 rejeeta
2573 2517 2787 2574 tandem
2832 2518 3176 2571 animositate
3206 2517 3414 2572 erroris
3453 2516 3543 2570 eli-

1951 2630 2078 2686 gere
2118 2613 2341 2678 debeas,
2375 2621 2433 2666 ut
2463 2611 2740 2666 nobiscum
2789 2617 2977 2665 teneas
3004 2609 3316 2673 veritatem;
3369 2608 3545 2663 nobis-

1952 2725 2072 2764 cum
2107 2708 2452 2778 amplectaris
2477 2706 2730 2762 damnato
2755 2720 2945 2762 errore
2974 2706 3318 2760 charitatem.
3353 2704 3419 2758 Et
3443 2706 3546 2759 alia

1953 2818 2129 2855 manu.
2160 2799 2489 2871 liceognovi.

2024 2896 2150 2950 256.
2193 2895 2476 2948 Petilianus
2508 2895 2775 2966 episcopus
2810 2893 2960 2946 dixit.
2994 2892 3108 2961 Ipsa
3139 2901 3272 2948 sunt
3302 2893 3399 2947 illa
3434 2908 3546 2946 am-

1954 2989 2110 3059 bigua
2139 2989 2335 3060 quibus
2358 2992 2425 3044 ab
2448 2988 2693 3042 hodierni
2713 2987 2818 3042 diei
2847 2987 3116 3057 percurrit
3138 2972 3428 3058 principio,
3454 3000 3548 3042 nec

262 3078 521 3133 Dominus
548 3079 661 3148 ipse
687 3075 932 3134 Christus
972 3079 1167 3133 asserit
1203 3079 1482 3134 exordium
1515 3080 1850 3134 commnnio—
1876 3068 1921 3130 C
1958 3090 2137 3138 tamen
2179 3097 2236 3137 se
2277 3083 2506 3137 alterum
2553 3089 2742 3136 tenere
2784 3078 3073 3150 aliquando
3115 3078 3401 3151 professus
3447 3089 3578 3144 ρει,-

261 3174 345 3227 nis
375 3187 506 3228 mea:
530 3171 749 3227 dicens:
787 3171 1065 3239 Oportebat
1092 3170 1359 3226 Christum
1383 3173 1491 3242 pati
1519 3182 1564 3226 et
1587 3188 1855 3243 resurgere

263 3264 293 3320 tt
315 3265 528 3320 mortuis
551 3267 696 3319 tertio
725 3265 829 3330 die,
860 3275 904 3318 et
931 3265 1205 3339 praedicari
1232 3262 1284 3318 in
1313 3267 1516 3319 nomine
1554 3266 1662 3333 ejus
1695 3267 1855 3335 paeni-

265 3360 472 3412 tentiam
519 3367 565 3413 ct
599 3359 945 3414 remissionem
975 3369 1299 3424 peccatorum
1329 3374 1417 3427 per
1443 3374 1614 3411 omnes
1658 3368 1851 3429 gentes,

262 3450 616 3518 incipientibus
645 3450 706 3503 ab
743 3449 1086 3507 Hierusalem.
1119 3450 1294 3520 Coepit
1326 3451 1425 3504 ista
1452 3450 1760 3520 praedicatio
1789 3446 1855 3506 ab

265 3544 622 3609 Hierusalem,
666 3544 788 3599 inde
812 3559 870 3598 se
900 3543 968 3598 ab
991 3543 1356 3598 illustrissimo
1374 3541 1595 3598 exordio
1619 3541 1849 3610 dill‘utlit,

261 3635 562 3692 diffundens
594 3636 883 3691 Ecclesium
910 3651 1070 3707 quam
1097 3647 1371 3698 tenemus;
1406 3634 1578 3704 primo
1609 3651 1703 3705 per
1725 3630 1855 3690 vici-

262 3745 350 3796 na,
383 3729 576 3786 deinde
605 3745 700 3800 per
720 3729 1032 3800 longinqua,
1060 3729 1303 3795 etiamjin
1335 3727 1572 3783 Africam
1600 3728 1770 3783 venit.
1795 3727 1852 3783 In

266 3823 405 3877 hanc
431 3823 619 3878 oculos
644 3823 938 3891 aperimus,
968 3821 1105 3876 hanc
1133 3823 1184 3875 in
1207 3821 1406 3876 divinis
1427 3821 1654 3890 eloquiis
1672 3830 1725 3875 et
1749 3833 1856 3875 tes-

263 3917 506 3973 timoniis
531 3915 670 3971 sicut
689 3917 863 3986 ipsum
894 3914 1181 3970 Dominum
1213 3914 1489 3969 Christum
1519 3924 1573 3968 et
1610 3914 1858 3982 redemp-

265 4020 436 4066 torem
482 4019 722 4065 nostrutn
771 4009 1152 4078 comperimus.
1185 4007 1267 4063 Ab
1298 4009 1387 4062 illo
1431 4009 1542 4063 Deo
1584 4016 1757 4079 patre,
1786 4007 1855 4062 ab

265 4103 366 4158 hac
398 4103 638 4160 Ecclesia
664 4110 856 4166 matre,
883 4101 1084 4157 nullius
1108 4117 1192 4156 me
1215 4101 1450 4156 hominis
1471 4099 1717 4166 crimina,
1744 4099 1857 4154 nul.

265 4197 368 4250 lius
393 4197 676 4251 caluu'mia:
703 4195 1048 4265 separabunt.
1083 4193 1148 4248 Et
1184 4195 1290 4248 alia
1316 4211 1490 4248 manu.
1522 4193 1850 4264 Recognovi.

331 4286 458 4344 25L
503 4287 786 4342 Petilianus
817 4288 1084 4358 episcopus
1105 4287 1254 4341 dixit.
1283 4284 1606 4341 Caecilianus
1635 4286 1727 4341 tibi
1757 4301 1853 4356 pa-

264 4394 344 4438 ter
374 4391 465 4438 aut
485 4392 655 4439 mater
681 4393 783 4449 est,
815 4392 870 4437 ut
892 4382 1105 4438 dixisti?
1133 4382 1195 4436 Et
1217 4384 1320 4437 alia
1343 4399 1515 4436 manu.
1549 4381 1846 4438 Petilianus

262 4477 548 4548 episcopus
575 4477 932 4548 appellatione
965 4479 1222 4533 incolumi
1253 4477 1560 4548 redognovi.

331 4567 459 4623 252.
499 4570 809 4639 Augustinus
839 4573 1108 4637 episcOpus
1144 4567 1391 4624 Ecclesia:
1411 4568 1676 4623 catholica:
1704 4568 1856 4622 dixit.

265 4663 382 4719 Jam
407 4660 603 4718 audisti
624 4663 746 4732 quia
769 4661 937 4716 frater
959 4669 1094 4716 erat.
1115 4661 1180 4714 Et
1200 4661 1305 4715 alia
1325 4677 1499 4714 manu.
1529 4659 1854 4728 Recognovi.

266 4753 560 4809 Pctilianus
585 4755 852 4825 episcOpus
875 4754 1028 4808 dixit.
1061 4754 1247 4808 Frater
1275 4769 1382 4806 non
1418 4751 1606 4822 estqui
1637 4759 1859 4820 generat

266 4848 429 4904 ﬁlios.
457 4847 519 4903 Et
541 4848 647 4902 alia
665 4864 840 4902 manu.
867 4847 1161 4903 Petilianus
1192 4846 1477 4917 episcopus
1499 4843 1858 4913 appellatione

265 4940 523 4996 incolumi
543 4939 850 5010 recognovi.
1697 4947 1701 4950 '
1727 4947 1730 4949 λ

335 5035 462 5091 233.
505 5033 840 5090 Marcellinus
859 5034 934 5088 vir
961 5033 1276 5088 clarissimus
1297 5031 1528 5085 tribunus
1548 5039 1597 5084 et
1629 5029 1859 5082 notarius

262 5130 417 5185 dixit.
447 5128 558 5186 Nec
600 5139 802 5199 patrem
832 5144 929 5184 nec
961 5117 1187 5182 matrem
1235 5127 1333 5181 sibi
1364 5141 1483 5181 esse
1513 5124 1859 5178 Cmcilianum

266 5224 606 5294 apertissima
638 5225 1016 5293 prosecutione
1044 5223 1295 5293 signavit.
1322 5221 1643 5294 Augustinus
1665 5219 1861 5287 episco-

266 5335 363 5391 pus
398 5319 645 5374 Ecclesia:
668 5318 934 5373 catholica:
954 5317 1102 5372 dixit.
1131 5314 1459 5372 Caecilianus
1477 5329 1582 5368 non
1607 5323 1688 5367 est
1713 5319 1863 5382 pater

272 5429 444 5470 meus.
470 5414 526 5471 Si
561 5413 732 5468 bonus
763 5420 867 5478 est,
898 5412 1062 5466 frater
1084 5425 1236 5465 meus
1266 5418 1349 5465 est
1375 5407 1585 5472 bonos;
1616 5407 1659 5460 si
1689 5407 1863 5461 malus

271 5517 375 5571 est,
406 5507 570 5563 frater
590 5517 671 5563 est
704 5507 897 5562 malus.
922 5503 1125 5562 Tamen
1157 5513 1377 5574 propter
1394 5510 1726 5557 sacramenta
1759 5499 1866 5552 fra-

277 5610 359 5660 ter
387 5614 491 5671 est,
537 5603 650 5660 sive
674 5605 873 5671 bonus,
903 5603 1017 5660 sive
1046 5601 1238 5657 malus.
1265 5598 1334 5655 Et
1359 5599 1463 5681 alia
1491 5614 1661 5651 manu.
1696 5596 1866 5651 Reco-

289 5699 465 5776 gnovi.
502 5696 836 5756 Marcellinus
856 5701 934 5757 vir
959 5679 1524 5756 clarissimustribuiius
1561 5704 1605 5749 et
1639 5691 1867 5757 notarius

1955 3194 2076 3232 eum
2101 3188 2322 3246 utraque
2347 3190 2540 3247 magno
2565 3176 2813 3245 amplexu
2837 3175 3086 3237 retineat,
3116 3184 3412 3245 utrumque
3432 3189 3540 3228 me-

1958 3279 2114 3323 tuens
2131 3268 2404 3321 dimittere
2432 3268 2513 3322 vel
2539 3278 2741 3322 teuere.
2758 3265 2996 3321 Tandem
3011 3264 3304 3335 aliquando
3325 3281 3547 3332 expres-

1957 3362 2064 3424 sius
2097 3360 2259 3424 dicat,
2293 3371 2471 3414 utrum
2496 3359 2662 3428 patris
2689 3358 2809 3412 loco
2829 3357 3065 3412 habeant
3082 3356 3458 3420 Caecilianum,
3482 3373 3545 3412 ex

1959 3470 2064 3522 quo
2087 3450 2525 3507 deductuestista
2541 3450 2843 3521 progenies.
2859 3449 2976 3504 Non
3004 3449 3148 3504 enim
3177 3451 3541 3520 potestaliqna

1959 3559 2045 3598 res
2094 3544 2212 3598 sine
2255 3553 2574 3613 generatore
2603 3556 2703 3596 suo
2735 3541 2901 3606 nasci,
2933 3540 3173 3595 autsine
3199 3541 3381 3610 capite
3417 3540 3544 3596 inci-

1958 3653 2106 3707 pere,
2137 3647 2227 3690 ant
2255 3638 2371 3691 sine
2404 3635 2579 3689 radice
2610 3649 2703 3688 sua
2736 3647 2999 3689 crescere.
3044 3630 3205 3687 Videt
3250 3633 3414 3704 igitur
3455 3649 3546 3688 no-

1947 3730 2141 3785 ‘bilitas
2181 3741 2266 3783 tua
2300 3741 2358 3783 5e
2388 3728 2645 3798 originem
2678 3744 2783 3782 non
2817 3725 3015 3780 habere
3042 3724 3243 3794 szepins
3275 3733 3541 3794 protesta-

1960 3836 2093 3878 tum.
2134 3823 2187 3876 Si
2233 3823 2394 3893 igitur
2420 3822 2682 3892 originem
2717 3835 2822 3874 non
2857 3817 3036 3882 habet,
3095 3819 3214 3887 ipse
3258 3827 3342 3873 est
3382 3818 3544 3887 magis

1958 3915 2264 3980 lm-rcticns,
2291 3916 2380 3985 qtti
2399 3930 2501 3968 non
2532 3913 2691 3968 habet
2714 3921 2945 3980 patrem,
2963 3912 3052 3981 qni
3080 3911 3322 3965 habitum
3342 3919 3541 3983 patrem

1955 4010 2158 4082 judicio
2206 4023 2305 4063 suo
2336 4007 2629 4062 damnavit.
2663 4006 3032 4074 Adstipulctnr
3062 4005 3247 4075 igitur,
3282 4018 3336 4057 ιιι
3365 4007 3408 4058 si
3440 4005 3541 4059 eri—

1961 4102 2225 4156 minosmn
2270 4111 2475 4170 patrem
2518 4099 2635 4168 ejus
2679 4097 3001 4162 constiterit,
3044 4111 3169 4152 eum
3213 4096 3439 4150 crimina
3472 4105 3542 4149 le-

1961 4203 2149 4258 neant;
2181 4194 2223 4247 si
2273 4203 2449 4246 autem
2501 4192 2864 4255 innocentem,
2919 4203 3142 4243 necesse
3190 4189 3384 4242 habeat
3432 4195 3543 4241 esse

1963 4287 2104 4341 ﬁlius
2133 4285 2464 4344 innocentis;
2488 4284 2556 4337 ita
2582 4298 2795 4352 quoque
2817 4298 2847 4335 e
2869 4281 3083 4335 diverso
3111 4295 3336 4335 necesse
3361 4280 3544 4333 habeat

1958 4391 2014 4435 ιιι
2042 4383 2109 4434 sit
2137 4380 2276 4434 filius
2303 4381 2600 4442 crintioosi,
2631 4379 2672 4431 si
2718 4375 3019 4432 eonstiterit
3063 4375 3435 4430 criminosum.
3488 4373 3544 4428 Et

1880 4471 1933 4532 D
1959 4476 2061 4528 alia
2103 4491 2274 4527 manu.
2318 4473 2609 4527 Petilianus
2635 4473 2924 4542 episcopus
2951 4469 3315 4540 appellatione
3345 4470 3546 4525 incolu-

1961 4571 2030 4625 mi
2065 4567 2372 4638 rccogumi.

2030 4664 2157 4718 2.37.
2199 4661 2515 4732 Augustinus
2544 4660 2814 4728 cpiscOptts
2839 4655 3087 4710 Ecclesia:
3114 4656 3385 4710 catholica:
3405 4655 3546 4708 dixit.

1964 4755 2144 4810 Habeo
2171 4764 2350 4820 caput,
2381 4753 2472 4807 sed
2506 4752 2754 4806 Christus
2778 4757 2877 4804 est.
2909 4747 3246 4802 Marcellinus
3273 4748 3358 4801 vir‘
3382 4749 3550 4801 claris-

1963 4850 2121 4903 simus
2153 4848 2382 4900 tribunus
2409 4856 2454 4898 et
2495 4845 2722 4898 notarius
2749 4843 2902 4896 dixit.
2951 4841 3275 4908 Diligentius
3311 4841 3552 4894 demons-

1965 4950 2129 4995 tretur
2146 4940 2303 5012 312
2321 4947 2492 4991 utrum
2509 4947 2708 5006 patrem
2726 4945 2959 4986 vestrum
2975 4931 3437 4996 Caecilianummut
3455 4944 3554 4983 ma-

1965 5043 2125 5094 trem,
2175 5032 2312 5084 sicot
2355 5028 2639 5100 qutesitum
2686 5035 2789 5093 est,
2820 5039 2942 5078 esse
2982 5021 3198 5077 dieatis.
3242 5023 3552 5096 Augustinus

1966 5128 2233 5199 episcopus
2259 5123 2504 5178 Ecclesia:
2531 5120 2809 5176 Catholica:
2834 5119 2988 5171 dixit.
3024 5117 3209 5171 llabeo
3234 5126 3417 5186 caput,
3465 5115 3551 5169 sed

1965 5218 2209 5274 Christus
2235 5228 2337 5282 est,
2368 5216 2520 5284 cujus
2549 5211 2862 5285 Apostolum
2895 5210 3076 5264 audio.
3105 5207 3175 5263 Et
3204 5225 3321 5263 cum
3371 5209 3551 5264 diceret

1971 5313 1992 5386 (
2016 5309 2202 5365 Etalia
2230 5327 2403 5363 manu.
2436 5303 2792 5378 lleeogoovi),

2040 5404 2164 5460 23‘}.
2211 5403 2496 5457 Petilianns
2515 5403 2777 5470 episcopus
2798 5397 2948 5452 dixit.
2981 5396 3111 5461 Quis
3135 5405 3189 5451 te
3208 5397 3478 5451 ordinavit
3497 5403 3550 5450 ut

1971 5501 2257 5570 episcOpns
2279 5494 2468 5552 esses?
2496 5494 2562 5548 Et
2603 5495 2706 5548 alia
2739 5509 2912 5546 mamt.
2947 5489 3244 5546 Petilianus
3274 5492 3548 5563 episcopus

1972 5591 2260 5661 recognovi
2288 5589 2436 5644 salvo
2460 5586 2836 5658 ςψρεηίιιὶιηιὶε
2862 5583 3080 5639 effectu.

2045 5689 2170 5747 239.
2225 5687 2498 5744 llontanu's
2545 5685 2808 5757 episcopus
2833 5681 2981 5739 dixit.
3028 5678 3095 5738 Et
3117 5679 3250 5759 quid
3295 5685 3380 5737 est
3417 5673 3552 5754 quod
