3860 6212
188 153 330 210 1403

1122 156 1345 215 GESTA
1384 156 1836 220 COLLATIONIS
1873 161 2484 228 CARTIIACINENSIS.

3336 180 3470 237 “06

184 268 317 323 dicit
355 273 631 342 apostolus
662 273 858 329 Paulus
886 292 898 329 :
928 272 994 327 Et
1025 275 1068 328 si
1095 276 1264 329 decem
1291 274 1454 330 millia
1479 264 1783 350 pa’dagOgo-
1810 284 1857 342 Α
1887 298 1990 353 quc
2017 283 2259 354 episcopi
2304 279 2602 357 Ol'diltlllOl‘,
2634 306 2738 347 non
2769 294 2903 351 satis
2937 295 3301 367 agnoscimus.
3341 297 3473 355 Tes-

182 379 304 417 rum
345 365 622 423 habueritis
644 370 696 422 in
719 367 946 435 Christo,
979 368 1070 422 sed
1106 385 1209 422 non
1238 371 1422 446 multos
1452 381 1645 441 patres.
1679 370 1784 426 Per

183 444 449 511 Cliristum
480 459 612 512 enim
641 476 734 532 ego
758 475 844 514 vos
875 461 1111 533 generavi
1140 478 1229 533 per
1257 459 1612 534 Evangelimn.

260 549 385 605 240.
428 548 653 631 Cttmque
667 560 970 623 streperent,
1004 552 1220 624 Alypius
1240 553 1508 623 episcOpus
1538 552 1782 609 Ecclesia:

179 644 452 698 catholica:
473 644 624 699 dixit.
650 645 726 701 De
750 644 979 701 tutuultu
1003 655 1253 702 testatum
1274 647 1364 703 sit.
1385 645 1450 701 Et
1470 649 1575 704 alia
1601 666 1776 706 manu.

178 734 521 807 Recognovi.

256 833 358 890 241
373 872 385 886 .
430 833 769 892 Marcellinus
793 838 870 891 vir
890 828 1459 896 clarissimustribunus
1476 851 1521 897 et
1546 842 1777 898 notarius

179 927 341 984 dixit.
374 930 457 1021 Ad
482 931 705 1001 quresila
737 932 1024 1003 responde.
1682 1018 1687 1021 ἱ

253 1017 385 1076 242.
425 1012 743 1094 Augustinus
764 1026 1031 1097 episcopus
1056 1024 1304 1081 Ecclesiae
1327 1026 1593 1082 catholij
1615 1018 1766 1086 dixit.

176 1111 367 1169 Habeo
394 1118 575 1186 caput,
599 1116 701 1172 Sed
729 1115 978 1180 Christus
1003 1129 1109 1187 est,
1144 1121 1296 1190 cujus
1324 1121 1641 1191 Apostolum
1677 1138 1772 1179 au-

173 1203 271 1259 dio
300 1205 564 1263 dicentem
595 1226 606 1261 :
635 1208 821 1263 Omnia
847 1222 1027 1278 vestra,
1062 1228 1148 1268 vos
1172 1224 1337 1267 autem
1362 1212 1570 1281 Christi,
1595 1213 1772 1272 Chris-

175 1304 265 1351 tus
297 1312 413 1352 vero
443 1298 561 1355 Dei.
593 1296 724 1357 Nam
753 1311 805 1357 et
828 1303 917 1358 ubi
955 1318 1013 1359 se
1043 1306 1249 1375 patrem
1290 1304 1425 1361 dixit
1451 1306 1765 1379 Apostolus,

173 1400 248 1444 ne
280 1388 450 1460 ipsius
480 1394 816 1462 paternitatis
845 1397 987 1452 velut
1013 1398 1192 1453 basem
1216 1394 1506 1455 humanam
1534 1400 1766 1457 inﬁrmi-

178 1490 356 1537 tatem
398 1474 759 1553 crederemus,
794 1488 1020 1544 addidit.
1052 1489 1155 1545 Per
1182 1490 1517 1563 Evangelium
1548 1510 1639 1565 ego
1680 1493 1767 1551 eos

171 1577 354 1646 genui.
384 1576 581 1633 Semen
607 1593 735 1650 ergo
761 1590 816 1635 et
838 1595 971 1636 vena
1000 1583 1343 1639 semiuismei
1376 1584 1441 1640 de
1470 1585 1767 1657 Evangelio

1887 376 2120 431 timonlis
2166 378 2361 436 divinis
2432 392 2587 454 pater
2640 381 2781 443 Deus
2840 401 2924 445 est
2968 390 3209 449 edoctus.
3262 392 3331 447 Et
3370 396 3473 452 alia

1886 468 2062 521 manu.
2096 468 2426 541 Rccognovi.
2455 470 2747 533 Petilianus
2775 482 3044 553 episcopus
3071 482 3221 539 dixit.
3253 485 3353 553 Qui
3380 502 3471 543 vo-

1885 558 2038 615 catur
2065 560 2157 631 ‘qui
2188 578 2309 618 eum
2338 565 2608 622 ordinavit
2638 570 2832 626 edicat.
2869 570 2937 626 Et
2963 575 3068 629 alia
3110 582 3285 632 ntanu.
3322 576 3469 636 Peti-

1884 650 2059 743 lianus
2100 655 2382 727 episc0pus
2439 660 2801 729 appellatione
2852 663 3104 722 incolumi
3156 662 3463 743 recOg'no‘vi.

1884 735 2101 819 Alypius
2129 749 2397 820 episcopus
2427 746 2678 821 Ecclesite
2707 758 2975 814 catholicis
2999 760 3151 817 dixit.
3184 735 3469 823 Ordiua'vit

1881 841 2075 909 quem?
2112 841 2260 897 Multi
2288 842 2581 913 adsramus,
2608 850 2757 904 multi
2790 852 3141 909 assertionem
3171 870 3348 924 causa:
3378 868 3467 915 se-

1881 933 2114 989 cundum
2144 945 2383 994 tenorem
2413 941 2652 996 mandati
2679 946 3035 1015 suscepimus.
3069 948 3233 1020 Cujus
3254 950 3467 1008 ordina-

1881 1027 2049 1087 torem
2069 1026 2281 1102 quazri't,
2302 1044 2393 1090 aut
2408 1034 2569 1106 quem
2596 1032 2809 1108 qua-rit,
2827 1052 3060 1112 exponat
3083 1048 3206 1115 pars
3226 1046 3460 1117 diversa,

1876 1134 1934 1181 ut
1959 1124 2232 1183 videamus
2251 1138 2425 1185 utram
2457 1131 2674 1203 dignum
2697 1134 2765 1190 sit
2794 1124 2859 1190 ad
2892 1136 3006 1193 inec
3027 1141 3371 1212 respondere.
3395 1143 3461 1200 Et

1873 1218 1979 1274 alia
1998 1231 2172 1275 manu.
2201 1212 2526 1294 Hecogudvi.

1942 1303 2070 1370 245.
2106 1316 2397 1373 Adeodatus
2438 1313 2706 1389 episcOpus
2753 1323 2902 1379 dixit.
2955 1307 3288 1398 Augustinus
3342 1320 3456 1388 lucc

1873 1406 2027 1462 dixit.
2080 1407 2235 1464 Dicat
2283 1410 2403 1481 quis
2453 1428 2575 1468 eum
2625 1415 2919 1474 ordinavit.
2981 1418 3045 1474 Et
3122 1422 3228 1478 alia
3270 1424 3450 1480 manu.

1873 1500 2181 1558 Adeodatus
2233 1505 2519 1575 episcopus
2564 1508 2708 1563 salva
2748 1512 3107 1580 appellatione
3138 1518 3450 1588 recognovi.

1876 1591 2146 1648 Possidius
2200 1596 2470 1666 episcopus
2513 1596 2756 1655 Ecclesia:
2810 1604 3071 1660 catholica:
3127 1606 3275 1664 dixit.
3334 1611 3453 1667 Non

168 1667 410 1723 ducitur.
442 1662 876 1729 Houorilicentiai
905 1683 1062 1729 causa
1101 1669 1279 1747 patres
1303 1680 1637 1749 appellamus
1675 1697 1770 1740 eos
1800 1687 1847 1747 B
1876 1689 2038 1769 modo
2070 1662 2350 1759 Augustini
2376 1662 2616 1746 causam
2660 1696 2997 1765 suscepimus
3041 1686 3450 1768 delbndendan‘i,

145 1760 270 1831 .qui
301 1776 399 1816 nos
422 1763 503 1817 vel
533 1770 794 1836 tempore,
823 1767 907 1822 vel
937 1767 1142 1824 meritis
1170 1780 1580 1839 praecesserunt.
1602 1773 1761 1830 Aliud

167 1864 256 1909 est
285 1848 406 1911 cum
429 1849 720 1926 quaerimus
741 1847 805 1915 ad
834 1860 990 1916 ﬁdem
1022 1852 1182 1934 q'uem
1204 1850 1500 1923 habeamus
1531 1872 1757 1943 patrem,

168 1944 239 2002 ad
295 1944 525 2004 salutem
570 1947 829 2009 aeternam
875 1962 1032 2025 quem
1075 1956 1380 2014 habeamus
1416 1961 1643 2030 patrem,
1692 1963 1758 2019 ad

166 2035 513 2096 retinendam
551 2042 871 2114 Ecclesial'n,
905 2056 957 2102 et
988 2049 1326 2121 percipienda
1358 2053 1452 2108 Dei
1498 2042 1758 2124 promissa

166 2147 333 2202 quem
367 2124 659 2191 babeantbs
684 2146 913 2206 patrem.
943 2137 1075 2194 Nam
1123 2140 1255 2196 illud
1294 2130 1520 2200 honoris
1560 2154 1663 2211 est,
1703 2155 1759 2203 ut

166 2218 413 2296 quotidie
438 2228 654 2285 senibus
680 2230 943 2299 dicamus,
974 2232 1147 2289 Pater.
1168 2231 1417 2303 QuOtidie
1443 2236 1603 2293 etiam
1634 2240 1754 2310 qui-

166 2310 398 2377 busdam
429 2339 534 2379 non
566 2318 845 2381 uobiscum
875 2328 924 2381 in
944 2329 1047 2382 una
1070 2329 1333 2397 Ecclesia,
1357 2347 1455 2387 nec
1481 2331 1533 2387 in
1565 2332 1754 2390 iisdem

165 2404 529 2471 sacramentis
548 2404 874 2485 constitutis,
904 2420 1153 2490 dicimus,
1203 2420 1409 2479 Frater.
1463 2422 1756 2484 Sodomitis

158 2506 333 2581 etiam
386 2507 519 2563 dixit
566 2509 726 2576 Loth,
786 2499 1035 2579 Fratres,
1094 2516 1280 2585 utique
1322 2515 1389 2570 ad
1448 2516 1753 2574 leniendam

163 2598 357 2657 eorum
381 2596 795 2677 animusitatem,
824 2619 931 2659 non
954 2603 1021 2660 ad
1038 2606 1303 2677 cognitam
1331 2605 1748 2678 fraternitatem,

160 2702 216 2753 et
246 2698 402 2767 'quasi
428 2692 585 2753 unius
616 2696 929 2755 licereditate
949 2703 1300 2757 consortium.
1327 2702 1755 2773 Tollantur'crgo

162 2788 287 2856 ista,
319 2773 712 2870 distinguamus
741 2783 1002 2846 vocabula
1033 2808 1150 2863 qua:
1196 2794 1504 2851 hominibus
1536 2804 1755 2865 propter

142 2878 433 2949 ,honoreni
485 2880 771 2953 debentur,
818 2894 873 2941 et
899 2886 1215 2941 vocabulum
1244 2888 1386 2958 quod
1419 2897 1637 2959 pr0pter
1667 2904 1754 2944 sa-

160 2975 332 3055 lutem
360 2975 702 3047 requirimus.
736 2976 841 3033 Pro
881 2978 1061 3034 salute
1090 2976 1310 3045 aeterna,
1346 2974 1475 3051 pace
1504 2977 1749 3052 Apostoli

1866 1770 2312 1857 qualemcumque
2359 1789 2471 1859 ipse
2512 1790 2691 1846 habet.
2722 1776 2931 1848 Etcum
2982 1796 3169 1851 diceret
3212 1788 3304 1870 (Et
3346 1800 3451 1855 alia

1863 1876 2035 1932 manu.
2064 1878 2418 1951 Becoguovi),
2444 1882 2737 1939 Adeodatus
2762 1887 3030 1956 episcopus
3052 1888 3204 1943 dixit.
3224 1886 3335 1944 Hoc
3365 1893 3448 1946 es't

1862 1970 2113 2029 indicium
2157 1988 2335 2030 causa:
2384 1977 2698 2046 desperatae,
2752 1986 2808 2032 ut
2840 1995 2961 2034 cum
3007 1996 3104 2035 nos
3144 1980 3446 2054 ilagitcntus

1860 2065 1985 2132 alia,
2012 2066 2116 2146 alia
2142 2056 2597 2136 respondeantur;
2622 2078 2681 2123 ut
2700 2072 2951 2141 qtloniam
2973 2071 3197 2141 objectis
3225 2090 3447 2146 respon-

1860 2159 1990 2215 dere
2038 2175 2146 2215 non
2178 2160 2421 2230 possunt,
2458 2171 2702 2232 quaerant
2729 2163 2833 2219 alia
2869 2165 3067 2235 quibus
3103 2168 3324 2222 nebulas
3365 2170 3446 2224 in-
3528 2222 3531 2225 .

1860 2242 2095 2308 nectant.
2130 2253 2283 2309 Dicat
2324 2254 2485 2326 igitur
2506 2258 2835 2327 Augustinus
2859 2259 2978 2328 quis
3005 2275 3127 2314 cum
3157 2262 3444 2317 ordinave-

1859 2344 1945 2401 rit.
1978 2342 2047 2399 Et
2074 2344 2179 2399 alia
2207 2342 2381 2403 manu.
2411 2343 2722 2404 Adeodatus
2761 2350 3044 2420 episcopus
3082 2352 3227 2407 salva
3255 2354 3442 2423 appel-

1855 2438 2056 2495 latione
2125 2436 2435 2512 recognovi.
2494 2438 2808 2515 Augustinus
2869 2444 3135 2515 episcopus
3197 2445 3441 2503 Ecclesia:

1856 2526 2122 2588 catholica:
2169 2534 2318 2589 dixit.
2353 2533 2631 2605 Superllua
2660 2537 2827 2606 quarti
2856 2536 3032 2593 video.
3063 2534 3131 2592 Et
3161 2555 3273 2592 cum
3302 2539 3439 2595 dice-

1856 2636 1949 2679 ret.
1981 2624 2087 2697 (Et
2115 2628 2221 2682 alia
2249 2644 2421 2681 manu.
2455 2628 2819 2701 Rccognovi),

1925 2704 2051 2775 246.
2095 2717 2426 2775 Marcellinus
2452 2722 2529 2775 vir
2554 2722 2859 2777 clarissimus
2888 2722 3119 2777 tribunus
3145 2732 3191 2777 et
3207 2724 3437 2780 notarius

1854 2811 2001 2866 dixit.
2030 2809 2107 2866 Ad
2131 2812 2453 2882 interrogata
2481 2812 2810 2882 respondere
2833 2813 3076 2883 dignare.

1926 2904 2054 2960 247.
2094 2905 2407 2979 Augustinus
2436 2907 2700 2979 episwpns
2729 2905 2973 2962 Ecclesia:
2993 2908 3256 2962 catholica:
3282 2899 3432 2963 dixit.

1852 2997 2136 3067 Superllua
2180 3000 2348 3069 quani
2378 3000 2536 3055 video
2571 3014 2599 3054 a
2632 2990 2885 3055 fratribus
2917 2998 3117 3055 nostris
3145 3004 3177 3056 'e
3220 3000 3434 3056 diverso

156 3066 414 3135 dixerim,
461 3069 570 3124 imo
593 3064 1103 3154 jubeutevApostolo
1149 3069 1397 3140 dixerim,
1433 3090 1538 3128 non
1591 3086 1743 3144 pater
1773 3090 1818 3154 ρ
1850 3064 2287 3154 εῖείρηιίιηιεξρι
2341 3084 2406 3143 ,ἀι
2462 3091 2574 3161 ipsa
2617 3090 2886 3159 superﬂua
2932 3108 3038 3147 ηοη
3079 3092 3289 3163 ἀρηρεο
3343 3109 3430 3149 re-

157 3176 315 3217 meus
345 3159 635 3231 Apostolus
666 3169 750 3217 est
778 3152 845 3217 ad
888 3163 1114 3218 salutem
1146 3173 1424 3230 aeternam,
1470 3167 1559 3234 qui
1609 3165 1742 3221 milti

156 3252 333 3308 dicit:
373 3250 485 3323 Ego
516 3252 980 3324 plantavi,Apollo
1022 3256 1230 3328 rigavit,
1277 3256 1363 3311 sed
1395 3254 1536 3310 Deus
1584 3256 1749 3313 incre-

156 3356 388 3400 mentum
418 3346 574 3398 dedit.
610 3336 793 3417 Itaqué
838 3353 995 3419 neque
1020 3351 1108 3419 Qui
1152 3345 1369 3419 plantat'
1400 3359 1474 3405 est
1527 3351 1743 3418 aliquid,

156 3456 321 3504 neque
349 3439 438 3509 qui
457 3439 619 3510 rigat,
636 3439 727 3493 sed
749 3441 833 3509 qui
861 3441 1224 3496 incrementum
1246 3441 1332 3495 dat
1358 3438 1514 3497 Deus.
1549 3431 1622 3498 De
1644 3443 1745 3498 ltoc

160 3532 425 3586 Dominus
455 3532 591 3586 dixit
619 3550 630 3586 :
668 3518 844 3586 Nolite
883 3532 1021 3587 vobis
1054 3534 1222 3587 dicere
1251 3543 1447 3603 patrem
1486 3536 1539 3587 in
1586 3546 1738 3588 terra.

156 3622 355 3693 Utique
400 3620 556 3676 scivit
585 3621 848 3677 dicturum
892 3619 1214 3690 apostolum.
1266 3621 1367 3675 Per
1406 3622 1741 3695 Evangelium

154 3731 248 3783 ego
273 3730 361 3767 vos
388 3713 555 3783 genui.
588 3712 704 3767 Non
735 3713 877 3767 enim
924 3710 1398 3793 Domino‘diireute
1426 3731 1439 3767 :
1474 3712 1556 3768 Ne
1602 3715 1739 3769 vobis

154 3806 339 3861 dicatis
369 3815 561 3876 patrem
581 3806 633 3859 in
657 3815 820 3871 terra,
855 3807 1157 3861 contrarius
1182 3807 1389 3862 futurus
1438 3815 1554 3863 erat
1578 3807 1736 3885 ‘Apo-

152 3901 330 3954 stolus
355 3898 540 3953 dicens
584 3916 596 3951 :
625 3897 739 3952 Etsi
769 3898 959 3953 multos
981 3899 1205 3954 habeatis
1232 3909 1419 3969 patres,
1450 3918 1539 3972 per
1565 3896 1739 3955 Evan-

150 3981 341 4060 gelium
362 4007 453 4061 ego
482 4006 566 4045 vos
593 3991 759 4062 genui
791 3980 897 4045 Sed
915 3992 1035 4060 quia
1065 3990 1310 4047 distinxit
1334 3992 1401 4046 ad
1433 4008 1588 4063 quam
1620 4008 1733 4049 rem

153 4092 360 4154 patrem
394 4081 548 4139 nubis
568 4083 909 4138 constituerit
933 4076 1207 4152 Dominus,
1231 4094 1285 4140 et
1310 4102 1403 4155 pro
1429 4102 1531 4156 qua
1562 4086 1735 4142 bono-

153 4165 418 4230 rillcentia
443 4172 562 4229 etim
588 4172 889 4246 apostolum
915 4180 1194 4246 possemus
1223 4184 1434 4249 patrem
1465 4174 1730 4249 accipere,

149 4267 271 4323 ideo
295 4269 375 4323 sic
393 4268 601 4323 locutus
624 4255 727 4335 est,
757 4279 808 4323 ut
828 4268 943 4338 ejus
970 4269 1139 4323 oratio
1156 4285 1261 4324 non
1294 4280 1435 4325 esset
1464 4272 1730 4327 contraria

147 4359 440 4417 Dominica:
457 4364 689 4419 veritati.
716 4365 898 4420 Patres
920 4365 1076 4436 igitur
1112 4370 1473 4436 qboscumque
1496 4381 1728 4437 agnosco

1852 3183 2223 3251 sponsionem,
2254 3183 2377 3237 dum
2409 3193 2587 3238 tamen
2608 3178 2865 3240 Ecclesiae
2885 3178 3172 3249 causa,cui
3198 3200 3427 3255 respou—

1850 3273 1962 3328 deri
1993 3274 2124 3329 nihil
2153 3285 2350 3344 potest,
2369 3277 2419 3331 in
2443 3275 2789 3332 fundamento
2814 3279 3077 3334 tutissimo
3094 3280 3425 3334 conlocetur.

1850 3365 1984 3435 Ego,
2013 3365 2163 3434 cujus
2185 3365 2548 3421 ordinatorem
2577 3367 2808 3438 requiris
2840 3368 2998 3423 homo
3023 3368 3140 3424 sum
3167 3370 3428 3424 Christia-

1849 3472 1968 3521 nus,
1995 3455 2187 3520 ﬁdelis,
2211 3457 2351 3526 quod
2376 3456 2483 3512 Deo
2521 3464 2653 3512 teste
2682 3459 2890 3526 loquor,
2922 3451 3251 3523 Catholicus.
3274 3461 3424 3517 Unde

1844 3546 2019 3601 adhuc
2046 3546 2363 3615 ambigimus
2390 3548 2510 3617 quis
2530 3546 2721 3619 dignus
2750 3549 2850 3603 ltoc
2883 3552 3098 3607 nomine
3129 3554 3415 3607 vocitatur.

1846 3636 2115 3707 Egoillam
2147 3627 2711 3706 Ecclesiamdelendo,
2746 3632 2881 3695 hanc
2903 3657 3087 3697 assero
3118 3644 3417 3714 qualicmn-

1839 3744 1943 3798 que
1956 3732 2106 3796 Voce,
2125 3728 2174 3782 in
2190 3730 2290 3798 qua
2310 3728 2562 3800 quidquid
2582 3730 2753 3797 lucro,
2769 3732 2852 3786 illa
2871 3731 3106 3788 Ecclesia
3125 3748 3225 3790 εει.
3248 3737 3417 3792 Video

1839 3836 1945 3891 quo
1970 3821 2175 3889 lendas,
2208 3821 2469 3877 humanas
2495 3822 2789 3879 calumnias
2819 3829 3182 3892 consectaris;
3217 3839 3270 3883 et
3296 3846 3414 3899 qua:

1837 3914 2056 3970 Soleatis
2080 3913 2288 3984 jactare
2309 3923 2363 3970 et
2383 3903 2588 3979 dicere,
2614 3932 2718 3971 non
2743 3918 2973 3972 alienum
3002 3929 3083 3974 est
3108 3921 3173 3975 ab
3195 3922 3413 3980 ειυιὶίιιις

1838 4006 1969 4061 vela
1990 4006 2242 4061 cordibus
2270 4009 2487 4062 nostris.
2519 4009 2774 4078 Megalius
2796 4026 2883 4064 me
2911 4011 3183 4068 ordinavit
3213 4014 3414 4084 primas

1835 4097 2094 4153 Ecclesia:
2114 4097 2376 4153 Numidiae
2392 4100 2691 4163 catholicae,
2721 4118 2784 4155 eo
2811 4108 3049 4173 tempore
3075 4122 3181 4173 quo
3210 4106 3303 4161 ille
3326 4123 3414 4162 me

1832 4189 2006 4260 potuit
2048 4191 2317 4245 ordinare.
2353 4191 2490 4248 Ecce
2520 4194 2793 4263 respondi.
2842 4193 3200 4266 Prosequere,
3234 4200 3414 4268 profer

1831 4294 1949 4351 qute
1976 4290 2264 4353 praeparas.
2290 4280 2367 4339 lbi
2390 4285 2548 4339 etiam
2573 4286 2941 4343 calumniosus
2962 4302 3239 4358 appareas.
3273 4289 3412 4346 Ecce

1829 4377 1935 4434 dixi
1969 4377 2329 4434 ordinatorem
2358 4394 2556 4434 meum.
2591 4378 2907 4452 Proferjam
2940 4383 3237 4437 calumnias
3269 4392 3406 4439 tuas.

145 4452 195 4508 in
213 4465 378 4522 terra,
398 4455 998 4511 ltonorilicentitecausa
1025 4472 1278 4527 agnosco.
1302 4458 1510 4514 Patrem
1533 4452 1724 4515 salutis
1748 4462 1800 4525 D
1828 4470 1893 4525 Et
1914 4470 2019 4525 alia
2048 4468 2221 4525 manu.
2256 4472 2587 4542 Recognovi.

142 4544 275 4601 meae
322 4563 431 4602 non
464 4557 622 4605 teneo
669 4551 768 4604 nisi
804 4548 990 4617 Deum,
1036 4552 1103 4608 de
1132 4567 1237 4621 quo
1282 4552 1410 4607 mihi
1467 4555 1721 4610 Dominus

140 4637 276 4692 (iiin
299 4657 313 4692 :
341 4635 427 4693 Ne
446 4640 584 4694 vobis
612 4651 807 4710 patrem
828 4643 1009 4697 dicatis
1032 4646 1083 4699 in
1106 4656 1260 4711 terra,
1285 4656 1338 4700 et
1364 4648 1451 4714 qui
1483 4648 1721 4717 quotidie

136 4728 364 4786 dicimus
399 4749 413 4786 :
449 4730 606 4786 Pater
652 4743 821 4788 noster
846 4735 934 4805 qui
960 4752 1012 4790 es
1035 4737 1086 4790 in
1116 4738 1275 4792 caelis.
1312 4737 1376 4792 Et
1405 4739 1509 4794 alia
1540 4744 1714 4796 manu.

136 4818 462 4891 Recognovi.
596 4876 597 4879 η

202 4912 333 4969 243.
380 4908 668 4970 Petilianus
708 4918 974 4990 episcopus
1019 4920 1170 4976 dixit.
1220 4922 1350 4989 Quis
1379 4922 1580 4980 dicitur
1629 4926 1719 4995 qui

134 5019 255 5061 eum
284 5008 592 5064 ordinavit?
626 5011 776 5067 Dicat
822 5014 942 5083 quis
989 5031 1111 5071 eum
1158 5018 1446 5073 ordinavit.
1499 5017 1568 5073 Et
1611 5020 1743 5075 alia.

134 5115 310 5155 manu.
364 5097 660 5163 Pe’tilianus
712 5107 1000 5178 episcopus
1043 5110 1406 5179 appellatione
1455 5101 1712 5170 incolumi

133 5190 441 5263 recognovi.
478 5183 812 5254 Marcellinus
837 5201 914 5254 vir
939 5203 1253 5257 clarissimus
1282 5205 1515 5258 tribunus
1543 5215 1588 5259 et
1615 5224 1711 5260 no-

134 5287 292 5340 tarius
314 5286 781 5346 dixit.‘0rdinator
806 5293 922 5361 ejus
945 5293 1249 5363 inquiritur.
1273 5294 1424 5350 Unde
1449 5296 1568 5365 quis
1585 5312 1705 5352 eum

131 5377 464 5434 ordinaverit
506 5381 810 5437 evidentius
852 5381 1180 5453 designetur.
1215 5384 1485 5440 Possidius
1515 5388 1712 5456 episco-

136 5485 225 5537 pus
254 5470 501 5525 Ecclesite
529 5472 797 5527 catholica:
826 5474 974 5529 dixit.
1009 5476 1216 5543 Quem?

198 5560 327 5619 244.
377 5562 783 5647 Fortunatiauus
831 5568 1101 5640 episcopus
1150 5571 1397 5632 Ecclesiw
1450 5575 1716 5637 catholica!

135 5653 283 5718 dixit.
314 5640 451 5733 Quid
472 5642 540 5725 ad
560 5673 783 5728 causam
809 5650 1078 5748 pertineat
1104 5667 1349 5736 veritatis
1374 5669 1713 5734 uniuscuiur

1898 4563 2025 4618 2l8.
2076 4554 2405 4618 Marcellinus
2428 4566 2502 4620 rir
2530 4565 2843 4621 clarissimus
2863 4559 3091 4621 tribunus
3113 4578 3158 4621 et
3180 4569 3407 4623 notarius

1826 4654 1977 4709 dixit.
2007 4653 2276 4723 Accepisti
2316 4656 2761 4723 prosccuti‘onem.
2801 4656 2952 4713 Unde
2981 4658 3105 4727 quid
3136 4670 3407 4728 competat

1826 4734 2153 4814 respondere
2174 4743 2416 4816 dignare,
2447 4746 2571 4802 licet
2595 4747 2707 4803 hinc
2731 4763 2848 4816 qua:
2873 4748 2938 4801 de
2962 4750 3203 4816 personis
3231 4765 3401 4819 agun-

1829 4843 1937 4905 tur,
1973 4838 2332 4908 cognitionem
2362 4836 2577 4894 diﬁ‘erre
2604 4850 2707 4894 min
2739 4839 2989 4894 debeant.

1894 4929 2019 4984 249.
2074 4929 2331 4984 Emeritus
2378 4932 2645 4999 episcopus
2688 4929 2838 4984 dixit.
2872 4930 2926 4985 Si
2960 4931 3101 4985 nulla
3132 4940 3216 4985 est
3259 4934 3399 4987 actio

1826 5038 2196 5094 personarum,
2222 5038 2319 5075 cur
2344 5012 2610 5079 Caeciliani
2640 5022 2689 5075 in
2715 5021 2918 5090 judicio
2948 5022 3147 5077 faeittnt
3168 5026 3397 5078 mentio-

1824 5116 1988 5170 nem?
2015 5113 2120 5170 Aut
2164 5114 2306 5167 enim
2351 5114 2495 5182 juste
2524 5114 2732 5179 timent,
2761 5112 2901 5182 quod
2937 5128 3058 5168 eum
3085 5114 3396 5171 desiderant

1817 5222 2080 5263 excusare
2102 5222 2116 5270 ;
2144 5215 2235 5260 aut
2260 5207 2301 5261 si
2328 5205 2591 5276 superﬂua
2616 5205 2755 5260 actio
2773 5206 3028 5261 adversus
3046 5205 3391 5263 Ctecilianum

1818 5302 2016 5356 intenta
2066 5299 2257 5356 liberat
2288 5313 2488 5363 mores,
2524 5298 2682 5351 vitam
2716 5307 2926 5368 purgat,
2958 5299 3055 5353 hoc
3096 5296 3267 5369 ipsum
3300 5300 3392 5354 de-

1814 5392 1941 5447 bent
1991 5389 2250 5459 legalibus
2300 5386 2621 5449 testimoniis
2674 5390 2993 5458 approbare.
3038 5389 3274 5443 Dicimus
3314 5400 3395 5445 ct-

1817 5484 1958 5537 enim
1986 5481 2166 5536 multis
2190 5481 2451 5552 legalibus
2477 5480 2836 5547 documentis,
2867 5480 3209 5535 sacerdotem
3242 5483 3389 5546 vitia,

1817 5589 1879 5633 ac
1902 5572 2187 5647 probrosos
2209 5589 2409 5646 mores,
2430 5584 2483 5631 et
2499 5572 2749 5631 nefarium
2768 5573 3257 5638 conversationem,
3282 5588 3397 5628 ma-

1825 5671 2003 5735 culam
2041 5681 2133 5735 aut
2180 5688 2365 5752 rugam
2422 5668 2676 5746 Ecclesiae
2718 5685 2931 5747 semper
2979 5673 3220 5736 interro;
3248 5671 3399 5735 Unde
