3860 6212
306 261 443 317 MO?

1140 282 1145 289 κ
1224 256 1450 315 GESTA
1489 256 1945 314 COLLATIONIS
1984 251 2603 316 CARTHAGINENSIS.

3433 256 3572 314 ιιηε

305 382 448 439 enim
483 390 564 439 est
592 380 732 453 quod
774 378 1068 451 Apostolus
1109 378 1225 434 ait:
1264 376 1389 432 Non
1417 377 1681 432 habentem
1710 393 1885 430 macu-
1911 378 1960 438 Α
1988 377 2157 447 quod
2188 379 2278 432 uul
2335 377 2470 447 parti
2520 374 2868 432 concesserit.
2918 374 2985 429 Et
3034 391 3153 430 cum
3202 375 3462 441 recitaret,
3522 376 3533 383 ‘
3587 357 3598 364 ”

306 476 409 531 lam
439 490 593 545 neque
627 489 827 544 rugam.
860 472 927 527 Et
957 472 1152 526 iterum
1182 488 1197 525 :
1229 468 1440 540 Oportet
1475 470 1768 541 episcOpum
1802 469 1885 521 ‘ir-

303 563 741 633 reprehensibilem
762 564 904 618 esse?
920 562 1098 618 Multis
1114 562 1273 618 etiam
1299 561 1634 617 documentis
1647 562 1732 616 lex
1750 560 1885 616 divi-

302 671 366 710 na
383 654 715 717 diffunditur.
730 646 925 725 quibus
945 654 1285 710 immaculata
1314 653 1417 709 vita
1439 653 1671 723 pastoris
1692 651 1887 708 debeat

299 747 605 804 ctelestibus
633 748 955 803 testimoniis
983 747 1287 819 approbari.
1334 746 1440 803 Sed
1472 761 1541 802 ne
1580 761 1676 817 per
1716 746 1885 818 longi-

300 842 539 898 tudinem
579 841 977 913 prosecutionis
1022 827 1622 898 audientiae/fastidium
1666 839 1880 907 faciam,

295 947 391 990 aut
420 936 561 992 forte
583 946 902 1007 praeteream
927 952 1045 1007 qua:
1069 938 1601 1005 competunt'causze,
1632 933 1881 1004 quoniam

298 1027 564 1085 habemus
590 1029 641 1083 iu
676 1029 923 1085 manibus
948 1029 1251 1085 divinorum
1284 1036 1741 1107 sacramentorum
1772 1024 1885 1081 col-

298 1122 490 1178 lectam
524 1122 763 1194 undique
794 1121 1236 1188 unifonuitatem,
1268 1119 1504 1191 idipsum
1528 1128 1765 1188 potestas
1794 1127 1881 1172 tua

298 1214 588 1268 adversum
633 1200 821 1280 eorum
867 1212 1200 1276 mandatum,
1226 1210 1366 1281 quod
1393 1210 1635 1281 legaliter
1664 1225 1722 1264 se
1744 1209 1882 1265 scri-

297 1307 469 1377 psisse
484 1307 756 1374 dixerunt,
772 1306 961 1376 jubeat
975 1308 1076 1361 reci
1087 1294 1208 1369 tari,
1233 1312 1290 1359 ut
1318 1312 1439 1383 post
1451 1303 1611 1374 313
1625 1301 1882 1357 adsertio-

295 1415 416 1455 nem
437 1409 633 1455 nostra:
647 1397 1032 1469 prosecutionis
1052 1395 1444 1464 lectionemque
1459 1395 1645 1459 libelli,
1661 1393 1774 1448 sive
1790 1392 1879 1446 llt—

292 1502 526 1549 terarum
544 1505 677 1562 quas
701 1490 753 1545 in
767 1488 971 1560 judicio
984 1488 1215 1557 petimus
1233 1484 1610 1549 recensendas;
1627 1485 1879 1539 universa

287 1599 407 1657 quin
436 1585 635 1640 nostris
655 1583 895 1657 partibus
943 1588 1277 1661 competunt,
1311 1578 1619 1649 specialiter
1657 1591 1879 1649 peraga-

288 1694 428 1734 mus.
463 1677 530 1734 Et
556 1678 659 1733 alia
684 1693 864 1733 manu.
899 1674 1170 1732 Emeritos
1194 1664 1484 1745 episcOpus
1508 1672 1655 1727 salva
1684 1670 1874 1743 appel-

284 1769 488 1825 latione
515 1769 825 1840 recognovi.

358 1862 485 1919 250.
528 1860 869 1944 glarcellinus
909 1864 987 1917 uir
1014 1860 1331 1916 clarissimus
1362 1858 1597 1913 tribunus
1639 1863 1692 1911 et
1724 1865 1874 1910 nota-

284 1954 395 2009 rius
433 1954 585 2010 dixit.
617 1954 883 2010 Constare
922 1953 1139 2024 quidem
1190 1952 1440 2025 primitus
1482 1949 1789 2015 volueram,‘
1817 1956 1875 2003 ut

283 2046 405 2118 quis
435 2044 555 2102 loco
584 2045 833 2116 petitoris
863 2044 1123 2109 adsuret,
1152 2058 1219 2099 ex
1256 2043 1572 2099 recitatione
1594 2049 1870 2113 gestorum
1924 2098 1927 2100 .

283 2137 689 2195 evidentissima
712 2146 1128 2193 monstraretur.
1162 2135 1276 2194 Sed.
1302 2136 1347 2191 si
1378 2135 1537 2191 vultis
1567 2134 1635 2189 ab
1659 2131 1760 2190 ba'c
1786 2148 1874 2190 me

285 2242 441 2303 parte
462 2230 763 2299 discedere,
796 2230 1075 2287 evidenter
1100 2228 1373 2285 ostendite
1401 2238 1459 2284 ut
1482 2243 1542 2284 ea
1565 2218 1690 2298 quae
1716 2224 1875 2283 oti'er-

289 2324 379 2390 tis,
411 2323 645 2380 debeant
670 2323 905 2379 recitari.
1338 2308 1341 2311 ’

356 2416 484 2473 25L
530 2415 809 2471 Montanus
834 2414 1104 2485 episcopus
1134 2414 1285 2470 dixit.
1323 2412 1544 2469 Interim
1572 2411 1702 2482 jube
1732 2411 1873 2468 reci-

290 2509 413 2577 tari,
472 2518 527 2566 et
576 2508 1043 2579 respondebimus.
1094 2507 1162 2562 Et
1210 2508 1315 2562 alia
1357 2510 1546 2562 manu.
1588 2507 1875 2564 Montanus

285 2600 574 2673 episc0pus
587 2603 734 2656 salva
753 2602 1117 2672 appellatione
1138 2601 1571 2672 prosecutionem
1589 2616 1762 2657 meam
1787 2616 1874 2657 re-

286 2683 532 2765 cognovi.
569 2692 906 2749 Marcellinus
935 2695 1012 2748 vir
1040 2695 1353 2750 clarissimus
1383 2694 1617 2750 tribunus
1651 2706 1696 2750 et
1727 2705 1875 2751 nota—
1908 2732 1914 2737 ο

288 2788 397 2841 rius
445 2786 609 2842 dixit.‘
646 2787 981 2843 Recitentur.
1034 2785 1289 2842 Romulus
1340 2797 1577 2860 exceptor
1624 2788 1874 2843 recitavit.

289 2878 489 2935 Flavio’
508 2878 824 2960 Marcellino
871 2881 987 2935 viro
1018 2879 1320 2935 clarissimo
1351 2879 1633 2950 spectabili
1663 2881 1878 2936 tribuno

289 2984 346 3029 et
390 2974 600 3030 notario
625 2975 984 3031 Januarianus
1027 2986 1081 3031 et
1128 2977 1307 3032 ca-teri
1357 2978 1595 3048 episcopi
1635 2981 1879 3034 veritatis

288 3066 590 3133 catholicae,
624 3083 747 3147 qua:
777 3069 1213 3137 persecutionem
1245 3070 1466 3140 patitur,
1509 3085 1615 3125 non
1650 3086 1769 3141 quae
1799 3069 1879 3124 fa-

2057 468 2184 525 255.
2216 469 2470 524 Emeritus
2496 469 2765 538 episcopus
2799 469 2946 522 dixit.
2984 467 3098 522 Non
3132 466 3283 538 legit,
3317 482 3425 521 non
3456 465 3571 522 dis—

1989 561 2181 632 tinguit
2201 576 2412 617 sensus.
2448 560 2516 615 Et
2540 561 2643 616 alia
2664 578 2842 616 manu.
2870 560 3139 622 Emeritos
3169 560 3456 631 episc0pus
3485 574 3572 617 re-

1984 653 2231 723 coguovL
2684 687 2687 719 ς

2056 746 2184 802 256.
2219 746 2535 818 Augustinus
2559 749 2831 818 episcopus
2858 744 3103 823 Ecclesia!
3129 746 3399 801 catholica
3417 744 3567 799 dixit.

1986 840 2088 909 ipsi
2125 839 2338 908 lcganta
2366 832 2739 895 Concedamus
2770 840 2849 893 eis
2878 838 3017 909 quod
3050 839 3149 909 ipsi
3182 839 3339 893 nobis
3375 851 3573 892 conce-

1985 932 2114 987 dere
2146 931 2451 986 noluerunt.
2489 931 2823 986 Marcellinus
2871 932 2945 984 uir
2982 930 3299 989 clarissimus
3337 927 3573 981 lribunus

2047 1024 2286 1079 notarius
2311 1024 2463 1078 dixit.
2497 1021 2865 1078 Ecclesiastici
2904 1019 3095 1074 notarii
3126 1009 3189 1072 ea
3222 1017 3488 1088 relegant,
3514 1023 3574 1071 ut

1986 1103 2225 1185 apertius
2246 1116 2576 1185 designetur,
2603 1128 2722 1183 qua:
2762 1129 2789 1164 a
2823 1110 3222 1166 venerabilibus
3253 1110 3386 1163 viris
3441 1122 3574 1163 oon-

1984 1215 2092 1262 stat
2141 1208 2341 1260 oblata.
2380 1204 2649 1259 Possidius
2677 1205 2965 1276 'episcopus
3017 1201 3267 1259 Ecclesite
3296 1202 3572 1258 catholica

1983 1301 2131 1355 dixit.
2167 1300 2436 1368 Scriptum
2479 1300 2548 1353 sit
2584 1300 2729 1369 ipsos
2775 1300 2995 1368 petisse,
3028 1307 3087 1353 ut
3115 1312 3163 1352 a~
3186 1284 3303 1353 ‘suis
3344 1299 3571 1354 notariis

1979 1402 2130 1463 gesta
2154 1407 2270 1461 qum
2299 1392 2581 1463 proferunt
2601 1390 2916 1446 recitentur.
2954 1389 3019 1444 Et
3046 1390 3151 1447 alia
3190 1408 3371 1448 manu.
3400 1391 3572 1448 Reco-

1980 1484 2173 1557 gnovi.
2210 1482 2547 1563 Marcellinus
2590 1484 2665 1537 vir
2693 1483 3013 1537 clarissimus
3053 1484 3289 1538 tribunus
3331 1493 3381 1539 et
3423 1494 3571 1539 nota-

1979 1578 2087 1632 rius
2124 1576 2274 1631 dixit.
2319 1575 2459 1650 Nihil
2490 1578 2718 1633 interest
2763 1592 2793 1631 a
2840 1592 2946 1647 quo
2978 1577 3310 1648 relegantur.
3355 1577 3567 1633 Petilia-

1980 1688 2075 1726 nus
2103 1670 2369 1741 episcopus
2399 1669 2550 1725 dixit.
2581 1670 2697 1725 Non
2726 1669 2793 1725 de
2824 1669 2929 1725 ﬁde
2958 1670 3234 1726 dubitatur
3264 1672 3449 1737 officii,
3472 1671 3575 1728 sed

1906 1771 1955 1831 Β
1980 1762 2050 1818 de
2081 1760 2540 1833 pronuntiatione.
2575 1762 2639 1818 Et
2668 1764 2775 1819 alia
2810 1780 2988 1819 manu.
3033 1763 3330 1821 Petilianus
3359 1767 3568 1839 episco-

1957 1866 2075 1925 ‘pus
2098 1855 2407 1925 recognovi.
2470 1854 2483 1862 ’
3370 1917 3379 1925 η

2046 1949 2173 2005 257.
2222 1949 2558 2003 Marcellinus
2591 1950 2668 2002 vir
2709 1933 3023 2005 clarissimus
3051 1952 3288 2007 tribunus
3335 1961 3387 2007 et
3413 1952 3567 2022 nota-

1974 2042 2085 2095 rius
2110 2040 2261 2095 dixit.
2292 2038 2573 2111 Superflua
2610 2051 2693 2096 est
2724 2040 2823 2096 ista
2852 2042 3117 2097 causatio.
3155 2042 3328 2109 Unde,
3362 2034 3421 2099 ut
3445 2043 3565 2101 dili-

1975 2133 2190 2203 gentius
2220 2128 2399 2187 omnia
2427 2142 2848 2203 cognoscantur,
2887 2133 2955 2189 ab
2990 2134 3379 2215 ecclesiasticis
3409 2145 3564 2192 nouo

1976 2226 2072 2279 riis
2111 2225 2253 2296 quod
2295 2223 2534 2304 oblatum
2579 2235 2665 2280 est
2712 2226 2989 2281 recitetur.
3030 2212 3257 2299 Ἁιεᾷρίιιε
3294 2228 3568 2300 episcopus

1980 2318 2227 2374 Ecclesia:
2249 2320 2515 2375 catholica:
2554 2319 2703 2374 dixit.
2748 2306 2986 2391 Legatur
3010 2320 3440 2377 concedentibus
3472 2338 3568 2379 no-

1981 2414 2086 2483 bis,
2118 2414 2261 2486 quod
2290 2415 2387 2482 ipsi
2417 2414 2573 2477 nobis
2596 2414 2896 2471 concedere
2927 2397 3241 2495 noluerunt.
3272 2414 3567 2471 Habetdeus

1980 2506 2246 2579 episcopus
2263 2502 2412 2562 dixit.
2445 2506 2557 2577 Ego
2586 2507 2725 2576 lego.
2760 2506 3093 2562 Marcellinus
3129 2510 3208 2562 vir
3243 2500 3567 2564 clarissimus

1978 2598 2213 2655 tribunus
2234 2610 2280 2654 et
2306 2600 2535 2655 notarius
2556 2601 2707 2655 dixit.
2740 2598 2900 2673 Lege.
3189 2649 3198 2659 .
3417 2662 3420 2663 ν

2049 2690 2177 2747 258.
2214 2690 2509 2747 Habetdeus
2548 2692 2816 2761 episcopus
2846 2692 2996 2747 dixit.
3031 2692 3223 2747 Flavio
3246 2692 3569 2751 Marcellino

1974 2782 2095 2845 viro
2122 2783 2427 2838 clarissimo
2465 2761 2521 2837 et
2564 2784 2847 2851 spectabili
2879 2784 3094 2839 tribuno
3123 2795 3179 2841 et
3222 2788 3459 2853 notario,
3482 2786 3569 2843 Ja-

1981 2876 2270 2929 nuarianus
2297 2884 2353 2930 et
2376 2876 2554 2931 czcteri
2582 2876 2825 2947 episcopi
2852 2877 3090 2949 veritatis
3113 2877 3424 2943 catholica»,
3447 2892 3568 2949 qua
3654 2934 3662 2939 ,

1978 2967 2413 3038 persecutionem
2462 2968 2681 3037 patitur,
2735 2983 2841 3023 non
2886 2984 3006 3039 quae
3048 2969 3192 3025 facit.
3243 2968 3384 3039 Quia
3429 2970 3568 3041 apud
3646 2956 3654 2963 ”

1980 3068 2099 3117 acta
2128 3060 2423 3137 nobilitatis
2446 3070 2551 3115 tua:
2578 3059 2834 3117 fratribus
2860 3062 3200 3133 collegisque
3241 3064 3445 3119 nostris
3478 3063 3571 3118 de-

289 3160 381 3214 cit.
413 3159 545 3227 Quia
576 3146 715 3237 apud
745 3171 865 3238 acta
916 3162 1210 3225 nobilitatis
1262 3172 1366 3218 tum
1406 3163 1665 3219 fratribus
1704 3164 1875 3219 colle-
1903 3146 1950 3210 C
1983 3153 2281 3223 fensignem
2310 3152 2702 3221 mandavimus,
2735 3146 2984 3224 magnum
3006 3153 3135 3223 justi
3167 3154 3466 3224 cognitoris
3490 3155 3571 3209 in-

288 3252 480 3324 gisque
507 3254 707 3311 nostris
731 3253 1101 3312 defensionem
1131 3256 1522 3313 mandavimus.
1556 3256 1626 3313 Et
1651 3274 1765 3312 cum
1791 3273 1873 3312 re-

291 3346 496 3411 citaret,

365 3436 491 3493 252.
534 3435 868 3495 Marcellinus
900 3440 979 3493 uir
1025 3442 1345 3496 clarissimus
1375 3443 1606 3497 tribunus
1646 3456 1694 3499 et
1725 3454 1873 3498 nota-

292 3531 402 3587 rius
428 3532 579 3587 dixit.
612 3532 880 3600 Quantum
909 3548 976 3590 ex
1006 3536 1163 3590 istius
1192 3526 1440 3605 epistolae
1459 3553 1579 3608 quae
1609 3538 1879 3608 profertur

293 3623 573 3695 principiis
608 3624 1031 3693 demonstratur,
1066 3626 1246 3682 denuo
1281 3627 1426 3682 aliud
1462 3628 1620 3684 video
1660 3646 1878 3700 proves-

292 3715 429 3772 sisse
454 3718 786 3785 mandatum,
818 3733 942 3774 cum
964 3730 1092 3789 post
1117 3721 1583 3778 confirmationem
1617 3739 1875 3793 persona-

294 3825 436 3877 rum,
477 3826 539 3866 ea
579 3812 756 3865 omnia
786 3800 916 3883 qua:
949 3812 1189 3883 partibus
1226 3824 1538 3883 competunt
1561 3824 1739 3871 vestro
1778 3830 1875 3871 no-

294 3904 439 3959 mine
482 3904 1018 3974 debueriut'judiciis
1069 3906 1324 3971 intimari,
1366 3906 1618 3977 quoniam
1661 3908 1728 3961 ab
1771 3908 1876 3962 illis

242 3982 252 3992 ’
297 4005 418 4066 post
446 3994 756 4051 mandatum
796 3998 964 4053 semel
993 3995 1215 4062 factum,
1254 4005 1468 4053 c0ustat
1496 4000 1751 4055 transisse
1780 4016 1874 4055 ne-

288 4090 516 4161 gotium.

366 4181 494 4239 253.
526 4180 783 4237 Emeritus
822 4184 1090 4257 episcOpus
1117 4183 1271 4239 dixit.
1310 4184 1366 4240 ιιι
1397 4184 1650 4239 mandato
1680 4200 1776 4240 suo
1804 4186 1881 4241 le-

291 4273 429 4342 galia
463 4290 689 4346 quaeque
733 4292 792 4331 se
820 4280 1063 4347 posuisse
1091 4276 1363 4333 dixerunt.
1408 4277 1535 4333 Haec
1579 4279 1766 4334 eadem
1801 4280 1880 4335 le-

290 4369 430 4438 galia
483 4382 583 4424 nos
639 4368 921 4439 scripturis
982 4371 1240 4442 legalibus
1296 4366 1684 4427 convincimus.
1735 4372 1876 4426 Nihil

291 4460 498 4531 absque
530 4460 784 4516 mandato
826 4472 927 4517 est.
963 4464 1155 4518 lmout
1197 4464 1522 4520 audientiam
1568 4465 1875 4534 praestantia

1979 3246 2181 3302 dictum
2213 3255 2319 3313 est,
2352 3246 2494 3317 quod
2541 3248 2632 3302 uni
2682 3247 2821 3317 parti
2863 3248 3217 3314 concesserit,
3262 3248 3420 3303 alteri
3465 3264 3567 3303 non

1981 3353 2198 3411 negare,
2230 3354 2297 3395 ne
2322 3340 2412 3393 uni
2436 3328 2571 3408 parti
2600 3339 2803 3407 favere,
2841 3342 3063 3397 alteram
3096 3357 3351 3412 premere
3386 3343 3569 3398 videa-

1980 3438 2085 3486 tur.
2120 3430 2273 3500 Quod
2301 3440 2353 3487 te
2376 3445 2471 3501 pro
2511 3425 2599 3487 tita
2638 3431 2921 3502 prudentia
2951 3415 3005 3489 et
3028 3434 3187 3504 longe
3232 3436 3565 3505 prospicere,

1980 3533 2035 3578 et
2062 3523 2271 3592 longius
2312 3522 2571 3579 condecet
2598 3538 2925 3594 praecavere,
2956 3528 3194 3581 maxime
3237 3510 3363 3581 cum
3405 3542 3573 3597 popu-

1982 3615 2064 3669 los
2101 3616 2294 3670 edictis
2322 3617 2513 3671 invites
2542 3616 2608 3671 de
2652 3616 2941 3673 audientiae
2984 3627 3091 3673 tua:
3118 3618 3409 3675 libramine
3428 3620 3571 3690 judi-

1979 3723 2123 3763 care.
2181 3708 2486 3765 Adversarii
2540 3710 2701 3781 igitur
2750 3711 3035 3767 traditores
3087 3718 3569 3783 persecutoresque

1980 3803 2151 3856 nostri
2179 3817 2299 3857 cum
2335 3803 2705 3858 elucubratum
2736 3804 2985 3861 volumen
3026 3791 3110 3860 sui
3161 3807 3424 3873 mandati,
3451 3807 3567 3861 diu-

1980 3912 2084 3975 que
2110 3908 2424 3965 conceptum
2464 3905 2516 3952 et
2546 3897 2852 3967 expositum
2897 3898 3032 3952 actis
3084 3898 3419 3968 ingererent,
3450 3900 3566 3954 sine

1984 3986 2297 4055 przrjudicio
2345 3987 2590 4057 equidem
2637 3998 2820 4042 nostro
2861 3989 3094 4045 libenter
3145 3989 3364 4045 audisti.
3414 3991 3565 4058 Quod

1983 4092 2040 4134 ut
2072 4081 2196 4137 huic
2227 4082 2467 4151 epistolae
2516 4090 2715 4154 nostrae
2759 4083 3045 4149 concedas,
3082 4084 3355 4154 impendio
3380 4094 3566 4156 postn-

1985 4176 2179 4230 lamus.
2206 4175 2320 4229 Non
2340 4191 2444 4245 quo
2475 4176 2686 4230 illorum
2716 4191 2880 4246 prava
2914 4194 3281 4250 perversaque
3321 4179 3569 4237 doctrina

1985 4283 2083 4323 nos
2114 4277 2333 4331 terreat,
2378 4268 2469 4324 sed
2522 4284 2588 4323 ne
2637 4268 2788 4339 labor
2831 4269 2901 4323 sit
2926 4269 3304 4327 defensoribus
3345 4272 3563 4337 nostris,

1982 4370 2167 4415 contra
2198 4360 2392 4414 librum
2437 4359 2647 4415 illorum
2677 4360 2965 4430 prolixum,
2993 4369 3048 4414 et
3084 4373 3276 4415 contra
3308 4377 3566 4432 prosecu—

1983 4458 2155 4512 tiones
2178 4454 2366 4511 eorum
2399 4453 2710 4526 confligere,
2743 4469 2864 4510 cum
2910 4468 3010 4519 nec
3051 4455 3168 4510 dies
3209 4463 3355 4511 totus
3393 4470 3569 4511 causa:

292 4564 379 4611 tua
412 4556 671 4625 praebeat,
700 4556 802 4613 hoc
842 4573 1113 4629 rogamus.
1148 4557 1216 4612 Et
1255 4558 1360 4613 alia
1390 4576 1564 4617 manu.
1608 4559 1874 4614 Emeritos
1906 4549 1954 4607 D
1981 4550 2230 4614 sufficiat,
2268 4564 2368 4603 nec
2398 4565 2497 4602 vox
2524 4556 2617 4603 aut
2646 4548 2813 4603 latera
2844 4545 3171 4611 defensioni,
3202 4558 3258 4600 ut
3290 4548 3424 4603 liber
3447 4562 3566 4601 cum

290 4648 575 4718 cpiscOpus
605 4649 750 4704 salva
793 4651 1153 4720 appellatione
1193 4652 1502 4723 recognovi.
1540 4651 1877 4706 Marcellinus

211 4729 222 4735 ’
290 4742 363 4795 vir
402 4742 719 4797 clarissimus
763 4744 997 4797 tribunus
1046 4753 1093 4797 et
1134 4746 1362 4799 notarius
1403 4745 1554 4799 dixit.
1604 4744 1719 4799 Non
1762 4744 1877 4801 haec

293 4834 518 4903 proferri
548 4834 829 4904 prohibui;
856 4838 950 4891 sed
994 4836 1193 4891 rectius
1224 4846 1341 4892 erat
1369 4847 1424 4891 ut
1452 4847 1633 4892 vestro
1659 4840 1875 4894 nomine

291 4928 378 4998 qui
411 4928 693 4993 adsistitis,
726 4929 1118 4999 proferrentur.
1148 4928 1400 4983 Emeritus
1425 4930 1693 5001 episcopus
1720 4930 1870 4985 dixit.

290 5020 425 5076 Cium
456 5024 597 5075 actio
637 5022 792 5079 nobis
821 5023 1425 5092 competat,~scriptura
1466 5023 1699 5076 mandati
1743 5022 1873 5075 nihil

294 5114 537 5179 interest,
574 5125 751 5170 utrum
782 5132 845 5171 ex
890 5127 1071 5171 nostra
1103 5132 1329 5185 persona
1370 5134 1437 5171 an
1470 5132 1535 5171 ex
1567 5131 1753 5175 comm
1786 5116 1875 5187 qui

293 5206 680 5262 mandaverunt
730 5208 1072 5282 [proferatur]
1101 5209 1391 5264 dummodo
1430 5208 1533 5264 hoc
1576 5211 1746 5278 ipsum
1796 5210 1881 5277 ju—

293 5301 421 5355 beas
438 5288 684 5355 recitari.
713 5301 778 5355 Et
804 5302 907 5355 alia
932 5319 1107 5356 manu.
1134 5302 1400 5357 Emeritos
1422 5302 1707 5379 episcOpus
1730 5302 1874 5355 salva

291 5393 653 5464 appellatione
683 5394 987 5466 recognovi.
1824 5424 1867 5455 χ
1930 5440 1933 5441 ν

363 5485 489 5541 254.
540 5486 873 5541 Marcellinus
912 5489 990 5542 vir
1020 5488 1338 5542 clarissimus
1368 5487 1602 5563 tribunus
1642 5498 1691 5544 et
1733 5494 1880 5541 nota-

296 5580 404 5634 rius
434 5580 585 5634 dixit.
626 5580 955 5636 Recilentur.
1000 5581 1111 5651 Ego
1138 5581 1306 5647 enim,
1340 5595 1406 5635 ne
1454 5581 1597 5649 quod
1614 5565 1759 5647 iuris
1793 5593 1878 5632 es-

297 5686 380 5730 set
418 5677 745 5742 omitterem,
775 5676 825 5730 id
854 5675 1039 5731 videor
1071 5673 1374 5730 interfatus.
1412 5674 1663 5729 Romulus
1700 5688 1879 5741 excep-

300 5776 376 5819 tor
408 5769 653 5831 recitauit.
690 5769 935 5838 Magnum
974 5771 1102 5837 justi
1136 5769 1434 5840 cognituris
1483 5766 1737 5823 indicium
1772 5775 1877 5833 est,

1979 4646 2138 4711 libro,
2169 4656 2221 4701 et
2258 4643 2500 4699 defensio
2532 4658 2651 4697 cum
2697 4640 3012 4697 defensione
3057 4651 3362 4697 concertet.
3392 4640 3567 4708 Quare

1981 4741 2142 4811 igitur
2174 4738 2314 4793 hanc
2340 4737 2623 4807 epistolam
2665 4743 2904 4790 nostram
2933 4735 3163 4806 petimus
3204 4734 3379 4803 accipi
3411 4742 3567 4803 atque

1980 4832 2144 4889 inseri
2172 4831 2384 4901 iubeas,
2421 4840 2545 4884 tunc
2593 4826 2787 4884 deinde
2837 4841 3054 4883 causam
3087 4826 3279 4881 audire
3310 4826 3559 4896 digneris.

1980 4924 2286 4981 Adversarii
2315 4922 2472 4977 enim
2513 4922 2681 4975 nostri
2724 4919 2967 4975 decursis
3006 4918 3330 4974 testimoniis
3378 4918 3565 4988 quibus

1984 5014 2227 5071 Ecclesia
2253 5030 2375 5069 cum
2405 5014 2561 5069 laude
2602 5015 2681 5067 sui
2714 5011 2909 5083 ubique
2948 5011 3291 5077 diﬂ‘unditur,
3326 5010 3377 5063 id
3423 5008 3563 5078 prius

1983 5107 2236 5162 mandant
2288 5108 2397 5161 suis
2433 5105 2804 5161 defensoribus
2848 5104 3237 5174 peragendum,
3286 5113 3341 5157 ut
3380 5110 3561 5157 contra

1982 5217 2102 5266 nos,
2151 5201 2243 5269 qui
2277 5199 2534 5253 Ecclesiae
2566 5196 2907 5251 defendimus
2936 5197 3243 5266 puritatem,
3275 5197 3379 5249 isto
3409 5192 3560 5248 modo

1984 5302 2164 5361 agant,
2196 5302 2253 5346 ut
2296 5290 2541 5346 eamdem
2591 5288 2880 5343 Ecclesiam
2916 5289 3219 5343 habituram
3255 5289 3307 5342 iu
3351 5304 3414 5343 se
3442 5302 3556 5355 per-

1984 5374 2367 5441 mixtos'simul
2394 5383 2566 5437 bonos
2592 5390 2645 5434 et
2675 5382 2845 5433 malos
2883 5395 3050 5450 usque
3083 5382 3136 5432 in
3170 5381 3329 5435 linem
3358 5377 3558 5442 surculi,

1983 5477 2167 5532 dicant
2192 5489 2313 5530 esse
2347 5472 2678 5543 prn'dictam.
2710 5469 2876 5541 Cujus
2908 5473 2984 5526 rei
3015 5487 3230 5525 causam
3278 5487 3375 5525 nos
3404 5471 3563 5540 magis

1989 5569 2325 5625 ostendimus
2370 5566 2659 5621 Ecclesiam
2710 5566 2917 5619 Domini
2962 5566 3015 5620 in
3051 5567 3335 5635 scripturis
3372 5566 3562 5619 divinis

1984 5674 2225 5720 sanctam
2254 5670 2309 5717 et
2339 5662 2730 5715 immaculatam
2756 5658 2865 5713 fore
2892 5658 3089 5729 ubique
3117 5659 3434 5713 nuntiatam.
3468 5656 3561 5711 Per

1985 5760 2195 5814 Esaiam
2216 5774 2227 5810 :
2251 5752 2481 5822 Exsurge
2512 5753 2661 5817 Sion,
2679 5753 2834 5807 indue
2851 5754 3199 5822 fortitudinem
3214 5764 3358 5805 luant
3373 5750 3418 5806 Η
3426 5752 3551 5803 ieru-
