3860 6212
325 240 467 299 1409

1186 194 1189 197 ’
1254 238 1495 298 casn
1516 235 1978 331 COLLATlONlS
2012 234 2629 296 cauruscrusnsrs.

3466 209 3605 305 tuo

322 353 507 415 salem,
532 351 707 406 civitas
733 363 933 417 sancta,
964 368 1068 407 non
1094 352 1304 427 adjiciet
1326 354 1547 409 transire
1568 369 1658 423 per
1685 361 1731 408 te
1752 353 1911 406 incir—
1946 359 1991 419 Α
2019 352 2195 410 balant
2242 354 2370 410 illttd
2419 368 2634 425 quoque
2684 352 2979 409 adversarii
3022 354 3377 429 subjungunt,
3423 360 3608 429 paleas

324 444 582 500 cumcisus
606 453 655 500 et
681 444 977 500 immundus
1024 443 1157 517 (Isa.
1191 444 1310 515 Ltt).
1338 446 1406 501 Et
1445 446 1639 501 iterum
1675 463 1688 499 :
1725 443 1823 499 Dic
1850 445 1917 515 ﬁ-

325 537 415 593 lite
444 537 573 594 Sion
606 555 624 594 :
654 537 788 593 Ecce
826 539 917 594 tibi
949 534 1192 595 Salvator
1218 539 1473 603 adveniet,
1505 540 1696 593 habens
1725 554 1917 592 merce-

324 633 442 688 dem
469 642 513 689 et
541 650 668 705 Opus
706 642 821 687 ante
845 632 1029 703 {aciem
1067 649 1233 699 suam,
1261 642 1310 688 et
1338 632 1534 687 vocabit
1561 633 1710 686 illum
1739 648 1913 702 papu-

328 726 435 780 lum
455 734 686 781 sanctum
698 725 1016 795 redemptum
1042 742 1073 778 a
1099 725 1340 780 Domino.
1359 724 1435 779 Tu
1456 736 1633 781 autem
1653 724 1913 779 vocaberis

326 818 619 874 desiderata
657 819 855 886 civitas,
878 829 928 876 et
956 834 1057 873 non
1101 818 1341 874 derelicta
1363 816 1495 893 (Isa.
1526 814 1686 889 uti).
1720 816 1790 872 Et
1816 818 1916 886 ite-

325 927 447 968 rum
474 929 487 966 :
511 910 888 982 Conforlamini
918 929 1097 966 manus
1121 910 1411 978 dissolutte,
1442 920 1490 966 et
1526 909 1916 983 genua‘debilia

327 1002 713 1075 confortamini.
766 1003 866 1069 Qui
909 1003 1027 1057 estis
1078 1002 1451 1073 pusillanimes,
1506 1002 1663 1057 nolite
1716 1001 1911 1055 timere.

327 1097 580 1153 Dominus
616 1104 784 1151 noster
802 1095 1065 1169 judicium
1105 1093 1364 1159 retribuet,
1399 1104 1444 1148 et
1480 1094 1590 1165 ipse
1636 1091 1821 1156 veniet,
1843 1141 1848 1147 ,
1869 1100 1917 1146 et

281 1201 286 1203 ·
328 1188 499 1244 salvos
530 1188 681 1260 faciet
713 1203 825 1242 nos.
875 1173 1021 1241 Tun'c
1065 1188 1357 1255 aperientur
1387 1186 1524 1240 oculi
1562 1200 1840 1251 ctecorum,
1871 1194 1919 1237 et

329 1298 484 1337 aures
505 1281 776 1337 surdorum
806 1280 1038 1341 audient.
1065 1279 1221 1351 plana
1244 1281 1338 1334 erit
1370 1280 1547 1350 lingua
1568 1264 1848 1341 mutorum,
1868 1288 1917 1332 et

334 1375 551 1430 claudus
588 1375 734 1431 saliet
764 1376 893 1429 sicut
939 1390 1115 1429 cervus
1140 1390 1159 1427 :
1188 1374 1429 1444 quoniam
1454 1380 1604 1440 rupta
1632 1380 1707 1425 est
1747 1371 1800 1424 in
1830 1368 1919 1423 de-

330 1476 470 1524 serto
505 1483 656 1538 aqua,
701 1478 751 1522 et
780 1470 899 1538 fons
946 1468 999 1523 in
1045 1464 1181 1522 terra
1227 1467 1420 1521 sitienti
1454 1464 1588 1537 (Isa.
1635 1464 1822 1535 xxxv).
1856 1463 1922 1517 Et

332 1559 571 1629 adjecit:
601 1557 721 1614 Illic
745 1560 828 1614 via
871 1559 1065 1613 munda
1099 1568 1147 1613 et
1186 1567 1364 1613 sancta
1391 1557 1652 1611 vocabitur
1686 1573 1704 1610 :
1732 1565 1779 1610 et
1819 1570 1921 1609 non

333 1651 570 1705 transibit
597 1652 704 1705 illic
729 1649 1047 1715 immundus,
1077 1665 1236 1719 neque
1257 1652 1353 1703 erit
1378 1648 1487 1703 illic
1516 1650 1597 1701 via
1626 1645 1915 1701 immunda.

2018 458 2139 499 cum
2170 444 2455 500 frumentis
2481 444 2683 507 debere
2722 443 2879 499 simul
2906 444 2960 500 in
2992 444 3235 502 Ecclesia
3262 462 3603 518 permanere.

2019 535 2172 603 Qttod
2204 536 2501 593 Hieremias
2540 537 2854 608 repercutit,
2898 535 3127 603 dicens;
3160 540 3300 605 Quid
3345 541 3511 613 paleis
3537 541 3607 596 ad

2017 628 2375 697 frumentum?
2404 629 2468 683 Et
2507 628 2702 684 Paulus
2730 628 3044 697 apostolus:
3078 628 3206 698 Qum
3230 633 3487 702 particula
3529 642 3610 689 est

2020 723 2141 793 ﬁdei
2182 740 2295 779 cum
2333 723 2552 793 inﬁdeli,
2604 732 2693 778 aut
2734 738 2850 795 qutz
2877 724 3165 778 communio
3196 724 3299 778 luci
3347 725 3417 780 ad
3467 737 3606 782 tene-

2020 815 2138 870 bras
2173 815 2215 888 (l
2240 814 2362 869 Cor.
2395 814 2516 887 vt)?
2548 813 2617 869 Et
2664 813 2922 871 Salomon
2958 831 2971 868 :
3006 814 3068 870 Si
3110 817 3498 872 communicabit
3527 818 3611 874 lu-

2021 926 2119 981 pus
2158 925 2293 983 agno
2335 908 2637 979 aliquando,
2683 909 2757 963 sic
2808 896 3042 978 peccator
3069 908 3216 979 justo
3247 907 3605 983 (Εοειίηιιιι).
3640 976 3643 977 ν

2022 1000 2208 1058 Pisces
2241 1000 2403 1056 etiam
2434 1000 2606 1057 honos
2634 1009 2690 1056 et
2731 999 2910 1056 malos
2943 1015 3051 1056 uno
3080 1000 3312 1057 reticulo
3341 1018 3511 1075 usque
3547 996 3617 1061 ad

1992 1093 2197 1161 littus,
2225 1091 2277 1149 id
2315 1090 2421 1159 est,
2447 1090 2624 1163 justus
2663 1100 2718 1147 et
2745 1089 2977 1162 iniustos
3002 1100 3174 1162 usQue
3203 1091 3257 1147 in
3279 1094 3461 1163 ;llnem
3507 1112 3615 1153 sa:-

2022 1185 2130 1242 culi
2161 1176 2321 1242 simul
2349 1185 2615 1241 contineri
2650 1191 2706 1247 et
2734 1182 2980 1254 protrahi
3008 1184 3356 1251 coullrmant,
3394 1201 3499 1241 non
3535 1186 3618 1243 in—

2023 1289 2239 1338 tuentes
2271 1280 2375 1337 hoc
2411 1280 2480 1337 de
2509 1281 2615 1336 reis
2644 1280 2935 1335 latentibus
2955 1280 3182 1346 dictum,
3206 1281 3459 1352 quoniam
3488 1281 3619 1338 reti-

2023 1378 2202 1433 culum
2242 1376 2295 1432 in
2317 1375 2463 1432 .mari
2492 1368 2722 1447 pesitum
2755 1375 2881 1447 quid
2923 1373 3120 1431 habeat
3160 1390 3189 1430 a
3233 1376 3613 1446 piscatoribus,

2025 1470 2078 1526 id
2106 1457 2266 1539 est,a
2313 1470 2706 1535 sacerdotibus,
2741 1470 3039 1541 ignoratur,
3082 1468 3257 1526 donec
3302 1479 3611 1528 extractum

2026 1561 2091 1617 ad
2125 1563 2273 1616 litttls
2310 1562 2375 1616 ad
2405 1562 2778 1633 purgationem
2824 1562 2949 1617 boni
2992 1575 3086 1618 seu
3120 1560 3247 1617 mali
3292 1563 3611 1633 prodantur.

2028 1656 2103 1711 lla
2147 1663 2202 1709 et
2231 1655 2457 1710 latentes
2484 1664 2539 1709 et
2568 1653 2621 1708 in
2660 1654 2896 1709 Ecclesia
2928 1652 3229 1720 constituti,
3270 1662 3327 1709 et
3360 1669 3391 1710 ι
3434 1670 3619 1713 sacer—

331 1740 511 1798 Etiam
536 1741 643 1797 illic
665 1756 769 1796 non
797 1742 890 1796 erit
920 1731 1017 1815 leo,
1044 1748 1203 1811 neque
1228 1756 1291 1794 ex
1315 1740 1485 1794 bestiis
1507 1738 1656 1793 malis
1682 1734 1920 1791 ascendet
1950 1753 1996 1815 Β
2023 1748 2238 1814 dotibus
2268 1738 2524 1818 ignorati,
2552 1747 2607 1801 in
2646 1746 2839 1801 divino
2860 1740 3066 1815 judicio
3093 1745 3310 1814 proditi,
3340 1753 3616 1818 tamquam

332 1837 389 1892 in
416 1838 530 1911 illa,
561 1852 719 1906 neque
746 1836 1064 1890 invenientur
1090 1834 1143 1888 in
1165 1832 1279 1899 illa,
1319 1830 1407 1887 sed
1433 1829 1763 1885 ambulabunt
1808 1827 1949 1882 illic‘

332 1931 581 2001 redempti
612 1940 659 1984 et
687 1928 855 1983 electi.
889 1925 969 1981 De
996 1944 1098 1998 qua
1125 1927 1179 1979 in
1226 1922 1452 1980 Canticis
1485 1922 1815 1995 Canticorum
1860 1936 1923 1975 ex

334 2041 558 2099 persona
586 2023 793 2079 Domini
830 2024 1078 2095 scriptum
1108 2032 1179 2076 est
1205 2035 1223 2075 :
1251 2018 1637 2092 Tola‘speciosa
1675 2033 1745 2081 es,
1774 2030 1921 2069 soror

334 2136 471 2187 mea,
520 2126 569 2173 et
611 2115 941 2187 reprehensio
984 2131 1082 2169 non
1131 2123 1206 2168 est
1253 2119 1306 2167 ln
1334 2102 1394 2167 te
1426 2109 1596 2184 (Cant.
1625 2106 1725 2179 tv).
1765 2106 1917 2176 Quod

334 2212 540 2271 Paulus
584 2210 858 2282 apostolus
894 2207 1235 2279 apertissime
1270 2202 1661 2260 demonstravit
1689 2201 1916 2256 dicens:

334 2306 568 2365 Christus
615 2304 795 2359 dilexit
842 2282 1164 2366 Ecclesium,
1225 2307 1272 2353 et
1323 2296 1649 2366 semetipsum
1707 2290 1921 2346 tradidit

334 2411 547 2474 propter
573 2396 704 2460 eam,
732 2406 784 2450 ut
826 2412 937 2449 eam
975 2393 1337 2463 sanctiﬁcaret,
1371 2404 1601 2461 purgans
1636 2401 1750 2442 eam
1776 2383 1918 2437 lava-

333 2511 423 2551 cro
452 2509 597 2565 aqute
616 2495 670 2548 in
696 2491 866 2557 verbo,
901 2498 945 2545 et
985 2490 1275 2564 adjungens
1304 2485 1400 2541 sibi
1430 2483 1709 2559 gloriosam
1742 2480 1925 2556 Eccle-q

334 2591 465 2645 siam
493 2605 595 2643 non
622 2582 887 2641 habentem
910 2582 1163 2637 maculam
1195 2596 1355 2651 neque
1379 2593 1582 2650 rugam,
1611 2583 1700 2630 aut
1726 2570 1923 2644 aliquid

333 2679 612 2753 ejusmodi,
638 2680 727 2733 sed
752 2690 983 2732 sanctum
1011 2685 1057 2729 et
1088 2672 1472 2729 immaculatum
1502 2667 1719 2742 (Epltes.
1750 2664 1922 2737 v)..Et

334 2774 535 2830 iterum
561 2790 575 2826 :
610 2770 929 2843 Desponsavi
955 2759 1086 2823 enim
1115 2782 1201 2821 vos
1233 2766 1316 2819 uni
1355 2762 1469 2818 viro
1492 2761 1624 2831 virgi
1668 2776 1745 2815 em
1772 2772 1925 2813 sanc-

332 2872 444 2919 tam
472 2864 735 2935 assignare
758 2860 961 2916 Christo
984 2858 1053 2931 (II
1078 2856 1194 2913 Cor.
1220 2855 1319 2929 χι).
1346 2853 1439 2913 liis
1462 2869 1590 2924 ergo
1620 2861 1697 2907 tot
1722 2860 1776 2906 et
1804 2860 1923 2905 tau-

335 2960 411 3014 tis
443 2956 782 3014 documentis
807 2954 875 3009 de
904 2953 1160 3009 Ecclesia:
1200 2952 1452 3019 puritate,
1483 2962 1603 3019 quae
1634 2960 1730 3016 per
1767 2943 1928 3013 spiri-

336 3062 453 3108 tntn
486 3049 922 3121 promittebatur,
952 3044 1149 3116 spretis
1173 3053 1334 3113 atque
1360 3040 1706 3109 contemptis,
1750 3037 1925 3091 malos

2024 1840 2200 1910 pisces
2232 1841 2379 1903 mali,
2404 1855 2430 1892 a
2460 1848 2767 1895 sanctorum
2797 1837 3074 1893 consortio
3102 1847 3446 1908 separantur,
3477 1838 3617 1896 sicut

2024 1934 2284 1989 Dominus
2326 1934 2378 1987 in
2405 1931 2700 2012 Eyangelio
2736 1932 2804 1989 de
2834 1932 3018 1988 latenti
3045 1947 3143 1989 reo
3172 1933 3261 2002 qui
3293 1949 3389 2005 per
3417 1934 3617 2006 obrep—

2020 2026 2222 2083 tionem
2272 2025 2584 2085 sacerdotes
2632 2025 2919 2093 fefellerat,
2952 2040 3050 2098 per
3088 2025 3314 2098 ﬁguram
3357 2027 3611 2099 loquitur,

2022 2120 2206 2175 dicens
2239 2120 2263 2173 :'
2282 2118 2518 2185 latrans,
2548 2118 2742 2189 inquit,
2774 2135 2865 2174 rex
2891 2120 3060 2174 videre
3084 2120 3460 2183 recumbentes,
3489 2123 3617 2177 vidit

2019 2211 2129 2268 illic
2158 2212 2409 2267 hominem
2442 2228 2545 2266 non
2571 2211 2842 2266 habentem
2878 2206 3238 2268 vestimentum
3285 2215 3536 2285 nuptiale,
3567 2226 3615 2272 et

2021 2307 2094 2359 ait
2120 2305 2202 2359 illi
2230 2320 2248 2359 :
2274 2304 2469 2372 Amice,
2501 2306 2755 2375 quomodo
2802 2304 2901 2361 huc
2939 2308 3161 2362 venisti?
3187 2306 3289 2363 Ille
3315 2317 3486 2365 autem
3529 2309 3620 2364 ob-

2021 2389 2226 2465 mutuit,
2256 2407 2304 2451 et
2328 2398 2458 2453 dixit
2486 2414 2578 2453 rex
2604 2399 2856 2454 ministris
2876 2400 2984 2455 suis
3014 2416 3032 2454 :
3057 2401 3269 2471 Auferte
3294 2402 3443 2457 illum
3474 2402 3619 2472 pedi-

2024 2488 2114 2546 bus
2135 2500 2185 2546 et
2216 2490 2468 2555 manibus,
2500 2500 2548 2545 et
2569 2491 2750 2546 mittite
2777 2492 2929 2546 illum
2956 2492 3011 2546 in
3046 2492 3277 2549 tenebras
3298 2482 3641 2557 exterioresf

2022 2582 2132 2637 illic
2167 2583 2259 2638 erit
2286 2583 2509 2655 ploratio
2553 2592 2600 2639 et
2634 2583 2825 2639 stridor
2853 2584 3084 2640 dentium
3112 2584 3335 2655 (Matth.
3364 2585 3485 2659 stt).
3513 2588 3612 2643 Se-

2023 2674 2252 2730 cundum
2294 2676 2435 2733 hanc
2477 2677 2642 2748 igitur
2681 2678 2973 2745 rationem,
3003 2677 3199 2739 frustra
3240 2668 3496 2737 dixerunt
3520 2681 3617 2737 bo-

2023 2781 2123 2823 nos
2150 2776 2371 2839 propter
2396 2769 2568 2824 malos
2612 2770 2877 2841 sacrilega
2905 2771 3249 2842 separatione
3276 2786 3381 2827 non
3410 2772 3614 2839 deseri,

2024 2857 2120 2912 sed
2169 2857 2341 2914 malos
2369 2867 2590 2930 "propter
2631 2861 2800 2915 bonos
2841 2862 2937 2931 pia.
2972 2863 3178 2917 unitate
3208 2862 3451 2931 tolerari,
3492 2880 3614 2921 cum

2026 2959 2246 3021 propter
2273 2950 2411 3006 hanc
2439 2950 2729 3021 profanam
2747 2954 3160 3024 permixtionem
3190 2958 3523 3013 commoveri
3554 2967 3609 3014 et

2023 3040 2414 3111 sejunctioncm
2444 3044 2730 3099 maximam
2762 3038 3055 3115 provocare
3083 3046 3189 3102 alio
3212 3047 3335 3104 loco
3357 3048 3617 3107 Dominus

334 3147 392 3201 in
442 3120 716 3198 illa‘inter
742 3141 913 3195 bonos
960 3152 1079 3193 esse
1116 3134 1422 3200 mansuros,
1457 3149 1553 3204 per
1593 3131 1921 3185 zizaniorum
1952 3147 1997 3211 ρ
2028 3133 2338 3206 indignatus
2378 3138 2647 3193 ostendat.
2687 3120 2797 3193 Ρνὸ
2828 3156 2905 3207 eo,
2952 3140 3147 3212 inquit,
3189 3144 3327 3213 quod
3352 3148 3492 3216 facta
3541 3155 3616 3200 est

333 3235 743 3295 similitudinem
788 3236 1213 3303 ineompetenter
1265 3227 1536 3290 ail'rmztnt,
1580 3240 1701 3280 cum
1752 3220 1919 3291 ipsam

335 3328 746 3387 similitudinem
802 3326 1058 3381 Dominus
1101 3323 1485 3391 interpretatus
1533 3318 1601 3371 sit
1642 3313 1923 3386 ,Apostolis

335 3421 453 3479 suis
478 3420 701 3476 dicens:
734 3418 837 3483 Qui
868 3416 1081 3472 seminat
1109 3414 1294 3468 bonum
1334 3427 1524 3474 semen,
1556 3409 1695 3479 filius
1723 3416 1794 3473 est
1832 3406 1924 3459 ho-

336 3514 515 3569 minis.
543 3514 675 3585 Ager
696 3524 865 3567 autem
905 3521 974 3564 est
1012 3508 1097 3563 hic
1121 3508 1362 3573 mundus,
1418 3506 1601 3560 bonum
1632 3510 1799 3555 autent
1844 3514 1923 3554 se-

340 3623 458 3661 men
496 3607 535 3659 ii
578 3614 696 3660 sunt
724 3604 822 3674 ﬁlii
850 3602 1015 3674 regni,
1058 3600 1261 3655 zizania
1287 3606 1454 3652 autem
1484 3595 1582 3664 filii
1612 3604 1727 3647 sunt
1774 3591 1923 3644 mali-

337 3701 452 3772 gni,
480 3698 717 3753 inimicus
746 3706 917 3752 autent
937 3696 1023 3765 qui
1048 3695 1264 3749 seminat
1290 3709 1348 3747 ea
1372 3688 1534 3761 315.
1553 3688 1787 3741 diabolus
1807 3695 1881 3740 est
1903 3701 1923 3750 ;

338 3794 517 3850 messis
545 3803 716 3847 autem
742 3792 1116 3847 consummatio
1144 3787 1338 3850 steculi,
1369 3799 1618 3839 messores
1640 3792 1810 3836 autem
1829 3798 1922 3835 an-

340 3891 443 3963 geli
482 3889 836 3960 sunt(Matth.
886 3888 1024 3957 xm).
1060 3885 1128 3941 Et
1171 3876 1384 3938 etetera.
1422 3882 1576 3954 Ager,
1623 3879 1814 3949 inquit,
1848 3888 1921 3932 est

340 3981 582 4037 mundus.
611 3979 727 4035 Non
750 3994 878 4049 ergo
904 3977 1167 4039 Ecclesia,
1201 3975 1295 4031 sed
1320 3974 1570 4036 mundus,
1597 3972 1649 4026 in
1671 3986 1778 4043 quo
1798 3971 1920 4026 boni

341 4075 503 4130 simul
532 4084 585 4129 et
616 4071 739 4127 ntali
785 4082 952 4141 usque
979 4068 1093 4141 [ad]
1124 4082 1378 4131 messem,
1423 4066 1473 4119 id
1519 4073 1621 4129 est,
1658 4078 1826 4133 usque
1856 4062 1921 4116 ad

342 4167 582 4223 divinum
620 4164 878 4232 judicium
927 4168 1290 4218 reservantur.
1340 4158 1473 4227 Quia
1516 4170 1616 4211 nec
1656 4162 1844 4225 potest
1895 4168 1924 4207 a

344 4261 576 4317 Domino
628 4260 977 4328 interpretata
1016 4255 1123 4311 imo
1183 4264 1550 4323 corrumpere.
1577 4248 1839 4317 Quoniam
1873 4247 1923 4301 si

344 4350 599 4425 apostoli,
631 4352 796 4421 ipsius
825 4348 1033 4404 Domini
1063 4345 1308 4413 comites,
1340 4345 1392 4399 in
1422 4330 1660 4397 Ecclesia
1699 4339 1921 4404 zizania,

345 4447 402 4504 id
430 4455 515 4502 est
544 4446 679 4499 lilios
708 4442 909 4499 diaboli
930 4439 1277 4511 pullulantes,
1323 4437 1376 4491 in
1413 4445 1720 4515 sanctorum
1771 4446 1921 4486 com.

2024 3226 2150 3280 mihi
2196 3228 2362 3281 omnis
2392 3229 2574 3284 domus
2604 3228 2773 3285 Israel
2813 3233 3119 3302 permixtio,
3157 3250 3331 3290 omnes
3367 3252 3615 3292 iuramen-

2027 3327 2153 3388 tum,
2181 3330 2469 3392 argentum,
2496 3326 2710 3393 ferrum,
2742 3335 2981 3379 stannum
3026 3337 3073 3380 et
3106 3328 3393 3398 plumbum,
3424 3331 3478 3386 in
3507 3348 3617 3387 me-

2025 3410 2110 3464 dio
2138 3414 2327 3466 camini
2352 3414 2581 3469 ardentis
2614 3416 2944 3485 permixtum,
2984 3430 3256 3490 propterea
3296 3421 3441 3477 dicit.
3485 3421 3617 3480 Hec

2027 3506 2149 3561 dicit
2179 3506 2451 3563 Dominus.
2496 3508 2716 3580 Propter
2741 3511 2879 3580 quod
2902 3513 3031 3581 facti
3054 3514 3174 3567 estis
3204 3530 3379 3569 omnes
3407 3517 3461 3570 in
3495 3534 3613 3587 per-

2028 3600 2273 3655 mixtione
2302 3616 2427 3666 una,
2460 3601 2575 3655 ideo
2619 3603 2810 3673 recipio
2838 3617 2925 3656 vos
2962 3604 3016 3657 in
3045 3604 3213 3658 medio
3263 3604 3608 3666 Hierusalem.

2028 3692 2177 3747 Sicut
2214 3693 2456 3761 recipitur
2502 3703 2858 3760 (crumentum,
2906 3706 3177 3765 argentum
3217 3706 3263 3751 et
3307 3702 3525 3768 ferrum,
3564 3711 3614 3756 et

2024 3795 2263 3838 stannum
2289 3792 2334 3838 et
2370 3784 2635 3856 plumbum
2673 3786 2725 3838 in
2771 3785 2940 3841 medio
2987 3788 3197 3854 camini,
3228 3788 3295 3841 ad
3327 3790 3610 3861 insufﬂau-

2025 3878 2144 3933 dum
2171 3879 2223 3933 in
2263 3880 2390 3950 igni,
2411 3889 2464 3933 ut
2483 3881 2755 3950 conﬂatur,
2788 3880 2861 3935 ita
2901 3881 3143 3953 recipiam
3170 3896 3257 3937 vos
3284 3870 3338 3937 in
3369 3886 3447 3938 ira
3474 3902 3609 3949 mea,

2025 3980 2071 4023 et
2093 3970 2444 4038 concremabo,
2476 3980 2523 4025 et
2552 3972 2833 4043 insufﬂabo
2859 3972 2914 4027 in
2936 3989 3021 4029 vos
3047 3974 3453 4045 insufﬂationem
3478 3977 3612 4049 ignis

2025 4063 2117 4118 irw
2146 4079 2292 4129 mete,
2326 4073 2372 4117 et
2402 4064 2838 4133 conﬂabiminijn
2865 4067 3034 4120 medio
3061 4069 3193 4139 ejus,
3222 4078 3270 4123 et
3296 4070 3466 4126 scietis
3491 4074 3613 4142 quia

2027 4171 2118 4226 ego
2157 4172 2268 4209 sum
2303 4152 2577 4223 Dominus,
2612 4156 2698 4225 qui
2742 4156 2903 4225 effudi
2947 4157 3076 4212 iram
3128 4175 3293 4215 meum
3329 4177 3485 4235 super
3526 4180 3615 4218 vos

2030 4246 2244 4318 (Eaech.
2276 4247 2432 4317 χχιι).
2468 4246 2673 4303 Contra
2702 4247 2818 4304 haec
2864 4258 2919 4305 et
2962 4250 3087 4305 talia
3130 4253 3324 4322 quibus
3370 4254 3614 4311 Ecclesia

1980 4372 1989 4381 ο
2029 4338 2124 4394 Dei
2151 4354 2178 4392 a
2205 4339 2659 4396 contaminatione
2682 4342 3071 4411 permixtorum
3096 4343 3494 4403 immundornm
3518 4346 3612 4404 de-

2029 4430 2283 4499 fenditur,
2304 4433 2508 4488 clarum
2538 4442 2621 4488 est
2670 4433 2967 4491 adversarii
3019 4453 3122 4507 qua
3154 4440 3482 4496 conscientia
3516 4456 3613 4513 pa-

314 4570 320 4577 ο
346 4541 605 4598 munione
630 4535 980 4592 dimittendos
1010 4549 1131 4591 esse
1160 4532 1493 4597 didicissent,
1526 4542 1814 4595 numquam
1841 4524 1928 4581 Si-
1952 4530 2005 4591 1)
2031 4525 2361 4582 trocinantes
2388 4525 2661 4582 erroribus
2688 4527 2857 4582 malos
2880 4528 3055 4583 nolint
3099 4544 3128 4583 a
3158 4530 3426 4588 bonorum
3465 4548 3616 4589 com-

346 4650 589 4700 monem,
632 4633 905 4696 Erastum,
958 4628 1213 4694 Filetum,
1252 4622 1641 4687 Alexandrum,
1698 4620 1922 4683 Deman,

335 4728 765 4799 Hermogenem,
800 4731 1136 4791 caeterosque
1181 4716 1514 4781 consimiles,
1560 4710 1816 4769 Ecclesiae
1864 4709 1929 4763 li—

347 4821 585 4880 minibus
614 4816 916 4888 eiecissent.
956 4814 1089 4881 lmo,
1120 4813 1166 4868 si
1207 4812 1277 4868 ita
1309 4816 1475 4876 esset,
1503 4800 1722 4862 vacaret
1757 4814 1926 4859 totum

347 4913 680 4987 prmcouium
730 4909 1112 4978 scripturarum
1155 4903 1481 4966 divinarum,
1529 4915 1635 4971 quo
1670 4896 1930 4969 iubentur

348 5008 537 5081 polluti
571 5021 600 5061 e
628 5002 805 5058 medio
835 5009 1146 5056 sanctorum
1174 4995 1517 5052 sacerdotum
1546 4990 1818 5063 diligentia
1843 5004 1931 5044 se-

304 5164 307 5167 _
348 5103 569 5175 parari,
621 5098 832 5151 dicente
886 5094 1113 5148 Domino
1154 5106 1249 5161 per
1296 5090 1529 5161 Moysem
1557 5104 1571 5141 :
1603 5086 1931 5156 Legitimum,

350 5193 543 5263 inquit,
584 5199 826 5245 aeternum
873 5186 924 5239 in
968 5184 1230 5257 pragenies
1274 5190 1487 5245 vestras,
1539 5178 1762 5232 dividere
1804 5178 1933 5231 inter

348 5298 553 5345 sanctos
594 5292 639 5337 et
669 5285 912 5351 profanos
938 5319 951 5340 ,
980 5279 1114 5330 inter
1149 5276 1368 5338 mundos
1421 5284 1465 5327 et
1505 5272 1793 5331 immundos
1820 5269 1933 5337 (Le-

348 5380 439 5433 uit.
469 5375 547 5441 χ).
581 5371 732 5441 Quod
763 5371 890 5423 alibi
926 5359 1225 5436 neglectum
1255 5366 1307 5419 in
1336 5378 1565 5433 persona
1592 5360 1929 5416 sacerdotum

351 5467 590 5537 Spiritus
636 5456 896 5528 increpat,
944 5457 1131 5512 dicens
1167 5474 1177 5508 :
1214 5456 1515 5511 Sacerdotes
1568 5457 1681 5525 ejus
1731 5449 1933 5521 repule-

348 5569 471 5616 runt
499 5559 658 5626 legem
689 5569 871 5614 meam,
905 5548 1244 5617 profanabant
1268 5555 1443 5601 sancla
1472 5562 1602 5607 mea,
1634 5545 1765 5597 inter
1786 5560 1931 5595 mun-

353 5652 477 5706 dum
505 5657 551 5701 et
583 5643 901 5699 immundum
931 5656 1030 5693 non
1071 5637 1377 5703 dividebant,
1406 5646 1450 5689 et
1475 5636 1604 5689 inter
1627 5641 1859 5686 sanctum
1884 5645 1930 5687 et

353 5742 609 5817 pollutum
623 5754 722 5793 non
745 5733 1047 5807 scparabant
1077 5729 1287 5802 (Exerit.
1319 5724 1470 5798 χχιι).
1500 5725 1581 5782 Ad
1611 5726 1747 5779 banc
1770 5738 1926 5793 paru-

2032 4618 2285 4673 tnunione
2307 4616 2561 4692 discerni.
2592 4617 2903 4690 Sequuntur
2932 4619 3074 4675 enim
3105 4622 3446 4694 apertissime
3475 4625 3620 4682 blas-

2033 4710 2371 4781 phemantes,
2417 4720 2477 4766 ut.
2518 4711 2701 4766 dicant
2728 4711 3029 4768 Ecclesiam
3085 4715 3347 4771 malorum
3379 4716 3617 4786 delictis,

2032 4804 2191 4858 etiam
2222 4804 2627 4859 tnanifestormn
2658 4818 2761 4859 nou
2796 4819 2956 4875 posse
2984 4806 3263 4875 maculari,
3294 4808 3615 4868 adhibentes

2036 4898 2281 4968 exempla
2313 4899 2719 4969 prophetarum,
2748 4900 2838 4969 qui
2874 4898 2996 4955 licet
3020 4900 3369 4972 increparent
3397 4920 3490 4959 eos
3520 4921 3617 4976 pro

2036 4990 2271 5055 delictis,
2307 5000 2485 5044 tamen
2532 5005 2591 5045 se
2641 4989 2708 5044 ab
2735 4989 2815 5045 eis
2858 4991 3217 5061 corporaliter
3247 5009 3355 5059 non
3400 5011 3619 5066 separa-

2036 5090 2184 5149 runt,
2217 5096 2337 5136 cum
2384 5080 2730 5135 ostendamus
2762 5080 2919 5153 longe
2948 5082 3092 5137 aliud
3124 5082 3290 5140 fuisse
3317 5084 3449 5141 illud
3482 5096 3619 5143 tem-

2037 5188 2134 5245 pus
2182 5172 2237 5226 in
2289 5186 2396 5241 quo
2432 5171 2775 5240 frequentare
2826 5170 3148 5241 baptismum
3204 5178 3363 5229 toties
3408 5178 3622 5247 quoties

2033 5264 2349 5336 peccabaut,
2385 5263 2848 5333 permittebantur.
2879 5262 3083 5320 Tamen
3132 5266 3297 5322 etiam
3343 5268 3423 5323 sic
3464 5268 3618 5327 iuvea

2038 5359 2257 5414 niuntur
2307 5356 2480 5411 eidem
2537 5358 2814 5427 prophetm
2855 5372 2883 5410 a
2932 5358 3195 5413 malorum
3241 5364 3622 5420 communione

2036 5466 2094 5505 se
2124 5436 2470 5511 abstinuisse,
2502 5449 2717 5518 quando
2763 5448 3073 5519 Sophonias
3117 5454 3403 5521 preplteta,
3434 5456 3525 5523 qui
3558 5456 3621 5510 ad

2033 5540 2355 5596 Hieroboam
2388 5542 2440 5593 itt
2472 5540 2762 5594 schismate
2786 5540 3016 5607 positum
3042 5542 3259 5607 missus,
3296 5557 3392 5595 nec
3419 5559 3617 5613 panem

2037 5649 2132 5687 nec
2161 5646 2352 5697 aquam
2380 5630 2599 5698 juhctttr
2628 5630 2893 5696 accipere,
2924 5630 3012 5695 qui
3045 5630 3467 5694 circumventus,
3503 5633 3618 5687 vio-

2037 5723 2145 5778 lato
2173 5730 2464 5791 przcceplo,
2496 5735 2524 5773 ιι
2573 5719 2728 5773 leone
2777 5718 3053 5774 conlectus
3097 5729 3199 5777 est.
3234 5716 3412 5776 Helias
3455 5720 3622 5778 etiam
