3860 6212
412 302 540 378 iiii

1356 315 1583 373 GESTA
1621 303 2071 380 COLLATIONIS
2108 311 2724 379 CARTHAGINENSIS.

3551 311 3687 378 iiii

401 443 456 489 et
487 431 745 491 llelisazus
770 429 1024 493 altaribus
1053 427 1360 484 schismatis
1392 429 1649 484 Samaria:
1690 444 1979 488 numquam
2007 435 2057 494 Α
2090 428 2234 484 Unus
2257 446 2320 485 ea:
2352 431 2489 484 vobis
2511 447 2588 483 me
2610 429 2778 486 tradet
2809 427 3022 502 (Matth.
3049 429 3225 500 δεῖνι),
3255 438 3422 499 atque
3455 446 3686 499 respon-

399 523 1136 591 cct'ntnunicaverint,'neque
1171 522 1570 586 consenserint,
1603 526 1692 590 qui
1726 522 1897 590 magis
1925 522 1978 576 in

394 602 684 680 solitudine
733 612 1103 668 morabantur.
1155 611 1296 666 Osee
1325 626 1542 682 quoque
1585 612 1846 680 propheta
1891 625 1982 665 os-

393 709 626 765 tenditur
652 722 756 761 non
788 705 1097 764 interfuisse
1120 707 1390 777 mysteriis
1419 720 1609 760 eorum
1633 721 1862 776 quorum
1894 719 1980 761 sa-

388 801 589 858 crificia
616 799 915 854 detestatur
963 808 1018 853 et
1046 797 1287 868 damaat,
1317 791 1503 859 dicens
1536 815 1548 851 :
1581 797 1857 866 Sacriﬁcia
1887 813 1976 852 €09

388 885 504 946 runt
533 901 792 960 tamquam
821 877 971 962 panis
1009 889 1199 946 luctus.
1228 889 1409 944 Omnis
1434 889 1521 959 qui
1547 890 1768 960 tetigerit
1795 906 1857 943 ea:
1880 889 1972 954 eis,

387 984 738 1054 inquinabitur.
764 981 922 1056 (Osee
949 983 1049 1054 is).
1080 981 1246 1049 Amos
1291 981 1526 1052 denique
1555 982 1772 1053 quando
1803 980 1978 1060 potuit

388 1078 646 1134 Samaria:
673 1077 946 1149 mysteriis
989 1075 1231 1137 misceri,
1254 1074 1322 1129 de
1363 1090 1470 1145 quo
1502 1071 1974 1144 pseudoproplteta
2033 1132 2035 1135 ,

387 1172 462 1225 ita
499 1171 611 1241 regi
645 1168 900 1224 invidiam
924 1167 1081 1234 facit;
1124 1167 1312 1222 dicens
1353 1183 1365 1217 :
1397 1162 1824 1237 Cangloltatioues
1848 1161 1975 1231 facit

386 1261 652 1323 adversum
677 1270 724 1314 te
751 1261 907 1314 Amos
935 1259 990 1312 in
1024 1257 1191 1312 medio
1219 1257 1402 1312 donius
1429 1253 1613 1310 Israel.
1662 1254 1787 1310 Non
1811 1262 1977 1320 potest

341 1409 344 1412 ί
371 1366 524 1410 terra
551 1363 858 1425 supportare
896 1367 1155 1406 sermones
1193 1352 1328 1423 ejus,
1361 1358 1406 1402 et
1438 1345 1499 1404 οὗ
1527 1350 1622 1405 hac
1645 1348 1860 1417 insuper
1884 1362 1975 1402 εωε
2010 1373 2014 1377 ~

386 1447 598 1517 pellitur
633 1446 833 1518 (Amos,
877 1444 997 1516 vn).
1031 1442 1151 1500 iam
1195 1456 1325 1498 vero
1370 1441 1426 1498 in
1474 1442 1588 1512 ipsa
1633 1441 1972 1500 Hierusalem

383 1540 654 1612 quomodo
695 1548 946 1610 poterant
982 1539 1262 1610 ρνοιιιιθιιβ
1303 1535 1583 1594 sacriﬁciis
1632 1533 1973 1605 peccantium

386 1635 665 1691 hominum
682 1633 1107 1697 communicare,
1131 1631 1370 1702 quaeipsi
1397 1629 1584 1693 divino
1610 1629 1800 1700 spiritu
1829 1627 1974 1698 pleni

383 1727 714 1783 damnabant
750 1725 912 1781 Esaia
957 1726 1173 1782 dicente
1203 1741 1217 1776 ε
1253 1722 1366 1791 Quo
1413 1722 1538 1779 mihi
1586 1721 1975 1782 multitudinem

2084 520 2244 578 dente
2263 521 2450 576 eodem
2470 521 2604 576 Juda
2634 539 2647 576 :
2671 521 2937 590 Numquid
2946 537 3038 590 ego
3058 537 3193 585 sum,
3230 520 3495 579 Domine?
3521 531 3579 576 et
3615 523 3684 576 ab

2084 613 2272 671 eadem
2302 612 2528 668 Domino
2542 612 2774 680 audiret,
2805 612 2884 666 'l'u
2904 611 3081 670 dixisti
3109 611 3304 681 (Marc.
3324 609 3462 682 ιη’),
3488 613 3680 668 detec-

2084 711 2193 756 tum
2221 718 2280 758 se
2303 703 2546 773 protinus
2575 703 2784 767 videns,
2812 702 3068 762 contusus
3099 702 3390 768 abscessit,
3423 703 3519 771 sed
3552 719 3678 760 cum

2083 795 2194 864 ipsa
2214 797 2555 864 postmodum
2579 796 2730 851 turba
2755 797 2820 852 ad
2847 797 3165 852 tradendum
3191 797 3482 856 Dominum
3503 799 3676 853 venit.

2079 887 2239 958 315
2271 888 2473 948 Vadalll
2499 903 2628 959 ergo
2647 905 2768 949 cum
2797 903 2894 944 suo
2917 888 3052 947 ludat
3083 900 3314 960 patrono
3336 889 3547 948 inimici
3576 889 3677 948 do-

2059 983 2290 1038 .niinicae
2321 984 2581 1050 veritatis,
2612 985 2704 1053 qui
2733 998 2831 1039 suo
2859 1000 3009 1040 more
3027 983 3326 1042 defendere
3353 999 3478 1040 reos
3502 985 3682 1043 mani-

2077 1072 2395 1130 festissimos
2436 1076 2735 1134 elaborant.
2769 1076 2900 1132 Item
2943 1077 3012 1132 ad
3067 1077 3447 1145 defensionem
3498 1077 3676 1147 pollu-

2081 1173 2144 1218 ta:
2172 1167 2548 1235 permixtionis
2576 1183 2691 1223 sua:
2712 1169 2878 1224 verba
2909 1169 3157 1240 Apostoli
3171 1170 3678 1242 objiciunt,quibtts

2075 1258 2152 1311 ait
2179 1275 2193 1311 :
2225 1256 2346 1314 Sive
2372 1277 2467 1327 per
2493 1263 2812 1316 occasionem
2831 1305 2846 1330 ,
2874 1263 2976 1318 sive
3008 1280 3098 1335 per
3140 1259 3410 1319 veritatem
3464 1265 3678 1334 misere-

2077 1351 2188 1418 bor,
2217 1355 2464 1422 quoniam
2485 1356 2588 1425 ﬁlii
2610 1356 2972 1425 fornicationi:
2991 1368 3133 1425 sunt,
3160 1359 3282 1426 quia
3304 1358 3566 1426 fornicata
3602 1367 3676 1411 est

2075 1454 2238 1500 mater
2267 1445 2494 1517 ipsorum
2511 1490 2527 1514 ,
2562 1447 2887 1503 dedecoraoit
2914 1465 3000 1503 eas
3027 1465 3143 1518 qua:
3172 1451 3372 1520 peperit
3391 1465 3478 1507 eos
3515 1447 3680 1518 (Plii—

2077 1539 2167 1610 lip.
2197 1537 2257 1608 ι).
2287 1540 2351 1594 Ει
2375 1542 2429 1594 in
2460 1541 2596 1606 lsaia
2631 1559 2643 1594 :
2673 1541 2940 1608 Quomodo
2962 1524 3681 1611 restimentum‘causpersum

2078 1633 2133 1686 in
2161 1633 2413 1704 sanguine
2435 1651 2537 1688 non
2563 1636 2658 1690 erit
2687 1635 2955 1703 mundum,
2986 1635 3060 1688 ita
3084 1620 3174 1688 nec
3204 1644 3258 1688 tu
3281 1634 3385 1691 eris
3413 1632 3676 1697 mundus,

2076 1727 2198 1795 quia
2221 1737 2409 1781 terram
2430 1744 2596 1782 meam
2615 1726 2910 1800 perdidisti,
2935 1737 2983 1782 et
2997 1726 3190 1797 piabant
3212 1718 3378 1782 nteant
3393 1724 3640 1782 occidisti
3655 1737 3676 1776 :

384 1821 756 1897 sacriﬁciorum
781 1829 1067 1874 uestrorum
1091 1818 1117 1871 ?-
1145 1817 1270 1872 dicit
1304 1815 1576 1872 Dominus.
1608 1813 1807 1874 Plenus
1833 1830 1966 1874 sum.
2003 1826 2052 1886 ﬁ
2078 1837 2180 1877 non
2210 1823 2436 1876 manebis
2467 1823 2519 1876 in
2549 1832 2794 1878 cateruam
2826 1832 3055 1892 tempus,
3093 1836 3265 1876 semen
3293 1836 3529 1890 nequam.
3568 1815 3676 1870 Pa-

387 1913 848 1968 Dolocaustontata
889 1912 1126 1977 arietum,
1165 1919 1212 1964 et
1236 1908 1443 1976 adipem
1473 1924 1746 1981 agnorum,
1781 1915 1827 1960 et
1852 1922 1972 1967 san-

385 2010 590 2080 guinem
613 2019 881 2062 taurorum
920 2016 964 2060 et
990 2005 1251 2059 hircorum
1280 2004 1422 2070 nolo,
1451 2019 1540 2056 nec
1573 2003 1646 2056 sic
1667 2002 1880 2055 veniatis
1917 2001 1970 2054 in

382 2110 653 2177 conspectu
687 2115 816 2152 meo.
870 2098 999 2164 Quis
1024 2096 1158 2160 enim
1191 2095 1458 2165 acquisivit
1501 2095 1599 2150 ista
1637 2092 1702 2148 de
1732 2091 1969 2147 manibus

382 2196 598 2250 vestris?
620 2192 832 2248 Calcare
859 2192 1034 2247 aulam
1063 2206 1226 2244 meant
1247 2205 1353 2243 non
1376 2188 1632 2259 adjicietis
1663 2204 1681 2241 :-
1710 2186 1755 2240 si
1781 2185 1968 2240 attule-

383 2290 496 2343 ritis
538 2288 908 2358 similaginem,
949 2300 1157 2339 canum.
1217 2279 1495 2337 Incensura
1535 2278 1845 2334 abominatio
1895 2286 1973 2337 est

383 2384 533 2438 mihi.
568 2381 887 2437 Neamenias
912 2388 1128 2444 uestras,
1172 2386 1221 2431 et
1249 2375 1460 2430 sabbata
1486 2384 1533 2429 et
1563 2371 1696 2429 diem
1726 2386 1970 2443 magnum

349 2470 356 2476 ’
381 2494 483 2532 non
503 2477 751 2532 sustineo.
773 2472 1043 2548 Jejunium
1070 2483 1120 2526 et
1151 2471 1328 2541 ferias,
1375 2480 1421 2524 et
1447 2469 1558 2523 dies
1593 2472 1751 2540 festos
1776 2476 1970 2522 uestros

380 2569 486 2623 odit
519 2569 694 2622 anima
714 2583 848 2621 mea.
876 2563 1028 2620 Facti
1075 2563 1212 2618 enim
1248 2563 1366 2618 estis
1397 2562 1523 2615 mihi
1568 2561 1623 2615 in
1652 2560 1969 2615 abundantia

377 2659 690 2724 ntulta.Jam
717 2677 822 2715 non
847 2673 1058 2729 parcam
1086 2641 1306 2727 peccatis
1331 2652 1542 2729 uestris.
1565 2653 1691 2708 Cum
1721 2652 1967 2706 extende-

376 2754 488 2809 ritis
518 2770 719 2822 manus,
764 2761 989 2806 avertam
1016 2749 1192 2817 oculos
1217 2764 1354 2804 meos
1382 2728 1580 2802 ar'vobis
1611 2761 1629 2799 :
1654 2745 1767 2800 etsi
1788 2745 1965 2798 multi—

380 2847 688 2917 plicaueritis
730 2859 926 2915 preces,
965 2859 1070 2906 non
1113 2840 1387 2896 exaudiam
1432 2855 1539 2894 vos.
1604 2836 1796 2892 Manus
1828 2837 1967 2907 enim

376 2949 556 2997 uestra:
582 2939 828 3010 sanguine
856 2937 1026 3010 plenae
1053 2944 1169 2989 sunt
1193 2932 1327 3007 (Isa.
1357 2933 1418 3005 l).
1454 2931 1523 2987 Et
1543 2933 1737 2986 iterum
1763 2948 1776 2983 :
1809 2928 1966 2984 Faci-

376 3049 594 3088 norosus
633 3041 802 3086 autem
831 3032 920 3102 qui
964 3030 1220 3099 sacriﬁcat
1262 3026 1389 3081 mihi
1418 3027 1652 3092 vitulum,
1702 3024 1847 3102 quasi
1875 3023 1966 3093 qui

375 3141 552 3181 canem
579 3126 815 3193 occidat;
845 3101 895 3179 et
918 3124 1003 3196 qui
1026 3124 1248 3196 similam
1274 3116 1444 3190 olfert‘,
1479 3122 1624 3193 quasi
1660 3101 1964 3191 sanguinem

2075 1930 2134 1966 ra
2163 1915 2299 1982 ﬁlios
2326 1924 2441 1969 tuos
2471 1916 2692 1983 interﬁci
2729 1917 2949 1987 peccatis
2989 1914 3154 1985 putris
3178 1915 3259 1968 sui
3280 1953 3296 1979 ,
3354 1922 3409 1980 ut
3450 1927 3554 1968 nan
3594 1925 3678 1964 ea;-

2073 2019 2286 2077 surgant
2355 2006 2499 2079 (Isa.
2540 2007 2669 2077 l4).
2712 2008 2776 2062 Et
2822 2008 2872 2061 in
2924 2006 3236 2076 Regnorum
3281 2003 3422 2060 libro
3463 2004 3674 2070 tertio;

2074 2098 2143 2152 Et
2172 2101 2409 2169 deposuit
2441 2099 2692 2163 Salomon
2721 2099 2970 2154 Abiathar
2997 2099 3062 2152 de
3101 2097 3392 2153 sacerdotio
3414 2090 3670 2168 Domini,

2055 2195 2128 2244 ’ut
2159 2190 2435 2262 impleatur-
2459 2194 2666 2246 uertiunt
2695 2189 2932 2257 Domini,
2960 2189 3099 2260 quod
3138 2191 3340 2244 locutus
3368 2197 3447 2243 est
3483 2188 3549 2242 de
3579 2189 3676 2244 dae

2073 2300 2156 2338 mo
2180 2283 2300 2338 Heli
2327 2285 2379 2337 in
2407 2283 2581 2339 Selom
2629 2281 2722 2355 (lli
2748 2283 2875 2355 Reg.
2905 2281 3114 2354 u)..iam
3139 2296 3274 2337 vero
3302 2282 3447 2352 quod
3476 2279 3667 2340 dicunt

2073 2377 2400 2447 baptismum
2432 2377 2635 2434 Christi
2688 2378 2760 2432 ita
2806 2377 3024 2434 defendi
3049 2377 3196 2432 sicut
3231 2376 3349 2448 ipsa
3384 2372 3667 2433 Catholica

2073 2471 2385 2527 defenditur
2418 2473 2640 2544 ubique,
2671 2483 2726 2527 et
2751 2472 2892 2543 apud
2908 2486 3100 2528 omnes
3127 2485 3275 2539 esse,
3303 2469 3541 2526 decretis
3572 2469 3670 2524 Pa-

2075 2574 2216 2619 trum
2243 2575 2557 2626 nostrorum
2578 2575 2874 2638 martyrum
2924 2565 3367 2630 beatissimorum
3412 2577 3671 2634 compelle

2073 2655 2162 2710 diu
2189 2654 2473 2712 brevitatis
2503 2656 2832 2713 excluditur.
2860 2657 2996 2712 illud
3021 2655 3393 2728 autem'qitam
3424 2657 3664 2721 incaute,

2071 2746 2425 2813 immemores
2455 2749 2540 2804 sui
2566 2789 2581 2815 ,
2621 2748 2828 2804 inimici
2874 2749 3120 2805 veritatis
3146 2758 3497 2820 oppugnant,
3523 2746 3668 2816 apud

2069 2839 2217 2895 iures
2239 2850 2295 2896 et
2332 2852 2582 2912 raptores
2609 2839 2880 2913 quoslibet
2925 2851 3221 2899 extraneos
3247 2841 3440 2913 datum
3465 2839 3668 2910 hamis:

2073 2949 2162 2988 ma
2208 2935 2410 3006 suscipi
2462 2935 2699 3004 debere,
2730 2934 2974 2992 adhibito
3001 2935 3395 3006 incompetenti
3425 2934 3491 2993 ad
3528 2933 3668 2990 hinc

2071 3042 2187 3080 rem
2223 3026 2537 3093 testimonio
2582 3027 2730 3082 Bauli
2767 3026 3002 3097 apostoli
3046 3027 3189 3098 quod
3241 3028 3502 3098 scriptum
3530 3034 3664 3080 est:

2075 3118 2176 3185 Qui
2200 3121 2464 3174 veritatem
2496 3120 2590 3175 Dei
2609 3121 2682 3174 in
2712 3121 2972 3192 injustitia
3010 3119 3437 3191 deliitentﬂiout.
3466 3123 3529 3188 ι),
3561 3118 3664 3180 Il“

375 3219 681 3290 porcinum;
716 3229 763 3272 et
807 3219 895 3288 qui
932 3195 1054 3270 thus
1096 3219 1150 3270 in
1198 3195 1513 3282 iuemoriam,
1545 3214 1692 3283 quasi
1724 3212 1962 3283 blasphe-e
1987 3212 2033 3284 ς]
2067 3211 2119 3264 in
2154 3212 2275 3266 loco
2301 3211 2506 3266 furtum
2534 3211 2735 3268 furtivo
2760 3212 3053 3268 voluerunt
3088 3212 3388 3296 defendere
3417 3212 3664 3272 testimue

372 3329 486 3367 mus
515 3310 650 3384 (Isa.
683 3317 847 3382 LXVI).
874 3309 1102 3382 Aggatus
1131 3309 1292 3364 etiam
1333 3323 1438 3363 non
1470 3307 1632 3362 modo
1671 3304 1958 3372 sacriﬁcia,

371 3404 468 3460 sed
493 3405 664 3474 ipsam
695 3413 909 3474 gentem
957 3401 1315 3472 peccatricem
1357 3399 1574 3470 penitus
1618 3404 1958 3461 exsecratur,

371 3497 599 3552 dicens:
634 3495 728 3551 Sic
761 3504 807 3548 et
838 3495 1059 3564 populus
1086 3493 1205 3558 iste,
1236 3500 1284 3546 et
1303 3492 1376 3546 sic
1403 3497 1522 3563 gens
1546 3491 1645 3544 ista
1669 3506 1686 3544 :
1709 3499 1756 3544 ct
1783 3488 1964 3559 siquis

368 3592 495 3655 illus
519 3590 807 3657 accesserit,
838 3588 1188 3658 inquinabitur
1216 3585 1416 3657 (Aggce.
1446 3584 1532 3657 ιι).
1563 3581 1956 3639 EtMalachiel;

378 3681 482 3738 Vas
506 3699 538 3737 ο
561 3683 846 3738 sacerdotes
866 3681 954 3751 qui
979 3679 1268 3750 profanatis
1295 3693 1482 3735 nomen
1509 3663 1696 3743 meum,
1727 3684 1771 3730 et
1790 3675 1957 3728 dixis-

364 3777 464 3856 tis:
495 3774 566 3831 In
587 3793 683 3846 quo
709 3775 1098 3847 profecerimus
1117 3788 1302 3827 nomen
1331 3761 1478 3825 aiunt
1499 3770 1525 3824 7
1560 3779 1610 3826 et
1638 3776 1878 3838 ponentes
1903 3767 1960 3822 in

364 3871 523 3935 altari
534 3886 643 3924 meo
668 3885 824 3941 panes
854 3869 1098 3944 pollutos,
1126 3875 1177 3921 et
1202 3866 1442 3922 dixistis:
1467 3863 1533 3920 In
1554 3880 1653 3935 quo
1673 3864 1956 3935 polluimus

364 3961 520 4016 illos}
548 3962 603 4015 in
624 3977 682 4016 eo
712 3957 774 4014 ut'
796 3959 1030 4027 diceretis
1052 3974 1070 4013 :
1092 3957 1277 4019 Mensa
1319 3958 1526 4014 Domini
1554 3955 1815 4027 benedicta
1855 3952 1952 4022 est,

362 4066 412 4110 et
436 4070 561 4132 quia!
575 4052 1047 4125 superponebantur
1062 4050 1370 4122 annullastis
1393 4048 1648 4122 (Maleoa.
1682 4049 1745 4118 ι).
1779 4047 1847 4103 Et
1880 4048 1957 4103 ita

361 4149 415 4204 in
445 4149 698 4209 omnibus
722 4146 1004 4217 Brophetis
1046 4145 1311 4208 invenies,
1340 4145 1592 4214 quoniam
1629 4143 1676 4198 si
1705 4158 1947 4198 commu-

359 4241 638 4307 nicassent
683 4242 765 4297 eis
819 4255 959 4311 quos
1001 4240 1173 4295 tantis
1218 4236 1445 4295 vocibus
1488 4238 1946 4304 condemnabam,

359 4336 821 4410 prmvaricationis
849 4335 1053 4391 crimen
1086 4335 1446 4389 incurrerent.
1476 4331 1633 4400 Quod
1654 4347 1783 4408 ergo
1811 4332 1952 4386 inter

356 4449 453 4488 eos
475 4443 628 4488 erant
656 4428 1100 4486 commorationis
1143 4426 1263 4492 fuit,
1295 4441 1403 4486 non
1441 4425 1856 4481 conununiouis.
1888 4423 1950 4478 ln

354 4527 724 4586 defensionem
767 4519 971 4581 deinde
1011 4521 1235 4588 sceleris
1284 4518 1369 4574 sui
1417 4517 1796 4575 auctbritatem
1843 4517 1948 4573 sibi

2071 3304 2183 3358 nio.
2214 3303 2511 3373 Apostolus
2539 3305 2686 3360 enim
2711 3304 2782 3361 de
2804 3304 3094 3376 gentilibus
3116 3320 3306 3376 agens,
3338 3313 3394 3367 et
3418 3303 3663 3367 intredu-

2067 3399 2151 3454 los
2173 3400 2485 3467 increpans,
2503 3400 2580 3454 ita
2603 3402 2811 3457 locutus
2833 3411 2914 3457 est
2932 3401 3151 3457 dicens:
3182 3401 3509 3457 Reoelabitur.
3527 3403 3660 3457 etsist

2063 3494 2145 3547 ira
2175 3490 2271 3548 Dei
2301 3493 2366 3547 de
2406 3495 2531 3550 melo
2570 3511 2724 3567 super
2763 3513 2964 3551 omnem
3007 3473 3323 3567 impietatem
3370 3508 3420 3552 et
3449 3496 3659 3565 iniustis

2063 3587 2188 3640 tiam
2211 3589 2475 3642 hominum
2501 3605 2677 3643 eorum
2701 3589 3073 3662 quipcritatem
3096 3589 3192 3646 Dei
3215 3591 3270 3644 in
3287 3590 3540 3661 injustitia
3570 3589 3659 3644 de:

2064 3681 2256 3746 tinent;
2283 3683 2527 3752 quoniam
2557 3681 2695 3751 quod
2723 3682 3064 3753 cognoscibile
3082 3692 3154 3740 est
3183 3681 3302 3753 Dei,
3325 3668 3658 3754 manifestus

2048 3781 2137 3832 ,σει
2175 3773 2300 3827 illis.
2334 3770 2631 3839 Βειιεεηίηι
2662 3774 2779 3828 illis
2798 3776 3159 3846 marsifestauit.
3197 3775 3406 3830 Etenim
3447 3759 3656 3845 queis.

2059 3863 2280 3918 uisibilia
2320 3874 2439 3918 sunt
2471 3865 2586 3936 ejus
2611 3882 2642 3919 a
2690 3867 3048 3923 constitutione
3074 3868 3255 3924 mundi
3277 3910 3289 3934 ,
3319 3884 3412 3938 per
3439 3868 3514 3922 ἐς
3541 3883 3655 3936 Μ

2060 3958 2198 4026 facta
2222 3965 2341 4011 sunt
2368 3957 2628 4014 intellecta
2655 3959 3061 4029 conspiciuntur.
3103 3959 3434 4029 Sempiterna
3459 3973 3655 4029 quoque

2057 4049 2217 4104 uirtus
2244 4051 2354 4120 ejus
2379 4063 2424 4105 et
2452 4049 2691 4109 diuinitas
2716 4092 2730 4117 ,
2761 4051 2838 4108 ita
2863 4061 2918 4111 ut
2945 4051 3048 4111 sint
3069 4052 3447 4120 inexcusabites
3477 4067 3494 4116 ξ
3533 4050 3654 4121 quia

2056 4157 2171 4195 cum
2209 4143 2562 4214 cognovissent
2597 4142 2766 4201 Deum
2791 4186 2805 4210 ,
2847 4162 2951 4203 non
2979 4154 3035 4200 ut
3063 4144 3230 4207 Deum
3275 4146 3649 4216 honoriﬁcaaea

2055 4245 2214 4301 runt,
2243 4246 2335 4319 aut
2364 4240 2554 4308 gratias
2585 4250 2821 4312 egerunt,
2847 4242 2938 4297 sed
2956 4234 3275 4313 evanuerunt
3301 4241 3356 4302 in
3381 4241 3649 4312 cogitatiae

2056 4329 2208 4383 nibus
2237 4331 2343 4384 suis
2367 4375 2381 4398 ,
2418 4341 2467 4386 et
2491 4333 2867 4390 intenebratum
2896 4344 2968 4392 est
2995 4334 3244 4401 insipiens
3288 4349 3378 4387 cor
3419 4333 3645 4399 illorum.

2056 4421 2296 4478 Dicentes
2328 4429 2461 4479 enim
2482 4444 2535 4482 se
2564 4443 2671 4481 esse
2695 4409 2952 4498 sapientes
2975 4472 2990 4497 ,
3018 4428 3265 4499 infamati
3292 4436 3450 4499 sunt,
3482 4436 3529 4482 et
3553 4428 3647 4484 im:

2053 4526 2380 4571 mutaverunt
2422 4519 2706 4572 claritatem
2748 4521 3050 4599 incorrupti
3081 4519 3181 4579 Dei
3224 4521 3278 4575 in
3305 4520 3645 4584 similitudine

353 4619 604 4692 exemplo
642 4619 795 4676 Judoe
821 4617 1096 4674 traditoris
1135 4611 1437 4680 assumunt,
1467 4628 1578 4686 quo
1605 4628 1728 4669 eum
1756 4612 1945 4668 dicunt
1972 4612 2028 4674 1]
2051 4606 2293 4678 imaginis
2313 4609 2657 4678 corruptibilis
2690 4611 2910 4667 haniinis
2937 4615 2984 4668 et
3012 4614 3279 4676 volucrum
3320 4623 3368 4668 et
3409 4612 3642 4682 quadru-

349 4731 379 4770 a
405 4715 637 4774 Domino
683 4721 740 4768 et
769 4709 1155 4782 prwcognitum
1185 4715 1524 4775 assumptum
1568 4715 1624 4761 et
1669 4704 1942 4776 cognitum

347 4811 662 4874 toleratam,
700 4821 824 4861 cum
871 4804 1060 4874 utique
1100 4801 1219 4881 sine
1243 4799 1558 4871 praeiudicio
1584 4797 1949 4877 prasscientizn

348 4917 464 4958 suat
491 4900 753 4956 Dominus
772 4896 1023 4952 Christus
1049 4874 1242 4950 ludam
1275 4893 1326 4948 in
1351 4893 1723 4970 apostolorum
1752 4874 1942 4946 nume-

346 5012 468 5054 rum
493 4991 871 5065 assumpserit,
894 4988 1172 5062 cognitum
1202 4995 1382 5048 autem
1412 4986 1541 5050 sibi,
1571 4999 1679 5045 non
1707 4983 1938 5039 homini-

344 5093 467 5158 bus,
515 5091 617 5146 hac
659 5088 874 5144 ratione
905 5083 1215 5157 pertulerit,
1239 5091 1441 5153 qua-et
1487 5078 1652 5155 hodie
1691 5077 1936 5150 perferre

341 5183 554 5242 videtur
565 5180 826 5237 occultos.
842 5171 1114 5247 Scriptum
1133 5182 1218 5230 est
1237 5173 1382 5230 enim
1403 5191 1414 5227 :
1436 5170 1564 5240 Quae
1589 5172 1794 5227 occulta
1814 5179 1935 5226 sunt

338 5276 487 5345 mihi,
515 5291 629 5345 qua:
649 5274 924 5345 manifesta
943 5270 1087 5326 vobis
1109 5277 1154 5339 et
1185 5269 1308 5338 ﬁliis
1332 5268 1510 5322 vestris
1541 5265 1722 5339 (Deut.
1754 5266 1929 5336 xxxx).

337 5373 394 5430 In
422 5372 652 5428 Psalmis
684 5388 698 5424 :
732 5367 920 5425 Nonne
937 5365 1078 5422 Deus
1115 5365 1337 5435 inquiret
1363 5362 1504 5416 ista?
1526 5359 1649 5433 Ipse
1667 5358 1814 5416 enim
1834 5359 1935 5413 scit

335 5464 547 5521 latentia
595 5459 763 5517 cordis
791 5457 962 5533 (Psal.
1018 5454 1194 5528 run).
1249 5454 1304 5508 In
1365 5453 1676 5524 Regnorum
1710 5469 1724 5507 :
1758 5449 1930 5506 Homo

331 5561 466 5615 uidet
493 5561 548 5612 in
581 5555 733 5628 facie,
769 5552 908 5607 Deus
936 5560 1107 5606 autem
1130 5547 1270 5605 videt
1293 5548 1346 5602 in
1373 5546 1528 5601 corde
1551 5546 1594 5617 (i
1623 5545 1755 5619 Reg.
1787 5544 1923 5613 su).

330 5651 400 5706 Et
430 5653 483 5706 in
512 5645 836 5720 Apocalypsi
869 5662 880 5698 :
908 5641 978 5698 Et
1010 5642 1171 5698 'scient
1194 5656 1370 5696 omnes
1399 5637 1651 5694 Ecclesia
1685 5637 1927 5709 quoniam

330 5760 424 5813 ego
454 5759 568 5799 sum
592 5748 845 5796 scrutator
877 5751 1057 5792 renum
1080 5743 1129 5790 et
1156 5733 1330 5789 cordis
1358 5732 1543 5806 (Apoc.
1579 5731 1731 5802 xvn).
1757 5729 1922 5784 Deni-

339 5850 444 5905 que
470 5833 705 5892 Domine
741 5846 866 5890 cum
889 5828 1172 5899 discipulis
1211 5825 1562 5885 recumbente
1585 5833 1638 5881 et
1665 5824 1880 5882 dicente
1904 5839 1918 5879 :

2050 4701 2238 4771 pedum
2266 4710 2313 4754 et
2339 4712 2649 4771 serpentum.
2678 4699 2902 4786 P-rOpler
2917 4705 3055 4774 quod
3084 4705 3297 4774 tradidit
3343 4706 3465 4773 illos
3507 4703 3644 4760 Deus

2047 4795 2102 4847 in
2163 4796 2577 4864 concupiscentia
2624 4796 2793 4851 cordis
2851 4795 3062 4864 illorum
3119 4799 3176 4853 in
3261 4797 3640 4872 immunditiam

2048 4886 2225 4958 (Rom.
2256 4887 2321 4961 ι).
2351 4885 2504 4945 Unde
2520 4888 2814 4950 secundum
2847 4887 2989 4948 hunc
3018 4903 3241 4955 sensum
3269 4893 3434 4961 etiam
3465 4891 3640 4961 gentis

2046 4979 2179 5036 lium
2231 4979 2505 5058 inquinata
2549 4981 2810 5052 mysteria
2862 4995 2926 5040 se
2982 4981 3263 5052 suscipere
3293 4983 3633 5053 proﬁtentur.

2046 5072 2229 5129 Secuti
2255 5083 2438 5129 autem
2464 5085 2594 5129 sunt
2627 5089 2874 5133 errorem
2909 5088 3068 5131 suum
3096 5066 3522 5148 evident_iSSimis
3547 5090 3638 5132 αρτ

2045 5167 2326 5236 cumulare
2354 5167 2685 5238 blasphemis
2707 5211 2722 5237 ,
2754 5183 2861 5239 quo
2890 5168 3075 5230 dicant
3096 5183 3193 5228 eos
3217 5169 3308 5239 qui
3354 5168 3636 5228 barreticoa

2044 5258 2164 5315 rum
2193 5260 2456 5331 baptisma
2476 5248 2789 5343 reprobant,
2818 5276 2984 5332 posse
3004 5260 3285 5327 Christum
3313 5261 3631 5333 reprobare,

2043 5355 2186 5426 quod
2219 5371 2342 5410 eum
2366 5357 2632 5412 daemonia
2661 5355 2911 5414 confessa
2940 5371 3087 5416 sunt.
3116 5359 3230 5418 Hoc
3259 5359 3381 5416 loco
3410 5373 3514 5417 non
3540 5374 3630 5414 50-.

2041 5449 2150 5506 tum
2205 5462 2518 5507 sanctorum
2569 5457 2868 5525 martyr-um
2913 5453 3151 5527 decretis
3194 5453 3460 5514 insultant
3488 5496 3503 5522 ,
3531 5452 3627 5521 sed

2040 5546 2213 5616 magis
2243 5548 2415 5617 parati
2436 5555 2562 5602 sunt
2585 5545 2975 5604 daemoniorum
3009 5550 3134 5620 quia
3172 5547 3454 5621 Christum
3496 5562 3624 5614 con-

2033 5637 2166 5694 fessi
2193 5638 2338 5706 sunt,
2374 5642 2741 5698 communioni
2770 5643 3017 5708 misceri:
3044 5642 3202 5712 Quod
3230 5653 3413 5700 autem
3443 5642 3626 5710 subtili

2032 5728 2301 5790 brevitate
2329 5735 2433 5790 ista
2477 5735 2724 5814 dixerunt
2753 5778 2767 5804 ,
2795 5753 2917 5794 eum
2941 5780 2956 5806 ,
3012 5725 3103 5810 qui
3153 5737 3289 5796 foris
3319 5739 3621 5812 baptizatus

2029 5824 2195 5883 fuerit
2221 5827 2421 5899 suscipi
2453 5828 2655 5887 debere
2678 5871 2695 5900 ,
2724 5844 2835 5888 non
2863 5837 2923 5894 ut
2949 5830 3093 5902 quod
3122 5829 3283 5906 deest
3320 5831 3462 5891 adsit
3523 5829 3618 5900 seti
