3860 6212
294 264 432 320 Ηιὸ

1215 264 1438 328 GESTA
1481 263 1931 327 COLLATIONIS
1968 266 2589 333 CARTHAGINENSIS.

3432 271 3565 330 NH

290 392 351 437 ut
379 381 519 453 quod
549 382 687 438 inest
718 383 928 453 prosit,
954 383 1007 437 in
1035 389 1263 452 utroque
1316 397 1375 437 se
1406 384 1551 451 ipsos
1581 380 1877 439 circumve-
1904 398 1953 456 Α
1982 387 2170 456 quibus
2203 387 2301 441 ista
2331 386 2529 457 ﬂagitia
2562 384 2919 456 prohibentur
2944 426 2957 451 ,
2991 384 3324 456 superﬂuum
3356 386 3425 441 sit
3472 390 3566 441 dn-

294 479 441 531 nisse
472 484 864 531 monstrantur.
904 474 1096 529 Omnia
1123 474 1268 528 enim
1299 472 1416 533 hcce
1441 515 1454 539 ,
1490 484 1547 527 ut
1576 490 1737 543 supra
1772 474 1882 529 dic-

294 577 405 625 tutn
425 578 529 638 est,
560 580 873 625 sanctorum
894 577 1197 640 martyrum
1223 568 1506 625 sententiis
1528 581 1877 627 evacuantur.

291 662 451 718 Unde
480 664 625 719 enim
655 663 769 719 ﬁeri
802 672 1020 734 potest,
1052 662 1097 717 si
1132 678 1233 717 una
1262 671 1346 718 est
1385 663 1625 722 Ecclesia
1657 673 1711 718 et
1739 663 1881 720 indi-

290 755 440 811 visus
461 766 545 811 est
576 754 826 812 Christus
853 797 869 823 ,
902 765 959 809 ut
983 754 1117 810 loris
1145 755 1353 825 positus
1383 757 1713 827 baptismum
1755 773 1882 814 cnn-

289 846 598 917 scquatur?
646 847 801 914 Quod
844 862 973 902 vero
1026 846 1130 903 sibi
1173 862 1205 901 a
1244 849 1401 904 nobis
1449 848 1614 919 objici
1654 850 1879 917 dicunt,

294 939 487 995 Manus
513 941 612 997 cito
639 941 829 995 nemini
865 941 1168 1011 imposueris
1188 981 1203 1008 ,
1235 957 1397 1013 neque
1431 943 1882 998 communicaveris

293 1018 513 1103 peccatis
550 1033 731 1088 alienis
778 1032 1001 1107 (lTim.
1035 1034 1125 1112 v),
1177 1044 1231 1089 et
1283 1037 1437 1106 quasi
1487 1035 1881 1105 respondentes

292 1136 587 1182 occurrunt
633 1126 876 1182 moribus
922 1126 1099 1197 potius
1168 1127 1369 1184 debere
1423 1129 1675 1186 homines
1719 1144 1881 1200 quam

293 1235 525 1292 corpore
550 1220 824 1291 separari,
874 1219 941 1275 ad
974 1221 1074 1276 hoc
1102 1236 1209 1276 non
1240 1222 1401 1278 modo
1441 1222 1685 1279 moribus
1706 1266 1721 1287 ,
1782 1222 1879 1278 sed

295 1314 459 1371 etiam
500 1328 727 1390 corpore
747 1329 776 1369 a
808 1313 963 1369 malis
990 1313 1192 1372 debere
1215 1314 1450 1388 disjungi
1480 1316 1664 1376 multis
1691 1316 1875 1372 admo-

294 1409 426 1465 dum
458 1409 781 1487 testimoniis
803 1410 1069 1480 legalibus
1089 1411 1471 1481 approbamns.
1502 1411 1560 1466 in
1582 1410 1833 1467 Numeris
1860 1426 1875 1463 :

298 1501 564 1557 Discedite
590 1519 621 1556 a
650 1503 988 1559 tabernaculis
1033 1503 1297 1558 hominum
1322 1506 1535 1560 istorum
1580 1506 1881 1560 durissimo-

298 1612 437 1661 rwn,
470 1606 593 1651 etne
612 1598 870 1669 tetigeritis
898 1597 961 1651 ob
990 1601 1222 1655 omnibus
1245 1616 1357 1670 quae
1379 1611 1495 1655 sunt
1523 1601 1617 1667 eis,
1639 1617 1702 1655 ne
1727 1600 1881 1655 simul

301 1688 521 1756 pereatis
546 1699 592 1741 et
617 1703 701 1741 vos
726 1689 780 1741 in
800 1687 1030 1743 omnibus
1057 1691 1275 1759 peccatis
1314 1707 1487 1745 eorum
1520 1690 1707 1761 (Num.
1741 1690 1878 1762 xvi).

1983 491 2230 534 cumcnta
2264 482 2617 549 subnectere,
2661 496 2781 537 cum
2826 480 2953 539 talia
2995 496 3095 539 nec
3126 479 3409 538 mundanis
3439 479 3569 551 legi-

1986 571 2083 626 bus
2114 574 2514 641 permittantur,
2547 574 2676 629 satis
2705 575 2773 629 sit
2798 589 2986 639 eorum
3012 588 3107 629 nos
3134 574 3309 629 errori
3345 587 3571 642 respon-

1984 664 2159 730 disse,
2216 675 2270 721 et
2296 683 2411 735 qua:
2444 666 2716 736 superﬂuo
2740 667 3176 737 responderunt,
3205 666 3400 723 divinis
3421 668 3572 727 testi-

1985 759 2181 814 moniis
2210 758 2427 817 eluisse.
2460 758 2529 813 Et
2549 760 2653 817 alia
2674 776 2852 814 manu.
2884 760 3141 817 Dominus
3169 768 3221 817 te
3244 760 3567 818 incolumem

1984 861 2273 907 conservet
2298 895 2312 919 ,
2338 854 2479 923 quod
2509 863 2778 923 Optamus.
2816 854 3075 911 Recitavi.

2057 943 2180 1000 9.59.
2232 943 2564 1000 Marcellinus
2591 947 2667 1000 uir
2690 946 3250 1018 clurissimustribuntts
3267 957 3315 1006 et
3336 946 3569 1006 notarius

1984 1037 2135 1094 dixit.
2166 1035 2224 1091 ld
2255 1038 2398 1108 quod
2426 1038 2627 1094 lectum
2671 1044 2756 1095 est
2798 1039 2964 1111 gestis
3003 1040 3360 1111 praesentibus
3388 1041 3571 1101 adita:-

1985 1129 2142 1185 rcbit.
2186 1129 2254 1184 Et
2281 1131 2489 1203 adjecit.
2514 1130 2583 1187 Et
2632 1108 3127 1203 quoniam'inihoc
3172 1108 3447 1203 praebitam
3478 1150 3573 1204 pas-

1983 1222 2223 1283 tientiam
2252 1233 2504 1289 constat,
2564 1238 2627 1279 ea
2653 1239 2793 1296 lquas
2815 1222 3016 1283 dudum
3045 1233 3171 1282 sunt
3219 1223 3397 1286 oblata
3439 1224 3574 1296 reci-

1983 1326 2193 1383 tentur;
2221 1327 2273 1374 et
2300 1317 2365 1374 ad
2398 1319 2514 1375 haec
2559 1319 2739 1390 opinia
2770 1335 2893 1392 pars
2917 1335 2949 1376 e
2975 1320 3194 1377 diverso
3221 1320 3576 1377 sistens—res-

1983 1409 2217 1479 pondere
2245 1419 2486 1481 cogatur.

2052 1500 2177 1559 260.
2221 1499 2481 1558 Emeritus
2528 1503 2800 1575 episcopus
2851 1504 2999 1563 dixit.
3042 1499 3206 1585 'Prius
3254 1502 3573 1567 testimoniis

1982 1595 2287 1650 testimonia
2315 1598 2611 1653 revincant.
2643 1597 2794 1653 Tunc
2818 1597 2885 1653 ad
2905 1614 2971 1654 ea
3002 1613 3119 1668 quas
3149 1597 3455 1657 sublimitas.
3484 1604 3573 1658 tua

1977 1686 2298 1756 judicarerit
2337 1690 2657 1751 veniendum
2690 1700 2794 1746 est.
2842 1689 2913 1744 Et
2943 1692 3047 1748 alia
3085 1707 3263 1749 manu.
3295 1691 3573 1759 "Emeritos

292 1780 427 1835 Item
458 1779 650 1836 Esaias
677 1797 690 1833 :
721 1778 1000 1847 Discedite,
1026 1782 1157 1835 exite
1177 1782 1294 1836 inde
1320 1824 1335 1855 ,
1359 1794 1405 1838 et
1434 1783 1754 1845 immundum
1782 1798 1875 1836 no-
1910 1795 1957 1854 Β
1984 1779 2268 1850 episcopus
2293 1780 2439 1835 salva
2470 1781 3157 1852 appellationezrccognovi.

290 1873 381 1928 lite
421 1884 625 1939 tangere
652 1890 665 1925 :
700 1871 962 1928 Discedite
988 1874 1051 1933 de
1074 1873 1245 1929 medio
1273 1891 1446 1929 eorum
1469 1876 1556 1945 qui
1588 1874 1731 1946 fertis
1763 1889 1885 1928 vasa

287 1965 501 2043 Domini
549 1969 682 2039 (lsa.
717 1964 837 2038 ut).
875 1967 1005 2023 Item
1056 1970 1392 2041 Apostolus:
1451 1969 1554 2039 Vos
1606 1968 1737 2024 enim
1769 1964 1900 2023 estis

289 2059 537 2129 templum
562 2058 659 2114 Dei
687 2060 801 2126 uiui.
833 2057 973 2114 Dicit
1000 2061 1136 2120 enim
1171 2062 1279 2130 ipse
1313 2077 1331 2115 :
1364 2060 1619 2129 Quoniam
1646 2060 1883 2123 habitabo

287 2151 346 2208 in
369 2152 471 2217 eis,
503 2159 552 2221 et
584 2152 635 2217 in
662 2151 734 2219 eis
757 2150 1026 2221 antbulabo
1044 2191 1061 2219 ,
1103 2161 1150 2206 et
1178 2168 1263 2222 ero
1285 2152 1489 2207 illorum
1515 2152 1654 2220 Deus
1672 2195 1684 2216 ,
1714 2162 1759 2205 et
1782 2152 1883 2221 ipsi

287 2252 440 2297 erunt
487 2241 612 2297 mihi
651 2241 873 2314 populus
920 2259 1079 2309 meus.
1136 2241 1358 2314 Propter
1388 2244 1525 2315 quod
1554 2243 1795 2298 discedite
1822 2243 1884 2297 de

288 2336 458 2391 medio
486 2352 662 2394 eorum
683 2345 729 2390 et
751 2334 1060 2407 separomini
1079 2374 1095 2403 ,
1124 2345 1171 2389 et
1196 2335 1511 2389 immundum
1549 2352 1610 2389 ne
1662 2334 1884 2406 tetigeri-

288 2430 379 2498 tis,
397 2439 445 2501 et
469 2446 559 2501 ego
586 2429 828 2497 recipiant
858 2444 945 2482 vos
973 2468 991 2505 η
1040 2437 1087 2482 et
1121 2444 1209 2483 ero
1229 2428 1365 2485 vobis
1393 2429 1445 2482 in
1485 2438 1699 2496 patrem,
1727 2437 1773 2480 et
1794 2443 1883 2480 vos

291 2524 434 2579 eritis
460 2524 587 2577 mihi
615 2524 669 2577 in
698 2512 834 2593 ﬁlios
864 2531 911 2587 et
939 2522 1115 2590 ﬁlias,
1135 2522 1257 2575 dicit
1283 2520 1536 2575 Dominus
1566 2507 1883 2590 om’nipotens

290 2613 526 2686 (il'Cor.
564 2615 677 2686 vt).
713 2612 845 2668 Illud
872 2628 1003 2669 vero
1031 2613 1186 2685 quale
1235 2626 1318 2669 est
1341 2654 1357 2681 ,
1402 2622 1460 2669 ut
1505 2628 1628 2669 cum
1665 2627 1763 2667 nos
1801 2612 1882 2667 eis

290 2706 613 2777 objiciamus
661 2704 1060 2777 persecutiones
1120 2713 1178 2761 et
1227 2704 1489 2761 immanes
1535 2704 1882 2759 crudelitates

289 2798 492 2868 quibus
524 2798 625 2868 ipsi
652 2807 706 2852 et
744 2796 977 2873 majores
1006 2810 1322 2872 eorunrnos
1351 2805 1639 2868 patresque
1665 2808 1882 2851 nostros

292 2905 393 2961 per
413 2906 587 2946 annos
626 2898 843 2947 centum
874 2885 956 2939 vel
986 2888 1217 2959 amplius
1245 2890 1363 2945 sine
1402 2890 1708 2945 cessatione
1736 2888 1880 2942 afﬂi-

293 2966 479 3037 aerint
508 2992 670 3052 atque
721 2977 1042 3041 vexaverint
1074 3025 1087 3050 ,
1145 2982 1222 3037 illi
1272 2982 1376 3036 isto
1419 2995 1526 3037 non
1558 2981 1882 3043 erubescant

298 3074 557 3145 suffragio
581 3118 594 3143 ,
615 3077 757 3151 quod
784 3077 967 3148 dicant
989 3077 1055 3132 ab
1082 3076 1348 3145 aliquibus
1375 3086 1681 3141 ItOSerI‘tlm
1710 3073 1880 3128 Maxi-

2057 1869 2183 1933 261.
2229 1871 2545 1944 Augustinus
2572 1874 2839 1945 episcOpus
2860 1871 3107 1932 Ecclesia
3129 1873 3393 1933 catholij
3420 1872 3571 1937 dixit.

1984 1962 2240 2019 Permitte
2266 1978 2384 2032 nos,
2414 1963 2492 2021 vir
2518 1965 2762 2023 sublimis
2788 2007 2801 2031 ,
2835 1981 2932 2035 pro
2978 1979 3134 2029 causa
3162 1964 3421 2025 Ecclesia!
3468 1978 3573 2029 non

1984 2056 2183 2113 diutius
2222 2058 2509 2127 superﬂuis
2550 2059 2845 2115 immorari.
2903 2058 3078 2130 Atque
3132 2058 3332 2128 utinam
3380 2059 3573 2119 fratres

1985 2149 2151 2207 nostri
2180 2164 2211 2203 e
2238 2149 2451 2207 diverso
2481 2150 2736 2209 sistentes
2773 2151 2910 2211 banc
2948 2150 3228 2220 epistolam
3276 2160 3401 2203 ante
3449 2150 3569 2205 illos

1984 2254 2171 2299 omnes
2219 2242 2540 2300 moratorios
2588 2257 2869 2306 sermones
2923 2256 3052 2306 suos
3096 2241 3487 2317 protulissetit,
3517 2248 3575 2296 ut

1981 2332 2091 2401 iam
2139 2332 2206 2389 de
2249 2333 2522 2399 Ecclesia,
2556 2334 2701 2396 unde
2737 2348 2896 2399 causa
2927 2334 3187 2401 vertitur,
3218 2333 3418 2404 aliquid
3449 2347 3577 2404 age-

1985 2438 2184 2480 remus.
2222 2424 2618 2484 Animadvertit
2662 2440 2791 2497 ergo
2822 2425 3072 2491 nobilitas
3100 2435 3187 2491 tua
3219 2426 3273 2493 in
3311 2426 3411 2492 bac
3452 2424 3573 2496 epi-

1987 2516 2123 2573 stola
2151 2516 2519 2589 dnoquaedam
2544 2533 2742 2589 genera
2774 2518 2858 2583 vel
2886 2518 3255 2589 objectionum
3276 2517 3359 2584 vel
3388 2532 3570 2573 rerum

1985 2612 2184 2667 inserta
2208 2612 2404 2682 quibus
2428 2613 2760 2683 respondere
2789 2613 3080 2670 debeamus
3100 2655 3116 2681 ,
3150 2629 3312 2681 unum
3340 2612 3407 2679 de
3434 2612 3570 2684 divi-

1985 2705 2068 2759 nis
2092 2705 2375 2775 scripturis
2416 2715 2470 2760 et
2520 2717 2726 2764 sancta:
2773 2706 2905 2777 legis
2934 2708 3163 2777 eloquiis
3187 2749 3201 2774 ,
3234 2708 3458 2767 alterum
3501 2709 3570 2764 de

1984 2796 2448 2855 criminationibus
2469 2798 2752 2866 humanis,
2783 2815 2903 2871 qua
2932 2800 3236 2870 objicieuda
3268 2801 3451 2870 nescio
3474 2802 3568 2871 qui

1988 2888 2304 2955 invidiosius
2351 2885 2544 2960 potius.
2571 2895 2731 2961 quam"
2758 2890 2937 2949 verius
2967 2900 3309 2961 putaverunt.
3338 2889 3419 2968 Ad
3456 2890 3574 2951 bace

1986 2982 2094 3051 duo
2134 2983 2318 3053 paucis
2360 2984 2403 3039 si
2436 2984 2697 3053 Dominus
2741 2984 3041 3055 adjuverit,
3082 2983 3568 3055 respondebimus,

1986 3077 2149 3149 316
2178 3093 2244 3133 ne
2276 3078 2542 3148 prolixum
2571 3080 2881 3137 sermonem
2926 3087 3091 3137 tantae
3128 3079 3417 3150 prolixitati
3446 3078 3571 3142 red--

292 3168 562 3245 mianistis
607 3169 772 3226 fuisse
826 3171 1229 3241 persecutiones
1269 3170 1443 3227 illatas
1467 3210 1480 3232 ,
1521 3184 1644 3223 cum
1696 3170 1879 3239 utique
1905 3174 1950 3236 Ο
1984 3172 2193 3228 damus.
2224 3171 2464 3237 Quiestio
2491 3184 2571 3227 est
2597 3172 2665 3229 de
2685 3171 2925 3229 Ecclesia
2952 3182 3129 3229 utrum
3156 3173 3444 3242 permixtos
3460 3186 3573 3236 ma-

292 3263 457 3333 longe
485 3264 628 3330 aliud
661 3268 733 3318 sit
764 3274 1015 3333 usurpata
1046 3262 1424 3317 Ecclesiastica
1457 3271 1511 3317 et
1556 3275 1880 3330 compaupe-

290 3370 417 3411 rum
463 3356 695 3413 civiliter
724 3366 971 3427 repetere
1000 3354 1238 3409 voluisse
1270 3396 1283 3426 ,
1317 3369 1415 3409 nec
1438 3353 1607 3408 ullum
1636 3352 1702 3407 ad
1731 3366 1879 3407 com-

290 3449 609 3505 munionem
643 3459 884 3507 nostram
927 3449 1202 3505 nolentem
1237 3446 1572 3516 invitumque
1599 3446 1876 3514 coegisse,

290 3540 357 3597 et
385 3541 530 3597 aliud
575 3540 647 3597 sit
692 3552 883 3612 aperto
930 3540 1116 3595 furore
1162 3556 1258 3612 per
1287 3540 1595 3609 universum
1624 3537 1877 3608 populum

292 3634 667 3701 Christianum
698 3634 879 3690 omnia
912 3635 1067 3695 mala
1103 3633 1395 3689 crudeliter
1443 3646 1717 3703 exercere.
1751 3629 1879 3695 Quis

298 3726 446 3781 enim
471 3727 674 3783 nesciat
704 3727 835 3781 istos
860 3726 1146 3781 traditores
1163 3736 1642 3797 persecutoresque
1665 3734 1879 3779 nostros

293 3820 365 3874 ab
393 3820 510 3890 ipso
538 3820 763 3876 exordio
808 3820 1178 3887 condemnata.-
1212 3817 1515 3873 traditionis
1562 3817 1880 3872 commenti-

290 3910 384 3964 tiis
406 3911 658 3981 precibus
684 3908 892 3963 cunctis
934 3911 986 3965 in
1018 3920 1257 3964 nostram
1293 3922 1479 3963 necem
1506 3907 1666 3977 hujus
1693 3906 1878 3962 saeculi

292 4002 628 4073 principibus
658 4003 1026 4073 supplicasse,
1059 4011 1223 4072 atque
1246 4002 1313 4056 ad
1344 4017 1494 4057 suam
1536 4002 1877 4065 communio-

291 4109 420 4149 nem
452 4104 638 4149 contra
672 4095 764 4150 Dei
792 4106 1057 4166 praecepta
1090 4095 1250 4151 minis
1290 4106 1345 4151 et
1394 4094 1880 4167 proscriptionibus

299 4186 655 4242 coarctasse?
699 4185 844 4252 Nam,
890 4195 948 4242 ut
1011 4189 1321 4242 omittamus
1374 4196 1606 4259 quantus
1657 4184 1878 4257 sanguis

293 4278 636 4343 Christianus
682 4279 885 4335 eli'usus
933 4278 998 4333 sit
1047 4295 1146 4350 per
1194 4280 1518 4347 Leontium,
1569 4276 1876 4346 Ursatium,

291 4376 583 4443 Macarium
609 4416 625 4444 ,
659 4375 883 4445 Paulum
911 4415 927 4441 ,
960 4374 1257 4437 Taurinum
1280 4416 1293 4439 ,
1334 4374 1634 4429 Romanum
1664 4413 1677 4438 ,
1719 4382 1879 4427 emta-

291 4484 496 4540 rosque
518 4480 865 4526 exsecutores
892 4484 1030 4540 quos
1061 4469 1114 4523 in
1141 4476 1454 4523 sanctorum
1473 4480 1659 4522 necem
1682 4480 1711 4519 a
1731 4466 1878 4541 prin-

1986 3262 2068 3317 los
2094 3277 2263 3332 usque
2290 3261 2345 3317 in
2373 3262 2534 3318 linetn'
2567 3263 2813 3318 habitura
2841 3264 3095 3334 praedicta
3122 3272 3226 3330 est,
3255 3277 3321 3325 an
3353 3262 3573 3324 cumino

1989 3370 2177 3428 omnes
2210 3356 2380 3410 bonos
2404 3397 2419 3424 ,
2460 3371 2649 3411 omnes
2676 3364 2895 3413 sanctos
2921 3364 3078 3426 atque
3122 3354 3489 3420 immaculatos
3520 3353 3572 3410 in

1988 3446 2091 3502 boc
2114 3448 2316 3501 saeculo
2335 3489 2349 3514 ,
2381 3450 2484 3502 isto
2514 3450 2677 3503 etiam
2706 3461 2951 3520 tempore
2978 3463 3146 3517 usque
3175 3448 3228 3520 in
3260 3447 3421 3511 linem.
3447 3447 3574 3511 ulti-

1987 3556 2137 3594 mum
2191 3540 2401 3595 saeculi.
2458 3540 2695 3610 Utraque
2743 3540 3047 3604 testimonia
3099 3540 3280 3604 divina
3328 3551 3488 3606 sunt;
3521 3550 3575 3595 et

1983 3632 2169 3702 utique
2224 3632 2579 3701 repugnantia
2609 3646 2731 3687 esse
2779 3646 2886 3689 non
2936 3631 3165 3697 debent,
3208 3647 3309 3687 nec
3351 3634 3573 3689 omnino

1984 3733 2228 3793 possunt,
2253 3724 2296 3777 si
2330 3722 2719 3777 intellectorem
2749 3722 3053 3781 inveniant.
3082 3725 3283 3791 Arcam
3309 3737 3430 3788 esse
3472 3724 3575 3791 Ec-

1982 3818 2197 3871 clesiatn
2228 3831 2333 3869 non
2364 3801 2463 3883 ego
2494 3814 2623 3869 dixi.
2659 3813 2779 3871 Non
2821 3814 3102 3887 quisquam
3132 3826 3374 3887 nostrum
3399 3856 3417 3892 η
3469 3816 3567 3873 sed

1984 3908 2330 3978 Evangelium
2360 3908 2626 3977 loquitur,
2658 3907 2748 3963 ubi
2780 3902 3040 3979 scriptum
3064 3918 3148 3970 est
3174 3918 3458 3966 venturum
3480 3908 3571 3982 qui

1984 4000 2342 4056 ventilabrum
2371 4001 2507 4057 ferat
2534 4000 2586 4055 in
2613 4015 2773 4055 manu
2795 4004 2889 4061 Sua
2911 4011 2967 4056 et
2989 4001 3367 4067 mundaturum
3389 4018 3571 4059 arcam

1982 4108 2132 4149 suam
2158 4136 2172 4161 ,
2208 4091 2478 4148 frumenta
2507 4092 2766 4148 recondet
2795 4094 2847 4147 in
2876 4091 3089 4157 horreo.
3118 4093 3188 4148 Et
3238 4111 3353 4152 cum
3382 4094 3573 4151 diceret

1985 4186 2077 4261 (Et
2096 4189 2199 4241 alia
2229 4204 2402 4242 manu.
2430 4185 2785 4256 Recognovi),
2868 4186 2869 4189 “

2053 4279 2179 4335 262.
2222 4277 2479 4333 Emeritus
2522 4279 2789 4350 episcopus
2830 4278 2980 4334 dixit.
3032 4278 3148 4343 Non
3182 4280 3313 4350 legit
3364 4296 3570 4339 aream.

1983 4372 2051 4426 Et
2090 4374 2196 4427 alia
2222 4389 2397 4428 manu.
2429 4372 2699 4429 Emeritos
2718 4374 3004 4444 episcopus
3034 4375 3343 4445 recognovi.
3370 4375 3595 4449 Αιιςιιιεε-⁸

1983 4467 2117 4519 tinus
2172 4466 2442 4536 episcopus
2496 4464 2747 4520 Ecclesia:
2809 4466 3075 4522 catholica:
3138 4467 3287 4524 dixit.
3337 4468 3575 4533 Joannes

287 4561 503 4632 cipibus
531 4563 712 4616 ειυευιὶ
758 4570 1103 4626 meruerunt,
1150 4559 1365 4630 quando
1391 4558 1606 4627 plurimi
1650 4571 1874 4627 tenerae
1902 4566 1956 4625 1)
1981 4557 2116 4612 dixit
2148 4574 2160 4611 :
2190 4556 2464 4611 Hundabit
2507 4574 2680 4612 aream
2723 4574 2911 4625 suam,
2960 4562 3220 4629 frumenta
3262 4563 3495 4623 recondet
3520 4564 3577 4619 in

286 4653 489 4708 rabiles
534 4652 846 4717 sacerdotes
876 4652 1060 4715 occisi,
1092 4650 1183 4704 alii
1228 4650 1279 4704 in
1308 4649 1557 4704 exsilium
1605 4648 1871 4718 relegati,

286 4743 669 4811 Christianitas
696 4743 803 4799 late
823 4754 1040 4811 vexata,
1070 4753 1280 4809 sacrata
1307 4752 1546 4814 stuprata
1574 4742 1871 4813 virginitas,

288 4838 577 4911 proscripti
606 4838 820 4904 divites,
853 4837 1064 4909 spoliati
1094 4851 1378 4916 pauperes,
1403 4835 1597 4905 ablatae
1615 4833 1874 4902 basilicas,

285 4939 451 5000 atque
482 4930 587 4984 acti
617 4933 669 4994 in
696 4929 873 5004 fugam
905 4928 1113 4999 profugi
1143 4928 1487 4994 sacerdotes,
1520 4915 1705 4983 nostro
1734 4942 1878 4982 nunc
1920 4963 1925 4973 ι

287 5028 536 5091 tempore
556 5027 752 5091 quanta
784 5019 1154 5078 commiserint
1181 5020 1362 5075 nullus
1394 5021 1625 5091 ignorat.
1655 5017 1881 5097 Episco-

286 5115 376 5187 pis
413 5115 759 5187 ingesserunt
784 5115 1001 5183 exsilia,
1033 5114 1354 5172 Christianis
1377 5113 1702 5185 fugientibus
1742 5128 1882 5197 prte-

289 5209 497 5280 cipitia.
523 5219 913 5282 oppresserunt
936 5209 1188 5279 populos,
1220 5207 1443 5278 praedati
1477 5214 1604 5279 sunt
1625 5194 1871 5277 clericos,

292 5304 610 5360 invaserunt
643 5305 895 5377 basilicas
915 5345 930 5372 ,
985 5304 1283 5359 intulerunt
1310 5299 1619 5360 consentire
1646 5301 1877 5355 nolenti-

259 5387 389 5454 bus
417 5397 640 5469 plagas;
687 5406 967 5479 postremo
1016 5397 1069 5451 in
1126 5411 1235 5450 uno
1287 5404 1493 5450 tantum
1538 5393 1735 5464 oppido
1773 5391 1875 5446 Ba-

287 5491 493 5562 gaiensi
516 5506 699 5547 eoruzn
715 5505 876 5547 causa
897 5490 1188 5545 multorum
1201 5486 1628 5542 Christianorum
1654 5481 1873 5551 sanguis

287 5581 494 5638 cll‘usus
514 5590 631 5648 est,
675 5592 730 5638 et
760 5595 860 5647 nec
887 5583 965 5637 sic
992 5579 1169 5634 satiati
1210 5578 1265 5633 in
1297 5576 1613 5633 hodiernum
1656 5586 1872 5627 cessare

286 5674 528 5728 contenti
571 5682 714 5727 sunt.
747 5670 900 5727 Unde
927 5669 1050 5740 quia
1080 5669 1146 5723 ad
1184 5668 1285 5724 hoc
1317 5676 1477 5722 tantae
1525 5662 1872 5720 immanitatis

286 5778 476 5822 eorum
535 5762 913 5820 acerbissimos
965 5761 1146 5818 titulos
1197 5760 1266 5816 de
1306 5758 1588 5829 scripturis
1635 5753 1867 5822 divinis,

1978 4650 2159 4729 horreo
2185 4648 2401 4721 (Matth.
2448 4665 2547 4717 ιιι,
2582 4649 2688 4716 i2;
2717 4660 2763 4704 et
2792 4640 2930 4705 Luc.
2952 4667 3032 4718 Ill,
3077 4640 3302 4724 17).Ἐι
3346 4670 3463 4713 cum
3490 4655 3574 4712 di-

1980 4752 2117 4799 ceret
2168 4742 2257 4816 (ΕΙ
2286 4745 2394 4798 alia
2421 4759 2595 4798 manu.
2631 4743 2983 4816 Recognovi),
3018 4743 3352 4809 Marcellinus
3378 4748 3453 4814 vir
3468 4750 3575 4804 cla-

1980 4836 2217 4889 rissimus
2242 4834 2477 4907 tribunus
2507 4842 2555 4890 et
2582 4837 2811 4896 notarius
2842 4835 2992 4897 dixit.
3025 4836 3135 4910 Hoc
3165 4837 3315 4908 quod
3334 4839 3575 4909 postulat

1979 4928 2272 5000 relegatur;
2896 4930 2901 4935 ’
3348 4930 3351 4933 λ

2051 5020 2178 5085 265.
2228 5019 2511 5075 Petilianus
2539 5020 2559 5093 (
2589 5009 2696 5076 Aut
2736 5021 2910 5091 potius
2954 5018 3264 5093 Emeritus)
3300 5023 3571 5095 episcopus

1984 5114 2133 5169 dixit.
2187 5112 2265 5168 De
2308 5113 2533 5168 occultis
2582 5113 2687 5167 reis
2717 5113 2817 5169 boc
2864 5111 2998 5167 dixit
3049 5110 3410 5184 Evattgelista,
3458 5130 3569 5182 non

1982 5207 2048 5262 de
2074 5206 2440 5271 evidentibus,
2483 5204 2626 5275 quod
2676 5213 2733 5259 tu
2770 5203 2850 5258 vis
2883 5213 3056 5263 tecum
3088 5218 3208 5267 esse
3242 5206 3561 5283 permiqtos.

1981 5295 2050 5351 Et
2084 5298 2187 5351 alia
2218 5312 2392 5349 manu.
2424 5294 2717 5350 Petilianus
2745 5295 3028 5365 episcopus
3055 5296 3360 5367 recognovi.
3414 5326 3421 5329 -
3628 5294 3632 5297 Α

2047 5384 2171 5461 264.
2216 5386 2532 5456 Augustinus
2550 5385 2823 5457 episcopus
2842 5384 3089 5447 Ecclesite
3117 5388 3382 5451 catholica
3411 5388 3561 5443 dixit.

1980 5478 2291 5534 Prosecutio
2341 5485 2519 5531 nostra
2572 5489 2674 5545 pro
2723 5476 2960 5545 ipsorum
2999 5478 3221 5545 epistola
3276 5477 3557 5543 habeatur.-

1979 5571 2109 5640 Legi
2138 5568 2301 5637 cmpit
2329 5609 2343 5634 ,
2389 5567 2567 5621 nullus
2613 5584 2641 5619 ει
2690 5568 2843 5622 nobis
2890 5568 3093 5622 relatus
3132 5580 3213 5623 est
3264 5572 3558 5641 strepitus,

1979 5660 2123 5718 nulla
2157 5656 2529 5714 interturbatio
2558 5696 2574 5724 ,
2623 5656 2768 5722 nulla
2800 5657 3140 5726 interruptio.
3176 5660 3458 5716 Perinittat
3503 5671 3562 5717 ut

1979 5754 2160 5809 ﬁniam
2201 5747 2351 5820 quod
2375 5748 2515 5819 coepi
2542 5748 2753 5818 eloqui,
2787 5756 2840 5806 et
2865 5747 2943 5811 sic
2989 5750 3332 5820 respondeat.
3378 5751 3561 5820 Quare
