3860 6212
451 162 590 222 Nili

1395 167 1624 228 GESTA
1658 167 2115 234 COLLATIONIS
2151 176 2768 242 CARTHAGINENSIS.

3593 189 3728 248 μισ

351 278 356 282 ’
439 277 730 372 nonnobis
753 278 1088 372 rependitur
1117 279 1259 372 quod
1292 285 1731 372 prterogavimus.
1769 285 2022 341 Animad-
2051 293 2101 350 Α
2131 295 2218 346 tus‘
2245 295 2529 365 episcopus
2559 295 2890 368 recognovli,
2933 295 3253 366 Augustinus
3293 295 3572 372 episcopus
3621 303 3726 358 Ec-

439 366 599 462 γετιξι
641 368 891 462 "omnm
940 376 1050 462 Ni“
1092 370 1406 462 Ρξιίθηρθιη
1454 384 1694 428 ηοειτϐιη
1743 390 1866 430 Cum
1923 388 2028 431 iam
2133 386 2304 441 etesia:
2323 389 2589 443 catholicae
2617 366 2767 444 dicit.
2795 388 3016 458 Quando
3041 366 3574 460 legebaturvepisiola
3605 438 3620 462 ,
3646 397 3724 453 sic

373 527 377 530 ἑ
435 457 590 530 lung'a
623 458 943 552 recitaretur
966 460 1217 552 episwla.
1272 459 1342 517 Et
1386 481 1500 520 cum
1536 467 1728 520 diceret
1785 466 1896 538 (Et
1924 469 2030 523 alia
2071 466 2466 535 “habebamus
2510 491 2765 552 tanquam
2798 457 2898 552 ipsi
2939 457 3421 552 prosequar-enm}.
3461 457 3723 544 Ρι-οεέευ-

433 567 606 605 manu.
640 550 991 623 Recoguovi),
1017 550 1279 609 Emeritus
1299 558 1573 629 episcopus
1597 559 1746 614 dixit.
1776 558 1885 616 Nos
1909 576 2056 632 grax
2133 569 2264 624 tioni
2312 571 2550 640 ipsorum
2596 550 3257 641 prmbuimus'silentium.
3283 573 3420 631 Nolo
3473 578 3620 633 enim
3649 579 3723 635 di-

431 651 522 697 vat
546 657 667 697 cum
697 658 758 698 se
781 643 911 699 dicit
938 660 1060 701 esse
1086 648 1380 718 patientem
1413 666 1428 716 ;
1475 661 1529 705 et
1556 667 1664 709 non
1689 650 1852 709 debet
1873 655 2027 712 dese
2128 647 2255 716 cere
2300 662 2614 731 patientiam
2642 703 2658 728 ,
2684 665 2807 733 quia
2860 664 2913 719 id
2963 665 3389 723 calumniantur.
3441 669 3740 730 Prsebeant»

366 749 368 753 '
427 734 572 791 ferre
597 739 922 807 sententiam
951 739 1020 796 de
1068 757 1175 812 quo
1201 741 1341 798 alius
1360 743 1585 813 iudicat.
1617 745 1684 800 Et
1714 747 1819 801 alia
1847 764 2019 802 manu.

427 827 700 888 Emeritos
739 831 1027 904 episcopus
1055 836 1379 907 recognovi.

494 925 624 982 265.
664 926 982 997 Augustinus
1005 928 1276 1008 episcopus
1308 928 1555 986 Ecclesia:
1571 931 1839 988 catholica:
1865 933 2013 987 dixit.

417 1017 466 1074 O
494 1019 539 1073 si
585 1033 735 1076 esses
763 1028 819 1076 et
847 1029 900 1076 tu
947 1023 1156 1093 patiens
1201 1022 1374 1078 donec
1424 1023 1605 1078 ﬁniam
1636 1023 1779 1094 quod
1832 1039 2018 1093 prose-

422 1113 589 1182 quor!
625 1111 766 1182 Ergo
791 1154 806 1179 ,
839 1121 900 1168 ut
943 1113 1128 1170 dicere
1154 1111 1423 1185 coeperam
1448 1155 1461 1180 ,
1495 1114 1676 1169 divina
1707 1123 1830 1174 sunt
1861 1117 2014 1171 testi-

423 1203 605 1258 monia
631 1203 700 1260 de
728 1205 950 1260 zizaniis
973 1216 1028 1260 et
1057 1206 1238 1261 tritico
1259 1221 1321 1261 ea
1343 1222 1461 1276 quae
1482 1206 1785 1276 intelligere
1812 1208 2010 1263 conati.

421 1295 804 1354 Verumtamen
817 1291 885 1355 de
905 1298 1111 1354 retibus
1139 1298 1427 1367 aliquando
1456 1297 1691 1354 confessi
1720 1311 1845 1355 sunt
1868 1300 2013 1371 quod

419 1391 592 1447 malos
620 1401 674 1446 et
705 1392 876 1448 bonos
905 1390 1151 1446 habitura
1179 1399 1262 1447 est
1287 1390 1565 1459 Ecclesia;
1599 1392 1696 1449 sed
1737 1409 1832 1450 eos
1857 1393 2011 1455 dixev

416 1489 548 1538 runt
578 1496 700 1539 esse
730 1482 1102 1539 sacerdotibus
1129 1484 1429 1555 incognitos
1451 1524 1467 1551 ,
1499 1494 1555 1541 et
1590 1485 1711 1542 ideo
1736 1502 1843 1543 non
1858 1487 2009 1558 prae-

408 1574 659 1648 judicare
700 1576 857 1632 bonis
898 1577 1176 1649 quoniam
1212 1579 1612 1650 ignorarentur.
1668 1580 1786 1652 Ego
1824 1591 2004 1637 autem

411 1683 628 1764 possem
659 1657 1144 1764 qualibuscumque
1173 1670 1501 1764 facultatulas
1523 1687 1660 1728 mete
1691 1674 2006 1730 assertioni-
2035 1665 2082 1726 B
2181 1703 2308 1760 27L
2349 1704 2684 1764 “modum.

412 1759 518 1818 bus
542 1761 829 1818 ostendere
859 1762 1007 1818 illum
1033 1777 1155 1819 esse
1177 1763 1444 1820 veriorem
1467 1764 1797 1821 intellectum
1817 1807 1831 1833 ,
1863 1767 2004 1838 quod

410 1853 656 1911 Ecclesia
687 1856 880 1912 habeat
910 1865 964 1913 et
992 1858 1164 1912 bonos
1194 1869 1246 1913 et
1290 1858 1460 1914 malos
1485 1899 1502 1923 ,
1555 1861 1756 1914 zizania
1796 1862 2006 1917 scilicet

413 1956 471 2002 et
523 1948 757 2002 triticum
786 1990 800 2015 ,
834 1947 1202 2019 mundumque
1230 1950 1404 2020 ipsum
1441 1951 1730 2020 apellatum
1757 1966 1878 2007 esse
1906 1968 2002 2023 pro

402 2036 667 2098 Ecclesiae
711 2043 963 2124 nomine,
1016 2043 1454 2115 quandoquidem
1484 2044 1747 2124 Dominus
1779 2046 1894 2117 ipse
1918 2047 2001 2101 di-

400 2138 476 2194 cit
507 2155 521 2194 ε
553 2136 677 2192 Non
696 2147 750 2192 ut
769 2137 974 2212 judicet
1007 2139 1260 2194 mundum
1283 2179 1297 2205 ,
1330 2138 1419 2194 sed
1447 2149 1501 2194 ut
1530 2123 1754 2196 salvetur
1773 2141 1997 2196 mundus

397 2247 491 2302 per
539 2232 708 2301 ipsum
741 2228 931 2305 (Joan.
967 2230 1086 2303 tu),
1128 2246 1250 2287 cum
1282 2232 1517 2288 sciamus
1548 2233 1836 2288 Dominum
1883 2248 1991 2288 non

396 2323 608 2379 salvare
637 2323 740 2380 nisi
786 2323 1112 2378 Ecclesiam.
1145 2322 1216 2378 Et
1245 2325 1352 2378 alia
1378 2341 1554 2378 manu.
1587 2323 1920 2397 Recognovi.

461 2413 588 2470 266.
633 2399 894 2470 Emeritus
920 2415 1190 2484 episcopus
1215 2414 1370 2469 dixit.
1401 2415 1632 2471 Mundus
1685 2425 1737 2473 te
1768 2431 1873 2472 non
1901 2430 1994 2472 co-

387 2507 596 2581 gnovit.
631 2507 773 2579 Ergo
801 2508 969 2564 Deum
1005 2507 1243 2562 Ecclesia
1275 2521 1382 2562 non
1412 2507 1657 2576 agnovit,
1690 2507 1736 2584 si
1759 2507 1992 2564 mundus

390 2599 636 2656 Ecclesia
665 2609 768 2656 est.
799 2599 866 2655 Et
893 2600 1088 2656 iterum
1114 2595 1290 2654 dixit:
1320 2597 1388 2655 Ut
1411 2616 1528 2654 reus
1555 2600 1648 2670 ﬁat
1674 2608 1810 2655 totus
1835 2616 1988 2654 mun-

388 2694 483 2750 dus
504 2694 614 2751 Deo
643 2692 700 2768 (Ι
739 2693 899 2750 Joan.
933 2710 966 2749 v
991 2695 1030 2766 ).
1065 2694 1132 2750 Et
1181 2695 1378 2750 iterum
1405 2693 1543 2750 dixit
1577 2713 1590 2750 :
1621 2694 1684 2751 Si
1710 2695 1774 2751 de
1795 2695 1987 2750 mundo

385 2789 594 2855 essetis,
629 2788 853 2843 mundus
897 2788 1035 2860 quod
1073 2803 1222 2868 suum
1274 2796 1402 2843 esset
1427 2786 1689 2854 amasset;
1727 2788 1818 2841 sed
1853 2803 1987 2842 nunc

383 2883 626 2953 quoniam
658 2882 721 2937 de
749 2881 941 2936 mundo
972 2899 1074 2936 non
1102 2882 1222 2936 estis
1247 2921 1264 2946 ,
1317 2890 1592 2950 prapterea
1631 2880 1740 2934 odit
1778 2889 1824 2935 et
1869 2897 1987 2951 per-

382 2975 614 3043 sequitur
658 2989 747 3029 vos
778 2974 1000 3028 mundus
1028 2973 1208 3044 (Joan.
1244 2971 1360 3044 xv).
1403 2972 1470 3027 Et
1502 2975 1694 3028 iterum
1729 2990 1740 3026 :
1776 2970 1889 3043 Ipsi
1918 2973 1981 3026 de

381 3069 574 3121 mundo
602 3077 741 3133 sunt,
774 3079 820 3122 et
865 3066 1089 3120 mundus
1125 3065 1339 3122 obaudit
1396 3066 1468 3121 eis
1505 3067 1521 3137 (

373 3158 568 3215 iterum
605 3177 618 3214 :
652 3158 714 3216 Si
741 3161 854 3231 quis
898 3159 1136 3214 dilexerit
1169 3158 1416 3212 mundum
1440 3200 1456 3226 ,
1489 3175 1592 3212 non
1631 3167 1703 3212 est
1749 3157 1978 3212 charitas

376 3235 554 3306 Patris
567 3252 619 3306 in
634 3253 723 3306 illo
745 3250 912 3325 (Ibid.
932 3250 1012 3323 2).
1040 3249 1111 3305 Et
1137 3251 1241 3306 alia
1265 3268 1441 3304 manu.
1473 3250 1743 3306 Emeritus
1767 3251 1978 3321 episco-

377 3359 480 3416 pus
507 3345 657 3403 salva
685 3345 1054 3416 appellatione
1081 3345 1393 3415 recognovi.

443 3440 571 3496 267.
612 3440 929 3512 Augustinus
953 3440 1227 3510 episcopus
1248 3437 1498 3494 Ecclesite
1522 3437 1794 3515 catholica:
1819 3438 1968 3493 dixit.

371 3533 562 3591 Omnia
590 3533 690 3590 ista
721 3547 1008 3603 possemus
1057 3540 1111 3587 et
1137 3546 1237 3586 nos
1281 3529 1465 3586 dicere
1492 3539 1548 3585 et
1577 3529 1728 3585 velut
1756 3538 1972 3584 contra-

370 3629 449 3687 ria
478 3629 654 3701 primo
683 3628 959 3700 proposita
989 3625 1230 3682 solvere.
1256 3625 1443 3697 itaque
1466 3625 1776 3707 sine-causa
1804 3625 1970 3679 inter-

373 3731 634 3794 rumpunt
662 3723 766 3778 isto
791 3723 1044 3793 strepitu,
1070 3721 1194 3792 quia
1227 3720 1470 3788 epistola:
1493 3721 1730 3788 ipsorum
1759 3719 1966 3788 potuis-

371 3831 554 3873 semus
579 3817 703 3871 talia
726 3808 928 3884 facere,
957 3832 1024 3890 ne
1051 3815 1389 3871 recitaretur.
1421 3813 1694 3869 Patienter
1722 3812 1963 3869 audiant.

366 3911 776 3967 Admoneantur
823 3926 853 3965 a
897 3909 1227 3964 sublimitate
1268 3917 1355 3963 tua
1385 3908 1562 3963 facere
1597 3907 1738 3984 quod
1772 3918 1966 3977 sponte

359 4005 540 4061 facere
569 4005 894 4061 debuerunt.
926 4003 1202 4059 Patienter
1220 4004 1457 4057 audiant.
1488 4001 1603 4057 Non
1619 4010 1700 4058 est
1725 4016 1810 4056 res
1833 4001 1963 4056 levis

359 4097 481 4171 qua:
507 4095 763 4154 tractatur
797 4114 826 4153 a
847 4097 1024 4154 nobis.
1047 4097 1394 4168 Suscepimus
1426 4096 1586 4152 hodie
1609 4096 1960 4167 respondere,

359 4193 404 4248 si
439 4192 580 4247 Deus
607 4190 876 4263 adjuverit
899 4233 912 4257 ,
938 4189 1165 4261 prolixie
1200 4189 1446 4260 epistolae
1474 4204 1683 4243 eorum.
1724 4187 1831 4243 Nec
1868 4203 1960 4244 ro—

356 4299 546 4356 gamus
566 4292 627 4340 ut
649 4283 838 4339 edatur
864 4285 1020 4339 nobis
1037 4292 1090 4337 et
1116 4281 1522 4338 consideremus
1545 4290 1602 4335 et
1638 4290 1825 4351 postea
1876 4297 1962 4337 re-

353 4377 741 4450 spondeamus,
790 4377 929 4431 sicut
960 4374 1058 4446 ipsi
1104 4374 1172 4431 de
1202 4373 1454 4430 mandato
1478 4383 1661 4428 nostro
1691 4373 1952 4429 fecerunt.

353 4470 637 4528 Prmbeant
675 4469 832 4525 nobis
879 4468 1110 4538 aliquam
1142 4467 1450 4537 patientiam
1482 4481 1577 4535 per
1607 4466 1952 4522 incolumita-

352 4573 462 4620 tem
491 4573 657 4617 tuam.
689 4560 756 4615 Et
783 4561 890 4616 alia
915 4576 1088 4615 manu.
1123 4558 1454 4630 Recognovi.
1492 4558 1831 4613 Marcellinus
1873 4559 1952 4612 vir

352 4658 670 4714 clarissimus
701 4657 932 4711 tribunus
954 4666 999 4710 et
1021 4658 1254 4711 notarius
1295 4656 1444 4709 dixit.
1490 4653 1951 4724 Justa-postulan—

351 4759 459 4806 tur.
491 4750 811 4806 Patieutiam
836 4747 1078 4820 ejusdem
1105 4746 1472 4817 prosecutioni
1505 4757 1714 4802 certum
1744 4757 1827 4802 est
1854 4747 1948 4803 de-

347 4844 480 4900 bere
506 4841 862 4898 commodari.
1830 4877 1835 4883 .

418 4937 545 4996 268.
590 4937 848 5013 Enteritus
880 4937 1149 5007 episcopus
1178 4934 1332 4989 dixit.
1366 4932 1485 5003 Ipse
1516 4933 1617 4987 sibi
1651 4932 1944 5002 obstrepit,

344 5033 472 5089 dum
498 5032 655 5102 longa
688 5032 1051 5102 prosequitur.
1078 5029 1147 5082 Et
1182 5029 1289 5083 alia
1329 5043 1504 5081 manu.
1531 5025 1804 5082 Emeritus
1833 5026 1944 5097 epi-

341 5142 539 5198 scopus
561 5126 870 5197 recognovi.

412 5219 537 5276 269.
579 5219 802 5290 Alypius
841 5216 1112 5287 episcopus
1155 5215 1402 5270 Ecclesia:
1441 5214 1711 5269 catholica:
1760 5215 1891 5270 dixit
1925 5231 1942 5268 :

339 5313 395 5372 Si
423 5312 754 5384 respondere
784 5312 1004 5377 volunt,
1057 5320 1401 5366 removeatur
1438 5310 1701 5379 epistola,
1744 5317 1798 5364 et
1819 5310 1930 5364 sin-

335 5407 445 5480 guli
494 5405 937 5476 respondeamus.
989 5404 1290 5462 Sin'autem
1312 5445 1326 5471 ,
1361 5404 1678 5474 permittant
1703 5418 1931 5475 respon—

330 5515 567 5556 sionem.

408 5593 535 5651 2'70.
579 5593 871 5649 Adcodatus
894 5595 1166 5665 episcOpus
1187 5591 1341 5659 dixit.
1368 5593 1658 5648 Poss’umus
1688 5592 1932 5663 praebere

329 5687 669 5756 patientiam.
702 5685 769 5743 Et
799 5703 915 5742 cunt
957 5685 1143 5742 diceret
1175 5685 1267 5756 (th
1323 5686 1430 5741 alia
1475 5701 1652 5740 manu.
1685 5682 1933 5741 Adeodu—

2127 749 2282 819 nobis
2309 760 2358 812 et
2397 753 2497 831 ipsi
2539 753 2838 809 silentium.
2883 754 2954 808 Et
3001 756 3107 824 alia
3156 775 3331 841 manu.
3386 761 3716 834 Recognovi.

2122 844 2420 901 Adeodatus
2467 850 2738 916 episcopus
2783 849 2935 903 dixit.
2976 849 3271 910 Possumus
3328 857 3579 926 prtebere
3629 876 3718 928 pa-

2120 936 2400 1003 tientiam;
2441 954 2599 1008 quam
2628 940 2847 1010 quidem
2884 945 3187 1010 praebemus
3216 990 3231 1013 ,
3262 947 3307 1003 si
3341 963 3404 1004 ea
3435 963 3558 1020 qute
3597 966 3718 1021 pars

2117 1025 2332 1083 diversa
2405 1031 2634 1098 asserit,
2671 1031 2931 1089 babeant
2993 1034 3361 1095 ﬁrmissimam
3422 1043 3711 1100 rationem.

2115 1117 2249 1174 Nam
2278 1135 2398 1199 cum
2426 1122 2584 1178 aliter
2609 1123 2693 1180 lex
2726 1125 3112 1197 interpretetur
3140 1145 3300 1202 quam
3334 1143 3450 1202 est,
3488 1138 3613 1207 quis
3637 1139 3714 1195 fe-

2115 1224 2230 1281 rat,
2281 1215 2672 1287 quiszpatiatur
2702 1219 2922 1276 silentio
2965 1224 3168 1280 adferri
3205 1228 3620 1298 pra-judicium?
3650 1231 3714 1285 Et

2113 1305 2430 1363 alia-manu.
2465 1308 2782 1369 Adeodat‘us
2823 1314 3112 1386 episcopus
3139 1321 3450 1391 recognovi.
3498 1322 3713 1379 Vincen-

2111 1398 2217 1452 tius
2233 1399 2504 1473 episcOpus
2525 1399 2777 1459 Ecclesia:
2791 1407 3062 1464 catholica
3082 1409 3236 1466 dixit.
3260 1411 3431 1468 Serva
3457 1415 3548 1471 tibi
3575 1418 3710 1486 quod

2110 1493 2481 1561 reprehendas
2533 1498 2578 1551 si
2618 1497 2819 1570 aliquid
2849 1502 3260 1582 contradicitur.
3305 1505 3376 1560 Et
3400 1509 3509 1563 alia
3533 1525 3704 1564 manu.

2108 1584 2437 1658 Recoguovi.

2727 1708 2791 1766 V.
2825 1709 2886 1767 C.
2927 1713 3163 1771 tribunus
3193 1726 3240 1771 et
3282 1718 3518 1774 notarius
3557 1719 3704 1774 dixit.

2107 1795 2380 1853 Promissa
2428 1800 2681 1869 patientia
2722 1804 3045 1872 praebeatur.
3099 1805 3383 1863 Montanus
3439 1792 3707 1882 episcosz

2106 1892 2259 1946 dixit.
2290 1893 2517 1962 Quando
2544 1896 2722 1950 omnia
2749 1897 2798 1950 in
2829 1898 3009 1953 animo
3037 1901 3342 1956 retinentur
3365 1941 3380 1967 ,
3407 1903 3451 1956 si
3485 1919 3593 1958 non
3643 1904 3704 1958 ad

2103 1983 2314 2055 singula
2349 1987 2794 2056 respondeamus.
2825 1988 2892 2041 Et
2924 1990 3030 2043 alia
3061 1978 3256 2044 manu;
3277 1990 3564 2047 Montanus
3596 1994 3705 2063 epi-

2099 2093 2299 2148 scopus
2324 2081 2634 2151 recognovi.
2690 2081 3032 2137 Marcellinus
3063 2083 3141 2138 vir
3183 2084 3505 2140 clarissimus
3545 2087 3703 2140 tribu-

2099 2188 2198 2226 nus
2247 2182 2293 2227 et
2347 2177 2580 2228 notarius
2632 2174 2782 2229 dixit.
2816 2174 3080 2232 Tenorem
3135 2177 3407 2234 universae
3458 2177 3702 2249 epistolis

2097 2265 2366 2336 patienter
2410 2275 2623 2322 constat
2664 2267 2961 2348 auditum!
2982 2266 3337 2340 Consequens
3370 2271 3457 2325 est
3513 2281 3570 2326 ut
3619 2287 3700 2326 re-
3734 2271 3739 2278 '

2097 2359 2422 2430 sponsiones
2453 2360 2518 2414 ad
2543 2361 2751 2433 singula
2769 2361 3055 2434 patienter
3077 2363 3268 2419 audire
3289 2364 3610 2436 dignemini.

2165 2471 2293 2526 272.
2337 2474 2652 2542 Augustinus
2677 2475 2948 2548 episcOpus
2978 2474 3226 2532 Ecclesia:
3249 2475 3522 2532 catholica
3542 2479 3691 2533 dixit.

2095 2565 2222 2624 ldeo
2247 2575 2302 2621 et
2341 2566 2430 2621 illa
2481 2567 2785 2639 conscripta
2814 2577 2970 2635 sunt,
3001 2577 3060 2626 et
3087 2569 3202 2626 haec
3225 2555 3592 2640 excipiuntur:
3621 2571 3691 2644 ,εἰ

2091 2661 2218 2730 quid
2248 2661 2566 2716 memoriam
2597 2660 2753 2730 fallit,
2785 2671 2838 2725 et
2873 2677 2972 2733 ego
3003 2663 3223 2731 possum
3259 2666 3442 2732 petere
3473 2673 3528 2718 ut
3559 2664 3691 2719 mihi

2091 2754 2159 2810 de
2204 2755 2429 2824 epistola
2485 2755 2778 2821 recitetur;
2830 2763 2886 2810 et
2926 2755 3028 2826 ipsi
3062 2765 3330 2825 possunt,
3381 2764 3440 2810 ut
3475 2755 3582 2812 illis
3626 2775 3686 2813 ex

2089 2847 2652 2904 codicibusrecitetur
2678 2889 2693 2916 ,
2723 2848 2968 2920 praabere
2995 2831 3295 2904 silentium.
3329 2851 3567 2920 Agamus
3591 2852 3686 2906 ali-

2088 2940 2235 3010 quid.
2268 2940 2337 2996 Ut
2358 2940 2490 3011 ergo
2529 2941 2715 2996 dicere
2738 2955 3007 3011 coeperam
3027 2980 3044 3007 ,
3075 2940 3204 3008 ipsis
3231 2940 3682 3007 admonentibus,

1540 3065 1737 3121 “0am
1776 3033 1827 3120 πθ
1841 3062 1880 3135 )_
1917 3064 1982 3119 El
2010 3046 2054 3111 ο
2089 3034 2397 3090 invenimus
2422 3034 2471 3088 in
2495 3033 2781 3104 scripturis
2801 3033 2986 3089 mundi
3012 3050 3208 3090 nomen
3235 3036 3286 3090 in
3315 3036 3460 3092 malo
3488 3080 3501 3100 ,
3531 3052 3682 3093 mun-

2085 3126 2137 3181 di
2171 3141 2364 3183 nomen
2398 3126 2451 3182 in
2481 3127 2643 3183 bono.
2668 3126 2801 3182 Nam
2827 3128 3008 3183 mundi
3035 3143 3234 3184 nomen
3257 3128 3321 3183 in
3354 3130 3517 3196 malo,
3547 3132 3680 3185 sicut

2081 3219 2185 3290 ipsi
2211 3220 2461 3275 dixerunt
2489 3239 2502 3276 :
2531 3220 2599 3274 Et
2624 3221 2845 3292 mundus
2867 3238 2980 3277 eum
3008 3238 3110 3276 non
3140 3224 3375 3294 cognouit
3408 3222 3588 3297 (Ioan.
3616 3225 3672 3294 ι).

2079 3313 2146 3368 Et
2175 3332 2188 3368 :
2221 3313 2283 3369 Si
2305 3315 2417 3385 quis
2439 3314 2679 3369 dilexerit
2707 3315 2953 3383 mundum
2973 3358 2988 3383 ,
3025 3331 3124 3369 non
3143 3326 3217 3370 est
3244 3316 3474 3372 clam-itas
3503 3314 3676 3371 Patris

2076 3405 2128 3459 in
2161 3405 2254 3460 illo
2303 3405 2344 3474 (l
2372 3406 2532 3462 Joan.
2561 3405 2645 3478 ιι),
2679 3416 2736 3462 et
2764 3415 2979 3462 caetera.
3024 3407 3207 3464 Mundi
3248 3419 3430 3464 autem
3481 3424 3673 3465 nomen

2076 3497 2130 3553 in
2172 3498 2334 3554 bono.
2375 3498 2441 3554 Ut
2485 3500 2662 3554 credat
2712 3501 2936 3555 mundus
2973 3502 3214 3567 quoniam
3269 3510 3324 3554 tu
3371 3519 3451 3557 me
3491 3502 3674 3556 misisti

2080 3593 2264 3664 (Joan.
2305 3593 2467 3667 xv").
2502 3593 2619 3649 Non
2647 3594 2790 3649 enim
2814 3594 3039 3651 credere
3064 3595 3328 3650 malorum
3359 3603 3462 3651 est.
3493 3595 3667 3650 Mundi

2075 3693 2274 3742 uonteti
2303 3685 2354 3740 in
2383 3687 2544 3742 bono.
2585 3685 2710 3752 Non
2763 3688 2896 3742 venit
2925 3698 2980 3740 ut
3015 3687 3218 3760 judicet
3262 3690 3551 3753 mundum,
3585 3689 3667 3742 sed

2071 3788 2127 3834 ut
2152 3780 2400 3834 saluetur-
2424 3779 2648 3835 mundus
2675 3795 2766 3848 per
2788 3780 2958 3852 ipsum
2985 3777 3154 3849 (Ibid.
3187 3781 3263 3851 3).
3287 3778 3405 3835 Non
3434 3779 3664 3836 salvabi-

2071 3885 2158 3928 tur
2188 3873 2287 3928 nisi
2318 3872 2558 3928 Ecclesia
2591 3873 2644 3926 in
2683 3872 2904 3927 mundo.
2955 3872 3086 3928 Cum
3135 3888 3267 3946 ergo
3306 3883 3363 3928 et
3416 3874 3470 3928 in
3527 3873 3664 3929 bono

2069 3966 2325 4030 mundus,
2353 3973 2409 4020 et
2429 3964 2482 4018 in
2515 3963 2657 4020 malo
2686 3963 2943 4027 mundus,
2974 3962 3117 4019 unde
3140 3964 3243 4020 ista
3275 3964 3658 4034 scripturarum

2067 4058 2220 4113 rixa?
2265 4058 2322 4115 Si
2359 4058 2698 4125 intellectore
2745 4046 2968 4123 careat,
3023 4057 3220 4114 adhibe
3250 4058 3433 4115 lumen
3463 4059 3658 4114 Intellio

2064 4151 2284 4222 gentiae.
2341 4149 2480 4205 Vide
2527 4149 2782 4204 mundum
2831 4149 2888 4205 in
2953 4145 3094 4224 malo
3137 4164 3328 4205 omnes
3374 4149 3659 4207 dilectores

2069 4243 2448 4313 temporalium
2479 4258 2575 4312 per
2605 4243 2885 4297 universas
2909 4251 3098 4312 gentes
3128 4260 3140 4294 :
3173 4241 3294 4298 vide
3326 4243 3583 4298 mundum
3606 4245 3656 4298 in

2066 4335 2208 4390 bono
2246 4349 2437 4389 omnes
2477 4333 2666 4389 ﬁdeles
2708 4342 2764 4389 et
2806 4348 2956 4403 spem
2998 4333 3252 4406 gerentes
3281 4346 3504 4390 eterna:
3541 4334 3656 4394 vita:

1987 4439 2032 4498 ι)
2065 4441 2162 4496 per
2187 4427 2466 4481 universas
2511 4435 2721 4496 gentes.
2756 4422 2897 4478 Deus
2948 4433 3058 4482 erat
3096 4425 3151 4478 in
3174 4424 3377 4480 Christo
3400 4468 3414 4492 ,
3447 4428 3611 4497 inquit
3637 4467 3650 4490 ,

2059 4521 2311 4574 mundum
2350 4519 2686 4576 reconcilians
2733 4519 2829 4574 sibi
2867 4519 2932 4591 (Il
2956 4517 3080 4574 Cor.
3112 4518 3186 4591 v).
3214 4520 3270 4576 Si
3319 4521 3650 4578 reconciliari

2057 4609 2234 4684 potest
2265 4614 2374 4669 Deo
2397 4612 2694 4669 detestatus
2732 4612 2826 4668 ille
2848 4612 3082 4668 mundus
3110 4613 3177 4668 de
3200 4628 3309 4685 quo
3350 4612 3550 4671 dictum
3573 4625 3652 4672 est

2054 4708 2177 4778 quia
2207 4721 2313 4762 non
2340 4716 2422 4762 est
2443 4705 2679 4762 charitas
2707 4704 2908 4762 Christi
2941 4707 2993 4762 in
3025 4721 3088 4762 eo
3111 4708 3200 4777 qui
3223 4707 3480 4766 dilexerit
3506 4708 3651 4764 mun-

2053 4800 2212 4869 dum,
2240 4800 2480 4870 judicent
2510 4799 2600 4870 qui
2632 4799 2946 4871 loquuntur.
2977 4800 3178 4857 Audiat
3226 4794 3370 4875 ergo
3388 4805 3649 4875 patienter

2051 4893 2301 4949 nobilitas
2326 4902 2433 4947 tua.
2465 4891 2649 4948 Video
2673 4894 2995 4964 scripturam
3043 4904 3287 4951 sanctam
3331 4895 3480 4970 [per]
3505 4880 3646 4953 eom-

2051 4988 2251 5040 mixtos
2278 4985 2451 5040 bonos
2480 4997 2533 5040 et
2554 4985 2747 5054 malos,
2774 4987 2914 5041 sicut
2937 4986 3044 5057 ipsi
3065 4988 3134 5044 dc
3160 4988 3370 5045 retibus
3382 4991 3494 5060 jam
3521 4981 3642 5046 con-

2053 5077 2182 5132 fessi
2232 5087 2380 5142 sunt,
2429 5076 2786 5147 praesignasse
2817 5076 3138 5133 Ecclesiam.
3188 5077 3260 5134 Et
3294 5096 3416 5135 cum
3461 5082 3642 5137 diceret

2047 5188 2259 5243 cumque
2274 5181 2610 5240 streperetur,
2641 5171 2857 5243 Alypius
2888 5173 3160 5246 episcOpus
3187 5171 3443 5232 Ecclesia
3465 5177 3636 5232 catho-

2039 5268 2154 5325 licae
2182 5265 2334 5320 dixit.
2367 5264 2638 5334 Scriptum
2667 5265 2737 5318 sit
2767 5306 2781 5330 ,
2815 5265 2937 5335 quia
2966 5275 3337 5338 perstrepunt.

2110 5380 2269 5452 317
2288 5375 2761 5444 275.Marcellinus
2787 5377 2864 5432 vir
2878 5378 3198 5433 clarissimus
3228 5380 3460 5437 tribunus
3481 5391 3528 5438 et
3545 5396 3638 5449 tto-

2040 5478 2197 5528 tartus
2209 5471 2360 5525 dixit.
2379 5469 2532 5539 Ipsos
2553 5479 2895 5540 perstrepere
2922 5479 3040 5526 acta
3067 5471 3408 5530 contineant.
3426 5473 3632 5546 Alypius

2041 5568 2311 5638 episcOpus
2341 5561 2588 5622 Ecclesiae
2614 5561 2893 5620 Catholica:
2926 5564 3083 5621 dixit.
3108 5565 3212 5624 Ubi
3257 5577 3344 5624 est
3372 5567 3626 5641 promissa

2044 5662 2333 5734 patientia,
2364 5673 2552 5731 quaeve
2578 5658 2895 5716 vicissitudo
2937 5660 3257 5732 rependitur
3280 5664 3306 5718 ?
3343 5661 3624 5736 Nomia.
