3860 6212
94 237 258 293 «Nl?

1082 238 1304 296 GESTA
1343 239 1786 298 CULLA'I‘IONIS
1824 241 2445 303 CAIITIIAGINENSIS.

3199 284 3205 288 >
3254 253 3393 310 1418

124 350 303 406 dicant
327 348 771 420 quemadmodum
799 351 1065 408 dissidant
1092 356 1118 410 .9
1146 354 1214 410 Et
1251 357 1355 411 alia
1385 374 1560 412 manu.
1597 358 1706 419 Re-
1733 362 1787 424 Α
1809 360 1917 416 rint
1957 362 2151 432 quibus
2180 362 2304 417 mali
2350 362 2479 433 quid
2519 365 2571 419 in
2604 363 2843 420 Ecclesia
2890 364 3217 434 apparuerit.
3277 368 3395 438 Ipsa

123 456 368 510 cognovn

190 534 315 590 274.
348 533 635 592 Petilianus
655 538 927 610 episcopus
964 541 1116 598 dixit.
1140 543 1280 611 Quid
1306 544 1378 599 sit
1425 546 1658 602 mundus
1694 587 1707 612 ,

123 624 250 695 quid
280 625 352 681 sit
377 625 621 684 Ecclesia
645 670 660 698 ,
692 632 1035 701 apertissime
1060 634 1341 705 deﬁnitum
1372 646 1458 693 est
1496 640 1562 694 ab
1593 639 1710 708 ipso

122 726 347 775 auctore
402 720 586 777 mundi
646 730 807 795 atque
870 724 1113 794 factore,
1165 744 1259 797 per
1316 745 1475 800 quem
1528 729 1709 785 omnia

122 808 261 865 facta
284 822 440 880 sunt,
486 822 541 868 et
561 814 677 870 sine
701 830 811 887 quo
839 816 974 871 nihil
1020 830 1105 873 est
1147 819 1368 876 factum.
1401 820 1522 891 Ipse
1565 822 1709 878 enim

123 900 386 958 Dominus
438 903 574 959 dixit
606 922 620 961 :
656 905 881 962 Mundus
910 908 992 963 hic
1020 926 1161 979 ager.
1192 910 1408 980 (Matth.
1440 915 1585 983 xm.)
1610 913 1715 969 Po-

124 994 317 1050 tuisset
364 995 585 1054 dicere:
638 997 866 1055 Mundus
921 1000 1161 1057 Ecclesia
1211 1011 1316 1073 est.
1347 1005 1494 1071 ;Qnis
1551 1005 1713 1075 igitur

124 1087 406 1144 hominum
436 1090 596 1147 audet
636 1091 860 1149 delinire
886 1094 1010 1164 quid
1040 1094 1270 1151 mundus
1315 1097 1411 1163 sit,
1438 1112 1558 1153 Clltll
1596 1098 1713 1167 ipse

124 1180 391 1239 Dominus
440 1184 599 1253 hujus
647 1185 816 1246 factor
863 1196 1023 1258 atque
1064 1188 1256 1260 'opiiex
1300 1191 1409 1259 jam
1462 1190 1713 1261 dignatus

123 1272 286 1327 fuerit
311 1273 582 1331 deﬁnire?
630 1275 697 1329 Et
720 1276 824 1330 alia
870 1293 1043 1331 manu.
1086 1278 1385 1336 Petilianus
1428 1282 1739 1353 episcopus,

126 1380 444 1437 recognovi.

194 1461 326 1519 275.
347 1463 678 1519 Marcellinus
698 1463 773 1517 vir
798 1463 1112 1520 clarissimus
1142 1466 1376 1521 tribunus
1404 1474 1450 1520 et
1480 1466 1714 1521 notarius

126 1554 279 1609 dixit.
313 1554 451 1622 Quid
499 1555 730 1611 mundus
758 1555 865 1621 sit,
893 1556 985 1627 qui
1016 1555 1305 1612 salvandus
1350 1555 1578 1625 dicitur,
1603 1556 1714 1612 evi-

126 1646 323 1704 den‘ter
344 1648 634 1705 ostendite.

194 1738 327 1795 276.
375 1738 662 1798 Petilianus
705 1717 948 1815 epicopus
978 1742 1126 1798 dixit.
1179 1742 1350 1798 Homo
1400 1740 1577 1797 dictus
1634 1748 1718 1796 est
1748 1752 1796 1813 Β

127 1832 394 1899 mundus,
443 1833 532 1889 ubi
562 1833 741 1898 dixit,
796 1835 1042 1889 mundum
1072 1833 1407 1888 reconcilians
1433 1834 1562 1907 sibi,
1609 1848 1716 1888 non

128 1926 273 1979 enim
303 1925 404 1980 sibi
439 1925 578 1980 Deus
609 1925 816 1980 belluas
839 1965 856 1992 ,
895 1924 990 1981 sed
1019 1925 1266 1980 homines
1308 1924 1476 1979 voluit
1530 1938 1720 1979 recon-

125 2014 320 2069 ciliari.
347 2014 415 2068 Et
435 2015 541 2069 alia
564 2032 739 2071 manu.
772 2015 1065 2071 Petilianus
1086 2015 1372 2083 episcOpus
1403 2014 1716 2084 recognovi.

195 2106 325 2159 277.
350 2106 683 2161 Marcellinus
713 2107 787 2161 uir
815 2107 1135 2161 clarissimus
1151 2106 1383 2161 tribunus
1414 2116 1459 2161 et
1486 2108 1718 2161 notarius

126 2197 280 2253 dixit.
314 2196 395 2252 Ex
429 2197 513 2253 his
539 2198 789 2255 omnibus
815 2199 904 2269 qui
933 2198 1118 2254 mundi
1150 2200 1371 2253 nomine
1408 2213 1720 2269 nuneupan-

128 2298 244 2353 tur,
273 2288 411 2345 dicis
439 2289 736 2346 Ecclesiam
768 2305 928 2363 posse
975 2300 1259 2359 constare,
1305 2302 1494 2363 postea
1538 2290 1720 2347 decla-

127 2390 302 2436 ratam
323 2424 339 2448 ,
370 2374 437 2439 an
463 2396 613 2441 certe
634 2384 815 2441 renuis
843 2384 868 2438 Ἰ

110 2462 113 2465 ’
196 2476 326 2532 278.
363 2475 615 2532 Emeritus
632 2477 907 2549 episcopus
934 2478 1089 2533 dixit.
1121 2475 1289 2535 'l‘ollis
1320 2491 1420 2533 nos
1469 2492 1502 2533 a
1544 2477 1720 2532 mani-

128 2567 265 2624 festa
298 2569 724 2639 praescriptione.
757 2569 845 2623 Ait
878 2569 1136 2625 Dominus
1171 2568 1419 2624 Christus
1449 2568 1503 2623 in
1544 2568 1722 2622 Evan-

130 2660 275 2733 gelio
304 2679 316 2715 :
342 2662 475 2735 Ager
498 2649 717 2718 mundus
738 2670 829 2717 est.
855 2661 923 2715 Et
953 2678 1065 2715 cum
1092 2661 1297 2715 diceret.
1330 2658 1395 2713 Et
1416 2659 1521 2712 alia
1540 2674 1716 2713 manu.

130 2752 403 2810 Emeritus
430 2756 715 2826 episcopus
760 2753 1069 2824 recognovi.
1099 2752 1438 2809 Marcellinus
1481 2753 1560 2805 vir
1612 2751 1721 2805 cla-

128 2847 366 2902 rissimus
393 2848 626 2902 tribunus
650 2856 697 2901 et
722 2847 955 2901 notarius
980 2844 1128 2901 dixit.
1180 2844 1432 2900 Patimini
1488 2858 1636 2914 ergo,
1664 2852 1722 2898 ut

130 2937 196 2993 ad
222 2940 404 2995 omnia
426 2957 546 3010 qua:
561 2941 803 3011 epistolae
829 2949 1009 2996 textus
1038 2942 1309 3008 continet,
1335 2939 1717 3011 reSpondeant,

131 3038 185 3084 et
215 3040 343 3085 tunc
372 3031 685 3102 plenissime
713 3031 781 3087 de
808 3033 1057 3085 omnibus
1083 3031 1359 3100 jndicabo.

1812 452 2040 523 quaestio
2073 462 2179 510 est.
2210 453 2322 510 Hoc
2349 454 2662 524 probamus.
2700 454 2936 511 Dicimus
2978 458 3121 511 enim
3162 472 3265 514 nos
3290 475 3397 514 non

1812 544 2184 614 negligendam
2207 546 2421 616 quidem
2458 546 2893 603 Ecclesiasticam
2917 546 3254 618 disciplinam
3287 591 3303 617 ,
3345 558 3401 607 et

1812 634 2135 707 ubicumque
2155 636 2567 708 tuerintproditi
2597 637 2747 707 mali,
2783 639 3118 696 coercendos
3145 656 3239 697 eos
3279 657 3399 699 esse

1813 736 1873 783 ut
1921 730 2298 801 corrigantur,
2347 746 2454 787 non
2476 731 2654 788 solum
2704 746 2960 789 sermone
3000 734 3352 790 correctionis
3381 776 3397 803 ,

1813 834 1999 876 verum
2023 822 2183 877 etiam
2212 823 2863 879 excommunicationibus
2891 835 2947 879 et
3000 824 3400 896 degradationi-

1816 913 1912 969 bus
1938 955 1953 982 ,
1984 922 2044 969 ut
2069 912 2325 970 humilem
2353 915 2530 971 locum
2560 916 2750 971 salutis
2772 916 2823 969 in
2849 916 3088 971 Ecclesia
3112 926 3354 986 quaerant
3381 932 3397 983 ;

1814 1006 1880 1061 ad
1910 1005 2231 1062 medicinam
2278 1009 2517 1078 ipsorum
2567 1010 2714 1076 lteri,
2750 1025 2853 1063 non
2880 1008 3033 1074 odio,
3081 1008 3174 1066 sed
3222 1010 3402 1065 studio

1816 1098 2008 1155 salutis
2026 1098 2277 1155 fraterna:
2302 1118 2316 1155 :
2344 1102 2483 1157 sicut
2508 1100 2741 1171 quodam
2772 1101 2887 1155 loco
2910 1102 3069 1155 etiam
3096 1100 3210 1170 ipse
3232 1101 3404 1170 Apos-

1818 1196 1957 1249 tolns
1976 1195 2379 1251 evidentissime
2425 1195 2669 1251 declarat
2698 1194 2923 1250 dicens:
2954 1194 3012 1249 Si
3038 1196 3149 1262 quis
3181 1211 3283 1248 non
3315 1193 3404 1247 ob-

1816 1287 2010 1340 audivit
2050 1286 2197 1353 verba
2244 1297 2449 1353 nostra,
2502 1304 2591 1358 per
2622 1286 2891 1356 epistolam
2921 1288 3058 1341 hunc
3104 1296 3304 1353 notate,
3357 1295 3404 1339 et

1818 1379 1974 1433 nolite
2000 1379 2315 1432 commisceri
2333 1395 2448 1433 cum
2470 1395 2548 1433 eo.

1887 1490 1954 1545 N.
1988 1491 2047 1545 Β.
2079 1491 2279 1547 Cretera
2302 1508 2417 1562 qua:
2443 1492 2783 1563 sequebantur
2803 1535 2816 1556 ,
2851 1496 2971 1563 quia
3010 1494 3309 1550 exciderunt
3354 1493 3408 1548 in

1817 1584 2111 1638 collectione
2133 1583 2425 1648 Gestorum,
2458 1584 2765 1655 requirenda
2793 1596 2913 1639 sunt
2934 1627 2948 1649 ,
2991 1586 3036 1640 si
3065 1586 3213 1651 libet,
3267 1582 3409 1655 apud

1819 1676 1880 1731 S.
1909 1676 2254 1748 Augustinum
2272 1679 2326 1731 in
2358 1677 2653 1732 librotertio
2695 1675 2952 1733 Breviculi
2984 1679 3273 1734 collationis
3299 1678 3409 1734 Do-

1823 1769 2151 1822 natistarum.
2202 1767 2332 1825 Vide
2363 1778 2486 1823 tom.
2535 1785 2621 1835 ιχ,
2651 1786 2768 1840 cap.
2802 1769 2834 1823 9
2889 1769 3043 1843 hujus
3086 1772 3220 1825 tertii
3250 1771 3408 1838 libri,

1821 1862 1924 1915 col.
1941 1862 2068 1926 652,
2090 1879 2230 1916 num.
2257 1863 2322 1918 16
2339 1904 2353 1927 ,
2383 1864 2471 1933 qui
2492 1863 2675 1932 incipit
2696 1863 2775 1918 his
2797 1863 2959 1918 verbis
2985 1882 2997 1917 :
3023 1863 3410 1936 Flagitantibus

1821 1950 2002 2021 itaque
2034 1953 2351 2021 patientiam
2381 1968 2570 2008 eorum
2601 1955 2884 2009 catholicis
2912 1995 2927 2019 ,
2959 1964 3068 2010 etc.
3374 1960 3384 1965 ”

2186 2087 2573 2144 SENTENTIA
2624 2089 3054 2147 COGNITORIS.

1894 2196 2113 2255 Flavius
2141 2201 2479 2257 Marcellinus
2505 2203 2580 2257 vir
2622 2204 2937 2258 clarissimus
2972 2205 3205 2261 tribunus
3245 2218 3291 2262 et
3322 2226 3412 2265 no-

1823 2295 1984 2349 tarius
2024 2295 2171 2349 dixit.
2206 2295 2411 2352 Vellem
2440 2296 2679 2367 quidem,
2714 2298 2855 2366 quod
2908 2306 2963 2354 ct
2993 2300 3139 2354 omni
3171 2300 3237 2355 de
3264 2312 3414 2357 voto-

1824 2401 1941 2441 rum
1974 2387 2274 2442 intentione
2294 2374 2444 2442 nuncv
2468 2389 2646 2457 cupio,
2683 2399 2739 2441 ut
2764 2400 2957 2458 quanta
2992 2406 3057 2445 ex
3080 2391 3417 2447 demonstra—

1824 2475 1969 2532 tione
2000 2477 2245 2532 veritatis
2277 2487 2333 2532 et
2375 2478 2592 2534 tandem
2624 2479 2819 2549 proditi
2850 2481 3052 2535 erroris
3083 2491 3199 2536 orta
3233 2483 3414 2538 laetitia

1822 2576 1927 2635 est,
1970 2577 2114 2623 tanta
2163 2584 2230 2624 ex
2258 2555 2620 2625 conversione
2661 2572 3059 2639 superstitionis
3098 2574 3335 2643 antiqua:
3362 2584 3418 2630 et

1822 2659 1875 2714 in
1922 2659 2112 2714 melius
2158 2670 2377 2715 mulatm
2422 2661 2707 2716 sementim
2746 2663 3033 2732 gratulatio
3080 2676 3416 2741 nasceretur.

1823 2748 2009 2820 Magna
2042 2750 2182 2805 enim
2208 2750 2401 2819 gaudia
2430 2767 2553 2808 esse
2574 2754 2695 2823 quis
2727 2754 2933 2810 dubitet
2962 2770 3081 2811 cum
3107 2758 3416 2815 inveteratae

1824 2840 2123 2911 a'gritudini
2170 2842 2414 2910 provenit
2471 2843 2740 2913 insperata
2798 2848 3038 2912 curatio;
3091 2863 3416 2918 causamque

1824 2932 2173 2987 exultationis
2200 2933 2253 2988 in
2274 2934 2468 2990 talibus
2487 2936 2745 3006 majorem
2774 2938 2899 2993 I'aeit
2926 2943 3133 2997 sanitas
3169 2930 3413 2997 restituta

1823 3040 1983 3096 quam
2015 3041 2231 3095 semper
2256 3036 2486 3083 retenta.
2530 3027 2637 3084 Sed
2666 3030 2791 3099 quia
2836 3030 3129 3087 obstinatio
3156 3036 3416 3089 mentium

198 3123 327 3189 279.
375 3121 586 3179 Hilarus
625 3132 865 3193 exceptor
911 3122 1060 3176 dixit.
1091 3122 1358 3189 Quoniam
1417 3137 1457 3176 a‘
1485 3121 1722 3178 diluculo
1754 3128 1800 3192 ρ
1832 3118 2178 3187 perditarum,
2212 3135 2347 3189 quas
2377 3135 2559 3190 pravae
2601 3121 2759 3176 simul
2811 3124 3179 3192 persuasionis
3204 3126 3415 3181 vincula

133 3223 316 3286 partes
336 3225 589 3284 egerunt,
617 3225 670 3271 et
687 3214 901 3269 codices
922 3211 1081 3268 binos
1099 3212 1439 3282 implevimus
1463 3256 1476 3280 ,
1500 3215 1544 3268 si
1568 3214 1721 3284 jubet

130 3306 443 3376 prmSIantia
488 3314 573 3359 tua
595 3346 610 3372 ,
642 3304 730 3358 alii
754 3304 909 3359 nobis
938 3314 1258 3372 exceptores
1307 3290 1668 3376 sulirogentur
1702 3320 1717 3370 ;

130 3406 185 3451 ut
206 3396 274 3452 ad
302 3396 689 3452 conferendum
712 3412 967 3453 exeamus
991 3438 1006 3464 ,
1040 3397 1179 3453 datis
1198 3398 1353 3461 nobis
1378 3398 1717 3454 custodibus.

140 3487 325 3542 Vitatis
355 3485 607 3542 Notarius
639 3487 879 3543 Ecclesia:
914 3488 1193 3544 Catholicae
1223 3491 1372 3544 dixit.
1402 3491 1512 3544 lloc
1540 3500 1595 3545 et
1620 3505 1721 3561 ego

129 3594 361 3650 suggero
387 3580 532 3651 quod
562 3589 618 3637 et
637 3592 891 3653 exceptor
919 3581 1188 3642 nobilitati
1220 3590 1323 3637 tute
1344 3582 1566 3639 adstans
1595 3598 1722 3655 sug-

130 3673 324 3742 gessit.

197 3766 330 3823 380.
363 3766 695 3823 Marcellinus
719 3768 794 3822 vir
814 3767 1126 3822 clarissimus
1156 3768 1389 3823 tribunus
1409 3778 1454 3823 et
1488 3771 1719 3823 notarius

129 3858 279 3913 dixit.
314 3860 466 3916 Sicut
494 3846 657 3914 etiam
706 3859 985 3928 superiore
1022 3858 1227 3929 judicio
1260 3859 1457 3914 laetum
1506 3868 1591 3914 est
1620 3901 1633 3926 ,
1664 3859 1716 3915 hi

128 3951 218 4019 qui
246 3950 549 4006 se'tabulas
592 3949 847 4020 implesse
892 3960 1313 4005 commemorant
1340 3992 1356 4017 ,
1386 3965 1509 4005 cum
1541 3960 1722 4005 custo-

130 4039 289 4097 dibus
306 4049 538 4109 exeant,
561 4043 613 4097 in
636 4034 822 4098 eorum
846 4042 965 4098 loco
986 4043 1108 4098 aliis
1134 4042 1465 4115 subrogatis.
1493 4040 1722 4112 Cumque

129 4135 182 4208 id
206 4135 375 4203 ﬁeret.

200 4228 331 4283 28L
364 4227 677 4298 Augustinus
706 4227 973 4295 episcopus
999 4225 1245 4280 Ecclesia
1273 4225 1535 4281 catholica:
1563 4226 1713 4279 dixit.

132 4320 365 4375 Mundus
392 4334 554 4390 ergo,
586 4334 690 4373 non
712 4318 856 4373 enim
882 4318 1038 4373 aliter
1064 4329 1117 4373 et
1145 4318 1297 4373 nobis
1320 4318 1491 4373 videri
1522 4319 1716 4388 potuit,

129 4411 181 4464 in
213 4411 525 4465 hominibus
552 4410 900 4480 intelligitur:
934 4424 1041 4463 non
1070 4410 1251 4480 utique
1280 4412 1349 4463 ita
1373 4410 1522 4464 stulti
1550 4411 1719 4465 simus

1822 3218 2142 3273 nexuerant,
2169 3208 2233 3262 ad
2256 3210 2396 3263 viam
2429 3212 2619 3265 salutis
2659 3221 2891 3267 OSlcnSiD
2932 3225 3023 3269 aut
3053 3214 3233 3271 redire
3260 3217 3422 3272 dissi-

1821 3300 1989 3355 mulat
2018 3309 2129 3366 aut,
2159 3301 2301 3370 quod
2326 3310 2410 3356 est
2439 3302 2699 3368 deterius,
2725 3304 3054 3373 impudentia
3082 3307 3418 3373 reformidat,

1821 3391 2120 3446 exserenda
2147 3392 2259 3461 jam
2289 3392 2467 3463 legum
2498 3402 2581 3448 est
2608 3403 2662 3449 ct
2688 3396 2993 3451 exercenda
3040 3400 3328 3466 sententia,
3363 3407 3421 3454 ut

1821 3499 1956 3555 quos
1988 3484 2056 3539 ad
2089 3483 2283 3539 bonam
2330 3485 2699 3541 valetudinem
2751 3487 2957 3542 leniora
3002 3499 3124 3559 post
3179 3502 3418 3558 apertam

1822 3579 2068 3635 cominus
2092 3579 2371 3633 veritatem
2404 3579 2760 3632 medicamina
2790 3594 2894 3633 non
2938 3590 3214 3647 revocant,
3242 3584 3420 3639 acrior
3460 3576 3465 3581 ’

1822 3669 2380 3726 restitnatmtrationis
2410 3669 2655 3723 intentio.
2685 3667 2779 3722 Cui
2810 3669 2951 3724 enim
2978 3671 3117 3727 ratio
3141 3674 3412 3742 proxima,

1822 3763 1958 3817 sicut
1984 3769 2257 3831 gestorum
2297 3761 2469 3816 series
2507 3760 2748 3830 subjecta
2776 3760 3133 3831 demonstrat,
3167 3765 3305 3821 sicut
3335 3768 3420 3822 di-

1821 3854 2069 3908 vinorum
2121 3868 2333 3921 quoque
2360 3854 2692 3908 voluminum
2744 3853 2910 3909 indita
2940 3857 3185 3927 exempla
3218 3868 3420 3915 testan-

1825 3954 1927 4009 tur,
1960 3959 2066 4000 non
2113 3943 2314 4015 liquido
2340 3944 2582 4001 declaret
2607 3945 2792 4012 alieni,
2824 3947 3034 4003 etiamsi
3077 3952 3290 4019 probari
3323 3968 3417 4022 po-

1824 4035 2032 4103 tuisset,
2081 4036 2304 4091 sceleris
2331 4052 2474 4092 noxa
2502 4038 2664 4093 alium
2699 4037 2815 4093 ﬁeri
2855 4055 3005 4095 reum
3054 4044 3276 4099 omnino
3306 4061 3414 4101 non

1821 4143 2003 4200 posse,
2036 4138 2091 4184 et
2120 4130 2437 4185 universalis
2462 4130 2720 4186 Ecclesia:
2748 4140 2947 4187 statum
2973 4134 3248 4191 Caeciliani
3282 4137 3412 4192 insi-

1822 4220 2135 4283 mulatione,
2166 4220 2234 4276 de
2252 4237 2357 4291 quo
2388 4221 2523 4276 nihil
2553 4224 2978 4292 reprehensibile
3007 4229 3179 4297 potuit
3217 4244 3415 4299 appro-

1822 4312 1962 4377 bari,
1990 4328 2093 4368 non
2115 4313 2313 4371 debere
2339 4316 2602 4381 subverti,
2633 4333 2732 4373 nec
2766 4318 2927 4373 etiam
2956 4334 3143 4375 eorum
3183 4322 3271 4391 qui
3301 4338 3360 4377 se
3382 4339 3413 4377 a

1824 4418 2049 4473 corpore
2073 4406 2329 4462 Ecclesia:
2354 4418 2677 4477 separarunt
2709 4411 2811 4465 lata
2842 4411 3103 4466 adversus
3124 4428 3243 4465 eum
3275 4430 3411 4481 prac-

131 4509 187 4556 ut
217 4502 429 4557 belluas
482 4501 642 4556 etiam
690 4511 741 4556 et
770 4514 1119 4570 qumcumqne
1172 4499 1559 4555 irrationabilia
1603 4500 1717 4554 ani-
1746 4501 1795 4561 D
1817 4498 2063 4567 judicare
2083 4500 2317 4557 valuisse
2336 4504 2626 4569 sententia,
2656 4503 2795 4558 sicut
2827 4519 2924 4558 nec
2949 4520 2975 4557 a
3007 4504 3414 4562 Maximianistis

134 4594 335 4647 mantia
370 4592 436 4647 ad
457 4593 682 4647 salutem
702 4633 715 4659 ,
741 4607 899 4662 quam
944 4591 1190 4646 Christus
1219 4593 1504 4662 promisit,
1551 4595 1717 4663 perti-

131 4701 264 4741 nere
293 4685 555 4739 dicamus.
578 4683 807 4738 Prorsus
837 4682 938 4737 hoc
966 4683 1196 4738 dicimus
1222 4702 1235 4738 :
1265 4683 1493 4738 Mundus
1515 4686 1568 4737 in
1608 4702 1717 4739 ma-

131 4780 271 4849 ligno
301 4778 497 4849 positus
527 4786 601 4831 est
634 4794 646 4829 :
701 4775 944 4832 homines
986 4786 1129 4830 sunt.
1170 4776 1236 4830 Ut
1276 4778 1450 4831 credat
1499 4777 1719 4833 mundus

131 4872 249 4939 quia
269 4879 325 4923 tu
357 4884 436 4922 me
466 4869 648 4922 misisti
674 4886 685 4921 :
736 4858 1009 4939 homines
1030 4878 1175 4923 sunt.
1210 4868 1461 4923 Mundum
1493 4871 1720 4924 reconci-

132 4962 264 5015 Iians
290 4960 390 5014 sibi
410 4977 422 5023 ;
440 4958 685 5014 homines
712 4937 931 5028 θαμίζω
959 4970 1151 5017 caetera
1173 4977 1295 5031 qum
1328 4962 1378 5017 in
1411 4962 1553 5016 malo
1577 4962 1721 5016 dicta

132 5062 291 5116 sunt,
335 5051 579 5107 homines
609 5052 730 5121 illi,
774 5054 1018 5108 homines
1077 5054 1171 5107 illi.
1222 5054 1323 5109 I'er
1366 5062 1537 5108 totum
1573 5054 1715 5108 enim

133 5143 395 5198 mundum
430 5143 643 5212 utrique
669 5185 683 5209 ,
713 5144 835 5198 mali
867 5145 1015 5199 mixti
1041 5143 1219 5201 bonis.
1252 5144 1339 5200 Sic
1363 5156 1415 5199 et
1451 5144 1715 5209 Ecclesia,

132 5253 295 5308 quam
318 5235 551 5293 confessi
580 5238 907 5293 suntretium
934 5238 1148 5292 nomine
1171 5238 1496 5292 declaratam
1523 5237 1719 5290 habere

135 5332 345 5397 malos,
397 5331 490 5385 sed
519 5332 767 5387 dixerunt
790 5332 955 5386 latere
985 5340 1327 5401 peccatores,
1381 5329 1717 5396 constatjam

135 5424 280 5495 quod
311 5424 507 5480 habeat
528 5426 702 5480 bonos
730 5434 783 5480 et
813 5424 1002 5478 malos.
1047 5425 1122 5478 De
1166 5421 1385 5476 latendo
1416 5429 1470 5474 ct
1514 5420 1581 5474 de
1614 5435 1717 5474 non

132 5516 352 5573 latendo
394 5518 622 5587 quiestio
650 5527 735 5573 est
790 5525 963 5571 utrum
997 5498 1314 5585 periimterit
1348 5512 1413 5565 ad
1466 5512 1719 5580 pietatem

136 5606 404 5661 bonorum
436 5606 598 5661 etiam
634 5608 803 5661 malos
854 5606 1094 5674 cognitos
1144 5604 1373 5659 tolerare
1399 5642 1412 5667 ,
1461 5616 1527 5656 ne
1568 5601 1722 5656 dese-

137 5703 323 5752 rerent
352 5695 544 5765 bonos,
569 5710 635 5756 an
651 5704 866 5766 propter
888 5695 1060 5749 malos
1084 5702 1253 5749 totum
1275 5692 1526 5752 deserere
1544 5690 1725 5748 volue-

668 5788 940 5847 Psrnon.
1000 5783 1113 5846 XI.

1820 4591 2033 4645 recenti
2076 4600 2320 4660 tempore
2373 4594 2425 4647 in
2473 4594 2751 4649 absentem
2806 4592 3130 4646 Primianum
3201 4595 3410 4662 prolata

1820 4681 2096 4738 damnatio
2117 4682 2291 4739 cidem
2320 4700 2515 4740 nocere
2542 4684 2857 4753 praevaluit?
2878 4683 2974 4737 Cui
2999 4683 3159 4737 etiam
3192 4683 3316 4739 illud
3340 4687 3409 4742 ad

1822 4773 2179 4842 correptionis
2207 4791 2421 4830 causam
2456 4791 2559 4829 non
2590 4775 2731 4828 omni
2763 4789 2827 4828 ex
2857 4782 3008 4841 parte
3055 4773 3285 4828 sufﬁciat
3334 4786 3412 4833 tot

1819 4863 2036 4933 jndiciis
2057 4866 2319 4935 patefacta
2343 4866 2551 4920 Donato
2576 4874 2795 4917 auctore
2824 4863 3133 4918 sehismatis
3161 4880 3411 4936 compro-

1826 4957 1990 5022 batio,
2019 4959 2292 5013 Caeciliani
2316 4957 2605 5026 persolutio
2628 4966 2784 5022 atque
2810 4956 3075 5023 purgatio,
3112 4957 3407 5029 ultimaque

1822 5050 2088 5105 sententia
2139 5047 2535 5115 triuntphabilis
2571 5045 2847 5099 memoria:
2887 5046 3249 5113 Constantini,
3302 5068 3409 5121 qua

1822 5140 2121 5195 evidentius
2148 5137 2372 5192 docetur
2399 5150 2661 5203 expressa
2706 5145 2760 5189 et
2786 5134 3058 5192 Caeciliani
3107 5126 3409 5197 innocentia

1822 5236 1879 5283 et
1922 5228 2112 5281 Donati
2142 5226 2518 5294 sociorumque
2558 5219 2674 5295 ejus
2704 5226 3034 5283 calumniosa
3075 5230 3404 5299 criminatio,

1824 5319 2015 5374 Felicis
2046 5333 2256 5387 quoque
2285 5319 2647 5386 Aptugnensis
2673 5321 2999 5377 ordinatoris
3027 5325 3144 5391 ejus
3170 5338 3405 5390 procon-

1824 5411 2017 5465 sularis
2037 5408 2319 5464 sententia:
2345 5410 2685 5465 documentis
2707 5421 2923 5467 ostensa
2958 5412 3234 5483 purgatio?
3253 5412 3405 5470 Unde

1823 5502 1869 5555 si
1922 5501 2035 5554 haec
2080 5509 2188 5553 tam
2238 5501 2518 5570 perspicua
2565 5511 2726 5571 atque
2773 5503 3057 5558 manifesta
3104 5501 3407 5559 inveterato

1826 5589 2026 5646 mederi
2081 5602 2355 5660 nequeunt
2395 5592 2606 5661 morbo,
2642 5594 2814 5661 putris
2843 5602 2926 5647 est
2970 5592 3206 5646 vulneris
3229 5592 3411 5650 sanies

1825 5673 2199 5755 reprimenda;
2247 5695 2306 5743 ut
2333 5686 2580 5745 libertate
2624 5688 2904 5758 prxclusa,
2939 5686 3041 5741 sibi
3076 5691 3276 5740 tantum
3307 5701 3410 5745 no-

2970 5777 3051 5840 b5
