3860 6212
411 298 552 360 “i9

1072 290 1494 355 MONUMENTA
1529 291 2075 367 canrntctsnnst
2111 264 2522 353 cocntt'rtout
2563 289 3012 355 POSTERIORA.

3538 287 3667 353 1420

405 430 550 479 cere,
580 409 704 483 quia
734 409 835 466 hoc
869 410 1047 481 potius
1092 408 1264 481 eligit,
1298 408 1537 479 incipiat.
1571 407 1674 465 Per
1702 407 1817 464 haec
1839 407 1985 464 enim
2011 411 2068 472 Α
2087 411 2433 477 cognoscant.
2459 392 2767 474 Superioris
2787 413 2965 459 autem
2987 402 3145 459 edicti
3169 400 3330 459 ﬁdem
3355 401 3409 459 in
3424 403 3670 459 omnibus

410 508 590 567 fietut
618 503 744 559 velit
780 501 1068 572 aliquando
1099 501 1299 558 sanari.
1336 500 1632 556 Declarata:
1662 500 1824 572 igitur
1848 500 1989 558 veri-

411 598 507 652 tati
540 597 751 652 detccta
774 593 987 669 falsitas
1014 594 1155 648 colla
1187 592 1483 648 submittat.
1526 591 1678 648 Unde
1706 593 1991 649 universos

408 687 613 744 ordinis
668 688 832 754 viros,
880 685 1131 743 dominos
1180 684 1341 739 etiam
1390 682 1699 749 fundorum,
1753 692 1988 753 actores,

408 780 761 836 conductores
802 786 909 831 tam
937 776 1131 831 domus
1154 774 1349 830 divinae
1372 790 1529 845 quant
1554 775 1714 829 etiam
1760 774 1991 844 privata-

407 888 523 927 rum
572 870 998 941 possessionum,
1050 868 1401 936 senioresque
1450 867 1687 922 omnium
1722 867 1990 934 locorum,

410 962 567 1033 hujus
601 962 762 1017 edicti
793 948 1119 1017 auctoritate
1143 972 1459 1014 commoneo
1496 966 1759 1029 quatenus
1789 973 1995 1014 memo-

406 1070 494 1110 res
521 1054 717 1125 legum,
748 1052 1090 1123 dignitatum,
1140 1051 1511 1106 aestimationis
1555 1050 1847 1121 salutisque
1872 1065 1996 1121 pro-

312 1214 313 1217 ,
408 1146 556 1215 priae,
591 1145 988 1201 Donatistarum
1032 1141 1411 1198 conventicula
1442 1142 1495 1195 in
1536 1141 1783 1197 omnibus
1809 1141 1995 1197 civita-

406 1237 548 1293 tibus
576 1245 632 1293 et
661 1236 795 1291 locis
824 1235 1116 1307 prohibere
1146 1232 1506 1299 contendant,
1550 1233 1622 1288 ita
1649 1242 1709 1290 ut
1737 1234 1993 1290 ecclesias

407 1343 539 1398 quas
560 1328 641 1383 eis
666 1328 1005 1383 humanitate
1034 1342 1155 1382 mea
1200 1327 1402 1395 absque
1429 1326 1690 1396 imperiali
1728 1336 2023 1399 praecepto

410 1434 577 1489 usque
603 1418 669 1473 ad
701 1418 844 1474 diem
891 1418 1175 1474 sententia
1202 1425 1417 1473 constat
1445 1417 1679 1473 indultas
1704 1419 1997 1476 Catholicis

408 1509 623 1565 tradere
665 1511 784 1566 sine
828 1511 935 1565 ulla
963 1510 1225 1565 dilatione
1256 1509 1532 1572 festinent,
1574 1509 1625 1564 ni
1674 1511 1880 1566 malunt
1919 1519 1998 1567 tot

412 1603 753 1657 sanctiouum
786 1602 994 1673 laqueis
1023 1602 1220 1657 irretiri
1246 1617 1259 1654 :
1308 1615 1441 1671 quas
1469 1600 1702 1671 quidem,
1737 1606 1779 1657 si
1810 1586 1998 1659 unitati

408 1695 684 1752 catholicae
712 1696 1022 1751 causentire
1054 1694 1347 1761 voluerint,
1389 1708 1576 1749 eorum
1618 1709 1739 1749 esse
1764 1704 1851 1749 sat
1878 1709 2000 1751 cer-

2092 506 2300 553 certum
2326 505 2408 552 est
2435 495 2726 552 reservari.
2757 494 2912 553 Unde
2935 495 3299 566 unusquisque
3319 495 3515 552 Donati
3532 510 3673 552 com-

2093 589 2365 645 munionis
2406 587 2692 659 episcopus
2721 587 2807 643 ad.
2835 587 2951 643 loca
2982 588 3198 659 propria
3224 589 3346 644 sine
3374 587 3482 643 ulla
3521 587 3673 645 debet

2093 680 2464 753 inquietudine
2492 694 2556 735 ac
2593 679 2839 735 molestia
2868 693 3146 746 remeare;
3168 687 3441 750 quatenus
3470 679 3530 735 in
3556 694 3674 749 pro—

2094 772 2226 844 priis
2263 771 2609 837 constitutus,
2637 779 2731 825 aut
2758 769 2825 825 ad
2861 784 3022 825 unam
3048 755 3341 842 veramque
3381 770 3671 826 Ecclesiae)

2094 873 2418 930 revertatur,
2455 862 2727 919 aut'satis
2769 862 2975 933 legibus
3014 862 3192 919 facere
3218 864 3341 919 sine
3368 863 3672 919 dissimula-

2096 960 2242 1015 tione
2272 973 2375 1013 non
2402 956 2634 1012 differat.
2666 956 2731 1011 Hi
2757 963 2937 1011 autem
2965 956 3055 1026 qui
3096 956 3149 1010 in
3182 956 3404 1027 praediis
3439 957 3555 1012 suis
3578 957 3675 1013 cir-

2095 1052 2506 1108 cumcellionum
2557 1050 2744 1108 turbas
2780 1064 2840 1106 se
2870 1049 3071 1105 habere
3097 1058 3454 1120 cognoscunt,
3487 1051 3672 1114 sciant,

2096 1144 2198 1200 nisi
2243 1159 2430 1201 eorum
2476 1141 2821 1199 insolentiam
2865 1139 3191 1198 omnimodis
3232 1140 3596 1212 comprimere
3624 1149 3676 1199 et

2097 1235 2387 1293 refrenare
2424 1235 2727 1307 gestierint,
2765 1235 2999 1290 maxime
3041 1248 3101 1290 ea
3143 1233 3259 1289 loca
3302 1246 3336 1288 ι
3381 1234 3516 1299 ﬁsco
3558 1245 3675 1287 mox

2099 1326 2430 1398 occupanda.
2507 1326 2785 1397 Siquidem
2860 1335 2966 1379 tam
3032 1323 3311 1380 catholicae
3367 1322 3473 1395 legi
3525 1338 3674 1394 quam

2098 1421 2266 1491 quieti
2291 1420 2542 1491 publica,
2568 1428 2628 1474 ut
2656 1433 2844 1474 eorum
2870 1415 3219 1488 conquiescat
3245 1414 3479 1480 insania,
3511 1414 3565 1469 in
3584 1413 3677 1470 hac

2100 1522 2252 1583 parte
2277 1513 2599 1569 consulitur.
2635 1510 2926 1567 Gestorum
2953 1518 3130 1564 autem
3171 1505 3401 1563 reiectio
3429 1520 3536 1577 qua
3562 1520 3683 1576 pro--

2101 1605 2272 1662 fertur
2325 1606 2575 1677 superius
2622 1612 2977 1661 memoratum
3025 1618 3056 1657 a
3103 1602 3403 1657 Donatistis
3445 1612 3678 1656 errorem

2101 1696 2408 1752 schismatis
2437 1697 2736 1761 exstitisse,
2777 1703 2936 1765 atque
2963 1692 3309 1749 Caecilianum
3352 1701 3410 1748 et
3436 1700 3679 1758 caeteros,

414 1800 523 1844 tum
552 1798 655 1845 est.
690 1788 892 1859 Majore
925 1798 1105 1843 autem
1129 1801 1290 1842 causa
1315 1796 1475 1855 atque
1501 1786 1717 1842 solertia
1745 1797 1867 1857 post
1908 1786 2000 1843 de-
2030 1786 2077 1846 B
2105 1804 2240 1859 quos
2267 1789 2511 1859 improbe
2538 1786 2885 1844 crediderant
2908 1783 3264 1851 accusandus,
3287 1781 3462 1838 fuisse
3493 1795 3680 1853 purga-

409 1890 605 1937 tectam
647 1881 821 1937 modis
861 1880 1111 1936 omnibus
1140 1880 1405 1933 unitatem
1451 1879 2001 1949 superstitionemque

412 1977 711 2032 convictam
741 1992 768 2031 a
801 1976 1003 2047 proprii
1032 1975 1234 2031 debent
1281 1974 1533 2029 facinoris
1572 1974 1866 2031 intentione
1904 1975 2000 2032 de-

414 2070 563 2140 pelli.
593 2068 654 2123 Hi
678 2076 857 2123 autem
880 2067 969 2139 qui
1005 2076 1124 2137 post
1154 2067 1317 2121 vetita
1340 2067 1515 2137 legunt
1539 2082 1728 2123 eorum
1759 2082 1820 2123 se
1847 2068 2001 2124 emti-

415 2161 515 2217 bus
556 2162 893 2224 miscuerint,
941 2160 1309 2215 indubitanter
1351 2158 1652 2229 intelligant
1698 2174 1909 2229 pmnam
1942 2173 2004 2216 se

418 2253 690 2321 imperiali
734 2253 958 2315 arbitrio
1004 2253 1361 2321 praestitutam
1409 2252 1635 2307 ulterius
1676 2252 1846 2307 vitare
1892 2267 2002 2308 non

414 2358 595 2413 posse,
638 2358 773 2413 quos
798 2342 1040 2413 principe
1068 2342 1188 2397 loco
1230 2348 1351 2412 post
1391 2342 1586 2413 agnitae
1610 2342 1889 2398 catholica:
1916 2357 2005 2399 re-

412 2435 709 2491 verentiam
739 2436 875 2506 legis
900 2434 964 2489 ad
989 2436 1243 2505 profanos
1269 2450 1455 2490 eorum
1477 2445 1651 2491 castus
1670 2435 2003 2491 communio-

416 2540 646 2597 nemque
695 2525 922 2581 rediisse
950 2534 1034 2580 sat
1060 2526 1263 2581 clarum
1311 2534 1413 2580 est.
1444 2525 1599 2593 Quod
1640 2535 1697 2581 ut
1726 2534 1851 2581 ante
1894 2541 2003 2581 non

418 2618 594 2684 ﬁeret,
613 2619 887 2689 patientia
917 2626 1121 2672 tantum
1144 2617 1573 2673 consideratione
1593 2626 1647 2673 et
1675 2634 1772 2689 spe
1790 2633 2007 2675 correc-

417 2710 581 2765 tioiiis
632 2710 806 2778 aliqua
862 2717 1015 2779 parte
1054 2724 1123 2764 ex
1171 2717 1323 2778 parte
1353 2708 1685 2770 distuleram.
1734 2710 2007 2766 Hactenus

416 2798 580 2870 igitur
628 2798 877 2854 inimicos
930 2798 1053 2854 ﬁdei
1084 2797 1406 2853 Christianae
1457 2798 1668 2869 legibus
1718 2800 2010 2857 insultasse

413 2890 670 2956 sufﬁciat,
702 2892 940 2946 maxime
975 2906 1095 2947 cum
1138 2906 1327 2945 eorum
1360 2900 1515 2945 notas
1540 2903 1748 2947 certum
1785 2892 1858 2946 sit
1884 2906 2007 2947 esse

390 2994 693 3049 personas.
722 2980 860 3048 Quid
889 2996 1112 3036 necesse
1144 2990 1226 3036 est
1251 2990 1328 3036 tot
1354 2982 1718 3048 sanctionum,
1750 2982 2006 3052 quoniam

417 3074 564 3129 nulla
584 3074 889 3130 emendatio
912 3074 1202 3130 subsecuta
1227 3082 1330 3137 est,
1360 3074 1591 3128 nexibus
1611 3074 1806 3131 subdi?
1831 3076 2007 3145 Ipsam

2103 1890 2208 1947 tos,
2255 1881 2593 1937 sanctitatem
2618 1889 2849 1935 vestram
2881 1876 3192 1948 plenissime
3218 1874 3418 1945 poterit
3440 1872 3677 1929 edocere.

2107 1971 2200 2045 (Et
2242 1973 2348 2028 alia
2399 1970 2601 2043 manu).
2653 1971 3031 2027 Pnorons'run.
3082 1968 3301 2039 (Datum
3351 1962 3679 2035 Carthagini)

2104 2075 2225 2136 post
2248 2066 2586 2121 consulatum
2607 2063 2837 2119 Varanis
2866 2079 2916 2117 v.
2938 2076 2990 2118 c.
3018 2076 3092 2126 vt,
3118 2058 3230 2115 kal.
3256 2056 3410 2114 Julii.

2106 2154 2336 2228 Ezplicit
2387 2172 2528 2211 num.
2584 2170 2761 2210 xum
2806 2152 3257 2208 uestimentorum
3294 2148 3367 2203 ad
3396 2146 3682 2204 Donatista-

2490 2264 2603 2305 rum
2627 2248 2893 2303 historiam
2922 2242 3301 2316 pertinentium.

2518 2461 2681 2535 326
2708 2475 2846 2517 mo
2874 2474 3060 2516 nolim
3088 2468 3285 2515 ccccn.

2258 2583 2283 2610 ιι
2307 2572 2549 2629 xxxw.
2589 2572 2731 2629 LEX
2761 2554 3559 2643 nouununtpnns'ronts.

2183 2680 2287 2731 QUA
2312 2681 2538 2722 IULCTE
2565 2681 2899 2723 PECUNIABIE
2924 2677 3264 2719 IIPONUN'I'UR
3291 2672 3618 2716 DONATISTIS.

2182 2758 2187 2763 ’
2254 2779 2359 2851 (Ea:
2375 2777 2505 2836 Cod.
2531 2781 2756 2848 Theod.,
2787 2779 2892 2835 Tit.
2921 2780 2987 2835 de
3016 2775 3324 2841 Hmreticis,
3355 2774 3419 2829 ι.
3446 2748 3579 2843 52).

2112 2871 2281 2941 lmpp.
2310 2872 2580 2927 Honorius
2609 2882 2664 2929 et
2687 2872 3028 2929 Theodosius
3053 2870 3167 2926 AA.
3193 2867 3427 2925 Seleuco
3460 2865 3518 2920 P.
3542 2863 3602 2919 Ε.
3622 2861 3682 2919 Ρ.

2182 2982 2441 3049 Cassatis,
2465 2999 2587 3054 quae
2624 2984 2962 3055 pragmatici,
2993 2980 3075 3037 vel
3115 2978 3467 3034 adnotatione
3514 2986 3685 3029 manus

2112 3085 2334 3139 nostrae,
2360 3076 2636 3144 potuerint
2662 3074 2959 3146 impetrari,
2999 3081 3056 3129 et
3084 3069 3429 3127 manentibus
3452 3068 3553 3135 his,
3581 3079 3687 3137 qua:

414 3180 545 3221 vero
589 3162 976 3219 catholicorum
1006 3166 1401 3234 episcoporum,
1456 3165 1617 3219 etiam
1666 3175 1787 3237 post
1836 3168 2006 3224 victo-
2032 3151 2080 3216 Ο
2114 3166 2275 3221 etiam
2298 3165 2497 3220 dudum
2521 3181 2684 3237 super
2704 3167 2806 3223 hoc
2832 3166 3051 3223 definita
3069 3171 3195 3219 sunt
3213 3171 3269 3218 et
3287 3169 3534 3217 veterum
3558 3156 3688 3230 prin-

415 3256 552 3312 riam
586 3253 847 3320 veritatis,
894 3255 1144 3310 noverint
1185 3255 1478 3311 Donatista:
1523 3272 1741 3313 manere
1784 3269 2004 3315 senten-

416 3348 567 3412 tiam,
620 3352 679 3400 ut
723 3345 1003 3417 completis
1049 3347 1429 3401 collationibus
1476 3363 1609 3417 quas
1660 3349 1838 3405 eiset
1877 3359 2005 3407 ante

415 3436 625 3511 oblatas
651 3436 860 3504 publica
889 3435 1217 3490 conscientia
1249 3437 1533 3502 retinetur,
1563 3446 1619 3493 et
1646 3454 1789 3493 nunc
1820 3440 2005 3496 oﬁerri

415 3526 535 3583 sine
561 3525 898 3581 dubitatione
925 3533 1008 3579 sat
1051 3532 1260 3581 certum
1292 3533 1400 3592 est,
1440 3540 1559 3580 sese
1598 3528 1797 3596 suscipi
1848 3543 2007 3598 posse

2113 3257 2291 3326 cipum
2320 3258 2601 3313 sanctione
2648 3266 2881 3324 servata,
2928 3256 3031 3311 nisi
3077 3270 3143 3310 ex
3176 3252 3267 3309 die
3303 3251 3529 3323 prolata:
3570 3247 3689 3318 legis

2114 3363 2304 3401 omnes
2333 3347 2650 3413 Donatistae,
2685 3356 2791 3402 tam
2820 3347 3131 3403 sacerdotes
3160 3360 3321 3416 quam
3352 3340 3563 3408 clerici,
3603 3336 3689 3393 lai-

2114 3441 2271 3509 cique
2292 3439 2573 3495 catholicae
2598 3454 2679 3505 se,
2707 3455 2739 3495 a
2773 3456 2875 3509 qua
2901 3440 3163 3511 sacrilege
3190 3437 3495 3499 descivere,
3528 3430 3689 3490 reddi-

2114 3530 2317 3596 derint,
2351 3540 2476 3585 tunc
2502 3532 2737 3587 illustres
2764 3530 3074 3602 singillatim
3108 3545 3282 3601 pinna:
3327 3519 3689 3585 nomine'ﬁsco

1396 3637 1629 3695 JACOBI
1669 3639 2108 3699 GOTHOFREDI
2145 3641 2707 3699 COMMENTARIUS.

492 3754 1043 3813 XXXIV.'Douatistis
1064 3753 1127 3808 ad
1141 3753 1457 3809 catholicam
1474 3754 1632 3809 ﬁdem
1656 3756 1997 3823 revocandis,

427 3838 584 3896 atque
606 3826 911 3882 resecantlis
940 3827 1098 3880 enixe
1124 3826 1385 3879 incumbit
1413 3826 1673 3881 Honorius
1704 3826 2000 3896 imperator

400 3899 527 3953 hac
562 3898 963 3961 constitutione,
988 3911 1105 3961 qum
1132 3896 1252 3965 data
1283 3898 1461 3949 statim
1492 3904 1613 3965 pust
1653 3898 1997 3953 collationem

427 3968 903 4039 C'trthagineusem
934 3982 1074 4019 anno
1100 3966 1157 4019 D.
1176 3964 1685 4039 4152.1’rimocapite
1711 3969 1999 4023 Donatistis

464 4054 599 4093 (eum
632 4036 737 4093 seu
774 4037 985 4091 mulctzc
1014 4039 1379 4104 imponuntur,
1436 4036 1536 4090 nisi
1579 4038 1643 4090 ad
1680 4039 1999 4093 catholicam

473 4110 720 4163 cclesiam
749 4107 1026 4172 redierint,
1058 4121 1163 4177 non
1211 4107 1459 4161 obstante
1509 4122 1840 4177 quacumque
1884 4118 2001 4163 tan-

427 4180 549 4233 dem
599 4178 851 4247 principis
895 4176 1216 4245 pragmatica
1258 4178 1339 4247 vel
1386 4176 1767 4232 aditolntiOneC
1795 4179 1893 4241 Eo,
1928 4181 2009 4233 itt-

468 4245 612 4313 nam,
640 4245 871 4318 pertinet
892 4247 1046 4318 hujus
1076 4247 1198 4315 legis
1224 4245 1452 4306 initium,
1477 4248 1617 4315 quod
1648 4249 1715 4300 ita
1746 4253 2006 4303 restituo:

468 4265 608 4313 nam,
640 4265 871 4316 pertinet
892 4265 1046 4318 ηιιμιε
1076 4265 1198 4315 tegis
1224 4265 1452 4306 mutum,
1477 4265 1617 4315 quoa
1648 4265 1715 4300 ita
1746 4265 2006 4303 restituo:

428 4265 571 4379 (Nisi,
597 4326 701 4373 etc.
736 4315 1018 4371 Catholica:
1050 4332 1104 4369 se
1130 4332 1159 4367 α
1197 4333 1297 4385 qua
1320 4318 1563 4383 sacrilege
1589 4319 1863 4383 descivere,
1893 4320 2011 4373 red-

431 4390 671 4442 diderint.
707 4388 780 4441 De
821 4400 886 4441 eo
911 4388 1105 4455 quippe
1132 4387 1273 4453 quod
1305 4386 1413 4438 dixi
1446 4387 1528 4454 agi
1558 4390 1792 4441 ostendit
1841 4389 2011 4442 mani-

434 4459 569 4514 feste
595 4474 697 4511 vox
734 4458 1059 4514 Descwens.
1086 4457 1449 4527 qutc_omnino
1475 4459 1698 4523 pertinet
1729 4458 1793 4511 ad
1827 4474 2012 4527 perso-

437 4544 553 4593 nas,
582 4544 684 4583 uou
729 4529 797 4597 ad
825 4542 908 4579 res
935 4527 1159 4597 ablatas.
1192 4524 1256 4578 Et
1279 4536 1420 4578 totus
1441 4526 1694 4595 deinceps
1720 4524 1853 4597 legis
1884 4545 2013 4581 eon-

439 4608 613 4653 textus
644 4598 695 4652 id
723 4596 937 4659 evincit,
966 4596 1047 4663 agi
1078 4595 1145 4669 de
1186 4597 1475 4669 Donatistis
1504 4611 1534 4669 a_
1565 4612 1722 4669 prava
1753 4595 2011 4669 religione

438 4668 771 4729 revocandis,
805 4670 944 4736 quod
984 4676 1038 4720 et
1063 4665 1262 4720 diserte
1301 4665 1489 4720 eodem
1525 4667 1644 4720 loco
1690 4665 1900 4721 dicitur.
1936 4670 2010 4722 De

438 4739 678 4796 ccclesiis
717 4739 858 4791 enim
897 4737 1112 4790 demum
1156 4738 1331 4805 agitur
1383 4740 1434 4789 in
1490 4736 1593 4789 ﬁne
1632 4738 1761 4805 legis
1794 4755 1807 4790 :
1850 4738 2011 4805 idque

440 4809 611 4876 ipsum
639 4817 952 4876 argumento
980 4807 1135 4859 dictae
1160 4806 1283 4876 legis
1313 4806 1401 4869 54,
1430 4806 1554 4872 infr.
1588 4806 1787 4858 ﬁrmari
1815 4816 2008 4876 potest.

441 4875 620 4935 Pceutc
648 4875 847 4940 autem,
877 4876 1015 4945 quod
1044 4875 1360 4945 secundum,
1388 4890 1479 4941 per
1505 4876 1711 4945 singula
1739 4875 2012 4929 hominum

443 4964 636 5019 genera
666 4944 1049 5019 praponuntur,
1074 4944 1867 5019 siveindignitatepositorum,
1899 4944 2013 4998 sive

445 5011 803 5087 popularium,
834 5018 947 5069 sive
973 5014 1469 5087 Circumcellionum
1499 5012 1587 5079 (de
1610 5011 1803 5087 quibus
1831 5023 2013 5079 postea

445 5082 695 5157 plenius).
748 5087 926 5157 Tertio
952 5086 1200 5157 proponit
1246 5082 1854 5157 poenamoccultantibus
1898 5096 2012 5157 eos,

447 5149 606 5213 etiam
656 5149 1088 5217 conductoribus,
1141 5149 1576 5218 proettratoribus
1613 5160 1666 5205 et
1710 5149 2015 5206 hominibus

446 5228 636 5281 domus
668 5224 945 5294 principis,
976 5221 1335 5294 uxoribusque
1378 5236 1581 5294 eorum.
1626 5220 1844 5287 Quarto,
1898 5233 2016 5294 post

450 5292 704 5351 mulctam
736 5293 987 5348 inﬂictam
1018 5292 1431 5361 contumacibus
1452 5292 1710 5345 bonorum
1744 5292 2013 5361 proscrip-

453 5369 651 5421 tionem
681 5366 934 5417 minatur.
967 5361 1186 5426 Quinto,
1216 5368 1270 5413 ct
1294 5360 1525 5415 dominis
1554 5362 1712 5414 etiam
1740 5360 2017 5417 catholicis

382 5464 385 5467 η
454 5436 695 5490 eamdem
729 5433 976 5485 tnulctatn
1006 5432 1248 5499 imponit,
1295 5430 1396 5484 nisi
1440 5445 1624 5485 servos
1653 5441 1709 5484 et
1733 5433 1951 5486 colonos
1986 5447 2015 5485 a

452 5521 610 5576 prava
644 5503 900 5573 religione
926 5504 1313 5576 revocaverunt.
1347 5501 1533 5576 Sexto,
1580 5500 1845 5576 Honorius
1871 5501 2022 5576 cleri-

450 5570 555 5642 cos,
600 5570 853 5629 ministros
889 5572 1223 5627 sacerdotales
1268 5570 1658 5625 Donatistarum
1699 5571 1752 5626 in
1800 5573 2019 5628 exilium

454 5647 689 5713 singulos
715 5661 808 5713 per
838 5643 1071 5713 singulas
1100 5642 1349 5712 regiones
1382 5642 1517 5713 mitti
1548 5642 1647 5696 sub
1695 5642 1793 5713 lida
1839 5658 2022 5710 prose-

451 5711 661 5771 cutione
698 5711 865 5785 jubet.
917 5711 1189 5769 Postremo
1233 5713 1427 5783 capite,
1454 5711 1711 5781 Ecclesiae,
1758 5711 2025 5769 Consenti-

2108 3756 2246 3822 cula,
2279 3755 2607 3827 prtediaque,
2638 3755 3019 3811 haereticorum
3042 3756 3292 3827 largitate
3314 3754 3367 3808 in
3398 3768 3584 3827 eorum
3613 3764 3690 3805 ec-

2108 3823 2305 3883 clesias
2375 3823 2599 3892 collata,
2650 3827 2932 3882 catholicis
2980 3823 3226 3883 ecclesiis
3272 3824 3428 3895 juxta
3500 3823 3689 3895 priores

2112 3898 2527 3953 constitutiones
2554 3896 2641 3967 (id
2677 3907 2761 3951 est
2798 3897 2952 3967 juxta
2984 3898 3023 3951 Ι.
3051 3897 3143 3963 43,
3170 3904 3188 3967 )
3216 3894 3691 3965 vindicarejuben-

2114 3975 2219 4022 tur.
2332 3971 2338 3978 ’

2187 4039 2249 4091 Ει
2282 4038 2363 4091 lite
2391 4037 2606 4106 quidem
2636 4045 2842 4106 septem
2881 4037 3118 4106 rationes
3146 4046 3274 4091 sunt
3301 4036 3500 4106 quibus
3535 4036 3689 4088 Dona-

2112 4108 2265 4161 tistas
2286 4107 2352 4161 ad
2386 4105 2545 4161 ﬁdem
2574 4106 2893 4160 catholicam
2924 4105 3226 4169 traducere,
3261 4105 3559 4176 cerumqnc
3586 4120 3690 4175 per-

2116 4178 2264 4230 tinax
2292 4177 2591 4229 institutum
2620 4178 2887 4244 frangere,
2918 4190 3166 4230 resecare
3196 4177 3303 4231 hoc
3325 4186 3573 4244 tempore
3590 4184 3691 4228 stu-

2115 4247 2232 4301 duit
2286 4248 2569 4307 Honorius,
2613 4246 2808 4315 quibus
2836 4244 3125 4300 validiores
3173 4246 3297 4311 ﬁngi
3330 4248 3573 4315 rationes
3598 4258 3689 4298 non

2117 4320 2344 4386 possint.
2394 4315 2446 4369 1⁸
2490 4314 2660 4371 Metus
2689 4315 2867 4369 damni
2901 4315 3212 4386 pecuniarii.
3241 4316 3306 4368 ευ
3334 4314 3690 4386 Conductores

2116 4384 2169 4441 et
2214 4395 2589 4454 procuratores
2632 4388 2683 4440 in
2729 4401 2822 4439 eos
2858 4385 3072 4440 excitati
3117 4386 3182 4437 ad
3227 4400 3324 4439 eos
3355 4384 3687 4453 detegendos.

2116 4458 2178 4511 5°
2210 4458 2321 4511 Imo
2348 4466 2403 4510 et
2432 4472 2651 4511 uxores.
2694 4454 2756 4509 4°
2790 4455 3061 4510 Bonorum
3090 4455 3510 4523 proscriptionis
3536 4461 3690 4508 metus

2119 4526 2239 4596 pos't
2264 4530 2678 4582 contumaciam.
2708 4529 2769 4581 5°
2821 4526 3027 4579 Domini
3071 4527 3123 4578 in
3153 4540 3341 4579 servos
3371 4534 3443 4596 et
3488 4526 3689 4579 colonos

2116 4594 2389 4652 concitati.
2422 4598 2482 4651 6°
2516 4598 2705 4653 Clerici
2734 4598 2785 4649 in
2813 4598 3031 4651 exilium
3066 4596 3237 4650 missi.
3268 4596 3331 4649 7°
3369 4594 3623 4652 Ecclesiae
3645 4602 3691 4647 et

2114 4668 2334 4723 doliaria
2376 4668 2653 4723 catholicae
2699 4666 2955 4722 Ecclesia:
2998 4665 3255 4720 vindicari
3291 4665 3467 4735 jussa.
3505 4665 3691 4735 Quibus

2114 4738 2308 4861 simillia
2348 4739 2457 4806 jam
2498 4740 2773 4807 complura
2816 4738 2854 4791 ι.
2887 4736 2979 4803 54,
3028 4737 3157 4807 infr.
3208 4733 3305 4791 ubi
3350 4745 3407 4790 et
3448 4733 3691 4790 nonnulla

2116 4824 2143 4860 8
2228 4825 2237 4859 I
2268 4824 2319 4860 3.

2116 4818 2319 4860 addtta.

2188 4876 2258 4931 Ut
2289 4878 2403 4930 hiec
2430 4876 2651 4944 hujusce
2682 4876 2812 4944 legis
2852 4878 2905 4930 in
2949 4878 3255 4932 universum
3288 4885 3374 4932 est
3418 4873 3686 4939 sententia,

2118 4946 2186 5016 ita
2217 4945 2546 5016 Augitstinus
2587 4946 2701 5013 ejus
2728 4948 2833 5016 vim
2862 4947 2939 5001 sic
2982 4949 3214 5001 breviter
3243 4945 3517 5016 expressit
3555 4945 3688 5009 epist.

2119 5015 2209 5077 50,
2240 5016 2307 5065 ad
2334 5013 2830 5086 Bonifacium..lam
2859 5018 2989 5070 enim
3022 5017 3128 5072 Lex
3165 5013 3328 5085 {uersu
3362 5016 3687 5086 promulgata,

2120 5094 2175 5135 ut
2206 5092 2357 5135 (mitte
2394 5085 2723 5138 immanitatis
2750 5086 2953 5140 haeresis
2984 5086 3393 5146 Donatistarum,
3422 5086 3510 5138 cui
3530 5087 3693 5139 crede.

2120 5153 2218 5205 lius
2242 5153 2381 5222 parci
2417 5152 2699 5219 videbatur,
2726 5168 2879 5223 quam
2910 5158 3019 5224 ipsa
3058 5158 3312 5219 saeviebat,
3373 5171 3477 5208 non
3512 5164 3691 5209 tantum

2120 5224 2339 5294 violenta
2371 5238 2477 5274 esse
2499 5262 2515 5288 ,
2556 5224 2645 5275 sed
2674 5239 2870 5279 onmno
2894 5243 3015 5281 EssE
3044 5244 3145 5282 non
3173 5241 3474 5281 smene'rnn
3503 5228 3691 5294 imp-ae

2121 5293 2517 5371 (haecupt'imum
2561 5302 2644 5371 est
2685 5295 2837 5363 hujus
2875 5297 2972 5368 leg.
3025 5298 3340 5371 sententia).
3376 5294 3502 5371 Non

2120 5363 2369 5432 supplicio
2398 5363 2626 5433 capitali,
2661 5374 2864 5433 prapter
2890 5363 3190 5420 servandam
3217 5363 3371 5420 etiam
3400 5367 3538 5420 circa
3565 5365 3691 5419 iudi-

2156 5431 2246 5484 nos
2276 5431 2702 5506 vitisericqrdium,
2731 5431 3186 5506 sedPecumanns
3213 5451 3406 5491 osurus
3435 5436 3692 5506 propositis

2156 5449 2246 5484 nos
2276 5449 2702 5495 uttsertcoramm,
2731 5449 2817 5488 sed
2847 5449 3186 5491 Pecumantts
3213 5451 3406 5491 osurus
3435 5449 3690 5506 propositis

2122 5449 2441 5578 (lisccutttluut
2488 5500 2775 5578 ltoc_c_apnt
2817 5505 2972 5578 hujus
3028 5508 3172 5578 legis,
3203 5506 3313 5578 ubi
3366 5508 3564 5575 pariter
3599 5521 3690 5560 vox

2124 5571 2332 5635 damno,
2367 5584 2421 5624 ttt
2444 5588 2509 5626 ex
2717 5571 2991 5645 occurrit).
3030 5571 3097 5630 Εῖ
3133 5580 3185 5629 in
3203 5571 3513 5641 'EplscttPOS,
3542 5590 3692 5632 IIIIS-

2124 5657 2254 5717 [πως
2280 5658 2452 5696 eorum
2478 5641 2631 5717 exilio
2657 5641 3237 5717 co‘nstituloIlTertium
3270 5648 3373 5701 hoc
3397 5657 3555 5717 caput
3572 5644 3688 5715 est.)

2126 5712 2457 5784 Quamquam
2472 5721 2526 5769 et
2544 5712 2591 5768 si
2606 5712 2851 5781 ordinem
2868 5712 3153 5774 verborum
3172 5712 3687 5791 Augustitti'spectesi
