3860 6212
161 336 296 394 “25

1355 337 1576 397 LEGES
1612 336 1681 395 IN
1721 336 2166 395 DONATISTAS.

3269 333 3411 393 “26

158 457 477 523 potestatem
529 450 755 523 alicujus
795 418 1017 511 ineundi
1050 453 1281 521 habere,
1317 452 1414 510 sed
1475 461 1735 525 perpetua
1760 456 1816 517 Α
1839 453 1993 509 rabili
2032 452 2286 509 Ecclesize
2314 452 2617 509 socientur:
2643 452 2700 507 5°
2726 452 2801 507 Ita
2830 461 2885 508 ut
2915 450 3158 525 episcopi,
3188 451 3411 523 presby-

159 546 365 601 inustos
394 546 609 601 infamia
638 562 667 601 a
690 547 916 603 coetibus
949 547 1191 603 honestis
1215 557 1271 602 et
1296 562 1325 602 a
1349 555 1618 603 conventu
1643 563 1739 617 pu-

161 640 300 696 blico
347 640 725 712 segregaudos.
756 642 813 695 2°
848 642 921 698 Ea
970 656 1097 698 vero
1139 642 1272 705 loca,
1299 642 1351 695 in
1404 642 1597 713 quibus
1620 640 1737 697 dira

158 732 471 804 superstitio
496 748 641 789 nunc
672 748 841 805 usque
870 743 1081 791 servata
1126 743 1229 799 est,
1261 732 1540 789 catholicae
1576 749 1738 791 vene-

1845 545 1969 613 teri,
1993 560 2288 616 omnesque
2316 545 2582 602 antistites
2611 560 2820 611 eorum,
2852 555 2906 600 et
2932 543 3167 599 ministri
3198 542 3416 614 spoliati

1839 640 2088 697 omnibus
2127 640 2469 697 facultatibus
2512 640 2579 695 ad
2629 640 2867 711 singulas
2920 620 3158 710 quasque
3208 637 3410 693 insulas

1841 746 2002 809 atque
2031 736 2333 809 provincias
2360 735 2611 792 exulandi
2637 735 2808 807 gratia
2831 732 3147 806 dirigantur.
3168 730 3227 786 4°
3256 730 3415 801 Quis-

1083 853 1089 860 ’
1132 865 1368 923 JACOBI
1408 867 1850 928 GOTHOFREDI
1885 870 2443 930 COMMENTARIUS.

159 988 255 1042 hac
283 988 383 1071 leg.
416 987 631 1043 statutis
660 986 849 1069 subjici
877 986 1076 1110 passim
1098 986 1250 1069 jubet
1282 988 1433 1070 :.imo
1454 996 1612 1042 estet
1653 988 1744 1044 ubi

159 1059 224 1110 dc
258 1060 343 1110 Ius
365 1058 430 1110 ad
454 1074 513 1110 se
541 1057 754 1110 referri.
788 1058 854 1110 Et
922 1072 998 1110 acc
1038 1058 1251 1110 quidem
1300 1058 1444 1110 ideo.
1469 1058 1608 1110 unod
1644 1058 1744 1110 Do-

159 1059 224 1113 dc
258 1057 346 1114 bis
365 1058 430 1113 ad
454 1074 513 1114 se
541 1057 754 1113 referri.
788 1058 854 1112 Et
884 1057 998 1111 haec
1038 1058 1251 1127 quidem
1300 1058 1445 1121 ideo,
1469 1058 1608 1126 quod
1644 1058 1745 1112 Do-

162 1129 481 1184 natistarum
530 1128 746 1183 vesania
801 1136 1003 1183 tantum
1046 1128 1197 1182 abest
1225 1140 1342 1197 pOSt
1388 1128 1743 1184 Collationem

158 1200 661 1269 Carthaginensem‘
692 1213 952 1269 expressa
1008 1197 1188 1263 fuerit,
1231 1210 1286 1252 ut
1327 1209 1508 1253 contra
1542 1199 1593 1252 in
1642 1200 1743 1253 im-

161 1286 406 1326 mensum
429 1270 759 1334 excreverit,
787 1270 854 1323 de
879 1272 1150 1337 qttoteStis
1174 1271 1367 1338 passim
1393 1270 1739 1335 AUgustinus.

158 1339 270 1396 Nos
305 1357 489 1409 pmnas
515 1340 647 1396 istas
679 1355 819 1395 nunc
862 1342 1164 1394 summatim
1212 1355 1545 1410 appouamus
1579 1357 1590 1392 :
1622 1356 1742 1407 quae

158 1411 347 1467 decem
377 1412 598 1467 omnino
626 1420 768 1476 sunt,
804 1411 855 1464 in
878 1419 1006 1476 quot
1025 1411 1187 1464 etiam
1219 1409 1406 1464 versus
1437 1409 1575 1465 hanc
1610 1426 1742 1465 con-

161 1482 496 1538 stitutionem
545 1482 732 1537 ordine
762 1482 1039 1535 divisimus
1088 1499 1101 1535 :
1143 1496 1173 1535 e
1225 1481 1418 1552 quibus
1455 1480 1742 1550 singularia

160 1561 347 1623 postea
371 1553 611 1625 quaedam
633 1552 923 1625 educemus
943 1553 1193 1625 :ASumma
1223 1551 1336 1606 haec
1366 1562 1466 1615 θείς
1494 1552 1547 1606 1ο
1569 1551 1741 1625 Dona-

162 1622 315 1679 tistas
340 1622 704 1680 in'comtnune
765 1622 1097 1678 intestabiles
1127 1636 1269 1689 esse,
1311 1622 1636 1677 commercio
1678 1622 1744 1677 iis

162 1695 437 1761 interdici,
472 1694 687 1750 infamia
726 1706 820 1749 eos
861 1694 1055 1757 nmari,
1103 1694 1172 1746 de
1196 1708 1301 1762 qua
1332 1692 1563 1747 infamiae
1588 1706 1745 1761 paena

161 1766 430 1820 haereticis
457 1766 703 1835 imposita
734 1764 845 1819 dixi
878 1765 1043 1835 semel
1082 1764 1150 1818 ~d.
1199 1766 1235 1819 l.
1290 1765 1340 1819 7.
1385 1762 1443 1816 2°
1497 1762 1744 1818 Conven-

164 1836 327 1890 ticula
369 1834 555 1891 eorum
597 1836 876 1890 catholicae
924 1834 1179 1889 Ecclesirc
1228 1834 1421 1888 sociari
1469 1841 1739 1903 oportere.

162 1907 218 1961 3°
249 1906 557 1962 Sacerdotes
588 1918 641 1961 et
674 1906 948 1960 ministros
993 1917 1178 1960 eorum
1225 1905 1377 1962 bonis
1429 1906 1742 1974 proscriptis

159 1977 545 2046 deportandos.
591 1978 647 2032 4°
677 1976 745 2032 Ut
795 1986 844 2030 et
874 1977 1232 2031 occultatores
1271 1990 1478 2046 eorum.
1529 1974 1584 2027 5°
1612 1974 1744 2046 Mul-

160 2045 302 2102 ctam
340 2048 627 2103 Donatistis
665 2049 717 2102 in
748 2062 1031 2101 commune
1082 2046 1231 2111 viris,
1265 2045 1595 2112 mulieribus,
1652 2045 1743 2115 qui

166 2120 229 2171 ad
253 2118 689 2173 communionem
741 2117 1136 2173 Donatistarum
1188 2116 1528 2180 acoesserint,
1568 2116 1656 2185 qui
1688 2118 1742 2169 in

159 2203 323 2259 grege
367 2190 766 2253 Donatistarum
827 2189 1027 2243 inventi
1060 2187 1277 2252 fuerint,
1324 2188 1412 2259 qui
1445 2188 1496 2240 in
1546 2186 1741 2259 haeresi

162 2257 479 2329 permanere
506 2260 806 2323 maluerint,
832 2268 886 2313 et
913 2260 963 2316 in
995 2260 1264 2329 proposito
1283 2257 1588 2323 perdurare,
1611 2258 1744 2311 irro-

158 2332 387 2399 gandam
420 2345 515 2392 pro
543 2331 798 2399 cujusque
838 2330 1146 2383 conditione
1170 2339 1223 2383 et
1249 2330 1507 2399 dignitate
1539 2346 1565 2399 _:
1618 2334 1744 2397 pro-

162 2397 558 2466 consularibus,
592 2397 824 2465 vicariis,
849 2400 1132 2454 comitibus
1178 2397 1331 2469 primi
1375 2397 1604 2465 ordinis,
1647 2399 1744 2452 du-

160 2480 441 2526 centarum
494 2474 697 2540 argenti
744 2471 1038 2525 librarum:
1083 2472 1455 2534 senatoribus,
1487 2479 1739 2540 centum:

160 2542 540 2612 decemprimis
560 2538 876 2606 curialibus,
901 2542 1276 2611 quinquaginta
1303 2558 1314 2592 :
1344 2541 1562 2612 reliquis
1582 2538 1743 2612 decu-

160 2610 650 2679 rionibus,decem.
666 2611 721 2667 6°
745 2613 848 2666 Eos
872 2610 962 2680 qui
986 2614 1160 2666 locum
1187 2612 1485 2681 prteherent
1504 2610 1668 2681 329
1689 2612 1739 2665 in

162 2684 355 2739 alienis
382 2685 594 2753 prcediis
622 2683 689 2737 ad
716 2684 969 2754 mysteria
991 2682 1329 2754 celebranda,
1362 2681 1738 2754 conductores,

162 2751 407 2825 inquam,
432 2757 507 2809 rei
536 2751 784 2824 privatio,
810 2766 867 2807 ut
897 2762 951 2807 et
977 2751 1505 2824 emphytcuticarios,
1536 2762 1739 2806 tantum

162 2829 295 2880 tisco
322 2841 493 2896 poena:
511 2828 725 2880 nomine
751 2826 959 2880 solvere
994 2836 1264 2896 Oporterc,
1296 2835 1550 2896 quantum
1577 2838 1741 2896 gpen-

161 2892 337 2951 siOnis
363 2912 457 2951 seu
483 2896 859 2951 conductiunis
882 2892 1097 2950 nomine
1122 2892 1329 2950 solvere
1350 2894 1543 2948 solent.
1577 2892 1633 2947 7°
1675 2893 1741 2948 Ut

165 2977 217 3019 et
249 2969 488 3035 privatos
515 2967 763 3021 dominos
794 2966 1137 3034 prtcdiortnu,
1167 2966 1209 3019 si
1232 2965 1587 3019 conductores
1612 2978 1741 3017 suos

161 3048 410 3092 errantes
435 3052 539 3092 non
563 3038 914 3103 correxerint,
940 3038 1018 3089 vel
1042 3036 1444 3103 perseverantes
1466 3051 1570 3088 non
1596 3050 1741 3089 com-

163 3113 441 3162 mutarint.
470 3108 525 3163 8°
548 3106 815 3162 Ofﬁciales
840 3122 1050 3177 quoque
1077 3106 1313 3177 judicutn
1345 3108 1397 3158 in
1427 3104 1527 3158 hoc
1554 3120 1739 3177 errore

1771 1807 1820 1869 B

1851 990 1982 1043 culis
2003 991 2352 1059 repelleretur.
2401 990 2545 1046 Idem
2568 991 2715 1059 epist.
2744 992 2815 1046 48
2835 1032 2850 1058 ,
2876 992 2943 1046 ad
2978 990 3294 1046 Vincentium
3322 990 3414 1048 ubi

1849 1059 1965 1116 haec
1991 1062 2130 1115 inter
2158 1062 2263 1115 alia
2282 1062 2485 1117 ironice
2502 1080 2513 1115 :
2531 1061 2615 1115 Ita
2639 1079 2759 1117 sane
2785 1063 2901 1117 huic
2924 1064 3193 1132 prouisioni
3214 1074 3416 1117 contra-

1849 1132 2016 1185 dicere
2040 1132 2209 1203 debui,
2240 1148 2301 1185 ne
2339 1149 2418 1188 res
2460 1149 2584 1203 quas
2611 1132 2783 1187 dicitis
2820 1144 3007 1188 uestras
3034 1133 3338 1203 perderetis,
3367 1142 3416 1187 et

1849 1203 2015 1255 securi
2043 1200 2727 1276 Christumproscribentis.
2756 1202 2841 1276 Ut
2858 1206 2978 1276 jure
3006 1200 3234 1259 Romano
3264 1212 3414 1257 testa-

1848 1283 2016 1325 menta
2062 1274 2376 1347 conderetis,
2435 1284 2481 1347 et
2499 1277 2620 1347 jure
2660 1275 2830 1347 divino
2860 1274 3119 1333 ’Pattibus
3159 1275 3414 1347 conditum

1851 1353 2203 1396 testamentum
2231 1344 2343 1413 (ubi
2373 1344 2619 1415 scriptum
2663 1354 2735 1398 est
2756 1387 2771 1410 ,
2796 1346 2846 1399 in
2876 1348 3061 1399 semine
3103 1356 3188 1400 tuo
3212 1344 3415 1398 benedi-

1847 1425 2023 1487 centur
2044 1430 2215 1487 omnes
2243 1415 2438 1487 gentes)
2465 1416 2792 1470 calumniosis
2819 1415 3248 1470 criminationibus
3276 1430 3417 1468 rum-

1848 1485 2051 1551 peretis.
2084 1482 2160 1557 AUt
2186 1482 2597 1557 in'empti'onibus
2622 1498 2668 1540 et
2698 1487 3060 1541 venditionibus
3090 1487 3270 1557 liberos
3292 1501 3417 1538 con—

1848 1564 2040 1628 tractus
2069 1554 2353 1628 haberetis,
2382 1568 2431 1611 et
2452 1557 2592 1628 uobis
2613 1557 2854 1617 dividere.
2880 1558 3013 1628 quod
3045 1556 3274 1611 Christus
3301 1558 3419 1628 emit

1844 1626 2095 1699 venditus.
2124 1626 2402 1699 auderetis.
2465 1626 2533 1681 Ut
2578 1629 2713 1697 quod
2740 1626 3027 1699 rquisquam
3067 1639 3279 1682 vestrum
3308 1627 3417 1680 cui-

1848 1711 1997 1767 quam
2024 1697 2284 1763 donasset,
2308 1698 2517 1763 valeret,
2547 1710 2591 1751 et
2611 1698 2746 1767 quod
2773 1697 2974 1753 donavit
2999 1698 3132 1753 Deus
3157 1701 3365 1751 deorum
3388 1714 3418 1750 a

1849 1766 1970 1839 solis
1990 1778 2102 1820 ortu
2133 1768 2287 1835 usque
2313 1769 2381 1821 ad
2401 1766 2633 1822 occasum
2660 1771 2845 1837 vocatis
2863 1771 2982 1839 ﬁliis
2998 1786 3097 1823 non
3118 1770 3319 1822 ualeret.
3348 1767 3417 1821 Ut

1848 1838 1909 1889 de
1926 1845 2061 1890 terra
2083 1839 2312 1907 corporis
2332 1842 2481 1893 vestri
2503 1841 2556 1893 in
2576 1841 2784 1893 exilium
2805 1838 2905 1895 non
2926 1840 3267 1906 mitteremini,
3288 1848 3333 1891 ct
3356 1838 3417 1892 de

1846 1922 2000 1976 regno
2029 1909 2295 1976 sanguinis
2322 1912 2433 1975 sui,
2467 1928 2499 1963 a
2542 1911 2672 1963 mari
2712 1927 2870 1975 usque
2898 1913 2964 1964 ad
2987 1915 3151 1977 mare,
3197 1920 3241 1963 et
3270 1926 3301 1963 a
3324 1910 3421 1977 ﬂu-

1845 1981 1977 2031 mine
2021 1994 2177 2047 usque
2205 1978 2272 2031 ad
2320 1982 2560 2034 terminos
2588 1981 2723 2034 orbis
2752 1991 2901 2035 terra:
2931 1982 3189 2035 Christum
3216 1980 3415 2034 exulem

1846 2051 2020 2124 Lucere
2074 2050 2426 2124 conaremini?
2463 2050 2625 2124 Almo
2654 2067 2767 2105 vero
2813 2054 3060 2124 serviant
3083 2067 3242 2124 reges_
3270 2060 3417 2124 terrae

1845 2116 2045 2193 Christo
2070 2120 2216 2193 etia_m
2241 2119 2415 2193 Decus
2445 2122 2657 2191 ferendo
2680 2139 2771 2193 pro
2798 2120 3015 2177 Christo.
3049 2116 3191 2177 [dein
3213 2121 3279 2175 de
3300 2121 3415 2175 ovi-

1845 2189 1942 2242 bus
1967 2206 2082 2257 cap.
2119 2191 2207 2254 15,
2253 2189 2475 2264 Vigilate
2519 2189 2744 2246 ha’retici
2770 2235 2783 2259 ,
2828 2195 2998 2247 audite
3022 2210 3055 2246 a
3093 2202 3290 2264 pastore
3319 2201 3417 2264 tes-

1845 2269 2119 2313 tamentum
2148 2262 2324 2331 pacis,
2355 2262 2518 2315 venite
2537 2264 2603 2315 ad
2624 2280 2833 2331 pacem,
2864 2261 3140 2317 irascimini
3165 2261 3415 2317 Christiao

1844 2331 1921 2383 uis
1963 2330 2388 2397 imperatoribus,
2442 2333 2561 2401 quia
2608 2330 2900 2388 testamenta
2928 2346 3088 2388 vestra
3118 2336 3281 2388 valere
3323 2348 3419 2385 no-

1844 2400 2044 2475 luerunt
2066 2402 2119 2453 in
2140 2400 2366 2475 domibus
2396 2400 2570 2456 vestris
2594 2419 2611 2456 :
2638 2406 2800 2458 videte
2825 2422 2974 2473 quam
2994 2406 3145 2475 digna
3162 2405 3225 2457 sit
3249 2418 3417 2469 pruna,

1844 2480 1891 2524 et
1921 2470 2044 2540 quid
2077 2482 2146 2524 est
2172 2469 2309 2539 quod
2334 2480 2687 2526 testamentum
2718 2469 2845 2527 ηοη⁷
2866 2476 2993 2530 valet
3021 2469 3073 2528 in
3114 2477 3261 2527 domo
3309 2490 3416 2527 vcs—

1845 2551 1921 2593 tru
1944 2542 1965 2592 ‘l
1994 2542 2118 2609 quid
2142 2541 2252 2595 est?
2279 2551 2521 2611 quantum
2547 2554 2617 2596 est
2641 2544 2666 2596 ?
2693 2543 2856 2599 Dolor
2880 2546 2966 2599 ille
3004 2546 3279 2599 admonitio
3306 2554 3378 2598 est
3400 2585 3415 2611 ,

1844 2613 2067 2664 nondum
2098 2612 2379 2667 damnatio.

1914 2682 2159 2737 Secundo
2204 2682 2491 2737 notandum
2536 2682 2949 2741 Occultatoribus
2975 2685 3311 2741 sacerdotum
3361 2694 3417 2739 et

1843 2753 2206 2807 ministrorum
2233 2753 2628 2809 Donatistarum
2657 2757 2897 2809 eamdem
2924 2772 3131 2823 ptenam
3153 2756 3417 2810 bonorum

1847 2823 2250 2893 proscriptionis
2286 2834 2361 2879 .et
2405 2826 2792 2893 deportationis
2838 2828 3137 2881 imminere.
3196 2827 3336 2882 Sane
3362 2834 3418 2891 et

1846 2894 1975 2948 alias
1999 2894 2420 2949 exccrandorum
2446 2898 2679 2951 maxime
2714 2898 3087 2951 haereticorum
3120 2899 3413 2951 occultato—

1843 2966 1998 3038 ribus
2023 2980 2196 3038 paena;
2230 2966 2470 3029 iudictte,
2502 2968 2663 3038 veluti
2709 2967 3119 3038 Manichaeorum
3150 2982 3247 3038 per
3272 2967 3415 3024 Alri-

1842 3049 1958 3109 cam
1981 3037 2018 3089 ι.
2050 3037 2149 3109 55,
2178 3036 2571 3109 Donatistarum
2593 3037 2701 3091 licet:
2723 3040 2819 3109 leg.
2854 3046 2909 3093 et
2929 3039 2966 3091 l.
2994 3037 3063 3092 52
3085 3036 3228 3107 supr.

1916 3106 2098 3160 Tertio
2146 3116 2382 3177 notetur,
2429 3104 2838 3177 dignitatunt'et
2890 3104 3159 3163 honorum
3198 3108 3407 3172 notitia,

161 3178 566 3251 deprehensos,
620 3178 834 3247 triginta
858 3175 870 3177 “
908 3177 1061 3251 libris
1110 3176 1311 3246 argenti
1380 3175 1735 3251 mulctandos.
1768 3176 1813 3241 (ξ
1845 3191 2047 3251 proque
2073 3193 2257 3251 eoru_m
2286 3175 2599 3251 diversiiute
2626 3180 2837 3251 mulctm
2866 3194 3079 3251 quoque
3108 3193 3215 3251 seu
3238 3192 3413 3249 poenze
3454 3192 3462 3200 '

162 3250 218 3305 9°
242 3246 489 3305 'Colonos
518 3246 806 3317 servosque
836 3246 1145 3315 verberibus
1170 3246 1603 3317 euerceudos,et
1622 3262 1742 3314 pcr-

161 3332 478 3376 scverantes
520 3320 669 3374 tertia
699 3316 890 3389 peculii
922 3328 1074 3388 parte
1100 3316 1579 3389 mulctandosJO°
1608 3317 1741 3389 Pos-

160 3401 398 3446 tremum
432 3392 609 3444 omnia
640 3386 761 3457 quae
790 3405 857 3445 ex
887 3386 1017 3442 locis
1045 3389 1127 3442 vel
1148 3389 1358 3441 mulctis
1380 3388 1603 3443 eollecta
1627 3386 1742 3441 fue-

161 3462 294 3523 rint,
348 3462 414 3515 ad
473 3461 724 3530 principis
768 3459 1014 3513 act-arium
1066 3460 1208 3513 illico
1254 3460 1545 3528 dirigenda.
1591 3458 1739 3523 llaec,

161 3536 409 3604 inquam,
439 3533 569 3604 legis
608 3531 761 3604 isuus
813 3545 1019 3604 summa
1061 3539 1142 3583 est
1175 3547 1187 3604 ς
1241 3530 1291 3582 itt
1318 3544 1418 3597 qua
1452 3538 1739 3604 praeterea

124 3624 131 3631 ·
160 3600 285 3673 quae
317 3604 382 3657 ad
415 3603 452 3656 Ι.
480 3600 590 3674 52.-
613 3602 739 3655 huic
765 3602 994 3656 sunilem
1048 3600 1386 3665 notabamus,
1431 3600 1598 3654 multa
1624 3601 1758 3674 sing

160 3672 369 3746 gularia
399 3672 627 3727 notanda
656 3674 894 3746 veniunt.

234 3746 419 3799 Primo
444 3746 694 3813 quidem,
737 3742 877 3812 quod
929 3742 1234 3795 Testamenti
1281 3740 1514 3795 factione
1567 3740 1738 3795 Dona-

162 3817 305 3871 tista:
352 3813 649 3884 priveutur,
702 3815 842 3884 quod
892 3824 944 3866 et
1000 3815 1172 3880 ipsum
1220 3814 1471 3884 statuitur
1518 3827 1580 3865 ne
1618 3828 1737 3884 san-

161 3898 301 3942 ctum
351 3882 491 3952 bapt.
547 3883 582 3936 l.
615 3884 679 3949 4,
720 3882 835 3938 imo
862 3893 919 3938 et
968 3884 1275 3937 commercii
1317 3883 1466 3952 jure,
1519 3882 1734 3952 tandem

160 3969 210 4013 et
240 3951 466 4011 infantia
498 3964 751 4009 notentur
786 3972 797 4007 :
842 3962 896 4008 et
932 3952 1010 4007 sic
1035 3953 1277 4007 Romano
1302 3951 1573 4007 Communi
1614 3953 1738 4020 jure

161 4029 463 4099 priventur,
493 4024 915 4099 dequojamuad
961 4024 1268 4099 alias‘leges
1316 4041 1345 4099 :_
1374 4026 1737 4099 et_sic_nequ_e

160 4094 522 4155 inorieutibus
574 4095 625 4149 id
677 4096 851 4149 solatii
900 4095 1158 4164 relinqui,
1214 4105 1269 4147 ut
1317 4094 1383 4149 de
1423 4096 1576 4148 bonis
1622 4097 1736 4149 suis

163 4171 358 4225 testari
391 4168 623 4236 possint,
656 4181 827 4234 neque
851 4170 1165 4235 superstites
1189 4165 1415 4231 alicujus
1447 4166 1732 4236 (contrac-

161 4251 246 4295 tus
276 4234 484 4295 scilicet
514 4255 525 4289 :
558 4253 677 4290 natu
711 4238 758 4290 id
790 4237 873 4289 hic
899 4234 1251 4304 supplendum
1280 4237 1297 4303 )
1322 4234 1535 4289 ineundi
1560 4245 1736 4303 potes-

160 4321 327 4367 tatein
362 4311 627 4371 habeant,
668 4318 720 4361 et
769 4308 912 4361 velut
958 4308 1180 4360 infantes
1236 4308 1286 4359 in
1329 4315 1638 4375 perpetuum
1667 4306 1735 4359 ab

159 4383 515 4438 honestorum
541 4390 680 4433 cmtu
703 4386 757 4433 et
784 4388 1048 4432 conventu
1079 4378 1288 4445 publico
1314 4376 1729 4431 submovendos.

160 4455 234 4509 De
269 4452 538 4507 ltzcreticis
565 4450 959 4504 intestabilibus
980 4448 1089 4517 jam
1135 4448 1251 4501 altis
1282 4449 1485 4517 legibus
1530 4455 1729 4517 actum.

162 4526 231 4580 lit
287 4522 580 4577 Donatisnn
630 4536 755 4573 vero
801 4519 1129 4573 inteswbiles
1175 4516 1389 4582 essent,
1440 4517 1489 4571 id
1509 4519 1617 4585 jam
1666 4516 1733 4571 ab

163 4595 411 4649 Honorio
431 4592 763 4660 cxpetierant
792 4590 976 4643 Patres
1000 4589 1232 4660 Africani
1262 4597 1387 4642 ante
1419 4586 1733 4660 decennium

162 4681 308 4721 anno
354 4662 479 4726 40i,
504 4656 569 4714 'ut
599 4663 754 4715 docct
783 4678 895 4714 can.
927 4660 995 4715 93
1015 4700 1028 4722 ,
1077 4656 1203 4713 Cod.
1233 4659 1395 4731 Afric.
1428 4658 1481 4712 id
1503 4658 1654 4731 quod
1672 4656 1739 4731 ad

160 4752 354 4793 eorum
405 4732 813 4801 postulationem
843 4733 911 4785 ah
945 4731 1176 4787 Honorio
1201 4727 1551 4784 constitutum
1573 4770 1587 4794 ,
1642 4727 1741 4782 ini-

148 4811 236 4862 tio
264 4808 397 4861 anni
454 4806 694 4870 proxime
724 4803 995 4871 sequentis
1042 4802 1169 4856 405.
1206 4801 1243 4854 ι.
1296 4803 1351 4864 4,
1403 4817 1464 4853 ne
1506 4810 1740 4853 sanctum

162 4881 306 4947 bapt.
342 4890 465 4946 qua:
494 4874 981 4947 lcx‘huicunostrtc
1016 4872 1471 4947 quam‘siu‘tillint‘a
1504 4884 1606 4925 est.
1633 4872 1741 4947 hic-

162 4939 323 5003 miuit
362 4939 704 5013 'Augnstinus
742 4943 824 4996 lib.
855 4960 869 4997 ι
913 4939 1087 4995 contra
1110 4944 1378 5013 epistolam
1413 4939 1742 4995 Parmenioni

162 5020 328 5090 hujus
370 5018 546 5090 omnis
568 5016 641 5069 rei
669 5056 682 5079 ,
723 5025 879 5090 atque
930 5014 1067 5090 adeo
1095 5014 1253 5090 hujus
1278 5016 1420 5090 legis
1462 5031 1474 5066 :
1513 5012 1659 5090 “Sunt
1689 5021 1740 5065 et

161 5084 281 5145 aliis
294 5088 561 5162 jussiones
587 5086 843 5162 generales
864 5124 879 5149 ,
909 5084 1088 5162 quibus
1116 5085 1186 5162 eis
1217 5084 1541 5162 veljaciendi
1580 5093 1733 5162 testa-

162 5156 339 5216 menta
363 5202 378 5225 ,
412 5158 489 5212 rel
518 5174 605 5229 per
650 5156 1151 5229 donationes_alicui
1190 5156 1485 5229 conferendi
1514 5157 1733 5229 facultas

161 5234 438 5293 adimitur,
489 5226 565 5281 vel
592 5244 654 5281 ea;
701 5226 1055 5279 donationibus
1083 5236 1168 5278 aut
1206 5227 1515 5279 testamentis
1541 5226 1735 5293 aliquid

162 5301 428 5372 capiendi.
459 5298 626 5372 __Num
659 5299 711 5348 in
737 5298 957 5372 quadam
1003 5313 1155 5372 causa
1193 5313 1306 5349 cum
1351 5297 1501 5372 homo
1554 5297 1737 5372 nobilis

162 5368 562 5444 imperatoribus
599 5368 1131 5444 rsuppltcasset‘,guod
1182 5384 1326 5420 soror
1362 5370 1476 5444 ejus
1523 5382 1635 5444 queo
1676 5369 1738 5421 de

164 5436 315 5515 parte
340 5439 532 5515 Donati
581 5443 885 5515 [uerat-cum
912 5436 1292 5515 defungeretur,
1327 5436 1495 5515 nescio
1536 5438 1588 5489 in
1606 5454 1738 5515 .quos

164 5507 543 5569 communionis
569 5507 676 5561 ante
695 5508 771 5560 vel
792 5508 1010 5559 maxime
1034 5509 1087 5559 in
1109 5510 1373 5576 quemdam
1402 5507 1740 5578 Augustinum

166 5588 465 5654 episcopum
492 5594 664 5631 eorum
694 5579 915 5645 plurima
942 5580 1236 5654 contulisset
1267 5620 1278 5639 ,
1309 5594 1371 5654 ea:
1396 5581 1485 5630 illa
1514 5581 1740 5654 generali

167 5647 279 5726 lége
305 5647 713 5726 prgceptum‘est
729 5690 742 5710 ,
768 5657 819 5698 ut
851 5647 1025 5726 omnia
1043 5649 1192 5726 fratri
1212 5649 1591 5726 restituerentur
1619 5666 1630 5699 :
1656 5648 1741 5702 ubi

168 5718 323 5780 etiam
350 5718 829 5776 Circumcellionum
875 5718 1059 5770 mentio
1102 5720 1239 5788 facta
1262 5729 1361 5782 est,
1391 5720 1433 5772 si
1464 5734 1602 5771 more
1648 5734 1740 5774 suo

166 5797 417 5853 violenter
444 5790 738 5846 obsisterent
766 5804 865 5858 quo
909 5804 1087 5857 genere
1116 5789 1421 5843 auxiliorum
1451 5789 1742 5862 et_admini-

1759 4554 1815 4615 D

1844 3247 2144 3301 diversitas.
2180 3247 2581 3302 Proconsulares
2608 3249 2838 3314 scilicet,
2884 3247 3148 3303 Vicariano
3205 3247 3412 3304 honore

1842 3319 2139 3384 succincti,
2166 3320 2371 3373 comites
2421 3320 2601 3390 primi
2624 3321 2815 3373 ordinis
2849 3340 2861 3373 :
2891 3320 2957 3374 de
3004 3321 3195 3390 quibus
3223 3320 3319 3390 lib.
3357 3334 3411 3373 vr

1842 3405 1984 3459 supr.
2048 3390 2155 3443 Hos
2210 3400 2504 3458 sequuntur
2557 3388 2808 3456 Honorati
2862 3391 2984 3453 alii,
3022 3388 3141 3445 non
3199 3389 3272 3443 illi
3320 3390 3411 3459 qui

1843 3461 2099 3515 ententito
2120 3460 2324 3514 honore
2348 3475 2451 3531 per
2473 3463 2775 3531 provincias
2800 3462 3089 3530 pollebant,
3122 3460 3187 3514 de
3217 3461 3409 3528 quibus

1842 3532 1965 3584 adt.
1994 3547 2009 3584 ι
2038 3531 2098 3585 de
2142 3531 2298 3600 Ofﬁc.
2328 3529 2502 3583 ludio.
2544 3532 2681 3586 civil.
2715 3529 2896 3585 verum
2942 3540 3225 3600 sequentes
3262 3546 3411 3584 sena-

1842 3610 1973 3656 tores
2038 3602 2203 3667 nudi,
2282 3600 2427 3653 nullo
2501 3602 2690 3655 muniti
2738 3604 3072 3655 extrinsecus
3136 3600 3412 3669 dignitatis

1842 3672 2149 3741 privilegio,
2182 3684 2371 3724 omnes
2415 3671 2637 3741 alterius
2683 3671 2951 3741 dignitatis
2980 3680 3226 3741 expertes
3276 3688 3288 3722 :
3340 3671 3410 3726 de

1838 3740 2158 3813 quibusdixi
2188 3742 2347 3813 etiam
2373 3740 2437 3813 ad
2491 3741 2527 3794 ι.
2578 3741 2669 3807 52,
2710 3740 2851 3813 supr.
2907 3740 3407 3813 Sacerdotales,_qui

1838 3810 2042 3867 scilicet
2071 3813 2209 3866 inter
2238 3810 2555 3866 decuriones
2585 3815 2755 3880 primo
2774 3810 2895 3866 loco
2922 3819 3103 3876 erant,
3130 3810 3197 3865 de
3219 3811 3412 3879 quibus

1839 3899 1981 3947 supr.
2015 3897 2223 3951 quoque
2252 3882 2289 3935 ι.
2319 3882 2409 3945 5'2,
2440 3892 2491 3935 et
2522 3884 2599 3935 tit.
2644 3884 2706 3936 de
2747 3883 2929 3936 Decur.
2961 3892 3007 3935 et
3045 3882 3181 3951 infra
3222 3883 3298 3935 tit.
3347 3881 3412 3934 de

1838 3952 2087 4025 Paganis.
2126 3954 2235 4025 Hos
2262 3964 2560 4020 sequuntur
2585 3954 2907 4025 deceniprimi
2947 3953 3265 4025 decuriones
3297 3969 3309 4003 :
3338 3952 3408 4025 de

1838 4022 2031 4092 quibus
2065 4024 2245 4077 itidem
2288 4025 2442 4092 plene
2472 4025 2549 4076 tit.
2598 4024 2659 4077 de
2687 4022 3238 4077 Decurionib.tandent
3278 4024 3407 4092 reli-

1838 4091 1927 4164 qui
1976 4091 2302 4147 decuriones;
2348 4094 2631 4148 Poenarum
2680 4109 2809 4149 vero
2874 4095 3067 4164 gradus
3111 4092 3194 4145 hic
3251 4091 3407 4146 :200

1836 4166 2041 4234 argenti
2066 4166 2319 4219 librarum
2363 4166 2558 4218 inuicta
2605 4167 2791 4234 primis
2819 4166 3147 4234 imponitur:
3189 4172 3408 4218 senato-

1837 4233 1984 4289 ribus
2006 4235 2164 4289 nudis
2184 4275 2199 4300 ,
2236 4234 2337 4289 100
2365 4246 2419 4287 ut
2467 4247 2514 4289 et
2547 4233 2971 4289 sacerdotalibus
2996 4233 3157 4304 (unde
3186 4240 3409 4301 apparet

1836 4305 1902 4360 de
1929 4306 2117 4361 borum
2141 4305 2551 4359 sacerdotalium
2575 4306 2835 4375 dignitate
2863 4320 3011 4373 ecqua
3034 4304 3368 4375 senatoribus
3388 4345 3405 4369 ,

1836 4378 1934 4431 etsi
1987 4377 2248 4446 proxima)
2280 4374 2693 4445 deceniprimis,
2744 4376 2847 4442 50,
2893 4374 3271 4432 decurionibus
3298 4389 3407 4429 ca:-

1833 4448 1959 4502 teris
1986 4490 2000 4515 ,
2036 4446 2123 4502 10.

1907 4517 2107 4585 Quarto
2138 4517 2482 4583 observetur,
2516 4518 2658 4586 quod
2699 4518 2906 4572 duobus
2943 4515 3099 4583 hujus
3144 4516 3406 4569 constitu-

1844 4588 2003 4643 tionis
2054 4589 2184 4641 locis
2230 4588 2469 4641 additum
2500 4603 2626 4642 vers.
2664 4587 2696 4640 5
2725 4598 2779 4642 et
2817 4590 2848 4641 8
2875 4587 2940 4641 de
2966 4590 3141 4653 quinta
3170 4586 3409 4639 condem-

1842 4661 2045 4713 natione
2076 4676 2095 4711 :
2118 4673 2308 4728 nempe
2350 4659 2633 4727 quinquies
2666 4660 2872 4726 lapsos,
2905 4657 3217 4721 mult-tatus,
3248 4670 3404 4710 coer-

1843 4731 1999 4797 citus,
2047 4731 2222 4799 lapsos
2263 4744 2471 4783 rursum
2505 4745 2610 4782 non
2637 4730 2745 4798 jam
2796 4728 3063 4799 ordinaria
3106 4740 3260 4799 parua
3307 4743 3401 4781 seu

1826 4802 2047 4855 'mulcla
2068 4843 2079 4863 ,
2103 4797 2292 4855 verum
2323 4797 2743 4853 extraordinaria
2779 4797 3083 4867 plectendos
3114 4815 3127 4850 :
3160 4797 3405 4866 Quinque

1842 4874 2086 4940 equidem
2116 4872 2297 4941 lapsus
2323 4870 2507 4923 eadem
2538 4875 2733 4925 inuicta
2770 4869 3005 4941 coerceri
3029 4882 3279 4941 ,_sexunn
3311 4883 3409 4941 ve.

1842 4937 1905 4995 ro
1932 4952 1985 4996 (ιι
2008 4937 2261 5010 deinceps
2295 4941 2381 4996 vel
2408 4940 2474 4994 ad
2504 4941 2793 5010 priucupem
2824 4937 3160 5010 referendum
3180 4980 3194 5003 ,
3236 4940 3278 4992 si
3321 4940 3406 4992 vi-

1843 5013 2038 5067 delicet
2076 5014 2142 5066 dc
2196 5008 2279 5064 his
2335 5011 2424 5080 qui
2492 5008 2542 5065 in
2589 5012 2929 5080 dignitatibus
2980 5008 3063 5062 vel
3115 5008 3408 5064 honoribus

1839 5085 1996 5152 positi
2048 5090 2258 5152 agatur,
2310 5079 2416 5152 quo
2445 5079 2688 5136 acerbius
2732 5082 2781 5133 iu
2820 5095 2912 5152 eos
2959 5079 3284 5146 vindicetur;
3318 5081 3405 5134 vel

1841 5151 1984 5208 illico
2007 5168 2035 5205 a
2062 5151 2338 5221 judicibus
2351 5154 2569 5223 gravius
2588 5151 2915 5223 coercendos
2941 5152 3106 5207 veluti
3128 5152 3401 5223 olliciales.

1844 5223 1967 5278 Haec
1995 5221 2540 5279 contumaciaa'hacin
2573 5237 2633 5277 re
2659 5234 2779 5292 post
2797 5222 3037 5292 quintam
3070 5221 3405 5279 etuendatio-
3480 5228 3485 5237 ‘

1843 5309 1963 5350 nem
1998 5310 2173 5363 poena.

1914 5365 2111 5432 Quinto
2150 5365 2464 5421 observetur
2504 5366 2834 5419 enumeratio
2880 5364 3103 5420 aliarum
3152 5374 3408 5433 persona-

1844 5429 1959 5491 runi
1988 5477 2001 5500 ,
2053 5448 2173 5509 post
2220 5437 2317 5490 hos
2354 5437 2441 5506 qui
2490 5437 2547 5509 in
2574 5434 2955 5509 dignitatibus
2996 5446 3048 5490 et
3087 5429 3403 5509 'bonoribus
3493 5439 3498 5443 ‘

1842 5504 2119 5561 constituti
2156 5516 2309 5578 erant
2339 5504 2675 5578 {etquidem
2706 5521 2802 5575 per
2844 5505 3078 5578 Africam
3111 5504 3407 5578 Donatista-

1844 5594 1959 5632 rutn
1992 5592 2200 5646 quoque
2222 5577 2412 5632 haeresi
2436 5576 2847 5643 implicitorum,
2885 5575 3076 5646 hisque
3098 5575 3407 5628 faventium.

1843 5649 2041 5712 Primo,
2070 5645 2465 5701 conductorum
2494 5646 2589 5699 tria
2612 5662 2837 5716 genera:
2859 5645 3200 5716 Conductores
3220 5648 3415 5716 domo-

1847 5736 1962 5775 runt
1993 5709 2044 5773 et
2072 5719 2391 5787 prsediorum
2427 5720 2501 5771 rei
2528 5709 2745 5785 prii/alte
2780 5719 3069 5788 principis:
3100 5709 3418 5788 Emphyleu-

1853 5784 2149 5855 ticarii,'id
2175 5799 2286 5855 est,
2338 5784 2691 5844 conductores
2750 5784 3070 5857 p'rtrdioruln
3122 5784 3187 5839 uti
3230 5788 3428 5843 resI‘I"
