3860 6212
190 226 334 282 “33

1107 232 1433 293 VETERUM
1478 235 1905 297 FRAGMENTA
1942 240 2031 298 DE
2069 240 2491 304 DONATISTIS.

3312 216 3459 310 tm-

192 343 546 400 tentaverint.
581 344 899 402 Eunomiani
948 360 1106 417 vero,
1142 349 1537 420 Valentiniani,
1610 352 1760 408 Mon-
1793 354 2032 418 Alienis
2088 355 2341 412 facienda:
2390 358 2605 431 utrique
2656 358 2970 433 deneganda
3030 362 3270 420 licentia.
3327 364 3457 432 Quze

188 436 439 502 tauistte,
468 451 562 492 seu
603 436 1053 507 Priscillianistm,
1099 442 1334 515 Fryges,
1377 444 1765 516 Marcianistze,

186 524 543 591 Borboriani,
577 529 905 595 Messaliani,
936 532 1215 605 Euchytte,
1243 536 1355 591 sive
1386 537 1766 617 Entbysiastte,

185 617 510 685 Donatistae,
538 619 769 676 Audiani
790 664 805 690 ,
841 624 1333 697 llydroparastatae,
1364 630 1764 702 Ascodrogitae,

184 708 493 777 Fotlniani,
545 713 820 783 Pauliani,
861 716 1220 783 Marcelliani,
1265 730 1318 776 et
1364 724 1456 794 qui
1496 724 1563 779 ad
1604 724 1765 781 imam

185 818 361 874 usque
392 805 654 861 scelerum
704 809 995 880 nequitiam
1047 822 1440 882 pervenerunt,
1487 816 1767 873 Manicliazi

185 912 455 969 nusquam
501 899 552 954 in
580 899 827 957 Romano
871 904 987 959 solo
1032 909 1421 974 conveniendi,
1465 911 1765 982 orandique

183 988 423 1047 habeant
466 992 791 1060 facultatem,
825 996 1134 1055 Manicbceis
1175 1002 1336 1057 etiam
1363 1003 1431 1059 de
1454 1005 1763 1063 civitatibus

178 1083 520 1152 expellendis
547 1104 559 1139 :
589 1091 842 1156 quoniam
871 1091 1107 1171 niltilvhis
1137 1095 1389 1152 omnibus
1418 1098 1762 1170 relinquendi

179 1173 285 1229 loci
316 1187 429 1243 est,
476 1178 527 1231 in
568 1194 674 1247 quo
704 1180 837 1251 ipsis
878 1184 1041 1239 etiam
1086 1186 1367 1245 elementis
1406 1188 1499 1245 fiat
1540 1192 1756 1261 injuria.

176 1262 334 1320 Nulla
359 1266 444 1321 bis
473 1272 683 1337 penitus
711 1282 910 1341 praeter
931 1275 1319 1333 cobortalinam
1349 1281 1398 1334 in
1430 1284 1717 1350 provinciis
1738 1324 1755 1352 ,

174 1364 231 1410 et
262 1366 592 1414 castrensem
618 1403 632 1426 ,
675 1363 997 1434 indulgenda
1031 1369 1238 1426 militia.
1269 1371 1425 1429 Nullo
1452 1374 1757 1433 donationis

172 1445 438 1505 facienda:
468 1452 718 1522 invicem,
746 1458 893 1511 nullo
921 1463 1225 1517 testamenti
1249 1474 1341 1519 aut
1371 1466 1659 1523 voluntatis
1685 1471 1757 1525 ul-

172 1539 317 1594 timte
344 1543 553 1610 penitus
570 1544 693 1613 jure
716 1560 997 1606 concesso.
1029 1554 1354 1627 Cunctisque
1384 1558 1607 1629 legibus,
1636 1578 1753 1634 quze

168 1639 358 1687 contra
382 1632 502 1701 bos,
526 1647 881 1710 czeterosque,
909 1644 997 1713 qui
1021 1656 1216 1702 noslrze
1244 1648 1367 1705 ﬁdei
1394 1632 1749 1723 refragantur,

1876 448 2056 501 omnia
2103 448 2173 503 ita
2206 450 2465 506 custodiri
2513 452 2855 510 decernimus
2884 497 2897 521 ,
2950 463 3007 510 ut
3037 455 3167 511 nulli
3212 455 3455 527 judicum

1874 537 2031 594 liceat
2056 538 2289 595 delatum
2318 541 2385 597 ad
2416 558 2475 598 se
2502 544 2708 599 crimen
2746 546 2939 601 minori
2968 585 2983 611 ,
3022 555 3113 600 aut
3140 546 3273 601 nulli
3303 561 3459 603 coer-

1870 632 2054 686 citioni
2099 632 2389 699 mandare,
2429 625 2534 690 nisi
2560 636 2674 707 ipse
2724 637 2777 691 id
2820 638 2926 707 pati
2955 638 3114 705 velit,
3161 638 3303 709 quod
3332 638 3454 695 aliis

1870 722 2259 780 dissimulando
2288 728 2641 783 concesserit.
2668 729 2788 783 Dat.
2814 744 2871 784 tu
2893 728 3014 786 Kal.
3038 728 3165 786 Jun.
3186 730 3451 787 Constan-

1872 812 2041 887 tinop.
2079 813 2261 873 Felice
2281 826 2334 872 et
2364 815 2545 872 Tauro
2575 831 2720 874 coss.

2270 952 2429 1025 333
2470 968 2607 1011 anno
2631 956 2811 1011 Domni
2838 970 3034 1013 CCCXL.

2300 1066 2542 1125 XXXIX.
2585 1069 2721 1126 LEO
2756 1072 2931 1127 PAPA
2977 1072 3018 1127 l.

2064 1176 2131 1216 AD
2168 1176 2445 1220 EPISCOPOS
2482 1180 2818 1220 ΙΛΙΠΠΤΔΝΙᾸΞ
2857 1180 3226 1223 σεελιιιεκειε.

2351 1258 2459 1333 (Ea:
2487 1261 2702 1331 epistola
2734 1260 2945 1329 prima).

1933 1356 2276 1412 Maximinum
2318 1368 2527 1425 quoque
2555 1369 2624 1409 ex
2663 1354 2796 1408 laico
2824 1352 3326 1423 reprehensibiliter
3354 1368 3445 1409 or-

1860 1449 2120 1513 dinatum,
2156 1456 2331 1501 tamen
2355 1446 2399 1501 si
2439 1447 2714 1501 Donatista
2739 1446 2848 1516 jam
2874 1460 2980 1502 non
3004 1457 3109 1513 est,
3140 1454 3193 1502 et
3220 1462 3249 1500 a
3280 1448 3443 1517 spiri-

1859 1550 1912 1596 tu
1953 1542 2308 1597 scltismatica:
2357 1541 2633 1610 pravitatis
2682 1539 2930 1608 alienus,
2978 1543 3044 1596 ab
3092 1540 3437 1612 episcopali,

1856 1649 2012 1702 quam
2038 1647 2249 1703 quoquo
2277 1631 2437 1687 modo
2466 1630 2692 1701 adeptus
2715 1640 2817 1697 est,
2850 1646 2956 1687 non
2981 1632 3291 1703 repellimus
3310 1672 3325 1697 ,
3356 1631 3442 1685 di-

167 1724 300 1780 olim
331 1727 452 1782 latte
475 1740 630 1797 sunt,
659 1731 992 1804 diversisque
1018 1742 1369 1813 promulgata:
1394 1748 1733 1817 temporibus.

1854 1727 2094 1795 gnitate:
2144 1726 2213 1778 ita
2242 1733 2300 1778 ut
2328 1733 2382 1777 et
2412 1723 2527 1793 ipse
2558 1718 2738 1779 libello
2768 1722 2835 1777 ad
2868 1737 2965 1779 nos
2992 1723 3137 1780 edito
3159 1765 3173 1793 ,
3200 1721 3439 1779 Catholi-

169 1834 391 1889 semper
442 1824 596 1878 viridi
628 1826 967 1885 observantia
1016 1834 1287 1901 valituris,
1320 1838 1433 1893 sive
1473 1840 1537 1895 de
1584 1842 1747 1896 dona-

164 1909 407 1968 tionibus
435 1914 485 1967 in
518 1914 891 1973 haereticorum
926 1920 1079 1979 factis
1106 1928 1361 1982 ecclesias
1381 1970 1395 1995 ,
1427 1931 1539 1985 sive
1584 1933 1744 2006 332

161 2016 227 2055 ex
257 2004 444 2058 ultima
486 2007 761 2065 voluntate
787 2008 948 2067 rebus
986 2017 1447 2089 qualitercumque
1491 2004 1741 2080 relictis:

162 2094 281 2149 sive
312 2096 379 2151 de
408 2099 628 2183 privatis
663 2102 916 2159 .mdificiis
940 2148 953 2170 ,
993 2107 1044 2161 in
1091 2124 1209 2179 quae
1244 2112 1467 2167 Domino
1522 2118 1743 2183 pennit-

162 2195 343 2253 tente,
380 2189 464 2244 vel
492 2180 779 2249 cohibente
808 2201 1189 2267 convenerint,
1229 2180 1547 2259 venerandae
1590 2208 1744 2262 nobis

157 2280 444 2335 catholicae
492 2282 827 2343 vindicandis
878 2292 1132 2347 Ecclesiae
1164 2312 1177 2347 :
1206 2297 1323 2351 sive
1372 2298 1437 2352 de
1490 2316 1743 2368 procura-

157 2378 299 2438 tore,
334 2372 428 2442 qui
454 2374 557 2430 hoc
584 2379 857 2435 nesciente
887 2381 1104 2438 domino
1132 2388 1338 2453 fecerit,
1369 2390 1551 2445 decem
1583 2394 1743 2448 libra-

154 2477 277 2516 rum
310 2466 425 2535 auri
460 2468 731 2534 mulctam,
759 2473 841 2527 vel
870 2476 1109 2543 exilium,
1141 2480 1183 2531 si
1208 2482 1275 2533 sit
1301 2482 1560 2552 ingenuus
1591 2487 1739 2541 subi-

154 2562 279 2608 turo
314 2572 325 2608 :
360 2559 631 2613 metallum
657 2577 783 2617 vero
806 2576 926 2633 post
956 2569 1176 2623 verbera
1198 2612 1211 2635 ,
1242 2573 1285 2625 si
1324 2574 1529 2629 servilis
1554 2578 1739 2631 condi-

151 2646 321 2702 tionis
348 2650 418 2704 sit
446 2666 460 2706 :
491 2651 565 2705 ita
595 2662 651 2707 ut
679 2670 777 2710 nec
808 2656 857 2709 in
887 2658 1100 2727 publico
1136 2665 1425 2720 convenire
1460 2667 1606 2734 loco,
1640 2685 1739 2725 nec

150 2739 424 2796 aedificare
464 2743 566 2798 sibi
601 2748 890 2815 ecclesias,
936 2767 1033 2807 nec
1070 2752 1135 2807 ad
1185 2756 1735 2829 circumscriptionem

149 2833 337 2903 legum
383 2838 667 2907 quicquam
716 2843 961 2899 meditari
1005 2849 1264 2905 valeant:
1303 2856 1448 2909 omni
1494 2856 1638 2912 civili
1685 2869 1738 2915 et

149 2926 394 2993 militari,
414 2927 692 2985 Curiorum
714 2934 893 3001 etiam,
921 2947 973 2991 et
995 2939 1361 3008 defensorum,
1393 2958 1445 2999 et
1468 2948 1733 3016 judicum,

148 3018 253 3071 Sub
279 3020 465 3089 viginti
489 3022 746 3078 librarum
769 3028 884 3081 auri
916 3029 1375 3098 interminatione,
1410 3039 1729 3107 prohibendi

146 3110 375 3166 auxilio.
406 3112 517 3168 illis
553 3119 714 3172 etiam
758 3120 809 3173 in
853 3135 946 3175 sua
986 3126 1233 3198 omnibus
1276 3133 1615 3189 manentibus
1644 3135 1731 3191 fir-
1762 3126 1807 3188 C

146 3208 369 3272 mitate,
406 3222 522 3276 qure
567 3211 634 3264 de
667 3213 855 3267 militia
888 3224 943 3269 et
973 3217 1205 3274 donandi
1247 3222 1402 3291 jure,
1462 3242 1524 3281 ac
1565 3237 1730 3283 testa-

146 3300 318 3353 menti
351 3302 614 3368 factione,
650 3307 730 3360 vel
778 3311 1003 3377 negandi
1040 3315 1282 3383 penitus,
1337 3320 1417 3373 vel
1460 3321 1511 3374 in
1556 3334 1730 3378 certas

145 3389 517 3446 vix-concessa
549 3402 803 3463 personas
824 3441 837 3463 ,
887 3404 1165 3473 pomisque
1194 3410 1353 3463 Variis
1389 3410 1455 3465 de
1501 3412 1731 3470 diversis

141 3494 270 3538 sunt
297 3484 564 3542 haereticis
594 3492 943 3561 promulgata:
974 3515 985 3549 :
1026 3498 1093 3551 ita
1128 3508 1183 3553 ut
1220 3517 1319 3557 nec
1348 3506 1581 3573 speciale
1606 3509 1727 3578 qui-

139 3578 266 3633 dem
300 3579 621 3637 bcneficium
662 3585 921 3643 adversus
964 3590 1108 3659 leges
1147 3595 1321 3649 valeat
1362 3597 1722 3666 impetratum.

140 3669 287 3724 Nulli
316 3670 691 3733 ltzereticorum
716 3678 886 3732 danda
919 3680 1128 3735 licentia
1148 3723 1163 3747 ,
1194 3684 1275 3737 vel
1307 3687 1565 3755 ingenuos
1593 3731 1605 3752 ,
1644 3691 1727 3745 vel

139 3777 332 3817 servos
378 3766 662 3835 proprios,
720 3771 805 3838 qui
871 3771 1303 3831 Ortbodoxorum
1360 3789 1485 3832 sunt
1534 3780 1726 3837 initiati

139 3855 448 3925 mysteriis,
496 3856 563 3910 ad
615 3872 769 3913 suum
827 3878 1010 3916 rursus
1065 3864 1325 3935 baptisma
1376 3869 1723 3928 deducendi:

139 3961 240 4001 nec
265 3962 394 4000 vero
424 3947 548 4002 illos
576 3966 712 4020 quos
736 3957 995 4021 emerint,
1027 3958 1105 4011 vel
1136 3961 1599 4035 qualitercumque
1632 3966 1725 4020 ha-

137 4039 387 4105 buerint,
415 4041 640 4097 necdum
671 4059 780 4099 suze
808 4052 1173 4117 superstitioni
1206 4054 1521 4123 conjunctos
1544 4100 1557 4124 ,
1603 4076 1722 4128 pro~

136 4130 361 4186 bibendi
394 4133 676 4190 catholicae
708 4142 860 4205 sequi
907 4143 1218 4213 religionem
1264 4148 1537 4205 Eccles’ize.
1572 4154 1723 4219 Quod

134 4225 228 4293 qui
264 4222 489 4292 fecerit,
519 4216 602 4283 vel
632 4244 751 4284 cum
782 4233 849 4285 sit
880 4234 1141 4304 ingenuus
1163 4280 1176 4301 ,
1213 4240 1262 4292 in
1303 4256 1359 4294 se
1392 4245 1503 4297 tieri
1538 4261 1724 4314 passus

134 4317 241 4379 sit,
278 4317 359 4371 vel
390 4316 584 4375 factum
620 4337 724 4375 noa
753 4322 1029 4391 detulerit,
1061 4329 1222 4383 exilio
1254 4346 1316 4387 ac
1342 4333 1527 4389 decem
1559 4337 1723 4392 libra-

134 4426 255 4465 rum
306 4414 421 4468 auri
454 4414 651 4471 mulcta
700 4416 1080 4488 damnabitur,
1116 4428 1417 4480 testamenti
1468 4439 1521 4483 et
1550 4430 1720 4486 dona-

1852 1820 1969 1873 cUm
1994 1833 2052 1874 se
2073 1832 2191 1874 esse
2222 1816 2543 1872 manifestat.

2155 1949 2265 2004 XL.
2310 1948 2746 2006 FASTIDIOSUS
2787 1918 3107 2008 animus.

2230 2064 2403 2134 (Apud
2436 2062 2788 2135 Fat/gentium;
2819 2064 2919 2135 Ep.
2946 2068 3047 2133 Ix.)

1922 2178 2210 2234 Donatistis
2240 2181 2399 2234 etiam
2443 2180 2856 2249 przedicantibus
2895 2181 3271 2239 communione
3314 2198 3427 2238 ma-

1847 2270 2019 2325 iorum
2050 2272 2223 2326 bonos
2254 2271 2438 2340 pollui.
2470 2270 2533 2325 Et
2565 2282 2755 2340 postea.
2786 2272 3079 2327 Donatiana
3102 2274 3297 2343 quippe
3326 2291 3416 2328 va,

1847 2366 1983 2419 nitas
2021 2380 2124 2419 non
2157 2364 2385 2418 attendit
2415 2364 2479 2418 ad
2511 2364 2612 2418 hoc
2654 2365 2905 2419 collatum
2950 2366 3256 2423 hominibus
3291 2369 3423 2438 bap~

1846 2455 1985 2509 tismi
2019 2454 2333 2509 beneficium
2361 2494 2373 2517 ,
2410 2464 2464 2507 ut
2502 2455 2588 2524 qui
2622 2455 2954 2521 nriginaliter
2981 2456 3171 2511 alienis
3198 2471 3427 2527 gravan-

1847 2555 1932 2600 tur
1957 2546 2251 2611 errnribus,
2284 2544 2468 2614 gratia:
2498 2533 2762 2599 medentis
2787 2546 2987 2601 auxilio
3018 2547 3261 2614 relevati,
3296 2564 3423 2619 pro~

1845 2636 1957 2706 pria
1987 2636 2238 2704 deinceps
2268 2636 2636 2689 tantummodo
2661 2637 2991 2705 bajularent,
3047 2654 3145 2693 nec
3187 2654 3427 2697 commit.

1842 2729 1930 2783 nio
1960 2728 2304 2796 sacramenti,
2331 2726 2424 2783 sed
2456 2742 2747 2783 consensus
2769 2727 3049 2785 danmaret
3073 2746 3425 2801 unumquem-

1841 2838 1944 2893 que
1972 2822 2194 2893 peccati.

1956 2958 2089 3013 XLI.
2134 2956 2440 3014 SANCTUS
2476 2957 2745 3014 PETRUS
2784 2956 3303 3016 CHRYSOLOGUS.

2217 3086 2653 3127 ARCHIEPISCOPUS
2694 3086 3047 3127 RAVENNATIS.

2447 3190 2652 3260 (Serm.
2692 3190 2815 3257 15.)

1907 3303 2157 3359 Consiliis
2182 3305 2291 3359 suis
2319 3320 2376 3359 se
2401 3304 2645 3359 diabolus
2668 3304 2865 3374 prodit.
2901 3301 3045 3358 Mitte
3068 3316 3115 3360 te
3146 3305 3407 3361 deorsum.

1840 3396 2045 3466 Lapsus
2073 3397 2266 3467 quaerit
2291 3439 2305 3463 ,
2340 3397 2630 3468 praecipitia
2676 3398 2895 3469 imperat
2926 3440 2939 3461 ,
2990 3405 3040 3451 et
3069 3397 3160 3451 tali
3194 3397 3422 3452 consilio

1838 3502 1933 3559 per
1964 3489 2195 3545 Africam
2240 3497 2500 3557 martyres
2535 3489 2655 3542 facit
2681 3528 2695 3552 ,
2736 3490 2850 3541 sine
2877 3490 3111 3543 clamore
3140 3488 3371 3565 dicendo
3401 3506 3414 3543 :

1836 3580 1889 3634 Si
1922 3582 1999 3634 vis
2026 3592 2228 3649 martyr
2262 3594 2401 3643 esse,
2430 3580 2577 3632 mitte
2612 3589 2661 3632 te
2700 3580 2950 3632 deorsum
2978 3622 2990 3639 ,
3027 3589 3081 3631 ut
3108 3594 3202 3633 eos
3228 3580 3417 3647 impel-

1820 3674 1904 3727 lat
1929 3674 1991 3727 de
2021 3674 2126 3725 alto
2146 3673 2211 3726 ad
2237 3683 2486 3738 mortem,
2513 3687 2617 3726 non
2657 3671 2722 3726 de
2754 3671 2940 3725 humili
2970 3670 3120 3725 tollat
3158 3680 3207 3725 et
3238 3671 3412 3726 elevet

1832 3758 1898 3818 ad
1928 3778 2203 3819 coronam.

2274 3874 2435 3930 XLII.
2467 3872 2953 3929 CASSIODORUS.

2405 3968 2495 4030 (In
2526 3969 2667 4023 I’sal.
2704 3968 2821 4039 LX.)

1899 4064 2133 4119 Audiant
2177 4065 2462 4119 Donatista:
2504 4080 2531 4117 a
2568 4063 2758 4117 finibus
2787 4072 2944 4117 terra:
2976 4062 3266 4117 Eeclesiam
3299 4064 3412 4117 cla-

1830 4171 1997 4220 mare,
2022 4167 2075 4209 et
2099 4158 2195 4225 ipsi
2229 4172 2344 4209 eam
2385 4156 2607 4209 localem
2640 4155 2819 4209 dicere
2842 4154 3085 4224 protinus
3128 4156 3412 4224 conquies-

1827 4260 1969 4304 cant.
2011 4249 2208 4303 Contra
2268 4264 2451 4303 vocem
2486 4249 2669 4303 mundi
2697 4250 2814 4314 quis
2845 4248 3008 4317 possit
3036 4248 3251 4303 audiri?
3301 4248 3406 4301 lm-

1827 4343 2273 4413 pudentiSsimum
2315 4354 2399 4399 est
2425 4344 2707 4397 adversum
2742 4340 2900 4394 trium
2934 4341 3298 4395 testimonium
3329 4340 3406 4393 lo-

1826 4436 1937 4504 qui,
1973 4445 2025 4490 et
2050 4444 2235 4489 contra
2263 4436 2566 4505 generalem
2592 4433 2913 4488 sententiam
2950 4447 3057 4486 non
3085 4431 3408 4485 erubescunt

1091 4536 1325 4593 .IACOBI
1364 4514 1807 4600 eOrnaneul
1845 4546 2407 4604 COMMENTARIUS.
2450 4580 2463 4597 .,

132 4650 234 4736 (eg.
274 4662 302 4701 a
335 4647 643 4730 Theodosio
671 4647 790 4703 Jun.
840 4651 1269 4736 promulgatam”
1318 4653 1551 4736 litetur-ii
1582 4658 1715 4726 (qui
1746 4662 1796 4721 D
1822 4664 2038 4736 Πέρσας.
2074 4663 2202 4736 Quae
2230 4660 2408 4736 _verba
2434 4702 2447 4725 ,
2495 4659 2739 4736 ut_etiam
2781 4656 3001 4736 abiis,
3035 4653 3228 4736 quibus
3275 4654 3401 4736 odio

133 4721 219 4795 bis
249 4733 418 4795 (τθες.⁷
443 4720 721 4795 superiore
764 4736 967 4785 mense,
992 4721 1185 4795 4_idus
1214 4724 1411 4791 Aprilis
1433 4720 1716 4795 episcopus

129 4789 765 4863 Constantinopolitanns
786 4802 1000 4846 creatus
1027 4792 1157 4853 fuit.
1190 4789 1331 4863 quod
1365 4789 1589 4851 testatur
1615 4789 1714 4854 So-

130 4870 310 4915 crates
339 4859 427 4913 lib.
462 4874 553 4924 vn,
588 4876 631 4911 ε.
667 4859 759 4929 29)
792 4865 1158 4930 persuasiooe.
1191 4859 1321 4919 Nam
1348 4882 1452 4920 non
1484 4868 1715 4924 Vincen.

132 4932 240 5009 tius
271 4930 581 5009 Leriuensis
611 4941 812 4985 tantum
848 4933 967 5001 (qui
1004 4938 1256 4989 oetennio
1287 4947 1411 5009 post
1440 4939 1569 4991 lianc
1610 4941 1707 5009 leg.

129 5000 481 5069 scribebat),
534 5008 765 5056 testatur
793 5000 908 5055 eum
952 5016 1253 5059 cunctarum
1284 5000 1538 5062 Inmemor:
1572 5000 1711 5064 blas-

130 5072 359 5140 plrrmias
392 5074 694 5125 insectatum
743 5088 980 5127 :verum
1014 5083 1067 5129 cl.
1116 5076 1369 5131 Socrates
1424 5081 1606 5133 diserte
1652 5082 1705 5133 ά.

129 5159 247 5208 cap.
281 5142 389 5204 29,
440 5142 658 5205 scribit,
714 5159 834 5197 eum
867 5145 1024 5198 simul
1072 5162 1134 5199 ac
1173 5148 1456 5213 episcopus
1496 5161 1709 5204 creatus

129 5214 255 5275 fuit,
286 5212 529 5266 oratione
553 5212 618 5265 ad
641 5213 772 5281 imp.
805 5213 1162 5269 Theodosium
1186 5216 1309 5270 Jun.
1344 5212 1542 5282 habita,
1570 5220 1703 5283 tunc,

128 5298 249 5349 qua:
278 5293 472 5352 postea,
510 5285 558 5335 in
594 5284 880 5336 multorum
912 5299 1005 5339 ore
1040 5286 1282 5349 fuerunt,
1328 5288 1466 5340 inter
1512 5300 1706 5344 etetera

127 5353 331 5406 dixisse
372 5351 586 5426 :__Mt'hi,
636 5368 665 5404 0
710 5353 1019 5426 imperator,
1057 5367 1240 5407 terram
1288 5356 1535 5410 Ita’reticis
1584 5377 1707 5426 pur-

127 5432 300 5491 gatam
339 5421 535 5486 tribue,
564 5429 612 5473 et
653 5437 745 5491 ego
774 5423 861 5473 tibi
894 5424 1069 5476 cretum
1109 5427 1344 5478 tribuam.
1380 5426 1456 5479 Tu
1500 5421 1622 5480 mihi
1652 5432 1703 5482 in

130 5490 750 5567 proﬂigautfis_hwreticis_
791 5491 1029 5567 subveni,
1077 5505 1123 5547 et
1164 5512 1253 5567 ego
1306 5497 1393 5548 tibi
1433 5498 1485 5549 in
1532 5500 1710 5567 proﬂi-

129 5557 311 5627 ρωιάίε
343 5557 531 5640 Persia.
549 5559 836 5640 subveniunt
863 5576 881 5612 .~
899 5561 999 5640 a6;
1032 5585 1135 5640 pot,
1163 5557 1455 5640 ὧχθασρεῡ,
1485 5557 1710 5640 κᾴθαρἀν

130 5635 219 5688 τήν
244 5636 459 5707 Ὺῆνξῑξῶν
480 5629 761 5707 αῖριῖικῶγ.
780 5632 922 5707 κᾲγῷ
951 5629 1041 5687 σοι’
1058 5636 1145 5707 ντόν
1176 5637 1378 5707 οὐρανὸν
1405 5629 1666 5693 ἀντιδώσίω
1693 5655 1706 5691 :

118 5698 394 5773 Δ‹.-υιγνξιὲεθιλέ
421 5714 508 5768 μοι
533 5698 656 5770 ἕτορς
682 5698 984 5774 ώρετὶὲοηῦς,
1013 5705 1151 5775 κᾴγὼ
1177 5698 1463 5775 comesis
1489 5730 1569 5764 σοι
1591 5712 1712 5767 τοὺς

1820 4726 1976 4785 erant
2002 4732 2265 4793 bwretiei,
2292 4742 2508 4813 accepta
2543 4730 2760 4813 fuerint,
2796 4726 3006 4809 sttltjicit
3034 4726 3400 4813 etiam.

1820 4819 1934 4871 cap.
1966 4802 2035 4857 Q9
2060 4844 2073 4866 ,
2107 4804 2230 4869 quid
2259 4804 2310 4857 in
2343 4795 2573 4856 Arianos
2604 4798 2971 4873 ,Novaliatttos
2994 4837 3008 4857 ,
3038 4795 3406 4873 ‘Qnartodeci7

1821 4865 2010 4926 triarios
2038 4865 2252 4926 molitus
2282 4873 2351 4927 sit
2381 4873 2445 4925 ad
2474 4872 2759 4925 tunutltum
2784 4878 2833 4920 et
2858 4865 3164 4920 incendium
3191 4879 3357 4932 usque
3381 4884 3393 4919 :

1818 4942 2074 5011 impetum
2110 4953 2286 4995 tamen
2338 4942 2454 5018 ejus
2498 4942 2553 5018 in
2592 4939 2917 5018 Novatianos
2943 4938 3048 5018 ab.
3073 4937 3397 5018 imperatore

1817 5005 2119 5078 repressum
2156 5014 2340 5081 (cujus
2366 5005 2657 5081 Theodosii
2694 5005 3078 5081 moderationis
3126 5007 3176 5081 it_t
3223 5005 3395 5059 Nova-

1815 5075 1986 5157 tia'nos
2011 5090 2077 5157 e_t_
2107 5075 2223 5134 haec
2257 5075 2355 5157 lex.
2382 5080 2551 5157 fidem
2570 5079 2691 5157 facit
2712 5079 2751 5149 ).
2771 5078 2947 5157 _Atldit
2976 5078 3113 5157 idem
3143 5075 3394 5157 Socrates

1816 5152 1987 5205 eodem
2020 5152 2107 5227 lio.
2148 5168 2260 5220 cap.
2296 5151 2355 5205 51
2383 5193 2396 5213 ,
2423 5160 2476 5204 et
2505 5147 2921 5227 Macedmtianos
2950 5147 3243 5227 amisisse.
3278 5156 3389 5227 tatu

1814 5223 2041 5289 demque
2073 5217 2381 5289 imperatori
2414 5223 2745 5297 persuasisse
2776 5234 2833 5297 ut
2860 5219 3101 5297 ecclesia:
3146 5217 3249 5268 illis
3273 5217 3388 5297 adi-

1814 5301 2131 5345 merentur:
2166 5301 2219 5345 et
2264 5308 2388 5346 vero
2436 5293 2738 5357 ademptam
2788 5292 2864 5343 eis
2906 5290 3203 5357 ecclesiam
3232 5294 3385 5337 extra

1813 5372 1992 5433 vetera
2032 5362 2177 5416 urbis
2204 5354 2675 5431 Cottstantinopol.
2708 5362 2902 5415 mmnia
2936 5364 3126 5413 sitam,
3157 5354 3380 5433 alteram

1810 5428 2021 5502 Qyzici,
2062 5443 2115 5485 et
2147 5434 2271 5486 alibi
2317 5428 2579 5502 pra-terea
2603 5434 2909 5499 complures
2936 5468 2949 5489 ,
2996 5428 3383 5502 (tuaiinﬁgl‘is

1813 5492 2144 5568 H'ellesponti
2178 5492 2449 5558 tenebant.
2481 5503 2639 5557 Juxta
2674 5492 2811 5575 bane
2839 5502 3007 5575 legem
3035 5492 3377 5575 §Cill09!_‘l|l3

1812 5572 1875 5623 iis
1923 5559 2323 5628 in'civitatibus
2364 5583 2567 5626 tantum
2620 5559 2990 5623 ecclesiatvcis
3057 5559 3375 5613 ittlcrdiCkB.

1811 5636 1954 5710 Ergo
1980 5659 2100 5714 qua:
2146 5627 2407 5700 tnemOrat
2439 5643 2690 5697 Socrates
2714 5680 2729 5705 ,
2765 5636 3067 5707 posteriora
3111 5636 3235 5684 sunt
3283 5627 3384 5684 hac

1813 5714 1945 5781 lege.
