3860 6212
533 167 672 229 1435

1203 162 1632 224 MONUMENTA
1669 164 2222 226 CARTHAGINENSI
2260 141 2669 226 COLLATIONI
2707 169 3150 229 POSTERIORA.

3663 177 3687 232 Ι
3700 174 3785 231 ‘39?"

528 286 870 358 impudenter
895 289 1110 343 armari.
1161 289 1268 345 Cur
1294 292 1442 345 novis
1471 291 1867 346 inventionibus
1899 291 2106 346 animas
2134 292 2184 352 Α
2211 289 2414 346 deliciis
2447 292 2498 345 in
2528 292 2663 346 hanc
2687 308 3040 348 :erumnosam
3068 294 3225 346 vitam
3252 291 3444 347 callida
3485 295 3786 363 persuasio-

529 379 786 450 fatigant?
814 380 1092 450 Accipient
1117 393 1262 438 certe
1289 383 1429 452 quod
1457 383 1700 449 credant,
1725 398 1828 437 non
1849 381 1992 452 quod
2010 397 2104 436 sua

527 471 808 543 iniquitate
838 483 1166 542 pervertant.
1211 473 1344 529 Orat
1395 475 1566 531 fidelis
1612 475 1838 545 popuius
1867 491 1898 528 a
1918 474 2104 543 ﬁnibus

527 575 676 622 teme
699 570 819 635 quia
846 571 1010 639 factus
1040 579 1112 623 est
1141 569 1394 624 Dominus
1424 586 1536 638 spes
1567 570 1696 639 ejus,
1728 577 2020 639 posteaque
2043 581 2104 622 se

527 658 768 713 auditum
819 659 1124 732 bymnidica
1173 659 1338 733 33E.
1386 660 1716 715 exultatiOne
1772 659 2099 730 gratulatur:

526 752 776 822 quoniam
829 753 882 807 in
930 762 1220 823 conspectu
1275 753 1479 807 Domini
1541 753 1742 823 jugiter
1786 751 2100 820 apparebit:

524 842 649 912 quid
695 842 804 911 jam
850 843 1175 911 satisfaciat,
1225 844 1270 900 si
1318 846 1419 898 hoc
1448 858 1552 898 non
1594 843 1795 898 satiat?
1845 841 2102 898 Videmus

524 934 761 1003 quotidie
789 934 902 989 fieri
931 934 1073 1005 quod
1115 934 1405 1005 promisit:
1448 934 1690 989 videmus
1733 934 1988 988 mundum
2034 934 2101 988 ad

527 1026 650 1080 fidei
677 1026 993 1082 Christiana:
1018 1025 1227 1099 regulas
1253 1025 1545 1082 convenire
1571 1045 1583 1081 :
1636 1027 1702 1081 Et
1743 1027 1877 1097 proh
1905 1027 2058 1081 dolor
2083 1030 2095 1082 !

524 1118 750 1174 Falsitas
779 1123 962 1177 nititur
988 1121 1322 1177 abscondere
1343 1121 1484 1192 quod
1514 1121 1752 1177 decrevit
1795 1121 1994 1177 veritas
2019 1121 2101 1175 in-

520 1212 719 1268 dicare.

1067 1321 1202 1361 ANNO
1242 1321 1420 1361 DOIINI
1462 1322 1552 1362 Dll.

828 1417 1008 1474 XLIII.
1052 1419 1445 1477 GREGORIUS
1485 1420 1784 1478 MAGNUS.

743 1529 881 1602 (Lib.
911 1547 948 1599 ι,
988 1531 1175 1602 Ερὶει.,
1212 1531 1404 1586 Indici.
1436 1549 1505 1598 ix,
1540 1532 1638 1605 Ep.
1669 1533 1866 1603 Lxxu.)

591 1661 878 1733 Gregorius
909 1663 1185 1718 Gennadio
1213 1665 1438 1734 patricio
1465 1673 1518 1720 et
1547 1666 1789 1722 exarcho
1813 1667 2025 1721 Africae.

591 1754 741 1809 Sicut
782 1755 1154 1810 excellentiam
1187 1767 1420 1811 vestram
1444 1798 1460 1821 ,
1508 1758 1789 1813 hostilibus
1819 1759 1974 1813 bellis
2001 1801 2014 1822 ,
2045 1758 2096 1812 in

519 1846 616 1901 hac
645 1847 748 1901 vita
782 1848 1037 1902 Dominus
1062 1849 1404 1902 victoriarum
1435 1849 1559 1904 fecit
1584 1850 1703 1906 luce
1742 1849 1984 1920 fulgere;
2028 1851 2097 1906 ita

517 1946 732 2007 Oportet
765 1937 923 1992 etiam
957 1938 1184 1992 inimicis
1220 1938 1473 1994 Ecclesia:
1497 1941 1614 2008 ejus
1644 1941 1788 1994 omni
1815 1941 2099 1996 vivacitate

515 2029 710 2083 mentis
735 2039 787 2082 et
816 2029 1056 2098 corporis
1080 2029 1298 2084 obviare
1325 2047 1337 2082 :
1363 2039 1625 2098 quatenus
1647 2031 1764 2099 ejus
1794 2041 1847 2086 et
1875 2041 2098 2102 utroque

513 2117 790 2187 triumpho
825 2119 994 2188 magis
1017 2133 1081 2174 ac
1123 2121 1290 2188 magis
1328 2120 1586 2176 enitescat
1613 2121 1832 2190 opinio:
1880 2137 1999 2176 cum
2044 2131 2098 2177 et

514 2206 818 2263 forensibus
848 2209 1000 2263 bellis
1024 2208 1349 2265 adversariis
1391 2209 1671 2266 catholicae
1700 2211 1959 2267 Ecclesia:
2007 2229 2096 2268 ve-

513 2302 798 2372 hementer
824 2301 1085 2357 obsistere
1113 2311 1166 2358 et
1196 2303 1568 2359 Ecclesiastica
1595 2305 1775 2373 praelia
1813 2305 1947 2360 sicut
1978 2306 2096 2360 bel-

513 2394 713 2450 latores
743 2393 951 2453 Domini
1000 2394 1208 2451 fortiter
1249 2396 1536 2452 dimicatis.
1591 2397 1786 2452 Notum
1824 2406 1907 2452 est
1949 2398 2093 2452 enim

511 2488 773 2542 haeretica:
801 2489 1069 2558 religionis
1099 2490 1262 2558 viros,
1293 2491 1338 2545 si
1365 2493 1464 2554 eis,
1493 2491 1633 2559 quod
1662 2491 1821 2557 absit,
1855 2493 2093 2561 suppetit

509 2579 735 2633 nocendi
766 2580 976 2635 licentia
999 2622 1013 2646 ,
1044 2592 1228 2636 contra
1259 2583 1572 2637 catholicam
1610 2583 1767 2638 fidem
1800 2584 2088 2638 vehemen-

513 2681 593 2725 ter
616 2674 908 2743 insurgere,
928 2683 1190 2745 quatenus
1219 2676 1488 2731 haereseos
1527 2691 1637 2731 suze
1664 2691 1869 2734 venena
1901 2676 1966 2732 ad
2013 2686 2092 2731 ta-

510 2762 820 2818 befacienda
869 2781 926 2820 se
951 2768 1218 2822 valuerint
1244 2766 1533 2822 Christiani
1563 2769 1803 2836 corporis
1851 2771 2090 2825 membra

512 2855 904 2911 transfundant.
949 2857 1313 2928 Cognovimus
1349 2861 1494 2914 enim
1543 2874 1636 2914 eos
1681 2871 1864 2914 contra
1908 2861 2091 2916 Eccle-

509 2945 642 3000 siam
669 2947 986 3003 catholicam
1012 2949 1238 3004 Domino
1279 2951 1359 3004 eis
1398 2951 1713 3006 adversante
1742 2953 1878 3007 colla
1915 2953 2087 3008 Subri-

2205 397 2273 437 ne
2298 382 2546 451 deposuit
2572 424 2585 444 .
2623 394 2677 437 et
2717 389 2768 439 in
2799 398 2866 438 eo
2890 385 3001 453 jam
3033 394 3156 438 tunc
3182 383 3420 439 humano
3451 386 3648 455 generi
3682 401 3785 454 poe-

2203 488 2327 528 nam
2377 473 3008 540 mortalitatis'inﬂixit;
3055 479 3243 531 eadem
3297 491 3438 530 nunc
3491 475 3785 534 calliditate

2203 565 2381 619 ovium
2409 565 2800 621 dominicarum
2825 576 3068 638 pastores
3097 608 3111 632 ,
3160 583 3267 637 quo
3315 567 3528 623 facilius
3574 583 3782 640 gregem

2204 657 2419 726 capiat,
2472 658 2754 712 transfusis
2774 666 2995 713 conetur
3021 660 3238 714 venenis
3271 659 3489 714 inﬁcere
3510 700 3527 724 ,
3577 668 3634 714 et
3671 659 3782 728 jure

2197 748 2306 818 jam
2354 749 2602 818 potestati
2653 738 2881 820 proprias
2907 749 3202 805 vindicare.
3247 750 3352 806 Sed
3385 765 3486 804 nos
3526 751 3624 821 qui
3667 751 3780 806 licet

2205 840 2455 900 immeriti
2487 841 2669 898 sedem
2699 843 3045 912 apostolicam
3079 842 3196 898 vice
3228 842 3372 898 Petri
3413 843 3776 913 aposmlorum

2201 933 2460 1002 principis
2489 931 2823 1004 suscepimus
2849 935 3271 1006 gubernandam,
3299 935 3417 1004 ipso
3446 937 3776 1005 pontiﬁcatus

2201 1025 2380 1079 officio
2427 1028 2669 1095 cogimur
2715 1027 2953 1097 generali
2982 1026 3118 1081 hosti
3147 1027 3341 1097 quibus
3368 1028 3613 1082 valemus
3658 1029 3773 1083 nisi-

2204 1120 2305 1175 bus
2335 1121 2570 1176 obviare.
2605 1121 2859 1178 Porrecta
2892 1122 3049 1193 igitur
3080 1123 3335 1192 petitione
3377 1123 3772 1179 insinuaverunt

2202 1214 2358 1269 nobis
2389 1217 2734 1284 prtesentinm
2783 1216 2980 1270 latores
3009 1213 3353 1270 Constantius
3383 1225 3438 1270 et
3463 1214 3736 1271 Mustellus
3755 1257 3768 1281 ,

2199 1312 2252 1360 et
2283 1316 2530 1360 asserunt
2561 1307 2815 1362 Ecclesia:
2841 1305 3185 1362 Pudentianze
3214 1306 3469 1361 diacones
3517 1305 3574 1361 in
3604 1306 3769 1361 Numi-

2199 1396 2284 1452 dia
2315 1400 2586 1467 provincia
2633 1401 2942 1455 constituta:
2987 1400 3364 1454 Maximianum
3412 1399 3654 1469 ejusdem
3693 1415 3767 1453 ee-

2199 1490 2377 1546 clesicc
2400 1493 2715 1557 antistitem,
2747 1493 2800 1546 in
2835 1492 2952 1546 loco
2982 1506 3089 1562 quo
3118 1493 3281 1561 degit,
3304 1502 3618 1562 corruptum
3647 1507 3765 1569 pra:-

2200 1582 2308 1635 mio
2329 1583 2727 1636 Donatistarum
2759 1585 3068 1652 episcopum
3112 1599 3244 1637 nova
3275 1585 3489 1638 licentia
3525 1585 3636 1638 fieri
3660 1599 3762 1652 pcr-

2129 1669 2176 1730 B
2203 1672 2443 1736 misisse;
2473 1689 2592 1727 cum
2621 1675 2719 1728 etsi
2752 1673 2854 1729 hoc
2879 1675 3114 1730 anterior
3144 1688 3271 1729 usus
3297 1675 3764 1744 periiiitteret,ma-

2201 1780 2333 1820 nere
2361 1776 2519 1836 atque
2549 1767 2833 1834 persistere
2869 1767 3000 1822 ﬁdes
3037 1767 3296 1822 catholica
3325 1767 3657 1837 prohiberet.
3697 1769 3762 1822 Ob

2201 1857 2305 1913 hoc
2353 1873 2482 1927 ergo
2529 1858 2916 1914 fraternitatem
2971 1869 3108 1913 tuam
3160 1860 3375 1927 scriptis
3429 1859 3762 1929 prasentibus

2201 1951 2507 2002 necessario
2534 1949 2785 2004 duximus
2824 1950 3207 2006 adhortandam
3257 1963 3315 2004 ut
3352 1952 3602 2005 veniente
3633 1951 3690 2004 ad
3719 1959 3761 2005 te

2199 2038 2398 2093 Hilario
2455 2041 2782 2095 cbartulario
2849 2051 3072 2108 nostro,
3120 2041 3356 2096 adunato
3404 2043 3759 2112 episcoporum

2190 2131 2485 2201 universali
2515 2132 2766 2197 concilio,
2804 2133 2982 2186 habito
3010 2149 3116 2202 pra:
3145 2133 3316 2186 oculis
3341 2141 3552 2188 terrore
3575 2134 3758 2188 venturi

2192 2219 2389 2290 judicis
2419 2236 2576 2276 causa
2609 2223 2794 2277 eadem
2819 2223 3003 2278 subtili
3028 2239 3089 2278 ac
3118 2224 3304 2279 stiterti
3335 2223 3532 2278 debeat
3561 2225 3754 2293 indaga-

2195 2316 2341 2369 tione
2367 2315 2624 2384 perquiri.
2679 2316 2742 2369 Et
2789 2318 2831 2370 si
2881 2317 3166 2386 capitulum
3217 2317 3320 2371 hoc
3367 2333 3395 2370 a
3430 2319 3749 2386 prmsentium

2196 2405 2456 2460 latoribus
2485 2407 2743 2476 prwdicto
2765 2409 3019 2478 episcopo
3045 2408 3378 2463 documentis
3419 2409 3628 2463 idoneis
3655 2408 3751 2464 fue-

2193 2499 2263 2552 rit
2293 2498 2668 2566 approbatum,
2698 2514 2725 2551 a
2759 2483 3018 2570 dignitate
3048 2499 3334 2570 officioque
3360 2516 3470 2570 quo
3502 2500 3748 2570 fungitur,

2191 2591 2438 2645 omnibus
2469 2590 2640 2644 modis
2664 2591 3022 2662 dcgradetur:
3069 2603 3126 2646 ut
3149 2602 3203 2647 et
3231 2594 3320 2649 ille
3347 2594 3412 2647 ad
3449 2595 3750 2663 panitemiaz

2191 2683 2336 2737 lucra
2366 2699 2460 2753 per
2489 2685 2811 2752 agnitionem
2841 2685 3023 2740 delicti
3057 2685 3256 2750 redeat,
3283 2695 3340 2740 et
3364 2689 3546 2741 caeteri
3571 2697 3749 2741 tentare

2192 2777 2312 2829 talin
2349 2794 2452 2830 non
2482 2777 2642 2848 335
2673 2785 3014 2846 praesumant.
3055 2776 3286 2847 Equum
3314 2789 3400 2832 est
3430 2780 3573 2832 enim
3605 2788 3658 2833 ut
3679 2780 3746 2846 qui

2188 2866 2367 2922 Jesuin
2387 2867 2654 2921 Christum
2683 2867 2962 2923 Dominum
2987 2880 3226 2923 nostrum
3259 2868 3527 2925 hzeretico
3556 2880 3742 2938 accept:

2192 2960 2412 3030 pecunia
2446 2960 2772 3015 venundcdit
2797 3002 2812 3026 ,
2846 2971 2902 3016 ut
2925 2960 3098 3016 fertur
3122 3004 3137 3028 ,
3169 2963 3238 3016 ab
3262 2963 3381 3031 ejus
3414 2961 3658 3017 videlicet
3680 2978 3743 3016 sa-

507 3052 636 3107 gcre
661 3078 674 3102 ,
727 3047 780 3091 et
821 3039 976 3093 fidem
1028 3040 1163 3094 velle
1191 3039 1478 3096 ChriSIiaui
1531 3043 1761 3097 nominis
1807 3044 2084 3100 inclinare.
2117 3045 2161 3108 C
2192 3052 2457 3107 crosancti
2489 3053 2732 3120 corporis
2775 3065 2830 3107 et
2859 3053 3133 3123 sanguinis
3161 3053 3458 3108 traeiandis
3506 3055 3743 3124 mysteriis

509 3127 615 3182 Sed
645 3130 934 3184 eminentia
966 3134 1140 3186 vestra
1163 3142 1388 3187 conatus
1415 3149 1599 3188 eorum
1631 3136 1984 3204 comprimat,
2035 3147 2090 3192 et

508 3222 768 3289 superbas
792 3237 978 3276 eorum
1007 3223 1248 3278 cervices
1272 3225 1400 3294 jugo
1421 3227 1754 3281 rectitudinis
1784 3237 2012 3297 premat.

739 3377 922 3435 XLIV.
957 3377 1104 3435 Idem
1133 3381 1306 3434 eodem
1335 3381 1386 3434 in
1409 3379 1520 3434 Lib.
1553 3379 1654 3448 Ep.
1685 3396 1848 3435 Lxxv.

702 3491 992 3570 Gregorius
1021 3491 1286 3548 universis
1315 3495 1582 3564 episcOpis
1611 3493 1892 3551 Numidiae.

557 3604 790 3659 Petiistis
815 3607 1012 3662 etenim
1038 3623 1132 3676 per
1154 3607 1410 3663 Hilarium
1430 3609 1815 3665 chartularium
1840 3619 2082 3667 nostrum

503 3709 533 3749 a
564 3695 626 3750 Β.
675 3699 945 3753 memoria:
972 3699 1370 3768 prtedeceSSnre
1401 3713 1589 3756 nOSIro
1616 3712 1672 3756 nt
1715 3717 1904 3759 omnes
1935 3704 2085 3759 vobis

501 3801 648 3846 retro
679 3800 978 3862 temporum
1002 3795 1420 3850 consuetudines
1460 3806 1801 3852 servarentur
1828 3838 1841 3860 ,
1883 3812 2015 3866 quas
2053 3813 2080 3851 a

501 3881 644 3937 beati
678 3884 815 3939 Petri
844 3887 1210 3954 apostolorum
1246 3887 1500 3956 principis
1547 3886 1947 3942 ordinationum
1985 3889 2083 3943 ini-

504 3974 592 4028 tiis
621 3973 876 4030 hactenus
903 3986 1142 4031 vetustas
1171 3978 1326 4046 longa
1349 3979 1607 4033 servavit.
1642 3978 1709 4032 Et
1740 3995 1836 4033 nos
1867 3979 2080 4050 quidem

499 4061 645 4133 juxta
677 4066 870 4119 seriem
903 4067 1176 4122 relationis
1217 4080 1411 4124 ve5trae
1437 4071 1878 4125 consuetudinem
1905 4112 1919 4136 ,
1963 4086 2082 4140 qua:

499 4164 678 4210 tamen
725 4167 913 4210 contra
957 4159 1118 4212 fidem
1147 4158 1474 4215 Catholicam
1506 4161 1634 4216 nihil
1669 4177 1926 4231 usurpare
1958 4162 2077 4232 dig-

499 4247 740 4301 noscitur
769 4249 1042 4303 immotam
1075 4265 1392 4320 permanere
1433 4237 1777 4308 concedimus
1803 4296 1817 4319 ,
1860 4256 1973 4309 sive
2011 4255 2080 4312 de

497 4339 813 4407 primatibus
843 4341 1230 4396 constituendis
1257 4344 1568 4414 caeterisque
1597 4347 1864 4414 capitulis,
1885 4361 2077 4417 excep-

2189 3143 2588 3196 submovcatur.
2635 3143 2688 3196 Si
2738 3158 2840 3212 qua
2872 3152 3048 3199 autem
3076 3145 3214 3199 inter
3243 3158 3339 3198 eos
3385 3155 3538 3199 extra
3566 3142 3740 3198 crimen

2191 3234 2293 3289 hoc
2319 3235 2635 3288 danmorum
2669 3235 3021 3303 quorumdam
3049 3237 3130 3290 vel
3161 3236 3491 3306 privatorum
3536 3237 3741 3308 negotio-

2189 3342 2349 3392 rum,
2389 3325 2543 3380 sicuti
2599 3327 2785 3395 petitio
2823 3326 3168 3382 diaconornm
3207 3331 3451 3397 ipsorum
3493 3331 3736 3390 continet,

2189 3427 2435 3471 versatur
2466 3417 2715 3484 intentio,
2747 3419 2882 3473 hanc
2915 3429 3000 3473 tua
3033 3419 3336 3496 fraternitas
3358 3437 3484 3476 cum
3517 3423 3738 3491 praedicto

2187 3508 2517 3562 cbartulario
2557 3520 2744 3564 nostro
2775 3511 2974 3579 privata
3003 3511 3307 3582 cognitione
3355 3515 3660 3584 perquirat,
3695 3523 3736 3565 ct

2189 3601 2328 3656 inter
2357 3611 2638 3670 utramque
2666 3612 2873 3670 partem
2899 3604 3106 3674 jnstitia
3151 3605 3486 3675 procedente
3529 3605 3729 3660 definiat.

2186 3692 2356 3746 Porro
2386 3699 2563 3746 autem
2595 3693 2935 3760 prcesentium
2967 3697 3192 3750 latorum
3236 3697 3598 3753 insinuatione
3622 3696 3730 3750 didi-

2187 3785 2363 3839 cimus
2421 3784 2819 3840 Donatistarum
2861 3786 3108 3843 barresim
3153 3805 3247 3858 pro
3272 3792 3516 3861 peccatis
3570 3793 3729 3844 nostris

2185 3875 2425 3946 quotidie
2447 3875 2682 3942 dilatari,
2713 3889 2766 3933 et
2794 3880 2946 3934 valde
2977 3881 3186 3950 plures.
3220 3881 3346 3937 data
3376 3898 3475 3952 per
3502 3883 3727 3937 venalita-

2187 3979 2290 4024 tem
2321 3971 2552 4033 licentia,
2583 3980 2700 4039 post
2750 3972 3070 4028 catholicum
3117 3974 3379 4040 baptisma
3411 3989 3442 4028 a
3478 3974 3726 4030 Donatistis

2183 4060 2359 4117 denuo
2381 4064 2661 4134 baptizari.
2687 4065 2839 4132 Quod
2871 4081 3027 4135 quam
3050 4081 3213 4135 grave
3233 4068 3324 4130 sit,
3355 4066 3564 4132 Frater,
3594 4081 3722 4136 opor-

2186 4161 2259 4210 tet
2291 4167 2387 4209 nos
2414 4166 2521 4210 tota
2555 4158 2750 4212 mentis
2782 4159 3076 4212 intentione
3103 4157 3462 4226 perpendere.
3511 4157 3634 4213 Ecce
3662 4158 3722 4210 lu-

2183 4259 2282 4315 pus
2326 4247 2652 4303 Doniinicum
2695 4263 2910 4318 gregem
2942 4263 3047 4301 non
3091 4248 3203 4316 jam
3247 4247 3298 4301 in
3345 4257 3504 4303 nocte
3534 4249 3720 4302 latenter

2181 4336 2276 4390 sed
2307 4338 2355 4391 in
2387 4350 2572 4408 aperta
2601 4340 2718 4394 luce
2745 4339 2965 4397 dilaniat
2991 4379 3006 4403 ,
3051 4348 3104 4393 et
3155 4353 3252 4392 nos
3281 4353 3407 4393 eum
3449 4340 3655 4410 grassari
3680 4341 3716 4390 in

498 4431 568 4484 tis
601 4429 682 4484 his
707 4431 794 4495 qui
817 4449 880 4487 ex
908 4433 1193 4488 Donatistis
1222 4436 1288 4488 ad
1318 4436 1680 4505 episcopatum
1713 4441 2033 4507 perveniunt
2057 4485 2072 4509 ,
2103 4423 2157 4483 D
2183 4431 2358 4485 ovium
2389 4448 2520 4488 nece
2540 4431 2920 4498 cernimus,'et
2945 4431 3089 4486 nulla
3112 4432 3160 4486 ei
3188 4431 3570 4497 sollicitudine,
3595 4431 3716 4484 nullis

495 4535 630 4589 quos
654 4523 875 4591 provehi
917 4523 983 4578 ad
1020 4525 1277 4593 primatus
1298 4525 1630 4594 dignitatem,
1656 4531 1812 4583 etiam
1841 4547 1960 4585 cum
1987 4547 2076 4587 or-

495 4611 566 4666 do
585 4613 902 4668 clericorum
935 4631 1028 4669 eos
1058 4615 1123 4668 ad
1153 4615 1328 4669 locum
1362 4617 1607 4671 eumdem
1639 4619 1862 4682 deferat.
1896 4623 2072 4679 modis

493 4707 742 4760 omnibus
771 4708 1132 4777 prohibemus.
1165 4708 1405 4764 Sufficiat
1431 4720 1606 4764 autem
1639 4711 1744 4766 illis
1769 4714 2069 4770 commissa:

494 4797 596 4852 sibi
627 4799 795 4868 plebis
839 4802 1208 4855 tantummodo
1250 4817 1433 4856 curam
1476 4817 1662 4872 gerere
1691 4845 1705 4868 ,
1745 4820 1852 4860 non
1892 4815 2071 4862 autem

494 4891 655 4946 etiam
699 4892 818 4946 illos
857 4889 1127 4949 antistites
1163 4911 1295 4965 quos
1331 4896 1590 4952 catholica
1641 4896 1770 4965 fides
1820 4899 2072 4956 Ecclesim

492 4983 615 5039 sinu
653 4993 708 5038 et
735 4985 951 5041 edocuit
976 4997 1027 5041 et
1051 4990 1235 5059 genuit
1259 4989 1323 5043 ad
1346 4989 1694 5045 obtinendum
1723 4992 1935 5048 culmen
1966 4996 2072 5064 pri-

491 5086 667 5134 matus
691 5080 917 5135 anteire.

990 5209 1128 5250 ANNO
1166 5209 1348 5250 DOIINI
1387 5210 1554 5252 DXCII.

793 5308 954 5364 XLV.
988 5308 1180 5364 IDEM
1221 5309 1335 5364 Lib.
1366 5326 1426 5378 ιι,
1457 5309 1559 5382 Ερ.
1585 5327 1774 5368 xxxm.

699 5419 990 5492 Gregorius
1011 5422 1271 5479 Columbo
1295 5424 1552 5494 episcopo
1581 5423 1865 5479 Numidiw.

491 5537 497 5547 '
567 5531 762 5594 Notum
807 5551 928 5609 est,
969 5543 1283 5598 charissima
1329 5541 1380 5596 in
1411 5539 1627 5596 Christo
1654 5539 1883 5606 Frater,
1927 5541 2066 5610 quod

453 5669 458 5673 ι
496 5635 741 5701 antiquus
782 5634 948 5692 hostis
983 5639 1072 5710 qui
1118 5639 1348 5704 primum
1395 5635 1667 5697 hominem
1718 5634 1785 5694 de
1828 5634 2068 5700 Paradisi

2182 4522 2468 4577 vaborum
2495 4524 2686 4593 jaculis
2713 4525 3011 4578 obviainus.
3060 4524 3205 4589 Quos
3249 4537 3380 4592 ergo
3425 4523 3615 4577 fructus
3638 4521 3713 4575 Do.

2179 4615 2326 4669 mino
2362 4616 2694 4685 multiplicati
2739 4617 2918 4688 gregis
2956 4615 3306 4670 ostendemus
3335 4657 3351 4680 ,
3401 4618 3447 4669 si
3486 4627 3540 4671 et
3580 4619 3712 4684 ipsum

2179 4711 2334 4776 quem
2371 4708 2689 4778 pascendum
2719 4709 3055 4777 suscepimus
3081 4710 3249 4762 otiosa
3280 4718 3464 4766 mente
3492 4712 3712 4764 cernimus

2177 4814 2206 4852 a
2238 4800 2402 4854 bestia
2431 4801 2768 4856 devorari....
2805 4801 3094 4870 Vigilemus
3122 4816 3250 4872 ergo
3295 4818 3364 4856 ne
3399 4801 3528 4872 quid
3551 4809 3709 4871 pereat.

2180 4901 2236 4948 et
2279 4893 2324 4946 si
2363 4893 2497 4948 forte
2542 4895 2664 4961 quid
2691 4906 2904 4964 captum
2945 4895 3144 4958 fuerit,
3189 4896 3410 4949 vocibus
3454 4896 3709 4951 divinorum

2176 4988 2510 5056 eloquiorum
2555 4989 2619 5041 ad
2664 5003 2881 5058 gregem
2914 4988 3249 5044 Dominicum
3297 4989 3631 5052 reducamus,
3669 4996 3711 5039 nt
3793 5049 3795 5073 1

2176 5077 2265 5132 ille
2309 5077 2398 5147 qui
2431 5086 2612 5146 pastor
2643 5087 2914 5146 pastorum
2944 5088 3027 5133 est
3052 5080 3302 5149 vigilasse
3339 5095 3439 5135 nos
3465 5084 3594 5136 circa
3620 5093 3709 5150 greo
3764 5103 3782 5144 ε

2173 5184 2293 5238 gem
2325 5183 2477 5222 suum
2506 5183 2604 5222 suo
2628 5170 2934 5223 misericors
2964 5170 3216 5239 dignetur
3253 5172 3456 5241 judicio
3503 5185 3702 5241 compro-

2177 5261 2323 5317 bare.
2357 5263 2466 5317 Hoc
2495 5276 2704 5332 quoque
2731 5276 2828 5315 vos
2854 5277 3074 5318 necesse
3104 5273 3185 5319 est
3202 5266 3432 5320 solerter
3453 5264 3704 5326 intendere,

2176 5364 2233 5409 ut
2263 5356 2304 5409 si
2351 5371 2448 5425 qua
2498 5362 2684 5411 contra
2730 5354 2932 5411 latores
2962 5358 3314 5426 praesentium
3342 5358 3574 5428 ejusdem
3599 5356 3704 5424 epis-

2174 5452 2292 5518 copi
2342 5459 2485 5503 recta
2532 5447 2693 5502 fuerit
2721 5447 2905 5516 petitio
2944 5447 3127 5503 subtili
3177 5450 3371 5505 debeat
3414 5450 3703 5520 indagatione

2178 5541 2414 5614 perqulri
2439 5558 2450 5595 :
2483 5548 2537 5594 et
2565 5540 2606 5593 si
2639 5537 2863 5594 fortasse
2885 5539 2984 5611 ipsi
3009 5555 3106 5609 pro
3128 5553 3221 5594 sua
3246 5541 3537 5612 culpajure
3555 5539 3702 5594 feries-

2174 5633 2226 5691 di
2257 5645 2403 5703 sunt,
2437 5645 2770 5708 nequaquam
2799 5643 3084 5690 censemus
3103 5644 3227 5692 esse
3259 5633 3592 5708 parcendum.
