3860 6212
260 297 286 350 5
304 297 398 350 $37

782 430 917 470 ANNO
945 429 1123 469 DOIINI
1152 428 1327 469 θεων.

556 522 738 583 XLVI.
781 526 971 582 IDEM
1005 527 1120 584 Lib.
1149 543 1228 594 tu,
1255 527 1359 598 Ep.
1383 544 1549 582 xxxn.

474 637 770 709 Gregorius
796 633 1108 694 Pantaleoui
1137 638 1389 707 prafecto
1413 637 1628 692 Africa.

340 729 726 785 Haereticorum
765 728 1205 785 nefandissitnam
1237 726 1552 800 pravitatem
1574 769 1589 794 ,
1612 727 1845 799 qualiter

259 817 351 876 lex
395 829 744 892 persequatur
784 821 1069 876 instantius
1110 821 1450 876 excellentia:
1496 813 1689 894 vestra:
1737 834 1842 875 non

262 912 875 984 habetur'incognitum.
923 913 988 968 Hi
1035 895 1193 984 igitur
1234 930 1369 984 quos
1407 922 1462 969 et
1498 912 1624 968 fidei
1649 923 1845 969 natura

261 1004 546 1075 integritas
587 1013 641 1059 et
672 1005 850 1075 legum
879 991 1095 1060 damnat
1116 1005 1380 1060 districtio
1417 1005 1805 1060 mundanarum
1827 1046 1843 1074 ,

263 1110 374 1150 non
401 1096 515 1150 leve
543 1103 816 1164 peccatum
847 1105 950 1159 est,
980 1097 1024 1151 si
1055 1097 1247 1152 vestris
1285 1096 1559 1164 inveniant
1591 1096 1847 1167 tempori-

263 1185 368 1242 bus
419 1187 686 1241 licentiam
736 1186 1069 1256 reserpendi.
1127 1188 1183 1242 in
1242 1188 1350 1243 illis
1394 1188 1554 1259 igitur
1607 1188 1848 1258 partibus

262 1288 525 1349 quantum
573 1278 882 1345 didicimus,
909 1275 979 1334 ita
1001 1280 1396 1335 Donatistarum
1417 1280 1844 1348 crevitaudacia,

262 1382 324 1426 ut
353 1386 458 1426 non
490 1371 659 1427 solum
701 1371 769 1427 de
797 1374 909 1426 suis
948 1373 1189 1428 ecclesiis
1234 1375 1554 1430 auctoritate
1593 1374 1845 1445 peStifera

264 1463 484 1534 ejiciant
532 1463 655 1518 fidei
703 1464 983 1519 catholicae
1016 1465 1376 1522 sacerdotes:
1422 1467 1516 1522 sed
1566 1466 1665 1520 bos
1713 1481 1849 1536 quos

264 1568 395 1612 vera
440 1557 785 1625 COI’lfCSSIQne
813 1571 949 1628 aqua
981 1560 1403 1629 regenerationis
1441 1553 1686 1613 abluerat
1709 1598 1725 1625 ,
1761 1569 1850 1613 re-

265 1651 539 1719 baptizare
566 1665 671 1706 non
701 1660 941 1705 metuant
962 1695 975 1716 ,
1007 1651 1269 1720 valdeque
1297 1652 1574 1715 miramur,
1599 1653 1642 1706 si
1670 1660 1846 1707 tamen

266 1743 341 1797 ita
367 1753 447 1797 est
477 1784 491 1808 ,
535 1752 592 1796 ut
619 1742 766 1798 vobis
794 1742 900 1797 illic
929 1744 1116 1812 positis
1157 1743 1315 1798 liceat
1343 1743 1713 1820 hujuscemodi
1743 1743 1840 1797 ho-

269 1839 504 1894 minibus
542 1838 718 1908 pravis
760 1839 1044 1907 excedere.
1094 1838 1331 1893 Primum
1379 1821 1644 1909 siquidem
1692 1838 1848 1908 quale

269 1930 337 1986 de
363 1931 514 1986 vobis
539 1931 797 2000 judicium
842 1931 1148 1987 hominibus
1179 1931 1496 2000 relinquatis
1528 1929 1787 1984 attendite
1832 1947 1845 1983 :

268 2022 315 2078 si
345 2022 397 2076 bi
422 2024 507 2092 qui
538 2023 764 2078 aliorum
791 2023 1122 2092 temporibus
1144 2022 1282 2093 jnsta
1313 2023 1521 2077 ratione
1553 2022 1846 2090 compressi

269 2127 396 2171 sunt
418 2117 568 2173 vobis
595 2116 1095 2172 administrantibus
1118 2118 1254 2173 viam
1298 2118 1377 2172 sui
1405 2132 1658 2172 excessus
1703 2116 1849 2171 inve-

269 2210 443 2267 niant.
486 2208 684 2264 Deinde
722 2210 1051 2280 perditorum
1079 2213 1283 2266 animas
1313 2212 1480 2265 Deum
1512 2219 1753 2265 nostrum
1780 2209 1875 2265 dc'

269 2316 435 2358 manu
479 2311 654 2357 vestra
707 2306 902 2359 scitote
938 2305 1214 2375 requirere
1253 2305 1297 2358 si
1347 2313 1550 2358 tantum
1600 2303 1749 2359 nefas
1794 2303 1849 2358 in

274 2403 536 2465 quantum
561 2396 888 2465 possibilitas
915 2397 1080 2466 exigit
1107 2396 1393 2452 emendare
1420 2395 1703 2465 ncgiigitis.

557 2503 764 2559 XLVII.
816 2502 1036 2571 IDEM,
1063 2503 1224 2570 lbid.,
1274 2504 1374 2577 Ep.
1401 2520 1566 2559 xxxv.

366 2617 656 2687 Gregorius
679 2618 877 2674 Victori
901 2629 954 2675 et
978 2619 1242 2675 Columbo
1271 2613 1538 2690 episcopis
1565 2619 1790 2690 Africae;

271 2742 277 2749 -
348 2706 720 2779 Comperimus
745 2710 1135 2766 Donatistarum
1154 2712 1400 2766 stimulos
1425 2711 1505 2767 sic
1535 2711 1585 2764 in
1607 2704 1712 2765 illis
1733 2696 1853 2781 par—

275 2801 420 2856 tibus
445 2816 659 2871 gregem
695 2802 938 2857 turbasse
969 2802 1303 2858 Dominicum
1327 2844 1341 2868 ,
1372 2818 1434 2858 ac
1460 2802 1502 2856 si
1536 2803 1732 2856 nullius
1759 2815 1853 2871 pa-

268 2893 437 2947 storis
489 2893 852 2948 moderamine
880 2904 1194 2964 regerctur,
1247 2895 1648 2964 nuntiatumque
1691 2893 1847 2949 nobis
1904 2880 1906 2882 ’

270 2996 360 3040 eat
406 2984 545 3055 quod
582 2984 763 3039 dicere
810 2984 928 3041 sine
966 2985 1113 3055 gravi
1159 2985 1346 3039 dolore
1390 3000 1495 3038 non
1545 2998 1849 3054 possumus.

264 3077 417 3148 quod
439 3077 652 3148 plurimi
683 3093 866 3133 eorum
893 3076 1166 3132 venenatis
1211 3076 1319 3146 jam
1347 3077 1457 3131 sint
1495 3076 1745 3132 dentibus
1772 3076 1849 3130 la-

1222 297 1548 386 VETEBUM
1588 291 2008 352 FRAGMENTA
2045 295 2135 350 DE
2180 292 2595 350 DONATISTIS.

1866 413 1917 472 Α
1941 408 2230 464 emendare
2258 426 2271 462 :
2294 415 2560 478 quatenus
2585 404 2864 460 sinceritas
2887 402 3006 459 tldei
3030 412 3222 458 vestra:
3263 402 3522 458 sollicitu-

1944 501 2069 556 dine
2089 501 2403 555 intemerata
2423 499 2703 564 consistat,
2729 506 2782 552 et
2809 497 3120 550 innocentes
3164 493 3359 548 anima:
3400 509 3520 565 qua:
3608 519 3614 523 -

3381 289 3520 347 ΗΕΒ

1945 591 2212 646 catholico
2242 579 2562 660 baptismate
2582 587 2780 643 salvari
2808 593 3097 656 poterant,
3139 579 3520 643 haereticorum

1945 682 2230 739 infectione
2254 699 2355 736 non
2383 690 2624 752 pereant.
2657 680 2906 750 Quisquis
2932 694 3057 748 ergo
3084 679 3150 733 de
3175 678 3257 732 bis
3281 677 3522 747 personis

1945 789 2078 846 quas
2125 774 2373 844 superius
2428 771 2843 829 memoravimus
2875 812 2890 836 ,
2939 785 3256 841 quemquam
3299 783 3518 825 suorum

1945 867 2086 940 apud
2116 867 2418 921 Donatistas
2450 879 2638 935 passus
2663 872 2744 919 est
2776 861 3028 932 baptizari
3057 903 3071 927 ,
3106 860 3172 916 ad
3201 860 3519 916 catholicam

1947 971 2041 1014 eos
2082 953 2242 1012 ﬁdem
2288 956 2438 1011 omni
2478 956 2676 1011 virtute
2723 953 2972 1024 omnique
3010 951 3260 1006 instantia
3302 951 3524 1006 studeat

1949 1067 2221 1108 revocare.
2271 1050 2329 1107 Si
2353 1050 2471 1120 quis
2503 1063 2628 1103 vero
2657 1047 2840 1103 talium
2869 1047 2936 1100 de
2961 1055 3156 1100 czetero
3183 1045 3284 1098 hoc
3317 1043 3430 1099 fieri
3455 1043 3524 1100 de

1949 1145 2062 1202 suis
2087 1143 2322 1216 qualibet
2351 1141 2691 1198 excusatione
2718 1138 2995 1210 pertulerit
3021 1177 3036 1205 ,
3081 1151 3113 1192 a
3137 1137 3284 1194 clero
3309 1137 3380 1192 sit
3404 1151 3526 1193 om-

1949 1237 2106 1293 nibus
2123 1219 2301 1290 modis
2324 1235 2546 1288 alienus.

2157 1372 2320 1445 336
2343 1370 2529 1428 xux.
2549 1367 2771 1465 Owen,
2802 1334 2906 1423 ibid
2925 1405 2963 1434 .,
2995 1365 3095 1439 Ep.
3129 1381 3274 1422 LXIII.

2307 1481 2593 1553 Gregorius
2631 1480 2866 1536 Maurico
2902 1479 3162 1550 Augusto.

2020 1600 2161 1655 Inter
2203 1613 2474 1654 armorum
2513 1611 2670 1652 curas
2705 1603 2761 1651 et
2788 1594 3092 1650 innumeras
3122 1592 3514 1649 sollicitudines

1941 1709 2086 1765 quas
2114 1691 2383 1748 indefesso
2409 1690 2586 1745 studio
2608 1704 2704 1761 pro
2748 1688 3056 1767 christiana:
3095 1687 3401 1760 reipublicae
3444 1702 3528 1742 re-

1878 1790 1924 1850 B
1952 1787 2150 1861 gimine
2177 1785 2451 1843 sustinetis
2477 1825 2493 1852 ,
2525 1799 2713 1854 magna
2742 1770 2871 1838 mihi
2901 1797 3021 1836 cum
3051 1781 3299 1836 universo
3329 1781 3527 1835 mumlo

1951 1882 2150 1936 laetitiae
2179 1895 2339 1934 causa
2369 1889 2472 1945 est,
2505 1877 2645 1948 quod
2679 1878 2850 1946 pietas
2879 1884 3050 1930 vestra
3081 1873 3338 1938 custodiae
3383 1873 3525 1937 fidei,

1950 1971 2051 2045 qua
2081 1972 2416 2027 dominorum
2444 1969 2608 2039 fulget
2635 1968 2940 2036 imperium,
2971 1963 3235 2036 praecipua
3267 1964 3528 2020 sollicitu-

1950 2063 2075 2120 dine
2100 2077 2311 2131 semper
2339 2059 2600 2132 invigilat.
2653 2057 2807 2114 Unde
2853 2054 3072 2111 omnino
3114 2054 3326 2109 conlido
3353 2096 3366 2118 ,
3403 2053 3524 2125 quia

1950 2159 2086 2212 sicut
2112 2170 2206 2209 vos
2234 2152 2326 2209 Dei
2353 2167 2566 2208 causam
2603 2150 2867 2221 religiosas
2900 2149 3093 2204 mentis
3123 2160 3308 2203 amore
3329 2144 3524 2201 tuemi-

1951 2249 2008 2304 ni
2031 2289 2046 2314 ,
2080 2249 2150 2302 ita
2181 2247 2325 2302 Deus
2355 2252 2560 2299 vestras
2605 2241 2899 2312 maiestatis
2925 2256 3033 2295 suzu
3059 2237 3226 2310 gratia
3266 2244 3442 2292 tuetur
3472 2245 3527 2290 et

1947 2325 2185 2409 adjuvat.
2249 2334 2491 2404 Qualiter
2533 2343 2709 2388 autem
2754 2329 2966 2403 pietatis
3016 2338 3205 2383 vcstrze
3257 2325 3522 2380 serenitas

1952 2439 2136 2487 contra
2166 2445 2174 2452 ·
2207 2427 2600 2482 Donatistarum
2668 2422 3135 2493 ﬂagitiosissimam
3210 2419 3527 2488 pravitatem

1951 2520 2380 2588 consideratione
2397 2513 2619 2588 justitize
2643 2523 2696 2571 et
2717 2503 3093 2570 sincerissima:
3119 2509 3391 2582 religionis
3415 2508 3532 2563 zelo

1953 2620 2220 2671 commota
2267 2612 2335 2666 sit
2375 2608 2698 2664 directarum
2737 2603 3065 2660 lucidissime
3107 2610 3263 2657 tenor
3292 2599 3530 2655 insinuat

1949 2709 2273 2780 jussionum.
2331 2703 2434 2760 Sed
2488 2698 2767 2756 venientes
2822 2697 2921 2752 viri
2983 2692 3417 2752 reverendissimi
3461 2707 3528 2748 ex

1954 2803 2203 2869 Africana
2250 2797 2518 2868 provincia
2545 2791 2782 2865 episc0pi
2804 2789 3142 2847 asseruutita
3176 2799 3295 2843 esse
3319 2787 3530 2841 incauta

1955 2892 2381 2952 dissimulatione
2408 2888 2752 2960 postpositus,
2783 2894 2840 2940 ut
2889 2899 2985 2940 nec
3015 2882 3104 2939 Dei
3131 2881 3241 2936 illic
3265 2880 3527 2951 judicium

1955 2986 2243 3043 haberetur
2273 2986 2324 3038 in
2353 2993 2533 3049 metu,
2567 2996 2666 3036 nec
2707 2977 3029 3050 principales
3057 2974 3316 3031 hactenus
3339 2972 3539 3043 jussio-

1956 3088 2038 3134 tes
2061 3080 2380 3133 sortirentur
2420 3072 2667 3127 effectum
2722 3070 2876 3124 :boc
2929 3069 3088 3122 etiam
3150 3065 3535 3135 subjungenles

275 3171 435 3228 niati.
492 3171 730 3240 Denique
759 3169 1066 3226 sacerdotes
1102 3170 1390 3224 canonicos
1433 3169 1743 3238 pravissima
1781 3157 1923 3226 deC
1954 3168 2095 3241 quod
2150 3162 2206 3222 in
2263 3164 2486 3235 praefata
2533 3160 2806 3232 provincia
2855 3159 3253 3215 Donatistarum
3301 3156 3534 3225 pra-miis

267 3267 388 3322 suis
423 3266 664 3325 ccclesiis
694 3266 997 3320 temeritate
1025 3263 1313 3333 repellere,
1336 3269 1390 3320 et
1409 3263 1609 3319 multos
1633 3263 1853 3333 insuper

265 3359 467 3429 quibus
507 3359 734 3413 salutem
779 3357 1207 3428 regenerationis
1257 3371 1393 3431 aqua
1433 3345 1734 3426 praebuerat
1769 3369 1854 3410 re-

267 3456 623 3538 baptizantcs,
657 3455 917 3525 pravitate
945 3443 1323 3508 nefandiSsima
1356 3454 1629 3508 necavisse
1665 3451 1854 3506 dicun-

270 3531 378 3602 tur.
409 3547 538 3615 Quae
561 3563 648 3602 res
676 3549 884 3600 animos
912 3554 1128 3600 nostros
1153 3545 1304 3598 valde
1332 3531 1674 3600 mmstiilcant
1710 3542 1850 3613 quod

268 3637 427 3691 vobis
457 3636 563 3691 illic
588 3638 774 3707 positis
798 3637 1062 3690 damnatae
1085 3635 1484 3702 praesurnptioni
1510 3643 1712 3688 tantum
1736 3647 1853 3688 sce-

270 3727 360 3781 lus
391 3737 700 3797 perpetrare
730 3725 976 3792 licuerit,
1007 3738 1106 3792 qua
1147 3723 1215 3778 de
1252 3737 1311 3778 re
1336 3724 1721 3777 fraternitatem
1763 3737 1853 3776 ve-

270 3829 440 3874 stram
464 3821 677 3888 seriptis
704 3816 1117 3885 decurrentibus
1146 3815 1496 3869 aditortamnr
1521 3856 1537 3879 ,
1585 3824 1643 3868 ut
1671 3813 1852 3870 habito

271 3919 499 3965 tractatu
530 3910 766 3979 initoque
791 3908 1022 3978 concilio
1047 3949 1063 3973 ,
1115 3908 1184 3961 ita
1231 3909 1468 3962 nascenti
1517 3907 1640 3961 huic
1675 3906 1851 3962 adhuc

267 4002 462 4058 morbo
496 4000 761 4054 inbiauter
785 4014 848 4055 ac
878 4008 988 4054 tota
1027 3999 1223 4053 virtute
1267 3999 1508 4052 debeatis
1553 3998 1845 4062 obsistere,

267 4092 564 4148 dummodo
610 4106 712 4145 nec
754 4091 894 4145 vires
941 4105 1005 4144 ex
1057 4089 1298 4157 neglectu
1331 4090 1620 4158 percipiat,
1654 4103 1753 4143 nec
1795 4089 1847 4143 in

268 4183 562 4238 commisso
591 4180 749 4246 vobis,
783 4166 950 4252 grege
986 4180 1307 4250 pestilentiae
1337 4179 1530 4233 damna
1558 4179 1845 4235 concutiat.

769 4328 908 4371 ANNO
945 4330 1126 4369 DOMINI
1164 4329 1340 4368 DXCVI.

520 4426 750 4482 XLVIII.
795 4425 1008 4492 IDEM,
1044 4425 1155 4479 Lib.
1180 4441 1233 4490 v,
1268 4424 1366 4496 Ep.
1395 4441 1589 4480 XXXVI.
1644 4444 1646 4446 '

483 4537 772 4608 Gregorius
801 4536 1061 4591 Columbo
1087 4537 1336 4605 episcopo
1363 4536 1645 4593 Numidize.

345 4637 612 4691 Praeterea
661 4651 745 4690 res
793 4635 858 4688 ad
909 4650 1006 4690 nos
1048 4635 1266 4689 omnino
1288 4635 1417 4690 dura
1447 4643 1501 4691 et
1535 4648 1696 4693 recta:
1729 4635 1851 4693 fidei

271 4731 486 4785 inimica
523 4728 796 4797 pervenit,
840 4729 961 4796 quia
1001 4728 1140 4798 quod
1165 4729 1262 4783 dici
1298 4728 1446 4784 nefas
1479 4738 1563 4784 est
1601 4729 1853 4786 catholici

269 4821 522 4875 homines
552 4827 605 4872 et
633 4817 886 4887 religiosi,
917 4819 1056 4888 quod
1086 4829 1165 4873 est
1187 4819 1456 4884 deterius,
1489 4820 1625 4876 illius
1652 4825 1850 4878 manci-

269 4914 468 4983 piaque
497 4927 592 4964 sua
620 4911 700 4964 vel
733 4911 867 4964 alios
897 4926 1030 4980 quos
1062 4912 1112 4966 in
1142 4923 1402 4982 potestate
1435 4913 1723 4981 habent,in
1746 4916 1854 4970 Do-

269 5005 588 5060 natistarum
621 5002 810 5057 haeresi
838 5004 1092 5073 baptizari
1116 5009 1478 5070 consentiunt.
1536 5008 1601 5062 Et
1643 5008 1762 5064 ideo
1806 5011 1850 5064 si

1955 3259 2369 3333 prtovalentibus
2402 3258 2532 3311 ﬁdes
2558 3252 2819 3312 catholica
2845 3253 3054 3324 publice
3081 3250 3438 3306 venundetur.
3465 3247 3532 3302 At

1954 3361 2138 3409 contra
2168 3349 2438 3423 gloriosus
2462 3349 2543 3402 vir
2571 3346 2879 3403 Gennadius
2927 3343 2994 3399 de
3024 3359 3131 3398 uno
3165 3357 3352 3397 eorum
3402 3339 3532 3394 mihi

1953 3442 2152 3502 similia
2185 3450 2406 3515 questus
2433 3451 2520 3497 est
2561 3440 2651 3507 qui
2681 3439 2802 3493 talia
2832 3436 3157 3507 querebatur
3179 3476 3196 3499 ,
3244 3434 3330 3487 cui
3370 3434 3530 3487 etiam

1955 3539 2060 3593 duo
2082 3522 2169 3590 alii
2199 3534 2328 3588 certi
2359 3533 2410 3585 in
2432 3528 2618 3584 eadem
2653 3545 2708 3582 re
2733 3525 3092 3581 testimonium
3117 3523 3377 3578 ferebant.
3415 3523 3520 3576 Sed

1953 3628 2075 3698 quia
2115 3638 2275 3680 causa
2306 3621 2418 3692 ipsa
2451 3618 2646 3690 judicis
2685 3613 2953 3679 saecularis
2981 3615 3271 3676 intererat,
3300 3611 3517 3669 eosdem

1951 3717 2237 3788 episcopos
2279 3713 2342 3767 ad
2372 3704 2584 3782 pietatis
2617 3717 2806 3764 vestra:
2833 3706 3133 3762 existimavi
3164 3719 3284 3761 esse
3310 3705 3532 3774 vestigia

1954 3807 2262 3879 dirigendos
2287 3847 2301 3869 ,
2346 3813 2405 3859 ut
2457 3819 2554 3873 per
2581 3803 2898 3872 semetipsos
2923 3799 3283 3855 serenissimis
3314 3799 3534 3853 auribus

1952 3907 2236 3972 suggerant
2278 3908 2398 3968 quae
2425 3910 2485 3951 se
2509 3895 2741 3948 fatentur
2780 3907 2874 3962 pro
2912 3893 3012 3945 ilde
3042 3889 3304 3946 catholica
3351 3899 3565 3958 pcrtn-.

1951 3994 2096 4049 lisse.
2145 3990 2218 4048 Ea
2247 3996 2465 4062 pmpter
2493 3987 2716 4040 obsecro
2755 3993 2814 4038 ut
2854 3981 3190 4038 dominorum
3217 3979 3534 4034 Christiani—

1954 4095 2035 4141 tas
2065 4097 2162 4153 pro
2187 4081 2357 4138 salute
2382 4078 2572 4134 anima:
2617 4085 2672 4131 et
2715 4076 2822 4129 vita
2872 4074 3125 4144 piissimae
3168 4072 3369 4127 sobolis
3397 4086 3530 4135 suze,

1951 4191 2046 4232 eos
2071 4188 2205 4246 quos
2225 4171 2359 4226 tales
2389 4184 2508 4225 esse
2538 4167 2833 4238 cognoscit,
2856 4165 3098 4220 diSIricta
3130 4162 3313 4218 ulcisci
3333 4162 3534 4232 jussio-

1951 4283 2019 4323 ne
2051 4264 2342 4337 przecipiat,
2371 4264 2426 4317 et
2451 4262 2659 4316 ruinam
2689 4257 3022 4328 pereuntium
3051 4253 3342 4326 ereptionis
3365 4268 3526 4306 manu

1951 4354 2262 4429 suspendat,
2293 4365 2454 4424 atque
2484 4351 2686 4407 insanis
2730 4350 2996 4404 mentibus
3024 4342 3379 4414 correptionis
3421 4358 3533 4397 nte-

1951 4451 2182 4506 dicinam
2210 4447 2502 4511 adhibeat,
2547 4446 2600 4500 el
2624 4458 2871 4499 errorum
2893 4441 2963 4496 ab
2999 4440 3078 4495 eis
3115 4438 3330 4493 morbos
3353 4433 3533 4503 expel-

1876 4543 1930 4602 D
1956 4543 2028 4598 lat
2054 4560 2065 4596 :
2097 4547 2362 4612 quatenus
2389 4537 2515 4594 dum
2546 4539 2645 4608 pla:
2676 4535 3000 4606 provisionis
3030 4541 3222 4585 vestrae
3251 4527 3492 4583 remedio
3515 4569 3529 4591 ,

1958 4632 2222 4706 pestifera:
2252 4632 2528 4702 pravitatis
2548 4628 2708 4684 fuerit
2738 4620 2908 4696 caligo
2935 4623 3174 4693 depulsa,
3200 4628 3254 4674 et
3279 4635 3398 4673 vera
3426 4617 3532 4671 illic

1955 4726 2089 4782 ﬁdes
2118 4724 2300 4780 radios
2330 4736 2439 4778 suae
2470 4717 2772 4777 serenitatis
2802 4715 3089 4786 asperserit
3117 4753 3131 4778 ,
3175 4710 3410 4765 cmlcstis
3438 4723 3531 4761 vos

1953 4829 2077 4875 ante
2107 4817 2478 4886 Redemptoris
2520 4813 2688 4869 nostri
2730 4811 2912 4870 oculos
2961 4799 3261 4873 triumphus
3310 4817 3532 4871 exspec-

1955 4922 2064 4967 tet:
2114 4911 2235 4981 quia
2281 4923 2415 4978 quos
2458 4905 2694 4960 exterius
2731 4903 2797 4955 ab
2825 4901 2976 4953 hoste
3005 4895 3293 4951 defenditis
3323 4938 3336 4962 ,
3367 4895 3528 4948 etiam

1953 5005 2176 5060 interius
2200 5018 2226 5055 a
2257 5001 2534 5056 diabolicae
2560 4995 2758 5054 fraudis
2787 5007 3013 5060 veneno,
3048 4993 3188 5062 quod
3223 4999 3306 5045 est
3334 4989 3530 5059 glorio-

268 5108 456 5149 verum
487 5103 567 5148 est
593 5092 897 5150 fraternitas
920 5105 1095 5153 vestra
1139 5096 1239 5154 hoc
1265 5114 1612 5170 summOpere
1641 5099 1852 5157 studeat
1950 5100 2083 5167 sius,
2113 5096 2368 5152 liberatis.
