  <div class='ocr_page' id='page_1' title='image "/cluster/home/n/w/nwhite01/storage/ocr_20150623/11/uva.x000826576/729.png"; bbox 0 0 3860 6212; ppageno 0'>
   <div class='ocr_carea' id='block_1_1' title="bbox 362 296 500 356">
    <p class='ocr_par' dir='ltr' id='par_1_1' title="bbox 362 296 500 356">
     <span class='ocr_line' id='line_1_1' title="bbox 362 296 500 356; baseline 0.014 -2"><span class='ocrx_word' id='word_1_1' title='bbox 362 296 500 356; x_wconf 74' lang='grc'><strong>1459</strong></span> 
     </span>
    </p>
   </div>
   <div class='ocr_carea' id='block_1_2' title="bbox 1766 282 2161 345">
    <p class='ocr_par' dir='ltr' id='par_1_2' title="bbox 1766 282 2161 345">
     <span class='ocr_line' id='line_1_2' title="bbox 1766 282 2161 345; baseline -0.003 0"><span class='ocrx_word' id='word_1_2' title='bbox 1766 282 1773 291; x_wconf 64' lang='grc'><em>’</em></span> <span class='ocrx_word' id='word_1_3' title='bbox 1793 288 2161 345; x_wconf 76' lang='lat' dir='ltr'><strong><em>APPENDIX.</em></strong></span> 
     </span>
    </p>
   </div>
   <div class='ocr_carea' id='block_1_3' title="bbox 3489 287 3621 347">
    <p class='ocr_par' dir='ltr' id='par_1_3' title="bbox 3489 287 3621 347">
     <span class='ocr_line' id='line_1_3' title="bbox 3489 287 3621 347; baseline 0.03 -5"><span class='ocrx_word' id='word_1_4' title='bbox 3489 287 3621 347; x_wconf 66' lang='lat' dir='ltr'><strong><em>1M0</em></strong></span> 
     </span>
    </p>
   </div>
   <div class='ocr_carea' id='block_1_4' title="bbox 362 427 3616 496">
    <p class='ocr_par' dir='ltr' id='par_1_4' title="bbox 362 427 3616 496">
     <span class='ocr_line' id='line_1_4' title="bbox 362 427 3616 496; baseline -0.002 -1"><span class='ocrx_word' id='word_1_5' title='bbox 362 427 3616 496; x_wconf 46' lang='grc' dir='ltr'>ω</span> 
     </span>
    </p>
   </div>
   <div class='ocr_carea' id='block_1_5' title="bbox 656 540 3314 693">
    <p class='ocr_par' dir='ltr' id='par_1_5' title="bbox 656 540 3314 693">
     <span class='ocr_line' id='line_1_5' title="bbox 656 540 3314 693; baseline -0.003 -21"><span class='ocrx_word' id='word_1_6' title='bbox 656 584 815 659; x_wconf 83' lang='lat'><strong><em>337</em></strong></span> <span class='ocrx_word' id='word_1_7' title='bbox 889 598 1450 673; x_wconf 85' lang='lat' dir='ltr'><strong><em>APPENDIX</em></strong></span> <span class='ocrx_word' id='word_1_8' title='bbox 1501 596 1650 671; x_wconf 88' lang='lat' dir='ltr'><strong><em>AD</em></strong></span> <span class='ocrx_word' id='word_1_9' title='bbox 1722 593 2425 673; x_wconf 86' lang='lat' dir='ltr'><strong><em>MONUMENTA</em></strong></span> <span class='ocrx_word' id='word_1_10' title='bbox 2486 593 3314 667; x_wconf 62' lang='lat' dir='ltr'><strong><em>PRECEDENTIA.</em></strong></span> 
     </span>
    </p>
   </div>
   <div class='ocr_carea' id='block_1_6' title="bbox 1696 751 2293 784">
    <p class='ocr_par' dir='ltr' id='par_1_6' title="bbox 1696 751 2293 784">
     <span class='ocr_line' id='line_1_6' title="bbox 1696 751 2293 784; baseline -0.002 -18"><span class='ocrx_word' id='word_1_11' title='bbox 1696 751 2293 784; x_wconf 88' lang='lat'><em>__________</em></span> 
     </span>
    </p>
   </div>
   <div class='ocr_carea' id='block_1_7' title="bbox 1504 831 2453 1021">
    <p class='ocr_par' dir='ltr' id='par_1_7' title="bbox 1504 831 2453 1021">
     <span class='ocr_line' id='line_1_7' title="bbox 1504 831 2453 1021; baseline 0.002 -2"><span class='ocrx_word' id='word_1_12' title='bbox 1504 831 2453 1021; x_wconf 73' lang='lat' dir='ltr'><strong>HISTORIA</strong></span> 
     </span>
    </p>
   </div>
   <div class='ocr_carea' id='block_1_8' title="bbox 547 1148 3459 1308">
    <p class='ocr_par' dir='ltr' id='par_1_8' title="bbox 547 1148 3459 1308">
     <span class='ocr_line' id='line_1_8' title="bbox 547 1148 3459 1308; baseline 0.001 -20"><span class='ocrx_word' id='word_1_13' title='bbox 547 1148 2099 1308; x_wconf 82' lang='lat' dir='ltr'><strong><em>CARTHAGINENSIS</em></strong></span> <span class='ocrx_word' id='word_1_14' title='bbox 2218 1155 3287 1289; x_wconf 85' lang='lat' dir='ltr'><strong><em>COLLATION</em></strong></span> <span class='ocrx_word' id='word_1_15' title='bbox 3302 1160 3459 1291; x_wconf 87' lang='lat' dir='ltr'><strong><em>IS</em></strong></span> 
     </span>
    </p>
   </div>
   <div class='ocr_carea' id='block_1_9' title="bbox 928 1378 3076 1478">
    <p class='ocr_par' dir='ltr' id='par_1_9' title="bbox 928 1378 3076 1478">
     <span class='ocr_line' id='line_1_9' title="bbox 928 1378 3076 1478; baseline 0.004 -33"><span class='ocrx_word' id='word_1_16' title='bbox 928 1383 1129 1446; x_wconf 86' lang='lat' dir='ltr'><strong><em>OLIM</em></strong></span> <span class='ocrx_word' id='word_1_17' title='bbox 1180 1380 1505 1478; x_wconf 61' lang='lat' dir='ltr'><strong><em>HABlTE</em></strong></span> <span class='ocrx_word' id='word_1_18' title='bbox 1560 1379 1803 1442; x_wconf 79' lang='lat' dir='ltr'><strong>INTER</strong></span> <span class='ocrx_word' id='word_1_19' title='bbox 1853 1378 2352 1445; x_wconf 86' lang='lat' dir='ltr'><strong><em>CATHOLICOS</em></strong></span> <span class='ocrx_word' id='word_1_20' title='bbox 2401 1382 2504 1447; x_wconf 89' lang='grc' dir='ltr'><strong><em>ΕΤ</em></strong></span> <span class='ocrx_word' id='word_1_21' title='bbox 2554 1387 3076 1452; x_wconf 82' lang='lat' dir='ltr'><strong><em>DONATISTAS.</em></strong></span> 
     </span>
    </p>
   </div>
   <div class='ocr_carea' id='block_1_10' title="bbox 1432 1523 2575 1595">
    <p class='ocr_par' dir='ltr' id='par_1_10' title="bbox 1432 1523 2575 1595">
     <span class='ocr_line' id='line_1_10' title="bbox 1432 1523 2575 1595; baseline 0.004 -5"><span class='ocrx_word' id='word_1_22' title='bbox 1432 1545 1722 1590; x_wconf 68' lang='lat' dir='ltr'><strong><em>AUCTOR]!</em></strong></span> <span class='ocrx_word' id='word_1_23' title='bbox 1766 1545 1999 1589; x_wconf 59' lang='lat' dir='ltr'><strong><em>nunc.</em></strong></span> <span class='ocrx_word' id='word_1_24' title='bbox 2045 1523 2372 1594; x_wconf 68' lang='lat' dir='ltr'><strong><em>BALDUINI.</em></strong></span> <span class='ocrx_word' id='word_1_25' title='bbox 2417 1551 2469 1593; x_wconf 68' lang='grc' dir='ltr'><strong><em>ι.</em></strong></span> <span class='ocrx_word' id='word_1_26' title='bbox 2516 1550 2575 1595; x_wconf 88' lang='lat' dir='ltr'><strong><em>c.</em></strong></span> 
     </span>
    </p>
   </div>
   <div class='ocr_carea' id='block_1_11' title="bbox 1843 1668 2198 1682">
    <p class='ocr_par' dir='ltr' id='par_1_11' title="bbox 1843 1668 2198 1682">
     <span class='ocr_line' id='line_1_11' title="bbox 1843 1668 2198 1682; baseline 0.003 -1"><span class='ocrx_word' id='word_1_27' title='bbox 1843 1668 2198 1682; x_wconf 70' lang='lat'>_</span> 
     </span>
    </p>
   </div>
   <div class='ocr_carea' id='block_1_12' title="bbox 1868 1683 2223 1696">
    <p class='ocr_par' dir='ltr' id='par_1_12' title="bbox 1868 1683 2223 1696">
     <span class='ocr_line' id='line_1_12' title="bbox 1868 1683 2223 1696; baseline 0.006 -2"><span class='ocrx_word' id='word_1_28' title='bbox 1868 1683 2223 1696; x_wconf 57' lang='lat'><strong><em>.——-—.</em></strong></span> 
     </span>
    </p>
   </div>
   <div class='ocr_carea' id='block_1_13' title="bbox 449 1759 3632 1849">
    <p class='ocr_par' dir='ltr' id='par_1_13' title="bbox 449 1759 3632 1849">
     <span class='ocr_line' id='line_1_13' title="bbox 449 1759 3632 1849; baseline 0.002 -22"><span class='ocrx_word' id='word_1_29' title='bbox 449 1769 512 1827; x_wconf 73' lang='grc' dir='ltr'><strong>Β.</strong></span> <span class='ocrx_word' id='word_1_30' title='bbox 559 1769 622 1825; x_wconf 83' lang='grc' dir='ltr'><strong><em>ι).</em></strong></span> <span class='ocrx_word' id='word_1_31' title='bbox 663 1764 905 1823; x_wconf 78' lang='lat' dir='ltr'><strong>JOANNI</strong></span> <span class='ocrx_word' id='word_1_32' title='bbox 940 1764 1122 1821; x_wconf 86' lang='lat' dir='ltr'><strong><em>TlLlO</em></strong></span> <span class='ocrx_word' id='word_1_33' title='bbox 1174 1762 1500 1821; x_wconf 85' lang='lat' dir='ltr'><strong><em>EPISCOPO</em></strong></span> <span class='ocrx_word' id='word_1_34' title='bbox 1542 1759 1889 1818; x_wconf 84' lang='lat' dir='ltr'><strong><em>MELDENSI</em></strong></span> <span class='ocrx_word' id='word_1_35' title='bbox 1984 1766 2037 1825; x_wconf 78' lang='grc' dir='ltr'><strong>Α</strong></span> <span class='ocrx_word' id='word_1_36' title='bbox 2065 1766 2286 1821; x_wconf 90' lang='lat' dir='ltr'><strong><em>trimenti</em></strong></span> <span class='ocrx_word' id='word_1_37' title='bbox 2313 1771 2503 1840; x_wconf 91' lang='lat' dir='ltr'><strong><em>capiat.</em></strong></span> <span class='ocrx_word' id='word_1_38' title='bbox 2536 1770 2841 1846; x_wconf 75' lang='lat' dir='ltr'><strong><em>Exemplum</em></strong></span> <span class='ocrx_word' id='word_1_39' title='bbox 2862 1776 2993 1829; x_wconf 91' lang='lat' dir='ltr'><strong><em>enim</em></strong></span> <span class='ocrx_word' id='word_1_40' title='bbox 3018 1784 3065 1831; x_wconf 88' lang='lat' dir='ltr'><strong><em>et</em></strong></span> <span class='ocrx_word' id='word_1_41' title='bbox 3092 1777 3247 1831; x_wconf 86' lang='lat' dir='ltr'><strong><em>veluti</em></strong></span> <span class='ocrx_word' id='word_1_42' title='bbox 3276 1778 3545 1849; x_wconf 73' lang='lat' dir='ltr'><strong><em>formulam</em></strong></span> <span class='ocrx_word' id='word_1_43' title='bbox 3569 1788 3632 1833; x_wconf 89' lang='lat' dir='ltr'><strong><em>at-</em></strong></span> 
     </span>
    </p>
   </div>
   <div class='ocr_carea' id='block_1_14' title="bbox 830 1872 1513 1915">
    <p class='ocr_par' dir='ltr' id='par_1_14' title="bbox 830 1872 1513 1915">
     <span class='ocr_line' id='line_1_14' title="bbox 830 1872 1513 1915; baseline -0.006 0"><span class='ocrx_word' id='word_1_44' title='bbox 830 1874 1023 1915; x_wconf 70' lang='lat' dir='ltr'><strong><em>FBANC.</em></strong></span> <span class='ocrx_word' id='word_1_45' title='bbox 1053 1872 1344 1913; x_wconf 76' lang='lat' dir='ltr'><strong><em>BALDUINUS</em></strong></span> <span class='ocrx_word' id='word_1_46' title='bbox 1382 1873 1430 1912; x_wconf 86' lang='lat' dir='ltr'><strong><em>S.</em></strong></span> <span class='ocrx_word' id='word_1_47' title='bbox 1462 1874 1513 1911; x_wconf 86' lang='lat' dir='ltr'><strong><em>D.</em></strong></span> 
     </span>
    </p>
   </div>
   <div class='ocr_carea' id='block_1_15' title="bbox 446 1946 1963 2021">
    <p class='ocr_par' dir='ltr' id='par_1_15' title="bbox 446 1946 1963 2021">
     <span class='ocr_line' id='line_1_15' title="bbox 446 1946 1963 2021; baseline -0.008 -9"><span class='ocrx_word' id='word_1_48' title='bbox 446 1957 573 2013; x_wconf 83' lang='lat' dir='ltr'><strong><em>Cum</em></strong></span> <span class='ocrx_word' id='word_1_49' title='bbox 597 1956 735 2009; x_wconf 87' lang='lat' dir='ltr'><strong><em>hisce</em></strong></span> <span class='ocrx_word' id='word_1_50' title='bbox 772 1953 949 2007; x_wconf 89' lang='lat' dir='ltr'><strong><em>diebus</em></strong></span> <span class='ocrx_word' id='word_1_51' title='bbox 992 1951 1240 2021; x_wconf 89' lang='lat' dir='ltr'><strong><em>Optatum</em></strong></span> <span class='ocrx_word' id='word_1_52' title='bbox 1285 1961 1534 2016; x_wconf 87' lang='lat' dir='ltr'><strong><em>nostrum,</em></strong></span> <span class='ocrx_word' id='word_1_53' title='bbox 1576 1964 1724 2019; x_wconf 84' lang='lat' dir='ltr'><strong><em>quem</em></strong></span> <span class='ocrx_word' id='word_1_54' title='bbox 1768 1963 1862 2019; x_wconf 92' lang='lat' dir='ltr'><strong><em>ope</em></strong></span> <span class='ocrx_word' id='word_1_55' title='bbox 1890 1946 1963 2000; x_wconf 90' lang='lat' dir='ltr'><strong><em>tui</em></strong></span> 
     </span>
    </p>
   </div>
   <div class='ocr_carea' id='block_1_16' title="bbox 374 2040 1963 2108">
    <p class='ocr_par' dir='ltr' id='par_1_16' title="bbox 374 2040 1963 2108">
     <span class='ocr_line' id='line_1_16' title="bbox 374 2040 1963 2108; baseline -0.008 -1"><span class='ocrx_word' id='word_1_56' title='bbox 374 2052 564 2107; x_wconf 88' lang='lat' dir='ltr'><strong><em>codicis</em></strong></span> <span class='ocrx_word' id='word_1_57' title='bbox 606 2050 790 2104; x_wconf 90' lang='lat' dir='ltr'><strong><em>iterum</em></strong></span> <span class='ocrx_word' id='word_1_58' title='bbox 830 2046 1148 2101; x_wconf 89' lang='lat' dir='ltr'><strong><em>emendatum</em></strong></span> <span class='ocrx_word' id='word_1_59' title='bbox 1182 2060 1360 2099; x_wconf 86' lang='lat' dir='ltr'><strong><em>rursus</em></strong></span> <span class='ocrx_word' id='word_1_60' title='bbox 1387 2044 1535 2097; x_wconf 89' lang='lat' dir='ltr'><strong><em>edere</em></strong></span> <span class='ocrx_word' id='word_1_61' title='bbox 1572 2043 1803 2107; x_wconf 76' lang='lat' dir='ltr'><strong><em>instituo,</em></strong></span> <span class='ocrx_word' id='word_1_62' title='bbox 1835 2040 1963 2108; x_wconf 80' lang='lat' dir='ltr'><strong><em>forte</em></strong></span> 
     </span>
    </p>
   </div>
   <div class='ocr_carea' id='block_1_17' title="bbox 374 2132 1965 2217">
    <p class='ocr_par' dir='ltr' id='par_1_17' title="bbox 374 2132 1965 2217">
     <span class='ocr_line' id='line_1_17' title="bbox 374 2132 1965 2217; baseline -0.009 -17"><span class='ocrx_word' id='word_1_63' title='bbox 374 2147 674 2217; x_wconf 87' lang='lat' dir='ltr'><strong><em>relegerem,</em></strong></span> <span class='ocrx_word' id='word_1_64' title='bbox 720 2143 809 2196; x_wconf 90' lang='lat' dir='ltr'><strong><em>diu</em></strong></span> <span class='ocrx_word' id='word_1_65' title='bbox 857 2141 1169 2210; x_wconf 88' lang='lat' dir='ltr'><strong><em>multumque</em></strong></span> <span class='ocrx_word' id='word_1_66' title='bbox 1217 2138 1451 2209; x_wconf 77' lang='lat' dir='ltr'><strong><em>cogitavi,</em></strong></span> <span class='ocrx_word' id='word_1_67' title='bbox 1503 2137 1626 2207; x_wconf 89' lang='lat' dir='ltr'><strong><em>quid</em></strong></span> <span class='ocrx_word' id='word_1_68' title='bbox 1674 2136 1769 2190; x_wconf 91' lang='lat' dir='ltr'><strong><em>sibi</em></strong></span> <span class='ocrx_word' id='word_1_69' title='bbox 1819 2132 1965 2189; x_wconf 88' lang='lat' dir='ltr'><strong><em>vellet</em></strong></span> 
     </span>
    </p>
   </div>
   <div class='ocr_carea' id='block_1_18' title="bbox 378 2223 1967 2303">
    <p class='ocr_par' dir='ltr' id='par_1_18' title="bbox 378 2223 1967 2303">
     <span class='ocr_line' id='line_1_18' title="bbox 378 2223 1967 2303; baseline -0.009 -13"><span class='ocrx_word' id='word_1_70' title='bbox 378 2236 516 2303; x_wconf 91' lang='lat' dir='ltr'><strong><em>quod</em></strong></span> <span class='ocrx_word' id='word_1_71' title='bbox 547 2236 637 2297; x_wconf 89' lang='lat' dir='ltr'><strong><em>ait,</em></strong></span> <span class='ocrx_word' id='word_1_72' title='bbox 671 2232 1037 2299; x_wconf 78' lang='lat' dir='ltr'><strong><em>rempublicam</em></strong></span> <span class='ocrx_word' id='word_1_73' title='bbox 1080 2245 1182 2283; x_wconf 90' lang='lat' dir='ltr'><strong><em>non</em></strong></span> <span class='ocrx_word' id='word_1_74' title='bbox 1220 2245 1326 2283; x_wconf 88' lang='lat' dir='ltr'><strong><em>esse</em></strong></span> <span class='ocrx_word' id='word_1_75' title='bbox 1360 2229 1412 2281; x_wconf 90' lang='lat' dir='ltr'><strong><em>in</em></strong></span> <span class='ocrx_word' id='word_1_76' title='bbox 1451 2226 1703 2291; x_wconf 85' lang='lat' dir='ltr'><strong><em>Ecclesia,</em></strong></span> <span class='ocrx_word' id='word_1_77' title='bbox 1736 2224 1824 2278; x_wconf 91' lang='lat' dir='ltr'><strong><em>sed</em></strong></span> <span class='ocrx_word' id='word_1_78' title='bbox 1865 2223 1967 2277; x_wconf 87' lang='lat' dir='ltr'><strong><em>Ec-</em></strong></span> 
     </span>
    </p>
   </div>
   <div class='ocr_carea' id='block_1_19' title="bbox 378 2318 1965 2393">
    <p class='ocr_par' dir='ltr' id='par_1_19' title="bbox 378 2318 1965 2393">
     <span class='ocr_line' id='line_1_19' title="bbox 378 2318 1965 2393; baseline -0.009 -9"><span class='ocrx_word' id='word_1_79' title='bbox 378 2319 585 2385; x_wconf 83' lang='lat' dir='ltr'><strong><em>clesium</em></strong></span> <span class='ocrx_word' id='word_1_80' title='bbox 615 2343 721 2381; x_wconf 86' lang='lat' dir='ltr'><strong><em>esse</em></strong></span> <span class='ocrx_word' id='word_1_81' title='bbox 752 2328 803 2379; x_wconf 92' lang='lat' dir='ltr'><strong><em>in</em></strong></span> <span class='ocrx_word' id='word_1_82' title='bbox 834 2322 1113 2393; x_wconf 78' lang='lat' dir='ltr'><strong><em>republica.</em></strong></span> <span class='ocrx_word' id='word_1_83' title='bbox 1149 2321 1217 2385; x_wconf 86' lang='lat' dir='ltr'><strong><em>Ut</em></strong></span> <span class='ocrx_word' id='word_1_84' title='bbox 1259 2333 1423 2375; x_wconf 89' lang='lat' dir='ltr'><strong><em>autem</em></strong></span> <span class='ocrx_word' id='word_1_85' title='bbox 1466 2320 1776 2391; x_wconf 70' lang='lat' dir='ltr'><strong><em>gravissimi:</em></strong></span> <span class='ocrx_word' id='word_1_86' title='bbox 1814 2318 1965 2388; x_wconf 81' lang='lat' dir='ltr'><strong><em>hujus</em></strong></span> 
     </span>
    </p>
   </div>
   <div class='ocr_carea' id='block_1_20' title="bbox 384 2412 1967 2478">
    <p class='ocr_par' dir='ltr' id='par_1_20' title="bbox 384 2412 1967 2478">
     <span class='ocr_line' id='line_1_20' title="bbox 384 2412 1967 2478; baseline -0.011 0"><span class='ocrx_word' id='word_1_87' title='bbox 384 2422 647 2478; x_wconf 77' lang='lat' dir='ltr'><strong><em>sententite</em></strong></span> <span class='ocrx_word' id='word_1_88' title='bbox 674 2420 927 2473; x_wconf 90' lang='lat' dir='ltr'><strong><em>rationem</em></strong></span> <span class='ocrx_word' id='word_1_89' title='bbox 954 2426 1001 2471; x_wconf 90' lang='lat' dir='ltr'><strong><em>et</em></strong></span> <span class='ocrx_word' id='word_1_90' title='bbox 1040 2431 1245 2470; x_wconf 90' lang='lat' dir='ltr'><strong><em>causam</em></strong></span> <span class='ocrx_word' id='word_1_91' title='bbox 1272 2415 1443 2468; x_wconf 89' lang='lat' dir='ltr'><strong><em>videor</em></strong></span> <span class='ocrx_word' id='word_1_92' title='bbox 1483 2412 1608 2466; x_wconf 89' lang='lat' dir='ltr'><strong><em>mihi</em></strong></span> <span class='ocrx_word' id='word_1_93' title='bbox 1650 2412 1851 2465; x_wconf 85' lang='lat' dir='ltr'><strong><em>tandem</em></strong></span> <span class='ocrx_word' id='word_1_94' title='bbox 1881 2425 1967 2462; x_wconf 78' lang='lat' dir='ltr'><strong><em>as-</em></strong></span> 
     </span>
    </p>
   </div>
   <div class='ocr_carea' id='block_1_21' title="bbox 381 2504 1967 2580">
    <p class='ocr_par' dir='ltr' id='par_1_21' title="bbox 381 2504 1967 2580">
     <span class='ocr_line' id='line_1_21' title="bbox 381 2504 1967 2580; baseline -0.009 -11"><span class='ocrx_word' id='word_1_95' title='bbox 381 2523 605 2578; x_wconf 83' lang='lat' dir='ltr'><strong><em>secutus,</em></strong></span> <span class='ocrx_word' id='word_1_96' title='bbox 628 2512 701 2566; x_wconf 91' lang='lat' dir='ltr'><strong><em>sic</em></strong></span> <span class='ocrx_word' id='word_1_97' title='bbox 715 2510 993 2580; x_wconf 84' lang='lat' dir='ltr'><strong><em>respiciens</em></strong></span> <span class='ocrx_word' id='word_1_98' title='bbox 1007 2517 1287 2579; x_wconf 86' lang='lat' dir='ltr'><strong><em>temporum</em></strong></span> <span class='ocrx_word' id='word_1_99' title='bbox 1306 2516 1592 2561; x_wconf 87' lang='lat' dir='ltr'><strong><em>nostrorum</em></strong></span> <span class='ocrx_word' id='word_1_100' title='bbox 1610 2504 1967 2567; x_wconf 84' lang='lat' dir='ltr'><strong><em>conditionem,</em></strong></span> 
     </span>
    </p>
   </div>
   <div class='ocr_carea' id='block_1_22' title="bbox 380 2600 1967 2675">
    <p class='ocr_par' dir='ltr' id='par_1_22' title="bbox 380 2600 1967 2675">
     <span class='ocr_line' id='line_1_22' title="bbox 380 2600 1967 2675; baseline -0.007 -15"><span class='ocrx_word' id='word_1_101' title='bbox 380 2608 456 2660; x_wconf 85' lang='lat' dir='ltr'><strong><em>vel</em></strong></span> <span class='ocrx_word' id='word_1_102' title='bbox 482 2606 647 2675; x_wconf 83' lang='lat' dir='ltr'><strong><em>potius</em></strong></span> <span class='ocrx_word' id='word_1_103' title='bbox 670 2603 1039 2672; x_wconf 76' lang='lat' dir='ltr'><strong><em>confusionem,</em></strong></span> <span class='ocrx_word' id='word_1_104' title='bbox 1054 2602 1289 2674; x_wconf 89' lang='lat' dir='ltr'><strong><em>judicavi</em></strong></span> <span class='ocrx_word' id='word_1_105' title='bbox 1309 2610 1441 2654; x_wconf 87' lang='lat' dir='ltr'><strong><em>recte</em></strong></span> <span class='ocrx_word' id='word_1_106' title='bbox 1457 2600 1558 2652; x_wconf 91' lang='lat' dir='ltr'><strong><em>dici</em></strong></span> <span class='ocrx_word' id='word_1_107' title='bbox 1580 2614 1779 2669; x_wconf 88' lang='lat' dir='ltr'><strong><em>quoque</em></strong></span> <span class='ocrx_word' id='word_1_108' title='bbox 1801 2612 1967 2665; x_wconf 82' lang='lat' dir='ltr'><strong><em>posse,</em></strong></span> 
     </span>
    </p>
   </div>
   <div class='ocr_carea' id='block_1_23' title="bbox 382 2690 1973 2767">
    <p class='ocr_par' dir='ltr' id='par_1_23' title="bbox 382 2690 1973 2767">
     <span class='ocr_line' id='line_1_23' title="bbox 382 2690 1973 2767; baseline -0.008 -13"><span class='ocrx_word' id='word_1_109' title='bbox 382 2696 749 2767; x_wconf 85' lang='lat' dir='ltr'><strong><em>rempublicam</em></strong></span> <span class='ocrx_word' id='word_1_110' title='bbox 780 2696 943 2766; x_wconf 85' lang='lat' dir='ltr'><strong><em>magis</em></strong></span> <span class='ocrx_word' id='word_1_111' title='bbox 985 2695 1174 2749; x_wconf 90' lang='lat' dir='ltr'><strong><em>essein</em></strong></span> <span class='ocrx_word' id='word_1_112' title='bbox 1210 2693 1460 2757; x_wconf 85' lang='lat' dir='ltr'><strong><em>Ecclesia,</em></strong></span> <span class='ocrx_word' id='word_1_113' title='bbox 1502 2708 1653 2759; x_wconf 90' lang='lat' dir='ltr'><strong><em>quam</em></strong></span> <span class='ocrx_word' id='word_1_114' title='bbox 1692 2694 1755 2745; x_wconf 86' lang='lat' dir='ltr'><strong><em>sit</em></strong></span> <span class='ocrx_word' id='word_1_115' title='bbox 1799 2690 1973 2744; x_wconf 87' lang='lat' dir='ltr'><strong><em>Eccle-</em></strong></span> 
     </span>
    </p>
   </div>
   <div class='ocr_carea' id='block_1_24' title="bbox 385 2786 1976 2859">
    <p class='ocr_par' dir='ltr' id='par_1_24' title="bbox 385 2786 1976 2859">
     <span class='ocr_line' id='line_1_24' title="bbox 385 2786 1976 2859; baseline -0.006 -16"><span class='ocrx_word' id='word_1_116' title='bbox 385 2791 461 2843; x_wconf 88' lang='lat' dir='ltr'><strong><em>sia</em></strong></span> <span class='ocrx_word' id='word_1_117' title='bbox 485 2789 537 2841; x_wconf 89' lang='lat' dir='ltr'><strong><em>in</em></strong></span> <span class='ocrx_word' id='word_1_118' title='bbox 568 2787 848 2859; x_wconf 84' lang='lat' dir='ltr'><strong><em>republica.</em></strong></span> <span class='ocrx_word' id='word_1_119' title='bbox 885 2786 982 2841; x_wconf 83' lang='lat' dir='ltr'><strong><em>Est</em></strong></span> <span class='ocrx_word' id='word_1_120' title='bbox 1011 2787 1144 2840; x_wconf 88' lang='lat' dir='ltr'><strong><em>enim</em></strong></span> <span class='ocrx_word' id='word_1_121' title='bbox 1186 2786 1477 2855; x_wconf 80' lang='lat' dir='ltr'><strong><em>reipublij</em></strong></span> <span class='ocrx_word' id='word_1_122' title='bbox 1506 2795 1763 2854; x_wconf 87' lang='lat' dir='ltr'><strong><em>tamquam</em></strong></span> <span class='ocrx_word' id='word_1_123' title='bbox 1793 2798 1976 2849; x_wconf 83' lang='lat' dir='ltr'><strong><em>corpo-</em></strong></span> 
     </span>
    </p>
   </div>
   <div class='ocr_carea' id='block_1_25' title="bbox 390 2875 1975 2951">
    <p class='ocr_par' dir='ltr' id='par_1_25' title="bbox 390 2875 1975 2951">
     <span class='ocr_line' id='line_1_25' title="bbox 390 2875 1975 2951; baseline -0.005 -17"><span class='ocrx_word' id='word_1_124' title='bbox 390 2882 484 2943; x_wconf 88' lang='lat' dir='ltr'><strong><em>ris,</em></strong></span> <span class='ocrx_word' id='word_1_125' title='bbox 514 2880 626 2951; x_wconf 90' lang='lat' dir='ltr'><strong><em>ipsa</em></strong></span> <span class='ocrx_word' id='word_1_126' title='bbox 661 2876 893 2933; x_wconf 87' lang='lat' dir='ltr'><strong><em>Ecclesia</em></strong></span> <span class='ocrx_word' id='word_1_127' title='bbox 933 2878 1085 2933; x_wconf 90' lang='lat' dir='ltr'><strong><em>veluti</em></strong></span> <span class='ocrx_word' id='word_1_128' title='bbox 1115 2879 1318 2943; x_wconf 87' lang='lat' dir='ltr'><strong><em>anima;</em></strong></span> <span class='ocrx_word' id='word_1_129' title='bbox 1361 2887 1416 2931; x_wconf 90' lang='lat' dir='ltr'><strong><em>ut</em></strong></span> <span class='ocrx_word' id='word_1_130' title='bbox 1459 2878 1500 2931; x_wconf 87' lang='lat' dir='ltr'><strong><em>si</em></strong></span> <span class='ocrx_word' id='word_1_131' title='bbox 1532 2877 1639 2929; x_wconf 62' lang='lat' dir='ltr'><strong><em>haec</em></strong></span> <span class='ocrx_word' id='word_1_132' title='bbox 1669 2875 1859 2944; x_wconf 87' lang='lat' dir='ltr'><strong><em>sapiat,</em></strong></span> <span class='ocrx_word' id='word_1_133' title='bbox 1897 2875 1975 2927; x_wconf 88' lang='lat' dir='ltr'><strong><em>illi</em></strong></span> 
     </span>
    </p>
   </div>
   <div class='ocr_carea' id='block_1_26' title="bbox 391 2965 1980 3036">
    <p class='ocr_par' dir='ltr' id='par_1_26' title="bbox 391 2965 1980 3036">
     <span class='ocr_line' id='line_1_26' title="bbox 391 2965 1980 3036; baseline -0.006 -11"><span class='ocrx_word' id='word_1_134' title='bbox 391 2972 514 3025; x_wconf 85' lang='lat' dir='ltr'><strong><em>bene</em></strong></span> <span class='ocrx_word' id='word_1_135' title='bbox 538 2988 668 3036; x_wconf 86' lang='lat' dir='ltr'><strong><em>esse;</em></strong></span> <span class='ocrx_word' id='word_1_136' title='bbox 692 2972 733 3023; x_wconf 87' lang='lat' dir='ltr'><strong><em>si</em></strong></span> <span class='ocrx_word' id='word_1_137' title='bbox 760 2970 1005 3035; x_wconf 85' lang='lat' dir='ltr'><strong><em>insaniat,</em></strong></span> <span class='ocrx_word' id='word_1_138' title='bbox 1029 2970 1160 3023; x_wconf 88' lang='lat' dir='ltr'><strong><em>male</em></strong></span> <span class='ocrx_word' id='word_1_139' title='bbox 1180 2986 1287 3023; x_wconf 87' lang='lat' dir='ltr'><strong><em>esse</em></strong></span> <span class='ocrx_word' id='word_1_140' title='bbox 1313 2979 1616 3021; x_wconf 87' lang='lat' dir='ltr'><strong><em>statuamus.</em></strong></span> <span class='ocrx_word' id='word_1_141' title='bbox 1649 2965 1715 3018; x_wconf 87' lang='lat' dir='ltr'><strong><em>Et</em></strong></span> <span class='ocrx_word' id='word_1_142' title='bbox 1733 2982 1849 3020; x_wconf 91' lang='lat' dir='ltr'><strong><em>vero</em></strong></span> <span class='ocrx_word' id='word_1_143' title='bbox 1872 2966 1980 3018; x_wconf 87' lang='lat' dir='ltr'><strong><em>sine</em></strong></span> 
     </span>
    </p>
   </div>
   <div class='ocr_carea' id='block_1_27' title="bbox 397 3057 1979 3129">
    <p class='ocr_par' dir='ltr' id='par_1_27' title="bbox 397 3057 1979 3129">
     <span class='ocr_line' id='line_1_27' title="bbox 397 3057 1979 3129; baseline -0.004 -12"><span class='ocrx_word' id='word_1_144' title='bbox 397 3062 629 3117; x_wconf 85' lang='lat' dir='ltr'><strong><em>Ecclesia</em></strong></span> <span class='ocrx_word' id='word_1_145' title='bbox 659 3062 781 3115; x_wconf 87' lang='lat' dir='ltr'><strong><em>bene</em></strong></span> <span class='ocrx_word' id='word_1_146' title='bbox 812 3061 1107 3127; x_wconf 86' lang='lat' dir='ltr'><strong><em>constituta,</em></strong></span> <span class='ocrx_word' id='word_1_147' title='bbox 1139 3072 1298 3129; x_wconf 84' lang='lat' dir='ltr'><strong><em>neque</em></strong></span> <span class='ocrx_word' id='word_1_148' title='bbox 1338 3060 1473 3113; x_wconf 83' lang='lat' dir='ltr'><strong><em>ullus</em></strong></span> <span class='ocrx_word' id='word_1_149' title='bbox 1502 3057 1792 3128; x_wconf 81' lang='lat' dir='ltr'><strong><em>reipublicw</em></strong></span> <span class='ocrx_word' id='word_1_150' title='bbox 1821 3066 1979 3111; x_wconf 89' lang='lat' dir='ltr'><strong><em>status</em></strong></span> 
     </span>
    </p>
   </div>
   <div class='ocr_carea' id='block_1_28' title="bbox 2065 1860 3637 1941">
    <p class='ocr_par' dir='ltr' id='par_1_28' title="bbox 2065 1860 3637 1941">
     <span class='ocr_line' id='line_1_28' title="bbox 2065 1860 3637 1941; baseline 0.011 -32"><span class='ocrx_word' id='word_1_151' title='bbox 2065 1875 2159 1928; x_wconf 90' lang='lat' dir='ltr'><strong><em>que</em></strong></span> <span class='ocrx_word' id='word_1_152' title='bbox 2188 1860 2315 1914; x_wconf 88' lang='lat' dir='ltr'><strong><em>adeo</em></strong></span> <span class='ocrx_word' id='word_1_153' title='bbox 2354 1862 2513 1934; x_wconf 88' lang='lat' dir='ltr'><strong><em>legem</em></strong></span> <span class='ocrx_word' id='word_1_154' title='bbox 2553 1866 2739 1935; x_wconf 89' lang='lat' dir='ltr'><strong><em>of/icii,</em></strong></span> <span class='ocrx_word' id='word_1_155' title='bbox 2785 1877 2831 1921; x_wconf 92' lang='lat' dir='ltr'><strong><em>et</em></strong></span> <span class='ocrx_word' id='word_1_156' title='bbox 2880 1868 3218 1939; x_wconf 82' lang='lat' dir='ltr'><strong><em>conspirantis</em></strong></span> <span class='ocrx_word' id='word_1_157' title='bbox 3257 1886 3373 1923; x_wconf 88' lang='lat' dir='ltr'><strong><em>cum</em></strong></span> <span class='ocrx_word' id='word_1_158' title='bbox 3411 1870 3637 1941; x_wconf 85' lang='lat' dir='ltr'><strong><em>religione</em></strong></span> 
     </span>
    </p>
   </div>
   <div class='ocr_carea' id='block_1_29' title="bbox 2066 1951 3639 2031">
    <p class='ocr_par' dir='ltr' id='par_1_29' title="bbox 2066 1951 3639 2031">
     <span class='ocr_line' id='line_1_29' title="bbox 2066 1951 3639 2031; baseline 0.01 -30"><span class='ocrx_word' id='word_1_159' title='bbox 2066 1951 2349 2020; x_wconf 79' lang='lat' dir='ltr'><strong><em>sapientite,</em></strong></span> <span class='ocrx_word' id='word_1_160' title='bbox 2388 1969 2502 2022; x_wconf 74' lang='lat' dir='ltr'><strong><em>qua!</em></strong></span> <span class='ocrx_word' id='word_1_161' title='bbox 2536 1956 2709 2010; x_wconf 87' lang='lat' dir='ltr'><strong><em>turbas</em></strong></span> <span class='ocrx_word' id='word_1_162' title='bbox 2750 1974 2922 2011; x_wconf 87' lang='lat' dir='ltr'><strong><em>onmes</em></strong></span> <span class='ocrx_word' id='word_1_163' title='bbox 2964 1970 3012 2012; x_wconf 91' lang='lat' dir='ltr'><strong><em>et</em></strong></span> <span class='ocrx_word' id='word_1_164' title='bbox 3055 1960 3174 2013; x_wconf 88' lang='lat' dir='ltr'><strong><em>olim</em></strong></span> <span class='ocrx_word' id='word_1_165' title='bbox 3220 1962 3570 2031; x_wconf 83' lang='lat' dir='ltr'><strong><em>composuerit,</em></strong></span> <span class='ocrx_word' id='word_1_166' title='bbox 3598 1971 3639 2017; x_wconf 85' lang='lat' dir='ltr'><strong><em>et</em></strong></span> 
     </span>
    </p>
   </div>
   <div class='ocr_carea' id='block_1_30' title="bbox 2069 2050 3642 2122">
    <p class='ocr_par' dir='ltr' id='par_1_30' title="bbox 2069 2050 3642 2122">
     <span class='ocr_line' id='line_1_30' title="bbox 2069 2050 3642 2122; baseline 0.01 -29"><span class='ocrx_word' id='word_1_167' title='bbox 2069 2058 2203 2095; x_wconf 83' lang='lat' dir='ltr'><strong><em>nunc</em></strong></span> <span class='ocrx_word' id='word_1_168' title='bbox 2230 2061 2529 2115; x_wconf 83' lang='lat' dir='ltr'><strong><em>componere</em></strong></span> <span class='ocrx_word' id='word_1_169' title='bbox 2554 2050 2732 2118; x_wconf 87' lang='lat' dir='ltr'><strong><em>possit,</em></strong></span> <span class='ocrx_word' id='word_1_170' title='bbox 2763 2051 2878 2119; x_wconf 88' lang='lat' dir='ltr'><strong><em>ipsa</em></strong></span> <span class='ocrx_word' id='word_1_171' title='bbox 2911 2053 3089 2105; x_wconf 83' lang='lat' dir='ltr'><strong><em>veteris</em></strong></span> <span class='ocrx_word' id='word_1_172' title='bbox 3120 2051 3365 2107; x_wconf 71' lang='lat' dir='ltr'><strong><em>Ecclesia:</em></strong></span> <span class='ocrx_word' id='word_1_173' title='bbox 3388 2064 3533 2122; x_wconf 80' lang='lat' dir='ltr'><strong><em>atque</em></strong></span> <span class='ocrx_word' id='word_1_174' title='bbox 3551 2054 3642 2108; x_wconf 85' lang='lat' dir='ltr'><strong><em>rei—</em></strong></span> 
     </span>
    </p>
   </div>
   <div class='ocr_carea' id='block_1_31' title="bbox 2070 2133 3639 2215">
    <p class='ocr_par' dir='ltr' id='par_1_31' title="bbox 2070 2133 3639 2215">
     <span class='ocr_line' id='line_1_31' title="bbox 2070 2133 3639 2215; baseline 0.011 -32"><span class='ocrx_word' id='word_1_175' title='bbox 2070 2133 2282 2201; x_wconf 61' lang='lat' dir='ltr'><strong><em>publicae</em></strong></span> <span class='ocrx_word' id='word_1_176' title='bbox 2315 2137 2528 2192; x_wconf 81' lang='lat' dir='ltr'><strong><em>historia</em></strong></span> <span class='ocrx_word' id='word_1_177' title='bbox 2554 2141 2862 2211; x_wconf 85' lang='lat' dir='ltr'><strong><em>suppeditat.</em></strong></span> <span class='ocrx_word' id='word_1_178' title='bbox 2896 2141 3037 2213; x_wconf 84' lang='lat' dir='ltr'><strong><em>Ergo</em></strong></span> <span class='ocrx_word' id='word_1_179' title='bbox 3060 2160 3257 2215; x_wconf 85' lang='lat' dir='ltr'><strong><em>semper</em></strong></span> <span class='ocrx_word' id='word_1_180' title='bbox 3272 2145 3523 2215; x_wconf 87' lang='lat' dir='ltr'><strong><em>judicavi,</em></strong></span> <span class='ocrx_word' id='word_1_181' title='bbox 3555 2147 3639 2199; x_wconf 88' lang='lat' dir='ltr'><strong><em>im-</em></strong></span> 
     </span>
    </p>
   </div>
   <div class='ocr_carea' id='block_1_32' title="bbox 2072 2229 3638 2307">
    <p class='ocr_par' dir='ltr' id='par_1_32' title="bbox 2072 2229 3638 2307">
     <span class='ocr_line' id='line_1_32' title="bbox 2072 2229 3638 2307; baseline 0.008 -28"><span class='ocrx_word' id='word_1_182' title='bbox 2072 2229 2250 2295; x_wconf 88' lang='lat' dir='ltr'><strong><em>primis</em></strong></span> <span class='ocrx_word' id='word_1_183' title='bbox 2275 2230 2636 2285; x_wconf 87' lang='lat' dir='ltr'><strong><em>consulendam</em></strong></span> <span class='ocrx_word' id='word_1_184' title='bbox 2665 2233 2827 2305; x_wconf 73' lang='lat'><strong><em>338</em></strong></span> <span class='ocrx_word' id='word_1_185' title='bbox 2848 2250 2955 2288; x_wconf 89' lang='lat' dir='ltr'><strong><em>esse</em></strong></span> <span class='ocrx_word' id='word_1_186' title='bbox 2980 2236 3257 2299; x_wconf 88' lang='lat' dir='ltr'><strong><em>sapientem</em></strong></span> <span class='ocrx_word' id='word_1_187' title='bbox 3287 2247 3338 2290; x_wconf 93' lang='lat' dir='ltr'><strong><em>et</em></strong></span> <span class='ocrx_word' id='word_1_188' title='bbox 3363 2236 3638 2307; x_wconf 83' lang='lat' dir='ltr'><strong><em>religiosam</em></strong></span> 
     </span>
    </p>
   </div>
   <div class='ocr_carea' id='block_1_33' title="bbox 2071 2322 3641 2399">
    <p class='ocr_par' dir='ltr' id='par_1_33' title="bbox 2071 2322 3641 2399">
     <span class='ocr_line' id='line_1_33' title="bbox 2071 2322 3641 2399; baseline 0.008 -28"><span class='ocrx_word' id='word_1_189' title='bbox 2071 2322 2417 2389; x_wconf 85' lang='lat' dir='ltr'><strong><em>antiquitatem</em></strong></span> <span class='ocrx_word' id='word_1_190' title='bbox 2459 2340 2477 2377; x_wconf 88' lang='lat'><strong><em>:</em></strong></span> <span class='ocrx_word' id='word_1_191' title='bbox 2519 2341 2680 2393; x_wconf 81' lang='lat' dir='ltr'><strong><em>neque</em></strong></span> <span class='ocrx_word' id='word_1_192' title='bbox 2716 2337 2958 2397; x_wconf 76' lang='lat' dir='ltr'><strong><em>prwterea</em></strong></span> <span class='ocrx_word' id='word_1_193' title='bbox 2992 2336 3188 2380; x_wconf 89' lang='lat' dir='ltr'><strong><em>tantum</em></strong></span> <span class='ocrx_word' id='word_1_194' title='bbox 3214 2328 3342 2381; x_wconf 84' lang='lat' dir='ltr'><strong><em>mihi</em></strong></span> <span class='ocrx_word' id='word_1_195' title='bbox 3369 2345 3566 2399; x_wconf 67' lang='lat' dir='ltr'><strong><em>arrogo.</em></strong></span> <span class='ocrx_word' id='word_1_196' title='bbox 3593 2340 3641 2384; x_wconf 87' lang='lat' dir='ltr'><strong><em>ut</em></strong></span> 
     </span>
    </p>
   </div>
   <div class='ocr_carea' id='block_1_34' title="bbox 2072 2412 3642 2490">
    <p class='ocr_par' dir='ltr' id='par_1_34' title="bbox 2072 2412 3642 2490">
     <span class='ocr_line' id='line_1_34' title="bbox 2072 2412 3642 2490; baseline 0.008 -28"><span class='ocrx_word' id='word_1_197' title='bbox 2072 2412 2134 2464; x_wconf 87' lang='lat' dir='ltr'><strong><em>de</em></strong></span> <span class='ocrx_word' id='word_1_198' title='bbox 2168 2429 2222 2467; x_wconf 93' lang='lat' dir='ltr'><strong><em>re</em></strong></span> <span class='ocrx_word' id='word_1_199' title='bbox 2250 2423 2393 2469; x_wconf 88' lang='lat' dir='ltr'><strong><em>tanta</em></strong></span> <span class='ocrx_word' id='word_1_200' title='bbox 2430 2417 2729 2470; x_wconf 86' lang='lat' dir='ltr'><strong><em>sententiam</em></strong></span> <span class='ocrx_word' id='word_1_201' title='bbox 2767 2419 2934 2471; x_wconf 85' lang='lat' dir='ltr'><strong><em>dicere</em></strong></span> <span class='ocrx_word' id='word_1_202' title='bbox 2974 2435 3138 2471; x_wconf 83' lang='lat' dir='ltr'><strong><em>meam</em></strong></span> <span class='ocrx_word' id='word_1_203' title='bbox 3170 2419 3321 2473; x_wconf 78' lang='lat' dir='ltr'><strong><em>velim</em></strong></span> <span class='ocrx_word' id='word_1_204' title='bbox 3360 2438 3382 2473; x_wconf 88' lang='lat'><strong><em>:</em></strong></span> <span class='ocrx_word' id='word_1_205' title='bbox 3427 2436 3577 2490; x_wconf 84' lang='lat' dir='ltr'><strong><em>neque</em></strong></span> <span class='ocrx_word' id='word_1_206' title='bbox 3606 2424 3642 2475; x_wconf 88' lang='lat' dir='ltr'><strong><em>si</em></strong></span> 
     </span>
    </p>
   </div>
   <div class='ocr_carea' id='block_1_35' title="bbox 2073 2506 3641 2576">
    <p class='ocr_par' dir='ltr' id='par_1_35' title="bbox 2073 2506 3641 2576">
     <span class='ocr_line' id='line_1_35' title="bbox 2073 2506 3641 2576; baseline 0.007 -22"><span class='ocrx_word' id='word_1_207' title='bbox 2073 2510 2269 2556; x_wconf 88' lang='lat' dir='ltr'><strong><em>tantum</em></strong></span> <span class='ocrx_word' id='word_1_208' title='bbox 2296 2506 2424 2558; x_wconf 89' lang='lat' dir='ltr'><strong><em>mihi</em></strong></span> <span class='ocrx_word' id='word_1_209' title='bbox 2450 2523 2666 2571; x_wconf 78' lang='lat' dir='ltr'><strong><em>sumain,</em></strong></span> <span class='ocrx_word' id='word_1_210' title='bbox 2695 2509 2787 2561; x_wconf 89' lang='lat' dir='ltr'><strong><em>sim</em></strong></span> <span class='ocrx_word' id='word_1_211' title='bbox 2817 2508 3076 2576; x_wconf 85' lang='lat' dir='ltr'><strong><em>ferendus.</em></strong></span> <span class='ocrx_word' id='word_1_212' title='bbox 3111 2509 3136 2561; x_wconf 81' lang='grc' dir='ltr'><em>Ι</em></span> <span class='ocrx_word' id='word_1_213' title='bbox 3148 2508 3258 2562; x_wconf 90' lang='lat' dir='ltr'><strong><em>llud</em></strong></span> <span class='ocrx_word' id='word_1_214' title='bbox 3285 2514 3438 2564; x_wconf 90' lang='lat' dir='ltr'><strong><em>modo</em></strong></span> <span class='ocrx_word' id='word_1_215' title='bbox 3463 2512 3641 2566; x_wconf 81' lang='lat' dir='ltr'><strong><em>dicunt:</em></strong></span> 
     </span>
    </p>
   </div>
   <div class='ocr_carea' id='block_1_36' title="bbox 2074 2596 3641 2684">
    <p class='ocr_par' dir='ltr' id='par_1_36' title="bbox 2074 2596 3641 2684">
     <span class='ocr_line' id='line_1_36' title="bbox 2074 2596 3641 2684; baseline 0.005 -35"><span class='ocrx_word' id='word_1_216' title='bbox 2074 2596 2312 2684; x_wconf 52' lang='lat' dir='ltr'><strong><em>siqualcs</em></strong></span> <span class='ocrx_word' id='word_1_217' title='bbox 2340 2598 2458 2651; x_wconf 90' lang='lat' dir='ltr'><strong><em>olim</em></strong></span> <span class='ocrx_word' id='word_1_218' title='bbox 2478 2598 2809 2653; x_wconf 81' lang='lat' dir='ltr'><strong><em>Marcellinos</em></strong></span> <span class='ocrx_word' id='word_1_219' title='bbox 2832 2602 3240 2670; x_wconf 80' lang='lat' dir='ltr'><strong><em>Augustinosque</em></strong></span> <span class='ocrx_word' id='word_1_220' title='bbox 3260 2602 3437 2657; x_wconf 81' lang='lat' dir='ltr'><strong><em>habuit</em></strong></span> <span class='ocrx_word' id='word_1_221' title='bbox 3462 2603 3641 2675; x_wconf 77' lang='lat' dir='ltr'><strong><em>Africa,</em></strong></span> 
     </span>
    </p>
   </div>
   <div class='ocr_carea' id='block_1_37' title="bbox 2075 2681 3645 2765">
    <p class='ocr_par' dir='ltr' id='par_1_37' title="bbox 2075 2681 3645 2765">
     <span class='ocr_line' id='line_1_37' title="bbox 2075 2681 3645 2765; baseline 0.005 -22"><span class='ocrx_word' id='word_1_222' title='bbox 2075 2681 2208 2743; x_wconf 82' lang='lat' dir='ltr'><strong><em>nunc</em></strong></span> <span class='ocrx_word' id='word_1_223' title='bbox 2239 2691 2439 2745; x_wconf 82' lang='lat' dir='ltr'><strong><em>haberet</em></strong></span> <span class='ocrx_word' id='word_1_224' title='bbox 2482 2690 2674 2755; x_wconf 81' lang='lat' dir='ltr'><strong><em>Callia,</em></strong></span> <span class='ocrx_word' id='word_1_225' title='bbox 2708 2712 2946 2763; x_wconf 82' lang='lat' dir='ltr'><strong><em>magnam</em></strong></span> <span class='ocrx_word' id='word_1_226' title='bbox 2976 2697 3171 2765; x_wconf 90' lang='lat' dir='ltr'><strong><em>sperari</em></strong></span> <span class='ocrx_word' id='word_1_227' title='bbox 3198 2713 3347 2765; x_wconf 84' lang='lat' dir='ltr'><strong><em>posse</em></strong></span> <span class='ocrx_word' id='word_1_228' title='bbox 3371 2698 3645 2751; x_wconf 79' lang='lat' dir='ltr'><strong><em>levationem</em></strong></span> 
     </span>
    </p>
   </div>
   <div class='ocr_carea' id='block_1_38' title="bbox 2075 2786 3647 2856">
    <p class='ocr_par' dir='ltr' id='par_1_38' title="bbox 2075 2786 3647 2856">
     <span class='ocr_line' id='line_1_38' title="bbox 2075 2786 3647 2856; baseline 0.003 -18"><span class='ocrx_word' id='word_1_229' title='bbox 2075 2800 2247 2847; x_wconf 85' lang='lat' dir='ltr'><strong><em>eorum</em></strong></span> <span class='ocrx_word' id='word_1_230' title='bbox 2271 2786 2538 2849; x_wconf 87' lang='lat' dir='ltr'><strong><em>malorum,</em></strong></span> <span class='ocrx_word' id='word_1_231' title='bbox 2566 2787 2748 2854; x_wconf 87' lang='lat' dir='ltr'><strong><em>quibus</em></strong></span> <span class='ocrx_word' id='word_1_232' title='bbox 2774 2803 2907 2839; x_wconf 89' lang='lat' dir='ltr'><strong><em>nunc</em></strong></span> <span class='ocrx_word' id='word_1_233' title='bbox 2928 2787 3210 2853; x_wconf 87' lang='lat' dir='ltr'><strong><em>respublica</em></strong></span> <span class='ocrx_word' id='word_1_234' title='bbox 3237 2789 3503 2854; x_wconf 85' lang='lat' dir='ltr'><strong><em>premitur.</em></strong></span> <span class='ocrx_word' id='word_1_235' title='bbox 3530 2788 3647 2856; x_wconf 82' lang='lat' dir='ltr'><strong><em>Quid</em></strong></span> 
     </span>
    </p>
   </div>
   <div class='ocr_carea' id='block_1_39' title="bbox 2080 2876 3651 2950">
    <p class='ocr_par' dir='ltr' id='par_1_39' title="bbox 2080 2876 3651 2950">
     <span class='ocr_line' id='line_1_39' title="bbox 2080 2876 3651 2950; baseline 0.004 -23"><span class='ocrx_word' id='word_1_236' title='bbox 2080 2884 2247 2927; x_wconf 82' lang='lat' dir='ltr'><strong><em>autent</em></strong></span> <span class='ocrx_word' id='word_1_237' title='bbox 2276 2877 2447 2945; x_wconf 84' lang='lat' dir='ltr'><strong><em>magni</em></strong></span> <span class='ocrx_word' id='word_1_238' title='bbox 2483 2876 2562 2929; x_wconf 83' lang='lat' dir='ltr'><strong><em>illi</em></strong></span> <span class='ocrx_word' id='word_1_239' title='bbox 2591 2878 2687 2929; x_wconf 85' lang='lat' dir='ltr'><strong><em>viri</em></strong></span> <span class='ocrx_word' id='word_1_240' title='bbox 2724 2886 2768 2930; x_wconf 90' lang='lat' dir='ltr'><strong><em>et</em></strong></span> <span class='ocrx_word' id='word_1_241' title='bbox 2799 2878 2949 2931; x_wconf 88' lang='lat' dir='ltr'><strong><em>veluti</em></strong></span> <span class='ocrx_word' id='word_1_242' title='bbox 2983 2876 3171 2933; x_wconf 83' lang='lat' dir='ltr'><strong><em>Heroes</em></strong></span> <span class='ocrx_word' id='word_1_243' title='bbox 3205 2882 3441 2950; x_wconf 79' lang='lat' dir='ltr'><strong><em>fecerim,</em></strong></span> <span class='ocrx_word' id='word_1_244' title='bbox 3484 2882 3651 2934; x_wconf 82' lang='lat' dir='ltr'><strong><em>tumul-</em></strong></span> 
     </span>
    </p>
   </div>
   <div class='ocr_carea' id='block_1_40' title="bbox 2082 2966 3646 3042">
    <p class='ocr_par' dir='ltr' id='par_1_40' title="bbox 2082 2966 3646 3042">
     <span class='ocr_line' id='line_1_40' title="bbox 2082 2966 3646 3042; baseline 0.004 -24"><span class='ocrx_word' id='word_1_245' title='bbox 2082 2966 2337 3021; x_wconf 87' lang='lat' dir='ltr'><strong><em>tuantibus</em></strong></span> <span class='ocrx_word' id='word_1_246' title='bbox 2364 2969 2417 3021; x_wconf 88' lang='lat' dir='ltr'><strong><em>in</em></strong></span> <span class='ocrx_word' id='word_1_247' title='bbox 2447 2968 2623 3038; x_wconf 76' lang='lat' dir='ltr'><strong><em>Africa</em></strong></span> <span class='ocrx_word' id='word_1_248' title='bbox 2662 2967 2966 3035; x_wconf 84' lang='lat' dir='ltr'><strong><em>Donatistis,</em></strong></span> <span class='ocrx_word' id='word_1_249' title='bbox 2998 2980 3045 3023; x_wconf 90' lang='lat' dir='ltr'><strong><em>et</em></strong></span> <span class='ocrx_word' id='word_1_250' title='bbox 3075 2987 3228 3042; x_wconf 90' lang='lat' dir='ltr'><strong><em>quam</em></strong></span> <span class='ocrx_word' id='word_1_251' title='bbox 3253 2972 3414 3025; x_wconf 80' lang='lat' dir='ltr'><strong><em>secuti</em></strong></span> <span class='ocrx_word' id='word_1_252' title='bbox 3452 2972 3549 3024; x_wconf 89' lang='lat' dir='ltr'><strong><em>sint</em></strong></span> <span class='ocrx_word' id='word_1_253' title='bbox 3569 2988 3646 3023; x_wconf 81' lang='lat' dir='ltr'><strong><em>ra-</em></strong></span> 
     </span>
    </p>
   </div>
   <div class='ocr_carea' id='block_1_41' title="bbox 2083 3061 3652 3135">
    <p class='ocr_par' dir='ltr' id='par_1_41' title="bbox 2083 3061 3652 3135">
     <span class='ocr_line' id='line_1_41' title="bbox 2083 3061 3652 3135; baseline 0.003 -22"><span class='ocrx_word' id='word_1_254' title='bbox 2083 3061 2267 3114; x_wconf 83' lang='lat' dir='ltr'><strong><em>tionem</em></strong></span> <span class='ocrx_word' id='word_1_255' title='bbox 2294 3077 2470 3114; x_wconf 85' lang='lat' dir='ltr'><strong><em>eorum</em></strong></span> <span class='ocrx_word' id='word_1_256' title='bbox 2494 3062 2929 3128; x_wconf 87' lang='lat' dir='ltr'><strong><em>revincendorum,</em></strong></span> <span class='ocrx_word' id='word_1_257' title='bbox 2960 3074 3014 3116; x_wconf 91' lang='lat' dir='ltr'><strong><em>ut</em></strong></span> <span class='ocrx_word' id='word_1_258' title='bbox 3044 3065 3205 3134; x_wconf 89' lang='lat' dir='ltr'><strong><em>magis</em></strong></span> <span class='ocrx_word' id='word_1_259' title='bbox 3236 3065 3580 3135; x_wconf 77' lang='lat' dir='ltr'><strong><em>intelligerent,</em></strong></span> <span class='ocrx_word' id='word_1_260' title='bbox 3604 3072 3652 3118; x_wconf 88' lang='lat' dir='ltr'><strong><em>tu</em></strong></span> 
     </span>
    </p>
   </div>
   <div class='ocr_carea' id='block_1_42' title="bbox 3754 1105 3769 1783">
    <p class='ocr_par' dir='ltr' id='par_1_42' title="bbox 3754 1105 3765 1609">
     <span class='ocr_line' id='line_1_42' title="bbox 3754 1105 3755 1181; baseline 0 0"><span class='ocrx_word' id='word_1_261' title='bbox 3754 1105 3755 1181; x_wconf 97' lang='grc'><strong><em>1</em></strong></span> 
     </span>
     <span class='ocr_line' id='line_1_43' title="bbox 3754 1192 3757 1273; baseline 0 0"><span class='ocrx_word' id='word_1_262' title='bbox 3754 1192 3757 1273; x_wconf 98' lang='grc'><strong><em>1</em></strong></span> 
     </span>
     <span class='ocr_line' id='line_1_44' title="bbox 3757 1286 3759 1361; baseline 0 0"><span class='ocrx_word' id='word_1_263' title='bbox 3757 1286 3759 1361; x_wconf 97' lang='grc'><strong><em>1</em></strong></span> 
     </span>
     <span class='ocr_line' id='line_1_45' title="bbox 3759 1380 3761 1467; baseline 0 0"><span class='ocrx_word' id='word_1_264' title='bbox 3759 1380 3761 1467; x_wconf 97' lang='grc'><strong><em>1</em></strong></span> 
     </span>
     <span class='ocr_line' id='line_1_46' title="bbox 3760 1474 3763 1549; baseline 0 0"><span class='ocrx_word' id='word_1_265' title='bbox 3760 1474 3763 1549; x_wconf 97' lang='grc'><strong><em>1</em></strong></span> 
     </span>
     <span class='ocr_line' id='line_1_47' title="bbox 3764 1568 3765 1609; baseline 0 0"><span class='ocrx_word' id='word_1_266' title='bbox 3764 1568 3765 1609; x_wconf 97' lang='grc'><strong><em>1</em></strong></span> 
     </span>
    </p>
   </div>
   <div class='ocr_carea' id='block_1_43' title="bbox 392 3148 3697 3226">
    <p class='ocr_par' dir='ltr' id='par_1_43' title="bbox 392 3148 3697 3226">
     <span class='ocr_line' id='line_1_48' title="bbox 392 3148 3697 3226; baseline 0.001 -21"><span class='ocrx_word' id='word_1_267' title='bbox 392 3154 589 3225; x_wconf 82' lang='lat' dir='ltr'><strong><em>stabilis</em></strong></span> <span class='ocrx_word' id='word_1_268' title='bbox 612 3169 716 3208; x_wconf 89' lang='lat' dir='ltr'><strong><em>esse</em></strong></span> <span class='ocrx_word' id='word_1_269' title='bbox 738 3162 917 3223; x_wconf 82' lang='lat' dir='ltr'><strong><em>potest,</em></strong></span> <span class='ocrx_word' id='word_1_270' title='bbox 948 3168 1107 3222; x_wconf 84' lang='lat' dir='ltr'><strong><em>neque</em></strong></span> <span class='ocrx_word' id='word_1_271' title='bbox 1134 3161 1185 3204; x_wconf 92' lang='lat' dir='ltr'><strong><em>ut</em></strong></span> <span class='ocrx_word' id='word_1_272' title='bbox 1208 3153 1474 3219; x_wconf 83' lang='lat' dir='ltr'><strong><em>quisquam</em></strong></span> <span class='ocrx_word' id='word_1_273' title='bbox 1500 3165 1607 3203; x_wconf 90' lang='lat' dir='ltr'><strong><em>esse</em></strong></span> <span class='ocrx_word' id='word_1_274' title='bbox 1629 3150 1807 3219; x_wconf 84' lang='lat' dir='ltr'><strong><em>possit,</em></strong></span> <span class='ocrx_word' id='word_1_275' title='bbox 1833 3148 1981 3203; x_wconf 85' lang='lat' dir='ltr'><strong><em>valde</em></strong></span> <span class='ocrx_word' id='word_1_276' title='bbox 2012 3161 2059 3221; x_wconf 77' lang='grc' dir='ltr'><strong>Β</strong></span> <span class='ocrx_word' id='word_1_277' title='bbox 2088 3152 2196 3218; x_wconf 88' lang='lat' dir='ltr'><strong><em>ipse</em></strong></span> <span class='ocrx_word' id='word_1_278' title='bbox 2242 3152 2425 3222; x_wconf 88' lang='lat' dir='ltr'><strong><em>fecisti,</em></strong></span> <span class='ocrx_word' id='word_1_279' title='bbox 2470 3154 2555 3221; x_wconf 89' lang='lat' dir='ltr'><strong><em>qui</em></strong></span> <span class='ocrx_word' id='word_1_280' title='bbox 2598 3153 2723 3205; x_wconf 90' lang='lat' dir='ltr'><strong><em>mihi</em></strong></span> <span class='ocrx_word' id='word_1_281' title='bbox 2766 3154 3049 3207; x_wconf 85' lang='lat' dir='ltr'><strong><em>collationis</em></strong></span> <span class='ocrx_word' id='word_1_282' title='bbox 3094 3152 3514 3226; x_wconf 84' lang='lat' dir='ltr'><strong><em>Carthaginensis</em></strong></span> <span class='ocrx_word' id='word_1_283' title='bbox 3556 3165 3654 3207; x_wconf 85' lang='lat' dir='ltr'><strong><em>acta</em></strong></span> <span class='ocrx_word' id='word_1_284' title='bbox 3692 3206 3697 3213; x_wconf 89' lang='lat'>_</span> 
     </span>
    </p>
   </div>
   <div class='ocr_carea' id='block_1_44' title="bbox 396 3238 3655 3316">
    <p class='ocr_par' dir='ltr' id='par_1_44' title="bbox 396 3238 3655 3316">
     <span class='ocr_line' id='line_1_49' title="bbox 396 3238 3655 3316; baseline 0 -16"><span class='ocrx_word' id='word_1_285' title='bbox 396 3245 678 3315; x_wconf 89' lang='lat' dir='ltr'><strong><em>optandum</em></strong></span> <span class='ocrx_word' id='word_1_286' title='bbox 711 3253 807 3307; x_wconf 89' lang='lat' dir='ltr'><strong><em>est,</em></strong></span> <span class='ocrx_word' id='word_1_287' title='bbox 842 3244 883 3297; x_wconf 92' lang='lat' dir='ltr'><strong><em>si</em></strong></span> <span class='ocrx_word' id='word_1_288' title='bbox 910 3243 1061 3298; x_wconf 91' lang='lat' dir='ltr'><strong><em>modo</em></strong></span> <span class='ocrx_word' id='word_1_289' title='bbox 1083 3243 1193 3313; x_wconf 89' lang='lat' dir='ltr'><strong><em>quis</em></strong></span> <span class='ocrx_word' id='word_1_290' title='bbox 1216 3258 1321 3297; x_wconf 88' lang='lat' dir='ltr'><strong><em>esse</em></strong></span> <span class='ocrx_word' id='word_1_291' title='bbox 1348 3242 1523 3295; x_wconf 82' lang='lat' dir='ltr'><strong><em>debent</em></strong></span> <span class='ocrx_word' id='word_1_292' title='bbox 1545 3242 1665 3309; x_wconf 77' lang='lat' dir='ltr'><strong><em>ﬁnis</em></strong></span> <span class='ocrx_word' id='word_1_293' title='bbox 1691 3257 1861 3294; x_wconf 87' lang='lat' dir='ltr'><strong><em>rerum</em></strong></span> <span class='ocrx_word' id='word_1_294' title='bbox 1881 3238 1982 3292; x_wconf 84' lang='lat' dir='ltr'><strong><em>hu-</em></strong></span> <span class='ocrx_word' id='word_1_295' title='bbox 2091 3245 2322 3313; x_wconf 66' lang='lat' dir='ltr'><strong><em>quaedam</em></strong></span> <span class='ocrx_word' id='word_1_296' title='bbox 2353 3247 2578 3299; x_wconf 88' lang='lat' dir='ltr'><strong><em>nondum</em></strong></span> <span class='ocrx_word' id='word_1_297' title='bbox 2607 3246 2835 3316; x_wconf 82' lang='lat' dir='ltr'><strong><em>evulgato</em></strong></span> <span class='ocrx_word' id='word_1_298' title='bbox 2880 3248 3285 3301; x_wconf 89' lang='lat' dir='ltr'><strong><em>communicasti.</em></strong></span> <span class='ocrx_word' id='word_1_299' title='bbox 3325 3246 3520 3300; x_wconf 86' lang='lat' dir='ltr'><strong><em>Eorum</em></strong></span> <span class='ocrx_word' id='word_1_300' title='bbox 3557 3262 3655 3300; x_wconf 89' lang='lat' dir='ltr'><strong><em>vero</em></strong></span> 
     </span>
    </p>
   </div>
   <div class='ocr_carea' id='block_1_45' title="bbox 398 3333 3657 3405">
    <p class='ocr_par' dir='ltr' id='par_1_45' title="bbox 398 3333 3657 3405">
     <span class='ocr_line' id='line_1_50' title="bbox 398 3333 3657 3405; baseline 0 -13"><span class='ocrx_word' id='word_1_301' title='bbox 398 3354 688 3399; x_wconf 81' lang='lat' dir='ltr'><strong><em>manarunt,</em></strong></span> <span class='ocrx_word' id='word_1_302' title='bbox 738 3337 1139 3389; x_wconf 86' lang='lat' dir='ltr'><strong><em>meminerimus.</em></strong></span> <span class='ocrx_word' id='word_1_303' title='bbox 1174 3333 1358 3388; x_wconf 88' lang='lat' dir='ltr'><strong><em>Fuisse</em></strong></span> <span class='ocrx_word' id='word_1_304' title='bbox 1395 3345 1566 3387; x_wconf 89' lang='lat' dir='ltr'><strong><em>autem</em></strong></span> <span class='ocrx_word' id='word_1_305' title='bbox 1604 3350 1799 3405; x_wconf 86' lang='lat' dir='ltr'><strong><em>semper</em></strong></span> <span class='ocrx_word' id='word_1_306' title='bbox 1823 3336 1987 3403; x_wconf 86' lang='lat' dir='ltr'><strong><em>majo-</em></strong></span> <span class='ocrx_word' id='word_1_307' title='bbox 2095 3336 2241 3389; x_wconf 84' lang='lat' dir='ltr'><strong><em>lectio</em></strong></span> <span class='ocrx_word' id='word_1_308' title='bbox 2274 3352 2351 3389; x_wconf 89' lang='lat' dir='ltr'><strong><em>me</em></strong></span> <span class='ocrx_word' id='word_1_309' title='bbox 2370 3337 2595 3405; x_wconf 90' lang='lat' dir='ltr'><strong><em>impulit,</em></strong></span> <span class='ocrx_word' id='word_1_310' title='bbox 2629 3347 2683 3389; x_wconf 91' lang='lat' dir='ltr'><strong><em>ut</em></strong></span> <span class='ocrx_word' id='word_1_311' title='bbox 2712 3353 2819 3391; x_wconf 89' lang='lat' dir='ltr'><strong><em>eam</em></strong></span> <span class='ocrx_word' id='word_1_312' title='bbox 2847 3338 3111 3393; x_wconf 80' lang='lat' dir='ltr'><strong><em>historiam</em></strong></span> <span class='ocrx_word' id='word_1_313' title='bbox 3149 3340 3300 3392; x_wconf 88' lang='lat' dir='ltr'><strong><em>altius</em></strong></span> <span class='ocrx_word' id='word_1_314' title='bbox 3330 3352 3595 3405; x_wconf 84' lang='lat' dir='ltr'><strong><em>repeterem</em></strong></span> <span class='ocrx_word' id='word_1_315' title='bbox 3617 3348 3657 3392; x_wconf 82' lang='lat' dir='ltr'><strong><em>et</em></strong></span> 
     </span>
    </p>
   </div>
   <div class='ocr_carea' id='block_1_46' title="bbox 399 3412 3660 3501">
    <p class='ocr_par' dir='ltr' id='par_1_46' title="bbox 399 3412 3660 3501">
     <span class='ocr_line' id='line_1_51' title="bbox 399 3412 3660 3501; baseline 0.001 -18"><span class='ocrx_word' id='word_1_316' title='bbox 399 3446 481 3485; x_wconf 86' lang='lat' dir='ltr'><strong><em>res</em></strong></span> <span class='ocrx_word' id='word_1_317' title='bbox 514 3428 761 3483; x_wconf 76' lang='lat' dir='ltr'><strong><em>Ecclesia:</em></strong></span> <span class='ocrx_word' id='word_1_318' title='bbox 792 3443 943 3495; x_wconf 85' lang='lat' dir='ltr'><strong><em>quam</em></strong></span> <span class='ocrx_word' id='word_1_319' title='bbox 978 3426 1272 3494; x_wconf 64' lang='lat' dir='ltr'><strong><em>reipublicae</em></strong></span> <span class='ocrx_word' id='word_1_320' title='bbox 1305 3425 1426 3480; x_wconf 86' lang='lat' dir='ltr'><strong><em>bene</em></strong></span> <span class='ocrx_word' id='word_1_321' title='bbox 1459 3424 1823 3478; x_wconf 73' lang='lat' dir='ltr'><strong><em>constituenda:</em></strong></span> <span class='ocrx_word' id='word_1_322' title='bbox 1848 3412 1991 3493; x_wconf 21' lang='lat' dir='ltr'><strong><em>difﬁ-I</em></strong></span> <span class='ocrx_word' id='word_1_323' title='bbox 2094 3429 2391 3498; x_wconf 88' lang='lat' dir='ltr'><strong><em>diligentius</em></strong></span> <span class='ocrx_word' id='word_1_324' title='bbox 2422 3445 2766 3499; x_wconf 89' lang='lat' dir='ltr'><strong><em>persequerer,</em></strong></span> <span class='ocrx_word' id='word_1_325' title='bbox 2793 3440 2839 3483; x_wconf 90' lang='lat' dir='ltr'><strong><em>et</em></strong></span> <span class='ocrx_word' id='word_1_326' title='bbox 2866 3432 3173 3501; x_wconf 87' lang='lat' dir='ltr'><strong><em>familiarius</em></strong></span> <span class='ocrx_word' id='word_1_327' title='bbox 3213 3448 3535 3500; x_wconf 78' lang='lat' dir='ltr'><strong><em>exponerem.</em></strong></span> <span class='ocrx_word' id='word_1_328' title='bbox 3562 3448 3660 3485; x_wconf 78' lang='lat' dir='ltr'><strong><em>cum</em></strong></span> 
     </span>
    </p>
   </div>
   <div class='ocr_carea' id='block_1_47' title="bbox 407 3516 3661 3593">
    <p class='ocr_par' dir='ltr' id='par_1_47' title="bbox 407 3516 3661 3593">
     <span class='ocr_line' id='line_1_52' title="bbox 407 3516 3661 3593; baseline -0.001 -15"><span class='ocrx_word' id='word_1_329' title='bbox 407 3524 623 3593; x_wconf 84' lang='lat' dir='ltr'><strong><em>cultates</em></strong></span> <span class='ocrx_word' id='word_1_330' title='bbox 652 3538 751 3575; x_wconf 89' lang='lat' dir='ltr'><strong><em>non</em></strong></span> <span class='ocrx_word' id='word_1_331' title='bbox 779 3536 1043 3591; x_wconf 89' lang='lat' dir='ltr'><strong><em>negamus,</em></strong></span> <span class='ocrx_word' id='word_1_332' title='bbox 1076 3534 1236 3588; x_wconf 89' lang='lat' dir='ltr'><strong><em>neque</em></strong></span> <span class='ocrx_word' id='word_1_333' title='bbox 1264 3518 1317 3570; x_wconf 88' lang='lat' dir='ltr'><strong><em>in</em></strong></span> <span class='ocrx_word' id='word_1_334' title='bbox 1343 3516 1441 3571; x_wconf 90' lang='lat' dir='ltr'><strong><em>ista</em></strong></span> <span class='ocrx_word' id='word_1_335' title='bbox 1468 3518 1695 3585; x_wconf 88' lang='lat' dir='ltr'><strong><em>corrupti</em></strong></span> <span class='ocrx_word' id='word_1_336' title='bbox 1728 3516 1861 3571; x_wconf 89' lang='lat' dir='ltr'><strong><em>orbis</em></strong></span> <span class='ocrx_word' id='word_1_337' title='bbox 1886 3525 1989 3568; x_wconf 82' lang='lat' dir='ltr'><strong><em>ter-</em></strong></span> <span class='ocrx_word' id='word_1_338' title='bbox 2097 3519 2320 3572; x_wconf 81' lang='lat' dir='ltr'><strong><em>historia:</em></strong></span> <span class='ocrx_word' id='word_1_339' title='bbox 2348 3518 2738 3586; x_wconf 75' lang='lat' dir='ltr'><strong><em>Ecclesiasticw,</em></strong></span> <span class='ocrx_word' id='word_1_340' title='bbox 2768 3523 2915 3592; x_wconf 83' lang='lat' dir='ltr'><strong><em>cujus</em></strong></span> <span class='ocrx_word' id='word_1_341' title='bbox 2941 3521 3221 3574; x_wconf 83' lang='lat' dir='ltr'><strong><em>studiosum</em></strong></span> <span class='ocrx_word' id='word_1_342' title='bbox 3244 3538 3353 3575; x_wconf 69' lang='lat' dir='ltr'><strong><em>esse</em></strong></span> <span class='ocrx_word' id='word_1_343' title='bbox 3384 3538 3461 3575; x_wconf 89' lang='lat' dir='ltr'><strong><em>me</em></strong></span> <span class='ocrx_word' id='word_1_344' title='bbox 3482 3523 3661 3575; x_wconf 79' lang='lat' dir='ltr'><strong><em>noniu-</em></strong></span> 
     </span>
    </p>
   </div>
   <div class='ocr_carea' id='block_1_48' title="bbox 402 3609 3660 3683">
    <p class='ocr_par' dir='ltr' id='par_1_48' title="bbox 402 3609 3660 3683">
     <span class='ocr_line' id='line_1_53' title="bbox 402 3609 3660 3683; baseline -0.002 -12"><span class='ocrx_word' id='word_1_345' title='bbox 402 3633 579 3671; x_wconf 89' lang='lat' dir='ltr'><strong><em>rarum</em></strong></span> <span class='ocrx_word' id='word_1_346' title='bbox 606 3615 893 3670; x_wconf 82' lang='lat' dir='ltr'><strong><em>colluvione</em></strong></span> <span class='ocrx_word' id='word_1_347' title='bbox 925 3614 1171 3667; x_wconf 89' lang='lat' dir='ltr'><strong><em>miramur</em></strong></span> <span class='ocrx_word' id='word_1_348' title='bbox 1198 3621 1299 3664; x_wconf 90' lang='lat' dir='ltr'><strong><em>tam</em></strong></span> <span class='ocrx_word' id='word_1_349' title='bbox 1334 3626 1549 3678; x_wconf 88' lang='lat' dir='ltr'><strong><em>magnas</em></strong></span> <span class='ocrx_word' id='word_1_350' title='bbox 1586 3625 1781 3679; x_wconf 88' lang='lat' dir='ltr'><strong><em>semper</em></strong></span> <span class='ocrx_word' id='word_1_351' title='bbox 1814 3609 1989 3680; x_wconf 90' lang='lat' dir='ltr'><strong><em>fuisse,</em></strong></span> <span class='ocrx_word' id='word_1_352' title='bbox 2098 3612 2262 3681; x_wconf 83' lang='lat' dir='ltr'><strong><em>ficior,</em></strong></span> <span class='ocrx_word' id='word_1_353' title='bbox 2293 3628 2393 3664; x_wconf 89' lang='lat' dir='ltr'><strong><em>non</em></strong></span> <span class='ocrx_word' id='word_1_354' title='bbox 2416 3612 2687 3683; x_wconf 82' lang='lat' dir='ltr'><strong><em>ignobilem</em></strong></span> <span class='ocrx_word' id='word_1_355' title='bbox 2722 3623 2913 3682; x_wconf 87' lang='lat' dir='ltr'><strong><em>partem</em></strong></span> <span class='ocrx_word' id='word_1_356' title='bbox 2941 3629 3050 3666; x_wconf 88' lang='lat' dir='ltr'><strong><em>esse</em></strong></span> <span class='ocrx_word' id='word_1_357' title='bbox 3078 3614 3336 3678; x_wconf 82' lang='lat' dir='ltr'><strong><em>sentirem,</em></strong></span> <span class='ocrx_word' id='word_1_358' title='bbox 3367 3624 3411 3667; x_wconf 92' lang='lat' dir='ltr'><strong><em>et</em></strong></span> <span class='ocrx_word' id='word_1_359' title='bbox 3442 3614 3548 3683; x_wconf 80' lang='lat' dir='ltr'><strong><em>ejus</em></strong></span> <span class='ocrx_word' id='word_1_360' title='bbox 3572 3628 3660 3665; x_wconf 83' lang='lat' dir='ltr'><strong><em>me-</em></strong></span> 
     </span>
    </p>
   </div>
   <div class='ocr_carea' id='block_1_49' title="bbox 405 3698 3663 3775">
    <p class='ocr_par' dir='ltr' id='par_1_49' title="bbox 405 3698 3663 3775">
     <span class='ocr_line' id='line_1_54' title="bbox 405 3698 3663 3775; baseline -0.002 -12"><span class='ocrx_word' id='word_1_361' title='bbox 405 3726 518 3763; x_wconf 90' lang='lat' dir='ltr'><strong><em>cum</em></strong></span> <span class='ocrx_word' id='word_1_362' title='bbox 552 3709 829 3761; x_wconf 86' lang='lat' dir='ltr'><strong><em>etiamnum</em></strong></span> <span class='ocrx_word' id='word_1_363' title='bbox 858 3705 1102 3759; x_wconf 87' lang='lat' dir='ltr'><strong><em>acerrime</em></strong></span> <span class='ocrx_word' id='word_1_364' title='bbox 1125 3703 1451 3773; x_wconf 87' lang='lat' dir='ltr'><strong><em>disceptetur,</em></strong></span> <span class='ocrx_word' id='word_1_365' title='bbox 1481 3701 1604 3772; x_wconf 89' lang='lat' dir='ltr'><strong><em>quid</em></strong></span> <span class='ocrx_word' id='word_1_366' title='bbox 1634 3711 1679 3754; x_wconf 91' lang='lat' dir='ltr'><strong><em>et</em></strong></span> <span class='ocrx_word' id='word_1_367' title='bbox 1707 3701 1791 3753; x_wconf 89' lang='lat' dir='ltr'><strong><em>ubi</em></strong></span> <span class='ocrx_word' id='word_1_368' title='bbox 1819 3698 1996 3753; x_wconf 86' lang='lat' dir='ltr'><strong><em>Eccle-</em></strong></span> <span class='ocrx_word' id='word_1_369' title='bbox 2100 3704 2312 3756; x_wconf 82' lang='lat' dir='ltr'><strong><em>moriam</em></strong></span> <span class='ocrx_word' id='word_1_370' title='bbox 2342 3705 2477 3757; x_wconf 86' lang='lat' dir='ltr'><strong><em>hisce</em></strong></span> <span class='ocrx_word' id='word_1_371' title='bbox 2507 3704 2811 3775; x_wconf 88' lang='lat' dir='ltr'><strong><em>temporibus</em></strong></span> <span class='ocrx_word' id='word_1_372' title='bbox 2837 3704 2983 3758; x_wconf 86' lang='lat' dir='ltr'><strong><em>valde</em></strong></span> <span class='ocrx_word' id='word_1_373' title='bbox 3011 3704 3183 3759; x_wconf 88' lang='lat' dir='ltr'><strong><em>utilem</em></strong></span> <span class='ocrx_word' id='word_1_374' title='bbox 3215 3720 3320 3759; x_wconf 89' lang='lat' dir='ltr'><strong><em>esse</em></strong></span> <span class='ocrx_word' id='word_1_375' title='bbox 3342 3721 3489 3772; x_wconf 83' lang='lat' dir='ltr'><strong><em>posse</em></strong></span> <span class='ocrx_word' id='word_1_376' title='bbox 3510 3704 3663 3758; x_wconf 68' lang='lat' dir='ltr'><strong><em>existi-</em></strong></span> 
     </span>
    </p>
   </div>
   <div class='ocr_carea' id='block_1_50' title="bbox 408 3792 3663 3869">
    <p class='ocr_par' dir='ltr' id='par_1_50' title="bbox 408 3792 3663 3869">
     <span class='ocr_line' id='line_1_55' title="bbox 408 3792 3663 3869; baseline -0.002 -15"><span class='ocrx_word' id='word_1_377' title='bbox 408 3804 487 3855; x_wconf 88' lang='lat' dir='ltr'><strong><em>sia</em></strong></span> <span class='ocrx_word' id='word_1_378' title='bbox 515 3802 601 3864; x_wconf 90' lang='lat' dir='ltr'><strong><em>sit,</em></strong></span> <span class='ocrx_word' id='word_1_379' title='bbox 639 3810 684 3853; x_wconf 88' lang='lat' dir='ltr'><strong><em>et</em></strong></span> <span class='ocrx_word' id='word_1_380' title='bbox 716 3814 949 3869; x_wconf 80' lang='lat' dir='ltr'><strong><em>quamam</em></strong></span> <span class='ocrx_word' id='word_1_381' title='bbox 985 3806 1074 3849; x_wconf 91' lang='lat' dir='ltr'><strong><em>aut</em></strong></span> <span class='ocrx_word' id='word_1_382' title='bbox 1111 3812 1171 3849; x_wconf 91' lang='lat' dir='ltr'><strong><em>ea</em></strong></span> <span class='ocrx_word' id='word_1_383' title='bbox 1196 3796 1278 3859; x_wconf 90' lang='lat' dir='ltr'><strong><em>sit,</em></strong></span> <span class='ocrx_word' id='word_1_384' title='bbox 1311 3807 1399 3847; x_wconf 87' lang='lat' dir='ltr'><strong><em>aut</em></strong></span> <span class='ocrx_word' id='word_1_385' title='bbox 1427 3795 1538 3862; x_wconf 86' lang='lat' dir='ltr'><strong><em>ejus</em></strong></span> <span class='ocrx_word' id='word_1_386' title='bbox 1565 3794 1732 3861; x_wconf 85' lang='lat' dir='ltr'><strong><em>forma</em></strong></span> <span class='ocrx_word' id='word_1_387' title='bbox 1775 3808 1882 3847; x_wconf 84' lang='lat' dir='ltr'><strong><em>esse</em></strong></span> <span class='ocrx_word' id='word_1_388' title='bbox 1908 3792 2017 3856; x_wconf 60' lang='lat' dir='ltr'><strong><em>de_-&#39;</em></strong></span> <span class='ocrx_word' id='word_1_389' title='bbox 2102 3794 2325 3850; x_wconf 57' lang='lat' dir='ltr'><strong><em>marem}</em></strong></span> <span class='ocrx_word' id='word_1_390' title='bbox 2353 3795 2433 3848; x_wconf 79' lang='lat' dir='ltr'><strong><em>Ad</em></strong></span> <span class='ocrx_word' id='word_1_391' title='bbox 2459 3812 2609 3865; x_wconf 89' lang='lat' dir='ltr'><strong><em>quem</em></strong></span> <span class='ocrx_word' id='word_1_392' title='bbox 2638 3806 2806 3850; x_wconf 89' lang='lat' dir='ltr'><strong><em>autem</em></strong></span> <span class='ocrx_word' id='word_1_393' title='bbox 2840 3812 2952 3851; x_wconf 88' lang='lat' dir='ltr'><strong><em>eam</em></strong></span> <span class='ocrx_word' id='word_1_394' title='bbox 2976 3800 3240 3866; x_wconf 84' lang='lat' dir='ltr'><strong><em>referrem,</em></strong></span> <span class='ocrx_word' id='word_1_395' title='bbox 3276 3797 3471 3850; x_wconf 89' lang='lat' dir='ltr'><strong><em>diutius</em></strong></span> <span class='ocrx_word' id='word_1_396' title='bbox 3506 3798 3663 3850; x_wconf 80' lang='lat' dir='ltr'><strong><em>delibe-</em></strong></span> 
     </span>
    </p>
   </div>
   <div class='ocr_carea' id='block_1_51' title="bbox 320 3885 3664 3958">
    <p class='ocr_par' dir='ltr' id='par_1_51' title="bbox 320 3885 3664 3958">
     <span class='ocr_line' id='line_1_56' title="bbox 320 3885 3664 3958; baseline -0.002 -11"><span class='ocrx_word' id='word_1_397' title='bbox 320 3912 321 3915; x_wconf 63' lang='lat'>‘</span> <span class='ocrx_word' id='word_1_398' title='bbox 412 3894 542 3947; x_wconf 90' lang='lat' dir='ltr'><strong><em>beat.</em></strong></span> <span class='ocrx_word' id='word_1_399' title='bbox 577 3890 705 3946; x_wconf 66' lang='lat' dir='ltr'><strong><em>Haec</em></strong></span> <span class='ocrx_word' id='word_1_400' title='bbox 752 3906 869 3945; x_wconf 89' lang='lat' dir='ltr'><strong><em>vero</em></strong></span> <span class='ocrx_word' id='word_1_401' title='bbox 910 3890 1121 3958; x_wconf 68' lang='lat' dir='ltr'><strong><em>quaestio</em></strong></span> <span class='ocrx_word' id='word_1_402' title='bbox 1159 3895 1298 3941; x_wconf 90' lang='lat' dir='ltr'><strong><em>tanto</em></strong></span> <span class='ocrx_word' id='word_1_403' title='bbox 1327 3889 1495 3957; x_wconf 88' lang='lat' dir='ltr'><strong><em>major</em></strong></span> <span class='ocrx_word' id='word_1_404' title='bbox 1521 3896 1610 3951; x_wconf 89' lang='lat' dir='ltr'><strong><em>est,</em></strong></span> <span class='ocrx_word' id='word_1_405' title='bbox 1653 3903 1751 3955; x_wconf 90' lang='lat' dir='ltr'><strong><em>quo</em></strong></span> <span class='ocrx_word' id='word_1_406' title='bbox 1791 3885 2001 3957; x_wconf 85' lang='lat' dir='ltr'><strong><em>majoris</em></strong></span> <span class='ocrx_word' id='word_1_407' title='bbox 2104 3886 2323 3939; x_wconf 89' lang='lat' dir='ltr'><strong><em>randum</em></strong></span> <span class='ocrx_word' id='word_1_408' title='bbox 2353 3902 2456 3939; x_wconf 91' lang='lat' dir='ltr'><strong><em>non</em></strong></span> <span class='ocrx_word' id='word_1_409' title='bbox 2494 3903 2600 3940; x_wconf 83' lang='lat' dir='ltr'><strong><em>esse</em></strong></span> <span class='ocrx_word' id='word_1_410' title='bbox 2644 3888 2949 3955; x_wconf 72' lang='lat' dir='ltr'><strong><em>existimavi,</em></strong></span> <span class='ocrx_word' id='word_1_411' title='bbox 2994 3904 3106 3941; x_wconf 91' lang='lat' dir='ltr'><strong><em>cum</em></strong></span> <span class='ocrx_word' id='word_1_412' title='bbox 3148 3896 3201 3940; x_wconf 93' lang='lat' dir='ltr'><strong><em>tu</em></strong></span> <span class='ocrx_word' id='word_1_413' title='bbox 3247 3904 3552 3951; x_wconf 86' lang='lat' dir='ltr'><strong><em>occurreres,</em></strong></span> <span class='ocrx_word' id='word_1_414' title='bbox 3593 3889 3664 3957; x_wconf 69' lang='lat' dir='ltr'><strong><em>qui</em></strong></span> 
     </span>
    </p>
   </div>
   <div class='ocr_carea' id='block_1_52' title="bbox 413 3975 3666 4059">
    <p class='ocr_par' dir='ltr' id='par_1_52' title="bbox 413 3975 3666 4059">
     <span class='ocr_line' id='line_1_57' title="bbox 413 3975 3666 4059; baseline -0.002 -18"><span class='ocrx_word' id='word_1_415' title='bbox 413 3987 652 4059; x_wconf 87' lang='lat' dir='ltr'><strong><em>ponderis</em></strong></span> <span class='ocrx_word' id='word_1_416' title='bbox 674 3995 720 4039; x_wconf 89' lang='lat' dir='ltr'><strong><em>et</em></strong></span> <span class='ocrx_word' id='word_1_417' title='bbox 752 3984 991 4039; x_wconf 88' lang='lat' dir='ltr'><strong><em>momenti</em></strong></span> <span class='ocrx_word' id='word_1_418' title='bbox 1026 4000 1131 4037; x_wconf 89' lang='lat' dir='ltr'><strong><em>rem</em></strong></span> <span class='ocrx_word' id='word_1_419' title='bbox 1157 3998 1265 4037; x_wconf 88' lang='lat' dir='ltr'><strong><em>esse</em></strong></span> <span class='ocrx_word' id='word_1_420' title='bbox 1305 3990 1501 4037; x_wconf 87' lang='lat' dir='ltr'><strong><em>constat</em></strong></span> <span class='ocrx_word' id='word_1_421' title='bbox 1534 3996 1552 4035; x_wconf 90' lang='lat'><strong><em>:</em></strong></span> <span class='ocrx_word' id='word_1_422' title='bbox 1578 3986 1622 4034; x_wconf 86' lang='lat' dir='ltr'><strong><em>et</em></strong></span> <span class='ocrx_word' id='word_1_423' title='bbox 1654 3980 1899 4035; x_wconf 74' lang='lat' dir='ltr'><strong><em>Ecclesia:</em></strong></span> <span class='ocrx_word' id='word_1_424' title='bbox 1920 3997 2003 4032; x_wconf 85' lang='lat' dir='ltr'><strong><em>sa-</em></strong></span> <span class='ocrx_word' id='word_1_425' title='bbox 2036 4022 2039 4023; x_wconf 43' lang='grc' dir='ltr'><em>ν</em></span> <span class='ocrx_word' id='word_1_426' title='bbox 2096 3975 2283 4033; x_wconf 50' lang='lat' dir='ltr'><strong><em>‘auctor</em></strong></span> <span class='ocrx_word' id='word_1_427' title='bbox 2308 3990 2357 4033; x_wconf 86' lang='lat' dir='ltr'><strong><em>at</em></strong></span> <span class='ocrx_word' id='word_1_428' title='bbox 2387 3984 2599 4052; x_wconf 89' lang='lat' dir='ltr'><strong><em>adjutor</em></strong></span> <span class='ocrx_word' id='word_1_429' title='bbox 2628 3982 2789 4051; x_wconf 87' lang='lat' dir='ltr'><strong><em>fuisti,</em></strong></span> <span class='ocrx_word' id='word_1_430' title='bbox 2831 3991 2884 4034; x_wconf 91' lang='lat' dir='ltr'><strong><em>ut</em></strong></span> <span class='ocrx_word' id='word_1_431' title='bbox 2912 3983 3134 4051; x_wconf 86' lang='lat' dir='ltr'><strong><em>aliquam</em></strong></span> <span class='ocrx_word' id='word_1_432' title='bbox 3166 3982 3285 4035; x_wconf 90' lang='lat' dir='ltr'><strong><em>huic</em></strong></span> <span class='ocrx_word' id='word_1_433' title='bbox 3325 3981 3666 4035; x_wconf 81' lang='lat' dir='ltr'><strong><em>commentario</em></strong></span> 
     </span>
    </p>
   </div>
   <div class='ocr_carea' id='block_1_53' title="bbox 412 4072 3665 4155">
    <p class='ocr_par' dir='ltr' id='par_1_53' title="bbox 412 4072 3665 4155">
     <span class='ocr_line' id='line_1_58' title="bbox 412 4072 3665 4155; baseline -0.002 -21"><span class='ocrx_word' id='word_1_434' title='bbox 412 4081 536 4143; x_wconf 81' lang='lat' dir='ltr'><strong><em>lute,</em></strong></span> <span class='ocrx_word' id='word_1_435' title='bbox 558 4076 851 4147; x_wconf 75' lang='lat' dir='ltr'><strong><em>reipublica:</em></strong></span> <span class='ocrx_word' id='word_1_436' title='bbox 879 4076 1092 4129; x_wconf 89' lang='lat' dir='ltr'><strong><em>salutem</em></strong></span> <span class='ocrx_word' id='word_1_437' title='bbox 1122 4075 1367 4155; x_wconf 86' lang='lat' dir='ltr'><strong><em>contineri</em></strong></span> <span class='ocrx_word' id='word_1_438' title='bbox 1409 4075 1483 4144; x_wconf 90' lang='lat' dir='ltr'><strong><em>(ut</em></strong></span> <span class='ocrx_word' id='word_1_439' title='bbox 1511 4084 1556 4127; x_wconf 91' lang='lat' dir='ltr'><strong><em>et</em></strong></span> <span class='ocrx_word' id='word_1_440' title='bbox 1581 4073 1722 4127; x_wconf 89' lang='lat' dir='ltr'><strong><em>illius</em></strong></span> <span class='ocrx_word' id='word_1_441' title='bbox 1744 4073 2003 4142; x_wconf 86' lang='lat' dir='ltr'><strong><em>perturba—</em></strong></span> <span class='ocrx_word' id='word_1_442' title='bbox 2108 4087 2312 4143; x_wconf 87' lang='lat' dir='ltr'><strong><em>operam</em></strong></span> <span class='ocrx_word' id='word_1_443' title='bbox 2357 4072 2565 4127; x_wconf 86' lang='lat' dir='ltr'><strong><em>darem:</em></strong></span> <span class='ocrx_word' id='word_1_444' title='bbox 2595 4080 2639 4126; x_wconf 81' lang='lat' dir='ltr'><strong><em>et</em></strong></span> <span class='ocrx_word' id='word_1_445' title='bbox 2678 4075 2886 4128; x_wconf 86' lang='lat' dir='ltr'><strong><em>idoneus</em></strong></span> <span class='ocrx_word' id='word_1_446' title='bbox 2922 4076 3173 4145; x_wconf 87' lang='lat' dir='ltr'><strong><em>imprimis</em></strong></span> <span class='ocrx_word' id='word_1_447' title='bbox 3207 4076 3279 4130; x_wconf 85' lang='lat' dir='ltr'><strong><em>sis</em></strong></span> <span class='ocrx_word' id='word_1_448' title='bbox 3298 4076 3466 4146; x_wconf 68' lang='lat' dir='ltr'><strong><em>judex</em></strong></span> <span class='ocrx_word' id='word_1_449' title='bbox 3506 4074 3665 4128; x_wconf 84' lang='lat' dir='ltr'><strong><em>harum</em></strong></span> 
     </span>
    </p>
   </div>
   <div class='ocr_carea' id='block_1_54' title="bbox 415 4162 3666 4241">
    <p class='ocr_par' dir='ltr' id='par_1_54' title="bbox 415 4162 3666 4241">
     <span class='ocr_line' id='line_1_59' title="bbox 415 4162 3666 4241; baseline -0.003 -15"><span class='ocrx_word' id='word_1_450' title='bbox 415 4172 599 4226; x_wconf 89' lang='lat' dir='ltr'><strong><em>tionem</em></strong></span> <span class='ocrx_word' id='word_1_451' title='bbox 626 4170 780 4239; x_wconf 85' lang='lat' dir='ltr'><strong><em>hujus</em></strong></span> <span class='ocrx_word' id='word_1_452' title='bbox 805 4186 1003 4239; x_wconf 88' lang='lat' dir='ltr'><strong><em>quoque</em></strong></span> <span class='ocrx_word' id='word_1_453' title='bbox 1019 4170 1330 4237; x_wconf 85' lang='lat' dir='ltr'><strong><em>perturbatio</em></strong></span> <span class='ocrx_word' id='word_1_454' title='bbox 1360 4168 1630 4237; x_wconf 89' lang='lat' dir='ltr'><strong><em>sequitur),</em></strong></span> <span class='ocrx_word' id='word_1_455' title='bbox 1649 4183 1847 4222; x_wconf 89' lang='lat' dir='ltr'><strong><em>necesse</em></strong></span> <span class='ocrx_word' id='word_1_456' title='bbox 1868 4178 1934 4221; x_wconf 86' lang='lat' dir='ltr'><strong><em>est</em></strong></span> <span class='ocrx_word' id='word_1_457' title='bbox 1955 4176 2007 4219; x_wconf 91' lang='lat' dir='ltr'><strong><em>ut</em></strong></span> <span class='ocrx_word' id='word_1_458' title='bbox 2045 4234 2056 4241; x_wconf 38' lang='grc' dir='ltr'><strong>ο</strong></span> <span class='ocrx_word' id='word_1_459' title='bbox 2110 4180 2276 4218; x_wconf 85' lang='lat' dir='ltr'><strong><em>rerum</em></strong></span> <span class='ocrx_word' id='word_1_460' title='bbox 2312 4176 2359 4219; x_wconf 92' lang='lat' dir='ltr'><strong><em>et</em></strong></span> <span class='ocrx_word' id='word_1_461' title='bbox 2408 4167 2759 4236; x_wconf 89' lang='lat' dir='ltr'><strong><em>antiquitatum</em></strong></span> <span class='ocrx_word' id='word_1_462' title='bbox 2790 4162 3265 4221; x_wconf 81' lang='lat' dir='ltr'><strong><em>Ecclesiasticarum</em></strong></span> <span class='ocrx_word' id='word_1_463' title='bbox 3295 4183 3453 4237; x_wconf 86' lang='lat' dir='ltr'><strong><em>neque</em></strong></span> <span class='ocrx_word' id='word_1_464' title='bbox 3482 4183 3576 4220; x_wconf 85' lang='lat' dir='ltr'><strong><em>non</em></strong></span> <span class='ocrx_word' id='word_1_465' title='bbox 3610 4165 3666 4218; x_wconf 89' lang='lat' dir='ltr'><strong><em>ad</em></strong></span> 
     </span>
    </p>
   </div>
   <div class='ocr_carea' id='block_1_55' title="bbox 416 4260 2005 4335">
    <p class='ocr_par' dir='ltr' id='par_1_55' title="bbox 416 4260 2005 4335">
     <span class='ocr_line' id='line_1_60' title="bbox 416 4260 2005 4335; baseline -0.003 -18"><span class='ocrx_word' id='word_1_466' title='bbox 416 4278 750 4335; x_wconf 88' lang='lat' dir='ltr'><strong><em>agnoscamus</em></strong></span> <span class='ocrx_word' id='word_1_467' title='bbox 773 4279 792 4315; x_wconf 87' lang='lat'><strong><em>:</em></strong></span> <span class='ocrx_word' id='word_1_468' title='bbox 807 4278 904 4333; x_wconf 88' lang='lat' dir='ltr'><strong><em>quo</em></strong></span> <span class='ocrx_word' id='word_1_469' title='bbox 925 4264 1083 4332; x_wconf 88' lang='lat' dir='ltr'><strong><em>magis</em></strong></span> <span class='ocrx_word' id='word_1_470' title='bbox 1104 4273 1151 4315; x_wconf 91' lang='lat' dir='ltr'><strong><em>et</em></strong></span> <span class='ocrx_word' id='word_1_471' title='bbox 1169 4272 1431 4329; x_wconf 86' lang='lat' dir='ltr'><strong><em>utramque</em></strong></span> <span class='ocrx_word' id='word_1_472' title='bbox 1445 4260 1637 4314; x_wconf 86' lang='lat' dir='ltr'><strong><em>salvam</em></strong></span> <span class='ocrx_word' id='word_1_473' title='bbox 1653 4276 1758 4315; x_wconf 90' lang='lat' dir='ltr'><strong><em>esse</em></strong></span> <span class='ocrx_word' id='word_1_474' title='bbox 1774 4260 2005 4325; x_wconf 81' lang='lat' dir='ltr'><strong><em>velimus,</em></strong></span> 
     </span>
    </p>
   </div>
   <div class='ocr_carea' id='block_1_56' title="bbox 419 4353 2012 4423">
    <p class='ocr_par' dir='ltr' id='par_1_56' title="bbox 419 4353 2012 4423">
     <span class='ocr_line' id='line_1_61' title="bbox 419 4353 2012 4423; baseline -0.003 -14"><span class='ocrx_word' id='word_1_475' title='bbox 419 4364 466 4409; x_wconf 88' lang='lat' dir='ltr'><strong><em>et</em></strong></span> <span class='ocrx_word' id='word_1_476' title='bbox 479 4354 742 4423; x_wconf 85' lang='lat' dir='ltr'><strong><em>utriusque</em></strong></span> <span class='ocrx_word' id='word_1_477' title='bbox 756 4353 1016 4406; x_wconf 78' lang='lat' dir='ltr'><strong><em>servanda:</em></strong></span> <span class='ocrx_word' id='word_1_478' title='bbox 1030 4353 1276 4407; x_wconf 89' lang='lat' dir='ltr'><strong><em>rationem</em></strong></span> <span class='ocrx_word' id='word_1_479' title='bbox 1289 4363 1567 4417; x_wconf 86' lang='lat' dir='ltr'><strong><em>teneamus,</em></strong></span> <span class='ocrx_word' id='word_1_480' title='bbox 1582 4353 1881 4421; x_wconf 84' lang='lat' dir='ltr'><strong><em>quicumque</em></strong></span> <span class='ocrx_word' id='word_1_481' title='bbox 1900 4366 2012 4417; x_wconf 83' lang='lat' dir='ltr'><strong><em>pro-</em></strong></span> 
     </span>
    </p>
   </div>
   <div class='ocr_carea' id='block_1_57' title="bbox 421 4442 2007 4513">
    <p class='ocr_par' dir='ltr' id='par_1_57' title="bbox 421 4442 2007 4513">
     <span class='ocr_line' id='line_1_62' title="bbox 421 4442 2007 4513; baseline -0.003 -15"><span class='ocrx_word' id='word_1_482' title='bbox 421 4445 685 4513; x_wconf 82' lang='lat' dir='ltr'><strong><em>spicimus,</em></strong></span> <span class='ocrx_word' id='word_1_483' title='bbox 732 4444 898 4512; x_wconf 88' lang='lat' dir='ltr'><strong><em>qualis</em></strong></span> <span class='ocrx_word' id='word_1_484' title='bbox 941 4442 1131 4513; x_wconf 89' lang='lat' dir='ltr'><strong><em>alioqui</em></strong></span> <span class='ocrx_word' id='word_1_485' title='bbox 1170 4443 1369 4512; x_wconf 88' lang='lat' dir='ltr'><strong><em>utrique</em></strong></span> <span class='ocrx_word' id='word_1_486' title='bbox 1401 4443 1691 4509; x_wconf 86' lang='lat' dir='ltr'><strong><em>impendeat</em></strong></span> <span class='ocrx_word' id='word_1_487' title='bbox 1722 4442 2007 4496; x_wconf 87' lang='lat' dir='ltr'><strong><em>calamitas.</em></strong></span> 
     </span>
    </p>
   </div>
   <div class='ocr_carea' id='block_1_58' title="bbox 2114 4259 3667 4330">
    <p class='ocr_par' dir='ltr' id='par_1_58' title="bbox 2114 4259 3667 4330">
     <span class='ocr_line' id='line_1_63' title="bbox 2114 4259 3667 4330; baseline 0.001 -19"><span class='ocrx_word' id='word_1_488' title='bbox 2114 4259 2383 4329; x_wconf 82' lang='lat' dir='ltr'><strong><em>Augustini</em></strong></span> <span class='ocrx_word' id='word_1_489' title='bbox 2411 4262 2683 4329; x_wconf 89' lang='lat' dir='ltr'><strong><em>quamdam</em></strong></span> <span class='ocrx_word' id='word_1_490' title='bbox 2712 4262 3041 4314; x_wconf 89' lang='lat' dir='ltr'><strong><em>imitationem</em></strong></span> <span class='ocrx_word' id='word_1_491' title='bbox 3070 4270 3117 4313; x_wconf 90' lang='lat' dir='ltr'><strong><em>te</em></strong></span> <span class='ocrx_word' id='word_1_492' title='bbox 3136 4276 3404 4330; x_wconf 86' lang='lat' dir='ltr'><strong><em>compares</em></strong></span> <span class='ocrx_word' id='word_1_493' title='bbox 3434 4277 3453 4313; x_wconf 87' lang='lat'><em>:</em></span> <span class='ocrx_word' id='word_1_494' title='bbox 3482 4260 3667 4327; x_wconf 80' lang='lat' dir='ltr'><strong><em>denique</em></strong></span> 
     </span>
    </p>
   </div>
   <div class='ocr_carea' id='block_1_59' title="bbox 2112 4349 3668 4423">
    <p class='ocr_par' dir='ltr' id='par_1_59' title="bbox 2112 4349 3668 4423">
     <span class='ocr_line' id='line_1_64' title="bbox 2112 4349 3668 4423; baseline 0.001 -20"><span class='ocrx_word' id='word_1_495' title='bbox 2112 4350 2245 4404; x_wconf 84' lang='lat' dir='ltr'><strong><em>venit</em></strong></span> <span class='ocrx_word' id='word_1_496' title='bbox 2274 4352 2325 4403; x_wconf 91' lang='lat' dir='ltr'><strong><em>in</em></strong></span> <span class='ocrx_word' id='word_1_497' title='bbox 2355 4362 2591 4415; x_wconf 85' lang='lat' dir='ltr'><strong><em>mentem,</em></strong></span> <span class='ocrx_word' id='word_1_498' title='bbox 2622 4368 2721 4405; x_wconf 91' lang='lat' dir='ltr'><strong><em>non</em></strong></span> <span class='ocrx_word' id='word_1_499' title='bbox 2750 4352 2913 4406; x_wconf 89' lang='lat' dir='ltr'><strong><em>solum</em></strong></span> <span class='ocrx_word' id='word_1_500' title='bbox 2941 4351 3309 4423; x_wconf 88' lang='lat' dir='ltr'><strong><em>rempublicam</em></strong></span> <span class='ocrx_word' id='word_1_501' title='bbox 3333 4362 3381 4406; x_wconf 90' lang='lat' dir='ltr'><strong><em>et</em></strong></span> <span class='ocrx_word' id='word_1_502' title='bbox 3411 4349 3668 4405; x_wconf 76' lang='lat' dir='ltr'><strong><em>Ecclesium</em></strong></span> 
     </span>
    </p>
   </div>
   <div class='ocr_carea' id='block_1_60' title="bbox 2118 4443 3669 4512">
    <p class='ocr_par' dir='ltr' id='par_1_60' title="bbox 2118 4443 3669 4512">
     <span class='ocr_line' id='line_1_65' title="bbox 2118 4443 3669 4512; baseline -0.001 -16"><span class='ocrx_word' id='word_1_503' title='bbox 2118 4444 2391 4512; x_wconf 88' lang='lat' dir='ltr'><strong><em>plurimum</em></strong></span> <span class='ocrx_word' id='word_1_504' title='bbox 2434 4444 2525 4496; x_wconf 84' lang='lat' dir='ltr'><strong><em>tibi</em></strong></span> <span class='ocrx_word' id='word_1_505' title='bbox 2567 4444 2761 4508; x_wconf 86' lang='lat' dir='ltr'><strong><em>debere,</em></strong></span> <span class='ocrx_word' id='word_1_506' title='bbox 2798 4445 2900 4497; x_wconf 63' lang='lat' dir='ltr'><strong><em>&#39;sed</em></strong></span> <span class='ocrx_word' id='word_1_507' title='bbox 2935 4453 2979 4496; x_wconf 90' lang='lat' dir='ltr'><strong><em>et</em></strong></span> <span class='ocrx_word' id='word_1_508' title='bbox 3022 4444 3256 4512; x_wconf 87' lang='lat' dir='ltr'><strong><em>privatim</em></strong></span> <span class='ocrx_word' id='word_1_509' title='bbox 3285 4459 3365 4497; x_wconf 90' lang='lat' dir='ltr'><strong><em>me</em></strong></span> <span class='ocrx_word' id='word_1_510' title='bbox 3394 4443 3482 4496; x_wconf 85' lang='lat' dir='ltr'><strong><em>tibi</em></strong></span> <span class='ocrx_word' id='word_1_511' title='bbox 3523 4444 3669 4497; x_wconf 88' lang='lat' dir='ltr'><strong><em>multis</em></strong></span> 
     </span>
    </p>
   </div>
   <div class='ocr_carea' id='block_1_61' title="bbox 428 4533 3667 4605">
    <p class='ocr_par' dir='ltr' id='par_1_61' title="bbox 428 4533 3667 4605">
     <span class='ocr_line' id='line_1_66' title="bbox 428 4533 3667 4605; baseline -0 -17"><span class='ocrx_word' id='word_1_512' title='bbox 428 4534 602 4604; x_wconf 88' lang='lat' dir='ltr'><strong><em>Neque</em></strong></span> <span class='ocrx_word' id='word_1_513' title='bbox 628 4550 765 4600; x_wconf 88' lang='lat' dir='ltr'><strong><em>vero,</em></strong></span> <span class='ocrx_word' id='word_1_514' title='bbox 788 4534 951 4603; x_wconf 90' lang='lat' dir='ltr'><strong><em>qualis</em></strong></span> <span class='ocrx_word' id='word_1_515' title='bbox 967 4544 1250 4605; x_wconf 82' lang='lat' dir='ltr'><strong><em>quantaque</em></strong></span> <span class='ocrx_word' id='word_1_516' title='bbox 1272 4550 1405 4588; x_wconf 89' lang='lat' dir='ltr'><strong><em>nunc</em></strong></span> <span class='ocrx_word' id='word_1_517' title='bbox 1426 4534 1689 4604; x_wconf 90' lang='lat' dir='ltr'><strong><em>utriusque</em></strong></span> <span class='ocrx_word' id='word_1_518' title='bbox 1719 4550 1818 4587; x_wconf 91' lang='lat' dir='ltr'><strong><em>non</em></strong></span> <span class='ocrx_word' id='word_1_519' title='bbox 1846 4534 2011 4587; x_wconf 85' lang='lat' dir='ltr'><strong><em>solum</em></strong></span> <span class='ocrx_word' id='word_1_520' title='bbox 2036 4533 2082 4596; x_wconf 91' lang='lat' dir='ltr'>C</span> <span class='ocrx_word' id='word_1_521' title='bbox 2118 4536 2401 4589; x_wconf 89' lang='lat' dir='ltr'><strong><em>nominibus</em></strong></span> <span class='ocrx_word' id='word_1_522' title='bbox 2433 4536 2715 4589; x_wconf 88' lang='lat' dir='ltr'><strong><em>devinctum</em></strong></span> <span class='ocrx_word' id='word_1_523' title='bbox 2738 4552 2843 4590; x_wconf 88' lang='lat' dir='ltr'><strong><em>esse</em></strong></span> <span class='ocrx_word' id='word_1_524' title='bbox 2868 4552 2888 4589; x_wconf 89' lang='lat'><strong><em>:</em></strong></span> <span class='ocrx_word' id='word_1_525' title='bbox 2917 4551 3074 4603; x_wconf 88' lang='lat' dir='ltr'><strong><em>neque</em></strong></span> <span class='ocrx_word' id='word_1_526' title='bbox 3100 4534 3190 4587; x_wconf 91' lang='lat' dir='ltr'><strong><em>tibi</em></strong></span> <span class='ocrx_word' id='word_1_527' title='bbox 3219 4534 3392 4599; x_wconf 90' lang='lat' dir='ltr'><strong><em>modo,</em></strong></span> <span class='ocrx_word' id='word_1_528' title='bbox 3426 4535 3515 4589; x_wconf 84' lang='lat' dir='ltr'><strong><em>sed</em></strong></span> <span class='ocrx_word' id='word_1_529' title='bbox 3537 4544 3577 4589; x_wconf 86' lang='lat' dir='ltr'><strong><em>et</em></strong></span> <span class='ocrx_word' id='word_1_530' title='bbox 3597 4551 3667 4587; x_wconf 89' lang='lat' dir='ltr'><strong><em>ar-</em></strong></span> 
     </span>
    </p>
   </div>
   <div class='ocr_carea' id='block_1_62' title="bbox 428 4626 2011 4697">
    <p class='ocr_par' dir='ltr' id='par_1_62' title="bbox 428 4626 2011 4697">
     <span class='ocr_line' id='line_1_67' title="bbox 428 4626 2011 4697; baseline -0.001 -16"><span class='ocrx_word' id='word_1_531' title='bbox 428 4627 754 4697; x_wconf 88' lang='lat' dir='ltr'><strong><em>perturbatio,</em></strong></span> <span class='ocrx_word' id='word_1_532' title='bbox 804 4627 893 4680; x_wconf 90' lang='lat' dir='ltr'><strong><em>sed</em></strong></span> <span class='ocrx_word' id='word_1_533' title='bbox 923 4628 1073 4681; x_wconf 89' lang='lat' dir='ltr'><strong><em>etiam</em></strong></span> <span class='ocrx_word' id='word_1_534' title='bbox 1101 4626 1331 4695; x_wconf 82' lang='lat' dir='ltr'><strong><em>confusio</em></strong></span> <span class='ocrx_word' id='word_1_535' title='bbox 1379 4626 1467 4692; x_wconf 87' lang='lat' dir='ltr'><strong><em>sit,</em></strong></span> <span class='ocrx_word' id='word_1_536' title='bbox 1511 4627 1753 4695; x_wconf 77' lang='lat' dir='ltr'><strong><em>quwritur</em></strong></span> <span class='ocrx_word' id='word_1_537' title='bbox 1784 4626 2011 4679; x_wconf 89' lang='lat' dir='ltr'><strong><em>:scimus</em></strong></span> 
     </span>
    </p>
   </div>
   <div class='ocr_carea' id='block_1_63' title="bbox 429 4719 2013 4789">
    <p class='ocr_par' dir='ltr' id='par_1_63' title="bbox 429 4719 2013 4789">
     <span class='ocr_line' id='line_1_68' title="bbox 429 4719 2013 4789; baseline -0.003 -16"><span class='ocrx_word' id='word_1_538' title='bbox 429 4724 561 4773; x_wconf 88' lang='lat' dir='ltr'><strong><em>enim</em></strong></span> <span class='ocrx_word' id='word_1_539' title='bbox 582 4720 849 4789; x_wconf 87' lang='lat' dir='ltr'><strong><em>plusquam</em></strong></span> <span class='ocrx_word' id='word_1_540' title='bbox 863 4721 1010 4773; x_wconf 91' lang='lat' dir='ltr'><strong><em>etiam</em></strong></span> <span class='ocrx_word' id='word_1_541' title='bbox 1024 4719 1279 4782; x_wconf 88' lang='lat' dir='ltr'><strong><em>vellemus,</em></strong></span> <span class='ocrx_word' id='word_1_542' title='bbox 1296 4734 1402 4772; x_wconf 88' lang='lat' dir='ltr'><strong><em>esse</em></strong></span> <span class='ocrx_word' id='word_1_543' title='bbox 1418 4719 1754 4773; x_wconf 87' lang='lat' dir='ltr'><strong><em>tristissimam</em></strong></span> <span class='ocrx_word' id='word_1_544' title='bbox 1772 4727 1817 4771; x_wconf 86' lang='lat' dir='ltr'><strong><em>et</em></strong></span> <span class='ocrx_word' id='word_1_545' title='bbox 1835 4719 2013 4771; x_wconf 91' lang='lat' dir='ltr'><strong><em>miser-</em></strong></span> 
     </span>
    </p>
   </div>
   <div class='ocr_carea' id='block_1_64' title="bbox 432 4810 2011 4883">
    <p class='ocr_par' dir='ltr' id='par_1_64' title="bbox 432 4810 2011 4883">
     <span class='ocr_line' id='line_1_69' title="bbox 432 4810 2011 4883; baseline -0.003 -16"><span class='ocrx_word' id='word_1_546' title='bbox 432 4815 637 4867; x_wconf 86' lang='lat' dir='ltr'><strong><em>rimam.</em></strong></span> <span class='ocrx_word' id='word_1_547' title='bbox 679 4814 863 4867; x_wconf 90' lang='lat' dir='ltr'><strong><em>Verum</em></strong></span> <span class='ocrx_word' id='word_1_548' title='bbox 880 4814 1145 4883; x_wconf 63' lang='lat' dir='ltr'><strong><em>queritur,</em></strong></span> <span class='ocrx_word' id='word_1_549' title='bbox 1179 4828 1349 4882; x_wconf 77' lang='lat' dir='ltr'><strong><em>ecqua:</em></strong></span> <span class='ocrx_word' id='word_1_550' title='bbox 1371 4821 1626 4877; x_wconf 83' lang='lat' dir='ltr'><strong><em>tantorum</em></strong></span> <span class='ocrx_word' id='word_1_551' title='bbox 1654 4812 1905 4864; x_wconf 88' lang='lat' dir='ltr'><strong><em>malorum</em></strong></span> <span class='ocrx_word' id='word_1_552' title='bbox 1924 4810 2011 4863; x_wconf 90' lang='lat' dir='ltr'><strong><em>de-</em></strong></span> 
     </span>
    </p>
   </div>
   <div class='ocr_carea' id='block_1_65' title="bbox 433 4903 2011 4975">
    <p class='ocr_par' dir='ltr' id='par_1_65' title="bbox 433 4903 2011 4975">
     <span class='ocr_line' id='line_1_70' title="bbox 433 4903 2011 4975; baseline -0.001 -16"><span class='ocrx_word' id='word_1_553' title='bbox 433 4908 619 4975; x_wconf 88' lang='lat' dir='ltr'><strong><em>pulsio,</em></strong></span> <span class='ocrx_word' id='word_1_554' title='bbox 642 4922 740 4959; x_wconf 88' lang='lat' dir='ltr'><strong><em>non</em></strong></span> <span class='ocrx_word' id='word_1_555' title='bbox 759 4906 921 4959; x_wconf 90' lang='lat' dir='ltr'><strong><em>solum</em></strong></span> <span class='ocrx_word' id='word_1_556' title='bbox 947 4906 1131 4975; x_wconf 91' lang='lat' dir='ltr'><strong><em>optari,</em></strong></span> <span class='ocrx_word' id='word_1_557' title='bbox 1151 4906 1239 4959; x_wconf 91' lang='lat' dir='ltr'><strong><em>sed</em></strong></span> <span class='ocrx_word' id='word_1_558' title='bbox 1256 4906 1406 4958; x_wconf 90' lang='lat' dir='ltr'><strong><em>etiam</em></strong></span> <span class='ocrx_word' id='word_1_559' title='bbox 1425 4904 1621 4973; x_wconf 90' lang='lat' dir='ltr'><strong><em>sperari</em></strong></span> <span class='ocrx_word' id='word_1_560' title='bbox 1644 4905 1820 4973; x_wconf 84' lang='lat' dir='ltr'><strong><em>possit.</em></strong></span> <span class='ocrx_word' id='word_1_561' title='bbox 1848 4903 2011 4957; x_wconf 82' lang='lat' dir='ltr'><strong><em>Audio</em></strong></span> 
     </span>
    </p>
   </div>
   <div class='ocr_carea' id='block_1_66' title="bbox 433 4998 2014 5072">
    <p class='ocr_par' dir='ltr' id='par_1_66' title="bbox 433 4998 2014 5072">
     <span class='ocr_line' id='line_1_71' title="bbox 433 4998 2014 5072; baseline 0 -20"><span class='ocrx_word' id='word_1_562' title='bbox 433 5000 563 5052; x_wconf 90' lang='lat' dir='ltr'><strong><em>enim</em></strong></span> <span class='ocrx_word' id='word_1_563' title='bbox 593 5001 828 5053; x_wconf 89' lang='lat' dir='ltr'><strong><em>attonitos</em></strong></span> <span class='ocrx_word' id='word_1_564' title='bbox 859 5000 1236 5072; x_wconf 88' lang='lat' dir='ltr'><strong><em>gubernatores,</em></strong></span> <span class='ocrx_word' id='word_1_565' title='bbox 1267 5000 1309 5053; x_wconf 87' lang='lat' dir='ltr'><strong><em>si</em></strong></span> <span class='ocrx_word' id='word_1_566' title='bbox 1336 5000 1421 5069; x_wconf 89' lang='lat' dir='ltr'><strong><em>qui</em></strong></span> <span class='ocrx_word' id='word_1_567' title='bbox 1457 4999 1675 5069; x_wconf 87' lang='lat' dir='ltr'><strong><em>sapiant,</em></strong></span> <span class='ocrx_word' id='word_1_568' title='bbox 1711 4998 1763 5051; x_wconf 90' lang='lat' dir='ltr'><strong><em>id</em></strong></span> <span class='ocrx_word' id='word_1_569' title='bbox 1799 4998 2014 5052; x_wconf 90' lang='lat' dir='ltr'><strong><em>sollicite</em></strong></span> 
     </span>
    </p>
   </div>
   <div class='ocr_carea' id='block_1_67' title="bbox 433 5090 2021 5161">
    <p class='ocr_par' dir='ltr' id='par_1_67' title="bbox 433 5090 2021 5161">
     <span class='ocr_line' id='line_1_72' title="bbox 433 5090 2021 5161; baseline -0.001 -18"><span class='ocrx_word' id='word_1_570' title='bbox 433 5107 678 5160; x_wconf 68' lang='lat' dir='ltr'><strong><em>quarere,</em></strong></span> <span class='ocrx_word' id='word_1_571' title='bbox 711 5107 834 5160; x_wconf 87' lang='lat' dir='ltr'><strong><em>quos</em></strong></span> <span class='ocrx_word' id='word_1_572' title='bbox 863 5092 1054 5161; x_wconf 87' lang='lat' dir='ltr'><strong><em>alioqui</em></strong></span> <span class='ocrx_word' id='word_1_573' title='bbox 1092 5108 1192 5145; x_wconf 90' lang='lat' dir='ltr'><strong><em>non</em></strong></span> <span class='ocrx_word' id='word_1_574' title='bbox 1230 5093 1395 5145; x_wconf 87' lang='lat' dir='ltr'><strong><em>solum</em></strong></span> <span class='ocrx_word' id='word_1_575' title='bbox 1428 5102 1599 5155; x_wconf 89' lang='lat' dir='ltr'><strong><em>terret,</em></strong></span> <span class='ocrx_word' id='word_1_576' title='bbox 1632 5090 1720 5143; x_wconf 89' lang='lat' dir='ltr'><strong><em>sed</em></strong></span> <span class='ocrx_word' id='word_1_577' title='bbox 1758 5090 1907 5143; x_wconf 89' lang='lat' dir='ltr'><strong><em>etiam</em></strong></span> <span class='ocrx_word' id='word_1_578' title='bbox 1935 5090 2021 5142; x_wconf 80' lang='lat' dir='ltr'><strong><em>de-</em></strong></span> 
     </span>
    </p>
   </div>
   <div class='ocr_carea' id='block_1_68' title="bbox 436 5182 2023 5251">
    <p class='ocr_par' dir='ltr' id='par_1_68' title="bbox 436 5182 2023 5251">
     <span class='ocr_line' id='line_1_73' title="bbox 436 5182 2023 5251; baseline 0 -16"><span class='ocrx_word' id='word_1_579' title='bbox 436 5182 721 5250; x_wconf 81' lang='lat' dir='ltr'><strong><em>speratione</em></strong></span> <span class='ocrx_word' id='word_1_580' title='bbox 748 5182 967 5250; x_wconf 87' lang='lat' dir='ltr'><strong><em>quadam</em></strong></span> <span class='ocrx_word' id='word_1_581' title='bbox 1014 5183 1201 5251; x_wconf 80' lang='lat' dir='ltr'><strong><em>fractos</em></strong></span> <span class='ocrx_word' id='word_1_582' title='bbox 1247 5194 1294 5235; x_wconf 89' lang='lat' dir='ltr'><strong><em>et</em></strong></span> <span class='ocrx_word' id='word_1_583' title='bbox 1333 5182 1615 5235; x_wconf 90' lang='lat' dir='ltr'><strong><em>debilitatos</em></strong></span> <span class='ocrx_word' id='word_1_584' title='bbox 1654 5182 1879 5251; x_wconf 89' lang='lat' dir='ltr'><strong><em>percellit</em></strong></span> <span class='ocrx_word' id='word_1_585' title='bbox 1916 5184 2023 5235; x_wconf 68' lang='lat' dir='ltr'><strong><em>hare</em></strong></span> 
     </span>
    </p>
   </div>
   <div class='ocr_carea' id='block_1_69' title="bbox 440 5261 2024 5347">
    <p class='ocr_par' dir='ltr' id='par_1_69' title="bbox 440 5261 2024 5347">
     <span class='ocr_line' id='line_1_74' title="bbox 440 5261 2024 5347; baseline 0.001 -20"><span class='ocrx_word' id='word_1_586' title='bbox 440 5261 704 5343; x_wconf 82' lang='lat' dir='ltr'><strong><em>tempestas</em></strong></span> <span class='ocrx_word' id='word_1_587' title='bbox 722 5276 926 5343; x_wconf 86' lang='lat' dir='ltr'><strong><em>ejusque</em></strong></span> <span class='ocrx_word' id='word_1_588' title='bbox 942 5276 1277 5347; x_wconf 90' lang='lat' dir='ltr'><strong><em>intemperies.</em></strong></span> <span class='ocrx_word' id='word_1_589' title='bbox 1308 5276 1411 5329; x_wconf 87' lang='lat' dir='ltr'><strong><em>Sed</em></strong></span> <span class='ocrx_word' id='word_1_590' title='bbox 1445 5291 1557 5327; x_wconf 89' lang='lat' dir='ltr'><strong><em>cum</em></strong></span> <span class='ocrx_word' id='word_1_591' title='bbox 1586 5276 1897 5328; x_wconf 86' lang='lat' dir='ltr'><strong><em>meminerim</em></strong></span> <span class='ocrx_word' id='word_1_592' title='bbox 1923 5292 2024 5329; x_wconf 90' lang='lat' dir='ltr'><strong><em>non</em></strong></span> 
     </span>
    </p>
   </div>
   <div class='ocr_carea' id='block_1_70' title="bbox 440 5367 2023 5438">
    <p class='ocr_par' dir='ltr' id='par_1_70' title="bbox 440 5367 2023 5438">
     <span class='ocr_line' id='line_1_75' title="bbox 440 5367 2023 5438; baseline 0.003 -19"><span class='ocrx_word' id='word_1_593' title='bbox 440 5367 661 5421; x_wconf 88' lang='lat' dir='ltr'><strong><em>minores</em></strong></span> <span class='ocrx_word' id='word_1_594' title='bbox 690 5368 813 5421; x_wconf 88' lang='lat' dir='ltr'><strong><em>olim</em></strong></span> <span class='ocrx_word' id='word_1_595' title='bbox 840 5368 997 5438; x_wconf 86' lang='lat' dir='ltr'><strong><em>fuisse</em></strong></span> <span class='ocrx_word' id='word_1_596' title='bbox 1025 5370 1230 5437; x_wconf 83' lang='lat' dir='ltr'><strong><em>fluctus,</em></strong></span> <span class='ocrx_word' id='word_1_597' title='bbox 1264 5384 1325 5422; x_wconf 78' lang='lat' dir='ltr'><strong><em>ea:</em></strong></span> <span class='ocrx_word' id='word_1_598' title='bbox 1359 5368 1538 5436; x_wconf 87' lang='lat' dir='ltr'><strong><em>quibus</em></strong></span> <span class='ocrx_word' id='word_1_599' title='bbox 1567 5378 1730 5421; x_wconf 88' lang='lat' dir='ltr'><strong><em>tamen</em></strong></span> <span class='ocrx_word' id='word_1_600' title='bbox 1768 5370 2023 5423; x_wconf 85' lang='lat' dir='ltr'><strong><em>emerserit</em></strong></span> 
     </span>
    </p>
   </div>
   <div class='ocr_carea' id='block_1_71' title="bbox 440 5459 2019 5534">
    <p class='ocr_par' dir='ltr' id='par_1_71' title="bbox 440 5459 2019 5534">
     <span class='ocr_line' id='line_1_76' title="bbox 440 5459 2019 5534; baseline 0.001 -21"><span class='ocrx_word' id='word_1_601' title='bbox 440 5469 485 5513; x_wconf 89' lang='lat' dir='ltr'><strong><em>et</em></strong></span> <span class='ocrx_word' id='word_1_602' title='bbox 506 5460 792 5529; x_wconf 88' lang='lat' dir='ltr'><strong><em>respublica</em></strong></span> <span class='ocrx_word' id='word_1_603' title='bbox 824 5470 870 5515; x_wconf 90' lang='lat' dir='ltr'><strong><em>et</em></strong></span> <span class='ocrx_word' id='word_1_604' title='bbox 892 5459 1143 5526; x_wconf 87' lang='lat' dir='ltr'><strong><em>Ecclesia,</em></strong></span> <span class='ocrx_word' id='word_1_605' title='bbox 1178 5461 1391 5514; x_wconf 87' lang='lat' dir='ltr'><strong><em>consilio</em></strong></span> <span class='ocrx_word' id='word_1_606' title='bbox 1420 5469 1465 5513; x_wconf 91' lang='lat' dir='ltr'><strong><em>et</em></strong></span> <span class='ocrx_word' id='word_1_607' title='bbox 1492 5459 1673 5513; x_wconf 85' lang='lat' dir='ltr'><strong><em>virtute</em></strong></span> <span class='ocrx_word' id='word_1_608' title='bbox 1694 5476 1901 5534; x_wconf 83' lang='lat' dir='ltr'><strong><em>suorum</em></strong></span> <span class='ocrx_word' id='word_1_609' title='bbox 1930 5462 2019 5514; x_wconf 82' lang='lat' dir='ltr'><strong><em>de-</em></strong></span> 
     </span>
    </p>
   </div>
   <div class='ocr_carea' id='block_1_72' title="bbox 442 5550 2026 5620">
    <p class='ocr_par' dir='ltr' id='par_1_72' title="bbox 442 5550 2026 5620">
     <span class='ocr_line' id='line_1_77' title="bbox 442 5550 2026 5620; baseline 0.001 -16"><span class='ocrx_word' id='word_1_610' title='bbox 442 5554 704 5620; x_wconf 85' lang='lat' dir='ltr'><strong><em>fensorum</em></strong></span> <span class='ocrx_word' id='word_1_611' title='bbox 732 5550 987 5619; x_wconf 88' lang='lat' dir='ltr'><strong><em>liberata;</em></strong></span> <span class='ocrx_word' id='word_1_612' title='bbox 1035 5568 1135 5607; x_wconf 90' lang='lat' dir='ltr'><strong><em>non</em></strong></span> <span class='ocrx_word' id='word_1_613' title='bbox 1175 5551 1406 5605; x_wconf 76' lang='lat' dir='ltr'><strong><em>existimo</em></strong></span> <span class='ocrx_word' id='word_1_614' title='bbox 1438 5550 1607 5605; x_wconf 87' lang='lat' dir='ltr'><strong><em>deesse</em></strong></span> <span class='ocrx_word' id='word_1_615' title='bbox 1645 5552 1934 5618; x_wconf 86' lang='lat' dir='ltr'><strong><em>consilium,</em></strong></span> <span class='ocrx_word' id='word_1_616' title='bbox 1982 5552 2026 5606; x_wconf 88' lang='lat' dir='ltr'><strong><em>si</em></strong></span> 
     </span>
    </p>
   </div>
   <div class='ocr_carea' id='block_1_73' title="bbox 446 5645 2026 5718">
    <p class='ocr_par' dir='ltr' id='par_1_73' title="bbox 446 5645 2026 5718">
     <span class='ocr_line' id='line_1_78' title="bbox 446 5645 2026 5718; baseline 0.001 -21"><span class='ocrx_word' id='word_1_617' title='bbox 446 5645 540 5698; x_wconf 87' lang='lat' dir='ltr'><strong><em>sibi</em></strong></span> <span class='ocrx_word' id='word_1_618' title='bbox 570 5656 618 5700; x_wconf 80' lang='lat' dir='ltr'><strong><em>et</em></strong></span> <span class='ocrx_word' id='word_1_619' title='bbox 648 5663 740 5700; x_wconf 90' lang='lat' dir='ltr'><strong><em>suo</em></strong></span> <span class='ocrx_word' id='word_1_620' title='bbox 769 5649 967 5703; x_wconf 87' lang='lat' dir='ltr'><strong><em>muneri</em></strong></span> <span class='ocrx_word' id='word_1_621' title='bbox 998 5664 1100 5702; x_wconf 89' lang='lat' dir='ltr'><strong><em>non</em></strong></span> <span class='ocrx_word' id='word_1_622' title='bbox 1120 5647 1285 5701; x_wconf 87' lang='lat' dir='ltr'><strong><em>desint</em></strong></span> <span class='ocrx_word' id='word_1_623' title='bbox 1311 5646 1409 5718; x_wconf 83' lang='lat' dir='ltr'><strong><em>ipsi</em></strong></span> <span class='ocrx_word' id='word_1_624' title='bbox 1436 5654 1653 5698; x_wconf 88' lang='lat' dir='ltr'><strong><em>rectores</em></strong></span> <span class='ocrx_word' id='word_1_625' title='bbox 1676 5646 1857 5717; x_wconf 86' lang='lat' dir='ltr'><strong><em>quibus</em></strong></span> <span class='ocrx_word' id='word_1_626' title='bbox 1881 5661 2026 5699; x_wconf 83' lang='lat' dir='ltr'><strong><em>man-</em></strong></span> 
     </span>
    </p>
   </div>
   <div class='ocr_carea' id='block_1_74' title="bbox 446 5736 2025 5808">
    <p class='ocr_par' dir='ltr' id='par_1_74' title="bbox 446 5736 2025 5808">
     <span class='ocr_line' id='line_1_79' title="bbox 446 5736 2025 5808; baseline 0.003 -20"><span class='ocrx_word' id='word_1_627' title='bbox 446 5736 621 5791; x_wconf 89' lang='lat' dir='ltr'><strong><em>datum</em></strong></span> <span class='ocrx_word' id='word_1_628' title='bbox 641 5749 731 5804; x_wconf 89' lang='lat' dir='ltr'><strong><em>est,</em></strong></span> <span class='ocrx_word' id='word_1_629' title='bbox 762 5755 965 5807; x_wconf 82' lang='lat' dir='ltr'><strong><em>operam</em></strong></span> <span class='ocrx_word' id='word_1_630' title='bbox 992 5751 1045 5794; x_wconf 90' lang='lat' dir='ltr'><strong><em>ut</em></strong></span> <span class='ocrx_word' id='word_1_631' title='bbox 1072 5744 1315 5807; x_wconf 81' lang='lat' dir='ltr'><strong><em>dent,-ne</em></strong></span> <span class='ocrx_word' id='word_1_632' title='bbox 1342 5739 1463 5808; x_wconf 88' lang='lat' dir='ltr'><strong><em>quid</em></strong></span> <span class='ocrx_word' id='word_1_633' title='bbox 1479 5739 1555 5794; x_wconf 88' lang='lat' dir='ltr'><strong><em>vel</em></strong></span> <span class='ocrx_word' id='word_1_634' title='bbox 1580 5739 1688 5793; x_wconf 72' lang='grc' dir='ltr'><strong><em>ἠως</em></strong></span> <span class='ocrx_word' id='word_1_635' title='bbox 1712 5739 1789 5793; x_wconf 89' lang='lat' dir='ltr'><strong><em>vel</em></strong></span> <span class='ocrx_word' id='word_1_636' title='bbox 1819 5740 1907 5795; x_wconf 87' lang='lat' dir='ltr'><strong><em>illa</em></strong></span> <span class='ocrx_word' id='word_1_637' title='bbox 1938 5740 2025 5792; x_wconf 90' lang='lat' dir='ltr'><strong><em>de-</em></strong></span> 
     </span>
    </p>
   </div>
   <div class='ocr_carea' id='block_1_75' title="bbox 2116 4626 3670 4698">
    <p class='ocr_par' dir='ltr' id='par_1_75' title="bbox 2116 4626 3670 4698">
     <span class='ocr_line' id='line_1_80' title="bbox 2116 4626 3670 4698; baseline 0 -19"><span class='ocrx_word' id='word_1_638' title='bbox 2116 4626 2509 4698; x_wconf 86' lang='lat' dir='ltr'><strong><em>chigrammateo</em></strong></span> <span class='ocrx_word' id='word_1_639' title='bbox 2539 4628 2685 4698; x_wconf 87' lang='lat' dir='ltr'><strong><em>fratri</em></strong></span> <span class='ocrx_word' id='word_1_640' title='bbox 2713 4639 2817 4690; x_wconf 88' lang='lat' dir='ltr'><strong><em>tuo,</em></strong></span> <span class='ocrx_word' id='word_1_641' title='bbox 2845 4637 2893 4681; x_wconf 87' lang='lat' dir='ltr'><strong><em>et</em></strong></span> <span class='ocrx_word' id='word_1_642' title='bbox 2926 4627 3144 4680; x_wconf 91' lang='lat' dir='ltr'><strong><em>dominis</em></strong></span> <span class='ocrx_word' id='word_1_643' title='bbox 3173 4644 3205 4681; x_wconf 91' lang='lat' dir='ltr'><strong><em>a</em></strong></span> <span class='ocrx_word' id='word_1_644' title='bbox 3242 4626 3303 4680; x_wconf 92' lang='lat' dir='ltr'><strong><em>S.</em></strong></span> <span class='ocrx_word' id='word_1_645' title='bbox 3335 4627 3556 4691; x_wconf 77' lang='lat' dir='ltr'><strong><em>Andrea,</em></strong></span> <span class='ocrx_word' id='word_1_646' title='bbox 3581 4631 3670 4695; x_wconf 67' lang='grc' dir='ltr'><strong><em>[ωε</em></strong></span> 
     </span>
    </p>
   </div>
   <div class='ocr_carea' id='block_1_76' title="bbox 2118 4717 3667 4789">
    <p class='ocr_par' dir='ltr' id='par_1_76' title="bbox 2118 4717 3667 4789">
     <span class='ocr_line' id='line_1_81' title="bbox 2118 4717 3667 4789; baseline -0.001 -18"><span class='ocrx_word' id='word_1_647' title='bbox 2118 4720 2297 4781; x_wconf 89' lang='lat' dir='ltr'><strong><em>tribus,</em></strong></span> <span class='ocrx_word' id='word_1_648' title='bbox 2328 4721 2423 4773; x_wconf 88' lang='lat' dir='ltr'><strong><em>tuis</em></strong></span> <span class='ocrx_word' id='word_1_649' title='bbox 2456 4720 2707 4789; x_wconf 81' lang='lat' dir='ltr'><strong><em>affinibus,</em></strong></span> <span class='ocrx_word' id='word_1_650' title='bbox 2731 4720 2851 4773; x_wconf 88' lang='lat' dir='ltr'><strong><em>viris</em></strong></span> <span class='ocrx_word' id='word_1_651' title='bbox 2874 4717 3174 4771; x_wconf 88' lang='lat' dir='ltr'><strong><em>clarissimis</em></strong></span> <span class='ocrx_word' id='word_1_652' title='bbox 3195 4727 3346 4785; x_wconf 88' lang='lat' dir='ltr'><strong><em>atque</em></strong></span> <span class='ocrx_word' id='word_1_653' title='bbox 3372 4718 3667 4771; x_wconf 80' lang='lat' dir='ltr'><strong><em>doctissimis.</em></strong></span> 
     </span>
    </p>
   </div>
   <div class='ocr_carea' id='block_1_77' title="bbox 2120 4812 3671 4883">
    <p class='ocr_par' dir='ltr' id='par_1_77' title="bbox 2120 4812 3671 4883">
     <span class='ocr_line' id='line_1_82' title="bbox 2120 4812 3671 4883; baseline -0.002 -18"><span class='ocrx_word' id='word_1_654' title='bbox 2120 4812 2296 4882; x_wconf 79' lang='lat' dir='ltr'><strong><em>Neque</em></strong></span> <span class='ocrx_word' id='word_1_655' title='bbox 2325 4830 2447 4866; x_wconf 87' lang='lat' dir='ltr'><strong><em>sane</em></strong></span> <span class='ocrx_word' id='word_1_656' title='bbox 2486 4812 2821 4883; x_wconf 73' lang='lat' dir='ltr'><strong><em>testiﬁcanda:</em></strong></span> <span class='ocrx_word' id='word_1_657' title='bbox 2848 4826 2969 4864; x_wconf 72' lang='lat' dir='ltr'><strong><em>mea:</em></strong></span> <span class='ocrx_word' id='word_1_658' title='bbox 2998 4826 3117 4880; x_wconf 87' lang='lat' dir='ltr'><strong><em>erga</em></strong></span> <span class='ocrx_word' id='word_1_659' title='bbox 3140 4819 3187 4861; x_wconf 89' lang='lat' dir='ltr'><strong><em>te</em></strong></span> <span class='ocrx_word' id='word_1_660' title='bbox 3212 4818 3258 4862; x_wconf 91' lang='lat' dir='ltr'><strong><em>et</em></strong></span> <span class='ocrx_word' id='word_1_661' title='bbox 3290 4820 3403 4862; x_wconf 89' lang='lat' dir='ltr'><strong><em>tuos</em></strong></span> <span class='ocrx_word' id='word_1_662' title='bbox 3435 4814 3671 4862; x_wconf 84' lang='lat' dir='ltr'><strong><em>observan-</em></strong></span> 
     </span>
    </p>
   </div>
   <div class='ocr_carea' id='block_1_78' title="bbox 2117 4902 3672 4976">
    <p class='ocr_par' dir='ltr' id='par_1_78' title="bbox 2117 4902 3672 4976">
     <span class='ocr_line' id='line_1_83' title="bbox 2117 4902 3672 4976; baseline -0.001 -19"><span class='ocrx_word' id='word_1_663' title='bbox 2117 4906 2201 4958; x_wconf 78' lang='lat' dir='ltr'><strong><em>tiw</em></strong></span> <span class='ocrx_word' id='word_1_664' title='bbox 2228 4907 2474 4959; x_wconf 90' lang='lat' dir='ltr'><strong><em>rationem</em></strong></span> <span class='ocrx_word' id='word_1_665' title='bbox 2504 4906 2758 4959; x_wconf 88' lang='lat' dir='ltr'><strong><em>meliorem</em></strong></span> <span class='ocrx_word' id='word_1_666' title='bbox 2781 4920 2884 4959; x_wconf 85' lang='lat' dir='ltr'><strong><em>esse</em></strong></span> <span class='ocrx_word' id='word_1_667' title='bbox 2896 4903 3153 4976; x_wconf 86' lang='lat' dir='ltr'><strong><em>judicavi,</em></strong></span> <span class='ocrx_word' id='word_1_668' title='bbox 3175 4918 3329 4972; x_wconf 89' lang='lat' dir='ltr'><strong><em>quam</em></strong></span> <span class='ocrx_word' id='word_1_669' title='bbox 3357 4902 3559 4973; x_wconf 86' lang='lat' dir='ltr'><strong><em>hujusce</em></strong></span> <span class='ocrx_word' id='word_1_670' title='bbox 3573 4917 3672 4956; x_wconf 76' lang='lat' dir='ltr'><strong><em>con-</em></strong></span> 
     </span>
    </p>
   </div>
   <div class='ocr_carea' id='block_1_79' title="bbox 2122 4992 3675 5075">
    <p class='ocr_par' dir='ltr' id='par_1_79' title="bbox 2122 4992 3675 5075">
     <span class='ocr_line' id='line_1_84' title="bbox 2122 4992 3675 5075; baseline -0.003 -24"><span class='ocrx_word' id='word_1_671' title='bbox 2122 4998 2223 5051; x_wconf 89' lang='lat' dir='ltr'><strong><em>silii</em></strong></span> <span class='ocrx_word' id='word_1_672' title='bbox 2250 4998 2541 5051; x_wconf 88' lang='lat' dir='ltr'><strong><em>relationem</em></strong></span> <span class='ocrx_word' id='word_1_673' title='bbox 2576 5015 2592 5051; x_wconf 91' lang='lat'><em>:</em></span> <span class='ocrx_word' id='word_1_674' title='bbox 2624 5014 2781 5067; x_wconf 85' lang='lat' dir='ltr'><strong><em>neque</em></strong></span> <span class='ocrx_word' id='word_1_675' title='bbox 2805 4999 2848 5051; x_wconf 92' lang='lat' dir='ltr'><strong><em>si</em></strong></span> <span class='ocrx_word' id='word_1_676' title='bbox 2881 4996 2953 5075; x_wconf 81' lang='lat' dir='ltr'><strong><em>_de</em></strong></span> <span class='ocrx_word' id='word_1_677' title='bbox 2989 4996 3185 5064; x_wconf 90' lang='lat' dir='ltr'><strong><em>privato</em></strong></span> <span class='ocrx_word' id='word_1_678' title='bbox 3223 5004 3399 5065; x_wconf 88' lang='lat' dir='ltr'><strong><em>nostro</em></strong></span> <span class='ocrx_word' id='word_1_679' title='bbox 3416 4996 3536 5065; x_wconf 81' lang='lat' dir='ltr'><strong><em>jure</em></strong></span> <span class='ocrx_word' id='word_1_680' title='bbox 3562 4992 3675 5047; x_wconf 65' lang='lat' dir='ltr'><strong><em>civili</em></strong></span> 
     </span>
    </p>
   </div>
   <div class='ocr_carea' id='block_1_80' title="bbox 2109 5084 3674 5160">
    <p class='ocr_par' dir='ltr' id='par_1_80' title="bbox 2109 5084 3674 5160">
     <span class='ocr_line' id='line_1_85' title="bbox 2109 5084 3674 5160; baseline -0.003 -19"><span class='ocrx_word' id='word_1_681' title='bbox 2109 5089 2338 5160; x_wconf 34' lang='lat' dir='ltr'><strong><em>.otiosam</em></strong></span> <span class='ocrx_word' id='word_1_682' title='bbox 2366 5098 2410 5141; x_wconf 90' lang='lat' dir='ltr'><strong><em>et</em></strong></span> <span class='ocrx_word' id='word_1_683' title='bbox 2449 5088 2690 5141; x_wconf 85' lang='lat' dir='ltr'><strong><em>humilem</em></strong></span> <span class='ocrx_word' id='word_1_684' title='bbox 2718 5098 2759 5141; x_wconf 92' lang='lat' dir='ltr'><strong><em>et</em></strong></span> <span class='ocrx_word' id='word_1_685' title='bbox 2786 5088 2952 5141; x_wconf 89' lang='lat' dir='ltr'><strong><em>tritam</em></strong></span> <span class='ocrx_word' id='word_1_686' title='bbox 2978 5086 3204 5154; x_wconf 87' lang='lat' dir='ltr'><strong><em>aliquam</em></strong></span> <span class='ocrx_word' id='word_1_687' title='bbox 3224 5100 3287 5138; x_wconf 72' lang='lat' dir='ltr'><strong><em>ea;</em></strong></span> <span class='ocrx_word' id='word_1_688' title='bbox 3312 5084 3488 5137; x_wconf 85' lang='lat' dir='ltr'><strong><em>subtili</em></strong></span> <span class='ocrx_word' id='word_1_689' title='bbox 3506 5084 3674 5147; x_wconf 71' lang='lat' dir='ltr'><strong><em>pulvere</em></strong></span> 
     </span>
    </p>
   </div>
   <div class='ocr_carea' id='block_1_81' title="bbox 2126 5177 3672 5252">
    <p class='ocr_par' dir='ltr' id='par_1_81' title="bbox 2126 5177 3672 5252">
     <span class='ocr_line' id='line_1_86' title="bbox 2126 5177 3672 5252; baseline -0.006 -17"><span class='ocrx_word' id='word_1_690' title='bbox 2126 5182 2201 5235; x_wconf 90' lang='lat' dir='ltr'><strong><em>vel</em></strong></span> <span class='ocrx_word' id='word_1_691' title='bbox 2226 5182 2328 5252; x_wconf 83' lang='lat' dir='ltr'><strong><em>fori</em></strong></span> <span class='ocrx_word' id='word_1_692' title='bbox 2354 5180 2431 5235; x_wconf 87' lang='lat' dir='ltr'><strong><em>vel</em></strong></span> <span class='ocrx_word' id='word_1_693' title='bbox 2456 5182 2701 5234; x_wconf 89' lang='lat' dir='ltr'><strong><em>auditorii</em></strong></span> <span class='ocrx_word' id='word_1_694' title='bbox 2728 5182 2950 5252; x_wconf 88' lang='lat' dir='ltr'><strong><em>alicujus</em></strong></span> <span class='ocrx_word' id='word_1_695' title='bbox 2981 5177 3381 5247; x_wconf 87' lang='lat' dir='ltr'><strong><em>disputationem</em></strong></span> <span class='ocrx_word' id='word_1_696' title='bbox 3409 5186 3672 5244; x_wconf 81' lang='lat' dir='ltr'><strong><em>repeterent,</em></strong></span> 
     </span>
    </p>
   </div>
   <div class='ocr_carea' id='block_1_82' title="bbox 2128 5267 3675 5347">
    <p class='ocr_par' dir='ltr' id='par_1_82' title="bbox 2128 5267 3675 5341">
     <span class='ocr_line' id='line_1_87' title="bbox 2128 5267 3675 5341; baseline -0.004 -16"><span class='ocrx_word' id='word_1_697' title='bbox 2128 5271 2410 5325; x_wconf 70' lang='lat' dir='ltr'><strong><em>existimavi</em></strong></span> <span class='ocrx_word' id='word_1_698' title='bbox 2435 5273 2703 5337; x_wconf 81' lang='lat' dir='ltr'><strong><em>gratiorem</em></strong></span> <span class='ocrx_word' id='word_1_699' title='bbox 2731 5270 2817 5341; x_wconf 79' lang='lat' dir='ltr'><strong><em>tibi</em></strong></span> <span class='ocrx_word' id='word_1_700' title='bbox 2848 5272 2954 5340; x_wconf 81' lang='lat' dir='ltr'><strong><em>fore</em></strong></span> <span class='ocrx_word' id='word_1_701' title='bbox 2989 5272 3100 5341; x_wconf 84' lang='lat' dir='ltr'><strong><em>ejus</em></strong></span> <span class='ocrx_word' id='word_1_702' title='bbox 3145 5267 3368 5320; x_wconf 84' lang='lat' dir='ltr'><strong><em>muneris</em></strong></span> <span class='ocrx_word' id='word_1_703' title='bbox 3398 5268 3675 5320; x_wconf 78' lang='lat' dir='ltr'><strong><em>editionem:</em></strong></span> 
     </span>
    </p>
   </div>
   <div class='ocr_carea' id='block_1_83' title="bbox 2127 5361 3492 5435">
    <p class='ocr_par' dir='ltr' id='par_1_83' title="bbox 2127 5361 3492 5435">
     <span class='ocr_line' id='line_1_88' title="bbox 2127 5361 3492 5435; baseline -0.003 -16"><span class='ocrx_word' id='word_1_704' title='bbox 2127 5368 2315 5421; x_wconf 87' lang='lat' dir='ltr'><strong><em>veritus</em></strong></span> <span class='ocrx_word' id='word_1_705' title='bbox 2336 5383 2447 5419; x_wconf 83' lang='lat' dir='ltr'><strong><em>sum</em></strong></span> <span class='ocrx_word' id='word_1_706' title='bbox 2478 5366 2667 5435; x_wconf 90' lang='lat' dir='ltr'><strong><em>potius,</em></strong></span> <span class='ocrx_word' id='word_1_707' title='bbox 2701 5380 2760 5417; x_wconf 86' lang='lat' dir='ltr'><strong><em>ne</em></strong></span> <span class='ocrx_word' id='word_1_708' title='bbox 2785 5373 2903 5417; x_wconf 89' lang='lat' dir='ltr'><strong><em>tunc</em></strong></span> <span class='ocrx_word' id='word_1_709' title='bbox 2928 5361 3156 5416; x_wconf 87' lang='lat' dir='ltr'><strong><em>audirem</em></strong></span> <span class='ocrx_word' id='word_1_710' title='bbox 3185 5370 3325 5417; x_wconf 87' lang='lat' dir='ltr'><strong><em>vetus</em></strong></span> <span class='ocrx_word' id='word_1_711' title='bbox 3346 5361 3492 5431; x_wconf 85' lang='lat' dir='ltr'><strong><em>illud,</em></strong></span> 
     </span>
    </p>
   </div>
   <div class='ocr_carea' id='block_1_84' title="bbox 2197 5496 3497 5567">
    <p class='ocr_par' dir='ltr' id='par_1_84' title="bbox 2197 5496 3497 5567">
     <span class='ocr_line' id='line_1_89' title="bbox 2197 5496 3497 5567; baseline -0.003 -13"><span class='ocrx_word' id='word_1_712' title='bbox 2197 5500 2316 5556; x_wconf 83' lang='lat' dir='ltr'><strong><em>Non</em></strong></span> <span class='ocrx_word' id='word_1_713' title='bbox 2344 5500 2444 5555; x_wconf 89' lang='lat' dir='ltr'><strong><em>hoc</em></strong></span> <span class='ocrx_word' id='word_1_714' title='bbox 2475 5500 2575 5555; x_wconf 79' lang='lat' dir='ltr'><strong><em>ista</em></strong></span> <span class='ocrx_word' id='word_1_715' title='bbox 2605 5499 2705 5567; x_wconf 84' lang='lat' dir='ltr'><strong><em>sibi</em></strong></span> <span class='ocrx_word' id='word_1_716' title='bbox 2736 5507 2943 5567; x_wconf 85' lang='lat' dir='ltr'><strong><em>tempus</em></strong></span> <span class='ocrx_word' id='word_1_717' title='bbox 2970 5496 3278 5567; x_wconf 82' lang='lat' dir='ltr'><strong><em>Spectacula</em></strong></span> <span class='ocrx_word' id='word_1_718' title='bbox 3306 5498 3497 5565; x_wconf 82' lang='lat' dir='ltr'><strong><em>poscit.</em></strong></span> 
     </span>
    </p>
   </div>
   <div class='ocr_carea' id='block_1_85' title="bbox 2210 5622 3537 5703">
    <p class='ocr_par' dir='ltr' id='par_1_85' title="bbox 2210 5622 3537 5703">
     <span class='ocr_line' id='line_1_90' title="bbox 2210 5622 3537 5703; baseline -0.002 -14"><span class='ocrx_word' id='word_1_719' title='bbox 2210 5632 2354 5703; x_wconf 88' lang='lat' dir='ltr'><strong><em>Vale,</em></strong></span> <span class='ocrx_word' id='word_1_720' title='bbox 2384 5622 2599 5689; x_wconf 75' lang='lat' dir='ltr'><strong><em>Lutetia:</em></strong></span> <span class='ocrx_word' id='word_1_721' title='bbox 2628 5632 2951 5688; x_wconf 86' lang='lat' dir='ltr'><strong><em>Parisiorum</em></strong></span> <span class='ocrx_word' id='word_1_722' title='bbox 2972 5630 3175 5687; x_wconf 81' lang='lat' dir='ltr'><strong><em>kalend.</em></strong></span> <span class='ocrx_word' id='word_1_723' title='bbox 3204 5629 3353 5701; x_wconf 78' lang='lat' dir='ltr'><strong><em>April</em></strong></span> <span class='ocrx_word' id='word_1_724' title='bbox 3380 5628 3537 5687; x_wconf 70' lang='grc'><strong><em>1566.</em></strong></span> 
     </span>
    </p>
   </div>
  </div>
