3860 6212
122 238 287 295 1441

497 366 658 438 339
711 368 1198 448 LECTORI.

229 519 307 576 De
326 519 500 577 linea
522 531 799 591 spectante
825 521 1303 595 Carthaginensem
1327 524 1587 597 picturam
1613 524 1741 583 belli

127 610 381 685 Trojani
412 615 631 685 scripsit
659 616 789 671 olim
828 617 1004 673 bonus
1034 619 1236 674 Poeta:

470 726 695 778 Animum
713 728 901 791 pictura
924 730 1080 794 pascit
1098 730 1230 780 inani

344 787 493 841 llulta
517 787 849 853 gemens......

229 894 347 967 Ego
381 872 512 953 vero
540 904 598 951 ut
635 895 921 952 .‘Eneidem
966 896 1116 951 illam
1148 896 1435 967 aliquando
1473 896 1742 969 relegens,

134 996 321 1058 quam
350 987 481 1042 mihi
516 1002 684 1059 puero
728 988 782 1043 in
812 987 938 1042 ludo
964 988 1275 1057 przelectam
1309 988 1474 1045 fuisse
1498 987 1742 1057 memini,

137 1092 216 1139 et
234 1098 479 1140 meorum
501 1098 720 1138 casuum
740 1083 1104 1139 conditionem
1122 1096 1440 1151 comparans
1452 1084 1599 1140 varie
1622 1081 1745 1137 afﬁ-

139 1176 299 1245 cior,
330 1177 559 1232 multum
583 1178 698 1248 ipse
727 1184 783 1231 et
812 1176 970 1231 terris
1013 1175 1244 1245 jaCtatus
1295 1183 1351 1231 et
1387 1174 1498 1231 alto
1525 1192 1539 1228 :
1582 1176 1662 1232 sic
1692 1176 1744 1231 in

141 1269 263 1325 ista
297 1270 553 1326 Ecclesia:
581 1286 752 1341 prope
780 1268 1077 1338 deploratae
1098 1269 1407 1325 calamitate
1435 1279 1487 1325 et
1508 1284 1748 1326 commu-

144 1363 327 1419 nibus
370 1363 679 1433 reipublicte
716 1362 974 1427 miseriis,
1015 1362 1206 1432 quibus
1235 1376 1341 1417 non
1384 1364 1559 1417 minus
1585 1377 1746 1433 quam

145 1454 390 1524 privatis
416 1455 671 1511 aerumnis
699 1468 1065 1519 commoveor,
1100 1461 1346 1509 maestum
1385 1453 1621 1508 animum
1662 1462 1748 1509 ut-

148 1560 397 1617 cumque
422 1560 582 1616 pasco
612 1555 856 1600 veterum
882 1544 1226 1600 historiarum
1264 1544 1658 1611 recordatione,
1693 1544 1747 1601 in

150 1640 366 1711 quibus
396 1640 559 1694 multa
598 1638 759 1694 etiam
797 1646 1105 1702 occurrunt,
1135 1652 1255 1708 quae
1287 1653 1372 1693 me
1415 1640 1750 1709 gemitusque

148 1746 317 1787 meos
363 1731 733 1788 consolentur.
765 1729 897 1785 Cum
931 1740 1112 1783 autem
1160 1728 1212 1783 id
1254 1744 1416 1799 agens
1447 1730 1585 1785 forte
1612 1728 1749 1783 inei-
1776 1767 1824 1831 Β

149 1822 371 1879 disscm
415 1824 467 1878 in
504 1822 747 1892 quaedam
794 1830 1138 1877 monumenta
1167 1821 1422 1878 Ecclesiae
1463 1821 1747 1892 Carthagi-

152 1916 374 1978 ncnsis,
415 1912 468 1967 in
518 1913 734 1980 quibus,
786 1926 891 1967 non
934 1920 993 1966 ut
1022 1911 1113 1967 ille
1156 1913 1207 1966 in
1248 1913 1450 1982 templo
1503 1913 1745 1981 Didonis,

149 2008 363 2076 pictam
392 2005 518 2061 belli
547 2004 765 2075 Trojani
793 2004 1069 2059 historiam
1099 2004 1193 2061 sed
1222 2005 1616 2061 Ecclesiasticae
1640 2020 1749 2061 cu-

143 2097 375 2167 jusdam
404 2096 472 2152 de
506 2097 743 2152 Ecclesia
770 2112 891 2152 cum
920 2096 1212 2152 Donatistis
1238 2096 1618 2167 disputationis
1645 2111 1747 2151 no-

146 2188 505 2244 billissimam
532 2187 950 2257 descriptionem
982 2188 1248 2258 legebam,
1280 2190 1356 2243 sic
1377 2189 1494 2258 ejus
1524 2204 1610 2243 me
1639 2188 1748 2243 lec-

150 2284 238 2337 tio
261 2281 545 2345 recreavit.
578 2290 639 2336 ut
664 2268 821 2336 Simul
848 2281 1087 2351 cogitans
1108 2281 1177 2336 de
1199 2288 1502 2335 nostrorum
1535 2288 1746 2350 tempo-

150 2388 283 2428 rum
321 2373 705 2428 certaminibus
747 2386 891 2443 szepe
934 2372 1308 2443 ingemuerim.
1343 2371 1581 2440 Memini,
1624 2385 1746 2426 cum

149 2467 475 2523 Ratisbona:
505 2468 561 2522 in
590 2466 879 2523 Germania
918 2466 1141 2522 Carolus
1173 2466 1214 2521 V
1256 2468 1385 2535 imp.
1428 2466 1663 2531 comitia,
1692 2464 1745 2519 in

149 2558 359 2629 quibus
386 2558 454 2614 de
492 2558 751 2628 religione
780 2557 1062 2627 qumsitutn
1094 2567 1256 2626 atque
1281 2556 1609 2625 disputatum
1638 2564 1743 2636 est,

151 2651 408 2718 haberet,
441 2649 717 2705 laudatum
745 2648 914 2705 fuisse
939 2658 1091 2705 vetus
1120 2650 1423 2719 exemplum
1451 2648 1592 2703 illius
1621 2648 1747 2703 Car-

150 2741 497 2814 thaginiensis
518 2741 599 2814 (ut
621 2750 806 2797 vocata
839 2740 942 2814 est)
967 2741 1272 2798 collationis
1297 2758 1309 2793 :
1330 2750 1381 2795 et
1410 2740 1612 2809 aliquot
1629 2746 1749 2808 post

149 2836 341 2899 annis,
373 2848 495 2889 cum
527 2834 576 2887 in
603 2834 831 2889 Galliam
863 2848 1121 2889 reversus
1158 2831 1319 2888 etiam
1351 2831 1661 2886 incidissem
1692 2831 1745 2887 in

152 2939 487 2985 conventum
535 2930 679 2984 illurn
730 2930 1034 2996 Posiacum,
1083 2931 1137 2984 iu
1169 2944 1276 2999 quo
1320 2941 1426 2980 non
1470 2924 1746 2980 dissimilis

151 3016 379 3073 collatio
409 3033 595 3074 rursus
633 3018 876 3074 instituta
921 3033 1039 3074 esse
1084 3018 1387 3081 dicebatur,
1437 3030 1544 3071 non
1587 3014 1745 3069 dissi-

153 3110 364 3164 mulavi
391 3106 609 3166 exstare
653 3110 707 3164 in
735 3110 998 3165 Africanm
1028 3109 1281 3164 Ecclesia:
1323 3106 1544 3161 historia
1574 3106 1742 3161 veteri
1770 3138 1816 3201 Ο
1848 3130 2108 3196 scribens,
2159 3106 2436 3205 migsgg,
2486 3106 2755 3193 Hilarum;
2794 3106 2964 3197 misse

154 3205 469 3274 exemplum
515 3203 888 3266 memorabile,
937 3202 988 3256 in
1033 3201 1176 3272 quod
1209 3201 1324 3255 haec
1372 3207 1505 3253 mtas
1550 3199 1744 3254 intueri

154 3296 405 3353 deberet.
431 3296 537 3355 Sed
558 3297 720 3369 quid?
744 3296 927 3366 Neque
950 3295 1243 3351 Marcellini
1269 3294 1548 3365 praesides,
1574 3309 1749 3365 neque

155 3390 446 3462 Augustini
472 3392 741 3445 antistites
766 3405 907 3444 nunc
933 3404 1119 3444 rursus
1138 3395 1460 3451 .occurrunt,
1493 3397 1551 3442 ut
1580 3387 1747 3443 Cres-

157 3483 307 3539 conii
352 3483 683 3553 grammatici
727 3490 781 3537 et
818 3480 1063 3538 Petiliani
1100 3480 1375 3535 causidici.
1409 3479 1580 3534 Tanto
1618 3494 1748 3535 vero

160 3575 340 3645 magis
370 3584 452 3630 est
502 3589 724 3631 necesse
768 3585 825 3629 ut
854 3584 1160 3631 recurratur
1189 3572 1254 3627 ad
1296 3571 1580 3628 consilium
1611 3588 1749 3643 prte-

156 3667 467 3737 sidiumque
498 3669 651 3723 home
680 3667 1035 3736 antiquitatis,
1064 3665 1214 3735 cujus
1236 3680 1297 3719 ea
1324 3673 1406 3721 est
1432 3664 1745 3732 auctoritas,

160 3767 223 3814 ut
272 3759 658 3813 audacissimos
716 3757 876 3812 etiam
924 3757 1266 3812 adversarios
1330 3772 1473 3827 smpe
1524 3765 1744 3813 terreat.

157 3849 294 3905 Feci
321 3849 497 3920 itaque
527 3849 888 3918 perlubenter,
922 3856 978 3901 ut
1001 3848 1141 3902 illius
1167 3846 1602 3918 Carthaginiensis
1625 3850 1740 3921 (cu-

152 3943 249 4012 jus
292 3941 451 3996 modo
506 3939 743 4010 memini)
800 3940 1105 3995 collationis
1154 3949 1297 4005 acta,
1343 3946 1460 4011 qua:
1508 3943 1745 3997 nondum

158 4034 303 4089 edita
336 4031 463 4085 mihi
513 4031 929 4087 communicavit
966 4031 1206 4087 Joannes
1244 4032 1417 4088 Titius
1460 4034 1748 4092 Meldensis

157 4126 447 4196 episcopus
483 4124 827 4181 doctissimus
858 4126 1186 4193 evolverem,
1215 4138 1270 4182 et
1309 4142 1431 4182 cum
1465 4128 1749 4199 Augustini

158 4215 443 4273 Breviculo
493 4216 818 4273 conferrem.
869 4218 1003 4273 Nam
1056 4227 1110 4273 et
1156 4220 1209 4273 in
1263 4220 1329 4273 iis
1357 4235 1575 4291 aspersa
1623 4225 1749 4277 sunt

158 4308 333 4363 multa
380 4307 516 4377 juris
562 4308 734 4363 nostri
773 4308 937 4363 veluti
983 4308 1331 4377 emblemata,
1379 4320 1433 4366 et
1480 4304 1746 4367 actionem

156 4400 712 4470 disceptationemque
734 4402 1010 4455 continent
1038 4400 1106 4455 de
1136 4402 1377 4457 Ecclesia
1417 4417 1583 4473 prope
1608 4403 1743 4479 civi-

1023 238 1349 301 HISTORIA
1384 240 1983 303 CARTHAGINENSIS
2019 242 2489 305 COLLATIONIS.

3280 252 3419 310 ωε

1765 370 1819 430 Α
1845 360 2038 438 quique
2066 361 2357 417 etiamnum
2383 362 2575 419 eodem
2605 361 2853 434 exemplo
2871 374 3216 437 compescere
3240 374 3423 438 posset

1847 432 1984 507 alios
2010 451 2127 522 ejus
2168 454 2382 523 generis
2406 453 2720 527 ordinisque
2759 432 2971 528 togatos
2996 432 3110 514 non
3138 432 3419 529 leguleios,

1845 542 1940 599 sed
1982 545 2303 601 nebulones.
2345 545 2478 602 Nam
2515 558 2569 603 et
2615 549 2749 604 tales
2778 548 3074 606 etiamnum
3122 550 3424 607 ardeliones

1846 633 2010 690 simili
2039 635 2357 707 intemperie
2404 637 2719 708 incitantur,
2771 649 2832 697 ut
2874 641 3145 711 allatrent,
3192 657 3420 712 quorum

1846 724 2062 797 linguae,
2118 728 2243 798 quia
2298 729 2589 786 meritoria:
2648 740 2793 801 sunt,
2840 733 3173 790 meretricias
3210 746 3424 803 quoque

1845 833 1989 874 nunc
2016 831 2138 876 esse
2166 820 2431 878 videmus.
2476 822 2591 879 Non
2621 825 2793 881 ausim
2832 840 2952 883 cum
2996 824 3258 882 Petiliano
3292 839 3425 881 con-

1846 908 1993 966 ferre
2022 911 2222 968 bonum
2255 914 2406 970 illum
2444 915 2809 984 Theodorum,
2838 934 2997 989 quem
3026 918 3236 990 quidam
3267 932 3427 975 vesa-

1848 1019 1975 1059 num
2004 1014 2221 1073 vocant,
2254 1008 2345 1064 alii
2373 1020 2591 1066 narrant
2622 1011 2673 1066 in
2698 1011 2915 1069 Posiaea
2942 1012 3023 1083 (ut
3044 1012 3161 1083 ipse
3190 1011 3424 1084 vocavit)

1850 1095 2186 1163 velitatione,
2218 1098 2393 1158 visum
2425 1116 2547 1159 esse
2575 1101 2731 1158 valde
2757 1112 3051 1168 versutum,
3079 1103 3125 1159 si
3152 1120 3257 1160 non
3282 1112 3429 1161 vete-

1848 1203 2061 1255 ranum,
2091 1199 2147 1245 at
2173 1200 2321 1248 certe
2347 1203 2728 1251 veteratorem.
2769 1194 2903 1250 illud
2936 1195 3095 1251 modo
3118 1195 3275 1252 dico:
3306 1212 3428 1253 eum

1850 1280 1903 1335 in
1926 1281 2334 1356 Carthagiuensi
2361 1288 2525 1343 veluti
2559 1303 2723 1344 arena
2738 1290 2911 1344 multa
2941 1298 3146 1358 essent,
3175 1305 3295 1361 quae
3324 1290 3427 1348 Pe-

1852 1373 2099 1430 tilianum
2148 1377 2515 1449 debilitarent,
2556 1380 2727 1435 multa
2774 1395 2904 1435 vero
2934 1381 2987 1436 in
3035 1382 3279 1451 Posiaca,
3311 1399 3433 1455 quae

1852 1464 2169 1533 adiuvarent
2207 1468 2569 1547 Theodorum,
2605 1470 2806 1527 factum
2840 1481 3019 1529 tamen
3062 1489 3203 1543 esse,
3249 1484 3309 1531 ut
3345 1476 3432 1533 hic

1853 1572 1958 1612 non
1998 1560 2175 1615 minus
2200 1576 2356 1632 quam
2389 1563 2476 1618 ille
2521 1563 2575 1618 in
2608 1563 2721 1619 luto
2766 1564 3006 1631 bteserit,
3056 1581 3177 1623 cum
3212 1578 3431 1625 ventum

1852 1659 1996 1707 esset
2019 1652 2085 1707 ad
2111 1655 2443 1722 questionem
2476 1654 2853 1726 defEcclesia,
2906 1659 2957 1714 in
2986 1674 3089 1730 qua
3119 1676 3303 1717 rursus
3334 1677 3430 1717 oc-

1851 1744 2103 1803 currebat
2133 1744 2482 1815 Augustinus,
2538 1755 2809 1818 tamquam
2852 1751 3127 1821 scopulus.
3168 1752 3280 1808 imo
3307 1768 3431 1810 cum

1853 1832 2165 1890 Theodorus
2189 1836 2278 1892 ille
2302 1846 2426 1893 ante
2450 1839 2674 1907 primam
2700 1841 2862 1898 veluti
2890 1843 3199 1911 coitionem,
3222 1846 3435 1904 confes-

1851 1929 2057 1983 sionem
2084 1931 2425 1985 suae-scilicet
2455 1930 2600 1999 fidei,
2633 1920 2747 1988 tam
2790 1950 2912 2002 suo,
2944 1916 3105 2007 quam
3138 1939 3433 1996 multorum

1850 2018 2144 2103 Gallorum,
2178 2022 2266 2090 qui
2316 2033 2494 2078 tamen
2542 2040 2659 2099 earn
2700 2040 2987 2097 numquam
3036 2031 3297 2100 legerant,
3337 2046 3434 2088 no-

1850 2112 1997 2167 mine
2025 2111 2265 2179 oli'erret,
2292 2116 2555 2187 principio
2583 2118 2861 2188 professus
2882 2129 2965 2176 est
3001 2137 3061 2177 se
3097 2123 3352 2181 danmare
3379 2132 3436 2181 et

1849 2200 2103 2257 detestari
2147 2213 2325 2259 sectas
2352 2221 2540 2263 omnes
2567 2217 2620 2263 et
2648 2208 2905 2277 haereses,
2944 2226 3065 2281 quae
3089 2213 3216 2268 olim
3247 2215 3299 2269 in
3335 2215 3434 2270 Ec-

1854 2294 2016 2349 clesia
2052 2294 2319 2352 damnatae
2346 2309 2530 2355 essent
2557 2301 2654 2357 abs
2695 2304 2897 2359 sanctis
2944 2304 3281 2375 doctoribus,
3338 2308 3435 2365 abs

1852 2384 2038 2440 Hilarii
2062 2396 2116 2441 et
2144 2386 2425 2445 Athanasii
2456 2393 2790 2463 temporibus
2812 2409 2979 2467 usque
3004 2397 3070 2453 ad
3090 2397 3435 2457 Ambrosium

1851 2486 1905 2531 et
1936 2476 2221 2548 Cyrillum.
2257 2480 2512 2538 Riserunt
2540 2484 2757 2554 quidam
2784 2486 2837 2541 in
2870 2487 2963 2543 illo
3005 2500 3292 2559 conventu,
3326 2499 3437 2548 tam

1848 2568 2082 2643 ineptam
2109 2585 2232 2641 quae
2262 2580 2439 2629 tamen
2470 2583 2576 2630 tam
2602 2575 2694 2632 diu
2719 2588 2773 2633 et
2800 2578 2955 2635 valde
2997 2580 3271 2637 elaborata
3306 2582 3437 2640 affe-

1854 2662 2093 2731 rebatur,
2142 2666 2371 2735 proferri
2400 2670 2721 2740 orationem,
2758 2688 2879 2743 qua:
2914 2675 3264 2747 conjungeret
3298 2677 3431 2734 Am-

1847 2755 2087 2811 brosium
2115 2772 2235 2815 cum
2262 2759 2483 2833 Cyrillo,
2520 2774 2575 2820 et
2616 2765 2945 2836 significaret
2982 2784 3232 2840 magnum
3263 2771 3436 2842 quod-

1847 2848 1969 2903 dam
2010 2854 2266 2921 temporis
2288 2854 2627 2916 intervallum
2674 2857 2841 2915 fuisse
2885 2860 3025 2916 inter
3050 2862 3433 2933 Athanasium,

1849 2940 2177 2998 Hilariumve
2208 2955 2261 3000 et
2290 2946 2653 3014 Ambrosium,
2686 2964 2807 3004 cum
2841 2958 3015 3006 tamen
3043 2953 3157 3022 ipse
3192 2954 3440 3012 Theodo-

1844 3051 1959 3099 rus.
1986 3040 2244 3095 mirificus
2273 3040 2435 3113 3&0
2463 3042 2847 3116 chronologus,
2897 3063 3069 3119 nuper
3097 3047 3163 3103 ad
3203 3048 3439 3105 Polonos

3006 3144 3303 3219 σύγχρονον
3331 3143 3440 3198 Au-

1849 3222 2069 3290 gustini.
2100 3223 2204 3279 Sed
2229 3226 2364 3281 tales
2391 3228 2749 3300 soloecismos,
2773 3248 2908 3303 quos
2925 3233 3247 3291 scholastica
3271 3235 3438 3291 ferula

1849 3312 2155 3382 castigaret,
2187 3314 2412 3374 barbato
2442 3322 2703 3391 magistro
2731 3332 2837 3378 tam
2869 3323 3029 3381 facile
3066 3324 3441 3385 condonarunt

1850 3403 1974 3459 boni
2015 3405 2313 3475 auditores,
2341 3425 2501 3480 quam
2531 3414 2707 3470 mirati
2752 3424 2897 3483 sunt,
2938 3417 3016 3473 sic
3046 3418 3169 3473 eum
3211 3417 3359 3489 loqui
3384 3427 3442 3476 et

1849 3496 2111 3562 scribere,
2144 3510 2203 3553 ut
2232 3515 2337 3555 non
2382 3502 2545 3558 modo
2581 3521 2687 3559 non
2720 3506 2994 3561 videretur
3021 3505 3283 3583 damnare
3325 3508 3441 3564 ha:-

1849 3601 2021 3655 reses,
2050 3602 2170 3658 qua:
2200 3602 2326 3647 ante
2362 3601 2601 3663 tempora
2646 3595 2831 3650 Hilarii
2859 3596 3139 3664 damnatae}
3167 3608 3312 3666 sunt,
3341 3599 3439 3658 sed

1850 3679 2010 3733 etiam
2060 3680 2393 3751 signiﬁcaret
2438 3684 2745 3753 approbare
2774 3701 2833 3741 se
2877 3676 3061 3743 omnia.
3096 3691 3297 3747 veteris
3336 3691 3442 3747 Ec-

1848 3770 2026 3825 clesiae
2070 3771 2269 3840 judicia
2308 3789 2337 3826 a
2370 3775 2699 3845 temporibus
2744 3777 2932 3834 llilarii
2964 3796 3132 3851 usque
3171 3782 3237 3838 ad
3267 3781 3440 3853 Cyril-

1848 3860 1980 3915 lum.
2012 3861 2117 3917 Sed
2142 3863 2233 3933 qui
2263 3863 2453 3920 sedato
2480 3866 2661 3921 animo
2686 3876 2792 3923 tam
2814 3870 3094 3927 confusam
3118 3883 3173 3929 et
3195 3874 3440 3930 incondi-

1848 3960 1954 4006 tam
1996 3953 2387 4010 confessionem
2437 3957 2749 4027 audiebant,
2793 3961 3103 4031 iudicarunt
3148 3963 3436 4035 quamdam

1849 4060 1969 4099 esse
1999 4046 2410 4115 trepidationem
2441 4048 2718 4105 hominum
2748 4052 2814 4107 ad
2857 4054 3124 4125 religiosae
3151 4055 3437 4126 antiquita-

1852 4135 1919 4190 tis
1958 4137 2187 4191 tribunal
2218 4138 2369 4194 velut
2395 4148 2739 4197 evocatorum
2771 4160 2785 4199 :
2825 4156 2876 4200 et
2904 4156 3175 4216 optarunt,
3217 4156 3274 4201 ut
3312 4162 3435 4203 cum

1848 4226 1914 4281 ad
1961 4244 2021 4283 se
2064 4228 2371 4296 rediissent,
2430 4242 2534 4287 tant
2583 4234 2687 4290 sibi
2742 4246 3075 4307 constarent,
3128 4248 3185 4295 ut
3233 4239 3437 4310 simpli-

1849 4315 1981 4371 citer
2008 4327 2380 4387 agnoscerent,
2422 4322 2677 4380 Ecclesia:
2702 4326 2811 4397 jam
2855 4327 2978 4385 inde
3014 4330 3084 4385 ab
3126 4331 3434 4400 apostolicis

1851 4412 2179 4479 temporibus
2224 4424 2535 4485 perpetuam
2566 4423 2997 4490 consensionem,
3043 4424 3130 4487 ubi
3172 4427 3430 4495 occurrit,

154 4493 266 4547 lem
299 4508 313 4545 :
359 4500 414 4546 et
460 4502 517 4545 ut
558 4491 803 4561 cognitor
848 4500 1007 4562 atque
1033 4492 1202 4561 judex
1253 4502 1337 4548 est
1378 4493 1742 4581 Marcellinus,
1771 4512 1825 4572 ι)
1851 4516 2054 4571 magna:
2084 4518 2206 4560 esse
2235 4509 2569 4567 auctoritatis
2604 4529 2619 4566 :
2650 4522 2705 4568 et
2729 4529 2860 4570 vero
2887 4530 3007 4571 cum
3039 4516 3104 4571 ad
3131 4530 3249 4572 eam
3278 4491 3436 4577 revo-

156 4598 409 4654 magnum
436 4582 879 4652 jurisprudentiae
906 4582 1091 4649 decus,
1127 4584 1207 4638 sic
1233 4594 1445 4640 actores
1479 4594 1604 4639 sunt
1635 4600 1741 4641 non

156 4676 395 4747 imperiti
419 4674 743 4745 judiciorum
774 4675 1089 4731 forensium.
1133 4676 1243 4731 lmo
1288 4677 1604 4744 Petilianus,
1650 4680 1741 4749 qui

158 4768 423 4824 malarum
448 4768 672 4837 partium
697 4776 955 4838 patronus
974 4769 1124 4824 estin
1156 4769 1255 4825 hac
1277 4784 1455 4835 causa,
1483 4770 1746 4825 versutior

158 4860 261 4915 fuit
284 4858 609 4927 causidicus,
630 4868 684 4915 et
706 4860 996 4933 forensium
1015 4862 1325 4917 cantionum
1347 4872 1507 4933 atque
1529 4864 1743 4919 cavilla-

159 4952 369 5008 tionum
390 4953 630 5021 peritior,
646 4967 805 5023 quam
826 4968 983 5007 causa
1001 4956 1312 5023 postularet.
1332 4953 1447 5009 Non
1465 4956 1606 5011 enim
1626 4971 1745 5011 cum

160 5044 229 5100 ad
257 5043 699 5114 gubernationem
718 5044 960 5099 ecclesiae
998 5045 1393 5103 Donatistarum
1421 5050 1739 5114 transiisset,

160 5134 403 5190 oblivisci
426 5133 806 5203 potuitveteris
834 5148 945 5188 suae
972 5137 1375 5192 consuetudinis
1392 5149 1445 5194 et
1471 5141 1621 5195 artis.
1646 5139 1743 5196 So-

161 5222 523 5292 lebatjactare
540 5223 833 5292 potentiam
857 5224 1123 5293 quondam
1145 5240 1294 5281 suam
1316 5228 1367 5280 in
1393 5228 1743 5287 advocatione

161 5317 387 5381 forensi,
416 5326 470 5370 ut
510 5316 834 5387 Augustinus
861 5316 935 5369 ait
964 5315 1076 5387 (lib.
1110 5331 1167 5370 ιιι
1198 5329 1377 5373 contra
1411 5318 1590 5386 Petil.,
1620 5340 1736 5393 cap.

163 5409 274 5480 17).
308 5407 414 5464 Sed
445 5407 581 5462 bene
607 5406 788 5472 habet,
824 5407 981 5462 talem
1006 5408 1245 5483 rabulam
1276 5426 1381 5465 non
1411 5414 1570 5468 modo
1599 5414 1738 5470 inci-

160 5501 307 5557 disse
338 5502 392 5554 in
418 5500 808 5563 Marcellinum,
834 5498 928 5554 sed
960 5499 1250 5556 incurrisse
1278 5503 1327 5556 in
1349 5504 1525 5573 ipsum
1558 5507 1741 5576 Augu-

156 5593 381 5658 stinum,
418 5592 510 5661 qui
551 5591 913 5659 importunum
964 5592 1211 5646 latratum
1261 5594 1408 5674 canis
1454 5596 1644 5666 impuri
1688 5609 1742 5653 et

160 5683 508 5757 impudentis,
531 5682 671 5753 justa
690 5685 944 5753 gravique
964 5687 1314 5755 responsione
1327 5690 1705 5759 comprimeret
1727 5707 1740 5744 :

1846 4604 1997 4650 catus
2020 4604 2165 4651 esset
2198 4598 2371 4656 bonus
2398 4601 2732 4673 Theodorus,
2764 4606 2885 4663 sine
2915 4607 3099 4663 fraude
3128 4616 3339 4679 poterat
3367 4611 3435 4669 lis

1849 4686 2097 4756 transigi,
2126 4688 2170 4742 si
2202 4688 2341 4744 bona
2385 4691 2472 4748 ille
2510 4694 2613 4750 fide
2654 4697 2874 4766 egisset.
2907 4696 3039 4753 Nam
3065 4707 3118 4754 ct
3160 4710 3216 4754 ut
3258 4703 3436 4760 minus

1802 4806 1809 4814 ι
1846 4776 2137 4843 dubitaret,
2167 4783 2545 4851 proferebatur
2566 4790 2707 4859 quod
2733 4792 2800 4846 ab
2829 4791 2948 4861 ejus
2978 4793 3234 4867 magistro
3262 4794 3317 4851 in
3346 4797 3432 4852 in-

1846 4870 2129 4927 stitutione
2171 4874 2433 4945 scriptum
2473 4889 2609 4946 erat,
2643 4881 2999 4951 Augusﬁnum
3044 4886 3241 4941 merito
3283 4887 3435 4957 obje-

1847 4962 1989 5016 cisse
2020 4963 2314 5023 Donatistis
2341 4973 2740 5029 successionem
2774 4973 3033 5031 Ecclesiae
3065 4980 3430 5039 continuatae:

1850 5067 1955 5107 non
1969 5055 2110 5108 enim
2130 5055 2344 5113 dubium
2363 5076 2501 5129 esse,
2525 5063 2656 5116 nihil
2675 5064 2903 5133 interea,
2919 5069 3205 5139 nequitiem
3222 5071 3432 5142 Romus,

1849 5156 2112 5217 mutatum
2143 5149 2194 5202 in
2217 5150 2458 5208 doctrina
2496 5156 2611 5225 ipsa
2639 5154 2825 5212 fuisse.
2859 5158 2965 5214 Sed
3005 5175 3126 5217 cum
3159 5166 3432 5233 prospice-

1849 5245 1933 5292 ret
1957 5248 2146 5293 cautus
2172 5241 2510 5311 Theodorus,
2542 5261 2649 5316 quo
2675 5249 2961 5319 recideret,
2988 5252 3035 5307 si
3063 5255 3112 5309 id
3143 5257 3432 5315 conﬁtere-

1842 5337 1962 5394 tur;
1986 5347 2159 5403 neque
2186 5346 2359 5392 tamen
2390 5347 2494 5392 tam
2522 5339 2694 5396 adhuc
2712 5343 2882 5397 audax
2904 5356 3071 5413 esset,
3096 5356 3154 5404 ut
3176 5349 3226 5403 id
3244 5360 3432 5418 aperte

1842 5421 2070 5476 inficiari
2114 5425 2356 5494 auderet,
2401 5428 2583 5496 elusit,
2617 5430 2846 5491 obscure
2883 5446 2937 5492 et
2977 5439 3198 5494 confuse
3248 5442 3433 5496 nescio

1843 5510 1970 5581 quid
1994 5511 2456 5583 submurmurans,
2477 5520 2529 5574 in
2552 5536 2659 5591 quo
2672 5527 3123 5596 nequeconfessio
3154 5546 3323 5600 neque
3343 5531 3433 5585 in-

1844 5604 2041 5659 ﬁciatio
2071 5606 2473 5678 intelligeretur.
2500 5612 2590 5669 Sic
2608 5617 2749 5672 enim
2776 5629 2830 5674 et
2855 5620 3166 5687 Petilianus,
3195 5638 3313 5675 cum
3342 5638 3437 5677 ur-

1842 5706 2057 5765 geretur
2094 5708 2151 5753 ut
2192 5714 2310 5755 cutn
2355 5693 2650 5761 Ecclesiam
2692 5707 3015 5779 jampridem
3052 5711 3437 5782 degenerando
