3860 6212
391 229 527 310 ttts

1839 228 2205 290 APPIRDIX.

3501 219 3631 278 illi

385 359 646 417 defecisse
667 354 1004 416 causabatur,
1031 354 1242 406 notaret
1263 356 1475 416 tempus
1493 352 1550 400 et
1568 343 1816 398 definiret
1833 357 1962 396 cono
1989 356 2041 413 Δ
2069 344 2150 398 vel
2195 342 2355 398 etiam
2397 339 2868 411 praevaricatorem
2907 350 3030 393 esse
3070 335 3393 406 suspicatus,
3448 335 3642 403 putavit

387 453 646 508 ditionem
676 448 790 520 ejus
815 445 1121 518 apostasim,
1155 456 1329 512 neque
1354 439 1482 510 quid
1507 450 1631 494 tunc
1659 434 1859 506 liquido
1885 434 1967 489 di-

388 551 553 606 ceret,
581 539 818 603 haberet,
849 545 1098 592 causatus
1127 541 1208 587 est
1241 545 1364 586 sese
1393 529 1502 600 jam
1533 529 1688 597 longa
1728 526 1966 595 disputa-

387 634 529 688 tione
562 646 782 686 raucum
813 629 1008 684 factum
1037 641 1180 693 esse,
1203 634 1256 680 et
1290 638 1352 678 ea
1375 624 1728 678 excusatione
1767 619 1966 675 silentii

388 741 514 782 usus
558 725 780 796 aufugit.
820 721 1135 779 Theodorus
1174 719 1342 791 magis
1379 719 1644 789 gloriosus
1686 715 1839 770 miles
1862 722 1962 780 est,

385 833 539 886 quam
583 825 640 870 ut.
669 815 854 886 fugere
895 814 1219 883 dignaretur.
1256 810 1362 867 Sed
1391 825 1514 865 cum
1554 807 1968 877 triumphantem

320 918 323 922 '
384 920 738 978 sequerentur
758 906 1002 972 clientes,
1033 904 1274 960 nonnulli
1295 905 1383 974 qui
1411 903 1586 957 minus
1608 902 1968 957 erantvesani

390 1003 652 1074 rogabant
671 1001 874 1055 nihilne
891 997 1193 1069 essetquod
1215 996 1511 1052 Petilianus
1529 994 1857 1066 respondere
1876 1007 1969 1063 po-

386 1094 546 1156 tuerit
576 1090 876 1162 Augustiuo
902 1090 1176 1161 objicienti
1213 1087 1462 1143 vaticinia
1493 1086 1874 1157 prophetarum
1901 1085 1967 1140 de

400 1185 635 1239 Ecclesia
663 1191 774 1238 toto
800 1182 932 1238 orbo
959 1180 1304 1236 ditl‘undenda‘
1330 1188 1385 1234 ct
1412 1178 1776 1249 propaganda,
1799 1191 1970 1246 eaque

391 1275 455 1328 ad
473 1289 624 1328 suum
641 1274 932 1328 etiamnum
957 1283 1166 1342 tempus
1188 1271 1460 1327 referenti.
1485 1267 1971 1336 Ttieodorusinge-

389 1363 589 1419 niosior
625 1375 773 1419 vates
818 1372 1007 1419 nasuto
1039 1361 1301 1417 cachinno
1351 1361 1616 1430 excepit;
1663 1357 1970 1412 Parturicnt

392 1465 600 1523 montes,
641 1464 877 1510 nascetur
919 1453 1167 1508 ridiculus
1199 1469 1331 1506 mus.
1364 1451 1681 1506 Familiares
1698 1462 1969 1504 monuere

389 1547 548 1601 nimis
578 1557 820 1617 apertum
849 1561 971 1602 esse
1014 1545 1118 1600 hoc
1157 1544 1500 1600 Luciauicmn
1530 1541 1839 1613 ludibrium.
1873 1541 1972 1598 Er-

289 1631 298 1639 ’
391 1656 458 1710 go
490 1640 662 1695 bonus
688 1641 872 1707 Poeta,
901 1650 960 1694 ut
986 1637 1189 1708 aliquid
1214 1636 1515 1702 simularet,
1546 1645 1813 1705 tamquam
1836 1647 1970 1688 nova

2067 435 2148 508 (ut
2171 444 2255 492 est
2280 436 2442 490 homo
2469 433 2750 503 ingenuus)
2777 431 2908 485 nihil
2937 445 3057 486 esse
3091 426 3562 491 dissimulandum,
3591 435 3644 481 et

2069 526 2284 583 tandem
2315 525 2576 596 agendum
2615 537 2735 579 esse
2761 522 3002 593 asperius
3043 539 3056 574 :
3094 535 3267 590 neque
3302 519 3432 590 quia
3461 518 3514 571 in
3541 516 3642 583 Po-

2068 619 2212 674 siaca
2244 633 2338 673 sua
2367 616 2684 673 velitatione
2726 613 3054 669 moderatior
3095 611 3236 668 forte
3261 612 3474 677 fuisset,
3506 624 3643 665 sem-

2069 730 2166 785 per
2199 729 2320 771 esae
2363 710 2772 781 indulgendum.
2806 709 3002 777 Quidni
3031 709 3191 764 vero?
3239 706 3330 762 Sic
3357 707 3476 777 ipse
3511 703 3644 760 Gau-

2069 805 2300 871 dentius,
2343 803 2482 859 alter
2522 803 2916 858 Donatistarum
2966 809 3242 871 patronus,
3281 799 3371 868 qui
3421 793 3472 851 in
3518 796 3645 851 Car-

2072 896 2373 968 thaginensi
2419 895 2705 950 collatione
2750 891 3122 956 contenderat,
3163 905 3317 945 suam
3363 885 3644 942 factionem

2071 1005 2190 1048 esse
2233 989 2524 1046 Ecclesiam
2551 986 2870 1050 catholicam
2902 1002 2914 1038 :
2941 993 3283 1054 posteaquam
3316 981 3485 1034 sensit
3520 979 3569 1033 id
3592 994 3647 1033 se

2071 1083 2323 1137 evincere
2361 1094 2467 1135 non
2497 1093 2678 1150 posse,
2711 1076 2850 1146 quod
2884 1075 3210 1146 Augustinus
3247 1085 3361 1134 suae
3397 1070 3646 1124 Ecclesia:

2073 1169 2372 1237 asserebat,
2403 1181 2569 1224 ausus
2613 1178 2695 1223 est
2726 1167 2901 1236 paiam
2947 1165 3149 1224 dicere.
3201 1162 3492 1215 humanum
3527 1173 3646 1213 esse

2074 1268 2408 1335 ﬁgmentum,
2447 1261 2700 1334 quicquid
2739 1261 2809 1316 de
2843 1258 3119 1314 Catholica
3158 1256 3397 1311 Ecclesia
3439 1245 3646 1308 dicitur:

2077 1361 2157 1413 En
2194 1373 2301 1427 quo
2327 1357 2564 1412 evadunt
2598 1353 2910 1410 reciduntve
2942 1351 3189 1406 homines
3220 1349 3429 1403 vesani.

2145 1450 2406 1521 Equidem
2445 1448 2665 1502 minime
2711 1443 2951 1500 omnium
2984 1442 3198 1506 vellem,
3232 1455 3354 1496 cum
3404 1437 3647 1493 Ecclesia

2045 1557 2270 1612 corpus
2309 1541 2635 1600 defenditur,
2682 1536 2898 1593 defendi
2935 1535 3098 1590 etiam
3142 1531 3300 1605 341
3346 1530 3646 1587 excusarive

2076 1652 2256 1691 naevos
2283 1645 2338 1690 et
2367 1633 2605 1688 maculas
2629 1642 2683 1687 et
2708 1631 2880 1685 labes.
2917 1628 3026 1681 lmo
3055 1641 3184 1679 vero
3227 1624 3346 1679 hare
3382 1621 3646 1677 hominum

388 1730 594 1802 Sibylla
622 1730 894 1800 subjecit:
929 1730 1118 1785 saltem
1158 1726 1461 1782 Donatistas
1498 1726 1692 1796 quibus
1722 1723 1974 1795 Augusti-
2002 1736 2049 1796 Β
2077 1739 2293 1799 peccata
2341 1724 2662 1796 gravissime
2724 1717 3021 1775 accusanda
3077 1724 3221 1770 sunt.
3278 1712 3388 1768 Sed
3443 1711 3645 1777 vctiem,

393 1839 492 1876 nus
530 1823 838 1891 opponebat
886 1820 1194 1890 prophetias
1225 1819 1308 1882 .de
1353 1816 1526 1870 futura
1560 1816 1823 1878 Ecclesia,
1874 1830 1969 1886 po-

391 1912 558 1967 tuisse
587 1913 734 1966 illum
761 1911 1059 1980 Augustino
1086 1908 1322 1978 objicerc
1361 1907 1710 1977 Virgilianum
1737 1909 1972 1963 versicu-

398 2003 506 2060 lum
535 2022 547 2058 :
584 2003 859 2058 Ostendent
889 2003 1037 2057 terris
1063 2000 1196 2055 hanc
1223 2010 1420 2056 tantum
1449 2000 1579 2072 fata,
1596 2016 1686 2054 nec
1711 2002 1848 2055 ultra
1893 2016 1972 2055 es-

388 2113 442 2150 se
470 2096 653 2151 sinent.
687 2095 817 2150 Cum
861 2093 1128 2148 infinitum
1158 2092 1213 2147 id
1251 2107 1438 2146 rursus
1463 2105 1584 2146 esse
1623 2091 1895 2146 diceretur
1916 2101 1970 2146 et

391 2186 650 2256 ineptum,
682 2186 772 2239 ubi
799 2185 1054 2256 quaeritur
1079 2182 1291 2254 quando
1327 2190 1383 2236 et
1423 2183 1692 2252 quomodo
1733 2181 1972 2236 Ecclesia

392 2276 778 2347 aspectabililis
817 2291 938 2332 esse
985 2274 1208 2331 desierit
1245 2291 1259 2328 :
1305 2276 1474 2329 sensit
1499 2281 1688 2329 acutus
1723 2272 1974 2329 Theodo-

393 2385 485 2424 rus
527 2385 712 2425 rursus
763 2383 823 2425 se
873 2369 1066 2439 premi.
1115 2367 1214 2424 Ubi
1257 2379 1434 2422 autem
1465 2367 1556 2421 diu
1600 2382 1661 2422 se
1704 2366 1971 2432 torsisset,

396 2460 600 2531 putavit
655 2459 845 2516 callide
898 2474 957 2515 se
1004 2459 1145 2515 elabi
1191 2473 1369 2528 posse,
1419 2471 1538 2512 cum
1602 2458 1654 2512 in
1703 2444 1975 2529 postrema

392 2568 488 2606 sua
535 2551 853 2622 praefatione
917 2566 1086 2621 nuper
1142 2549 1382 2618 scripsit,
1434 2548 1754 2619 jampridem
1825 2548 1974 2606 defe-

393 2645 530 2702 cisse
561 2645 814 2701 Ecclesiae
855 2647 1250 2701 successionem
1285 2651 1564 2714 tantopere
1610 2645 1737 2699 olim
1787 2645 1973 2698 lauda-

396 2749 503 2792 tam
530 2755 542 2792 :
576 2753 697 2792 nam
721 2748 775 2791 et
801 2736 1124 2807 jampridem
1149 2737 1423 2806 improbos
1446 2736 1600 2791 bonis
1629 2736 1973 2791 successisse.

399 2831 647 2888 Dicebam
676 2831 875 2885 nullam
906 2846 1028 2886 esse
1057 2830 1196 2886 hanc
1235 2832 1638 2899 reSponsionem
1667 2840 1722 2885 et
1750 2831 1976 2886 alteram

310 2993 314 2997 ι
398 2941 519 2980 esse
550 2924 831 2994 ineptiam,
865 2925 954 2978 ubi
986 2924 1204 2994 perinde
1236 2924 1492 2993 loquitur,
1522 2939 1585 2978 ac
1612 2923 1658 2978 si
1697 2923 1764 2978 de
1794 2937 1980 2993 perso-

398 3013 612 3083 narum,
641 3025 696 3070 et
721 3031 829 3070 non
873 3019 1049 3084 potius
1084 3015 1154 3082 de
1184 3031 1361 3068 rerum
1401 3016 1743 3070 successione
1769 3030 1981 3086 qurere-

2077 1834 2233 1890 (ptem
2265 1817 2363 1887 ipsi
2391 1813 2741 1886 prophetaein
2757 1826 2851 1866 sua
2873 1810 3084 1864 actione
3117 1806 3333 1862 modum
3357 1811 3648 1866 servarunt,

2077 1912 2180 1981 ipsi
2209 1907 2642 1970 observaremns,
2671 1919 2793 1960 cum
2823 1904 2944 1958 illos
2987 1900 3214 1970 legimus
3259 1897 3476 1953 divinos
3522 1909 3652 1965 pne-

2074 2020 2243 2065 cones
2275 2004 2550 2067 Ecclesiae,
2592 1999 2756 2057 simul
2785 2004 2842 2054 et
2867 2008 3126 2052 censores
3153 2001 3207 2048 et
3228 1991 3483 2045 vitiorum
3512 2003 3653 2042 acer-

2077 2104 2242 2158 rimos
2270 2105 2614 2154 accusatores
2641 2135 2656 2161 ,
2711 2091 2868 2148 sicuti
2900 2091 3060 2145 etiam
3087 2087 3331 2142 dicemus
3369 2083 3422 2137 in
3451 2081 3651 2152 exposi-

2077 2196 2222 2250 tione
2247 2190 2555 2248 collationis
2587 2182 3052 2255 Carthagin‘ensis.
3085 2179 3294 2234 Interea
3324 2177 3517 2236 fateor.
3564 2186 3652 2225 ne.

2076 2302 2179 2358 que
2205 2299 2365 2356 posse
2391 2294 2711 2353 quemquam
2739 2291 2936 2346 negare
2967 2273 3098 2338 scio,
3131 2269 3306 2341 qualis
3331 2261 3654 2337 quantusque

2079 2354 2289 2432 miserae
2331 2375 2545 2442 situque
2589 2371 2778 2426 obsita:
2820 2365 3081 2422 Ecclesia:
3118 2372 3261 2416 nunc
3302 2360 3523 2442 squalor
3569 2354 3649 2418 sit,

2078 2467 2254 2538 qualis
2277 2440 2592 2521 deformitas
2632 2458 3036 2521 contaminata,
3067 2460 3268 2525 quanta
3309 2440 3654 2519 pessumeun-

2081 2537 2147 2616 tis
2193 2558 2507 2614 inclinatio:
2539 2554 2717 2624 qualis
2742 2552 2972 2621 denique
3010 2553 3322 2618 quantaque
3360 2537 3654 2611 desperatio

2081 2651 2244 2707 veluti
2276 2646 2557 2718 depositae.
2590 2646 2732 2715 Ergo
2759 2635 2930 2697 fateor
2957 2654 3023 2695 eo
3053 2652 3168 2693 rem
3208 2633 3490 2695 recidisse,
3535 2628 3653 2682 nihil

2083 2752 2141 2799 ut
2177 2744 2330 2799 nobis
2353 2740 2608 2812 supersit,
2638 2741 2794 2810 quam
2821 2745 2880 2799 ut
2908 2734 3056 2788 illam
3091 2729 3380 2785 Hieremiae
3427 2721 3653 2812 tristissic

2083 2849 2224 2890 mam
2257 2811 2460 2890 eversae
2488 2831 2826 2898 desertaeque
2854 2821 3239 2890 Hierosolyma:
3267 2816 3566 2870 vastitatem
3587 2811 3656 2877 luo

2081 2925 2255 2996 gentis
2299 2921 2688 2995 ingeminemus
2729 2916 3117 2989 querimoniam
3158 2927 3172 2965 :
3217 2906 3488 2979 Expendit
3537 2902 3654 2959 Sion

2085 3038 2264 3076 manus
2291 3035 2441 3096 suas;
2470 3019 2558 3071 sed
2582 3016 2753 3070 nullus
2783 3024 2853 3069 est
2879 3013 2964 3082 qui
2993 3009 3280 3063 consoletur
3307 3019 3440 3062 eam.
3471 3000 3652 3054 Verum

400 3120 572 3176 retur,
600 3123 719 3162 cum
754 3117 929 3162 tamen
966 3109 1028 3177 in
1074 3108 1293 3162 Posiaca
1325 3108 1682 3177 disputatione
1707 3108 1980 3179 professus
2008 3117 2054 3180 C
2086 3108 2136 3171 in
2189 3115 2379 3170 mediis
2424 3114 2541 3185 ejus
2591 3109 2777 3166 ruinis-
2811 3106 3045 3163 nondnm
3100 3099 3350 3156 oblivisci
3397 3095 3653 3166 potuimus

399 3209 542 3255 esset
567 3197 703 3253 nihil
730 3211 790 3254 se
814 3198 1014 3254 morari
1041 3201 1441 3254 successionem
1473 3215 1847 3270 personarum,
1883 3200 1978 3255 scd

401 3290 660 3347 doctrinae
709 3300 764 3346 et
801 3306 981 3346 rerum
1031 3293 1431 3347 successionem
1473 3307 1736 3361 quaerere.
1782 3291 1979 3346 Verum

401 3384 562 3454 quale
590 3393 777 3437 rursus
808 3382 1096 3437 ludibrium
1138 3394 1240 3448 est,
1283 3384 1423 3453 quod
1467 3386 1624 3439 toties
1653 3394 1868 3456 rogatus
1913 3386 1982 3442 de

405 3487 643 3548 tempore
697 3475 1035 3542 defectionis,
1093 3475 1226 3529 nihil
1279 3475 1420 3530 aliud
1472 3478 1765 3546 ingeminat
1822 3494 1981 3547 quam

401 3584 557 3624 suum
587 3567 715 3623 illud
745 3567 1099 3639 jampridem?
1132 3567 1240 3622 lmo
1268 3583 1398 3624 vero
1425 3584 1545 3624 cum
1582 3568 1782 3626 diutius
1808 3572 1980 3640 repri-

407 3677 554 3718 mere
580 3678 685 3716 non
728 3669 912 3732 posset
938 3660 1358 3729 indignationem
1397 3670 1792 3732 erumpentem,
1825 3663 1982 3718 audio

404 3767 526 3806 eum
553 3753 606 3806 in
633 3752 821 3808 eadem
851 3753 940 3806 illa
977 3766 1072 3811 sua
1116 3751 1428 3820 prmfatione
1458 3755 1690 3820 militari,
1725 3770 1882 3824 quam
1927 3764 1986 3809 ut

405 3859 490 3899 me
528 3851 773 3910 terreret,
821 3844 1113 3913 Evangelia
1159 3845 1405 3914 prmlixit,
1437 3845 1626 3900 iratum
1659 3848 1982 3912 exclamare,

404 3953 525 3992 cum
567 3939 732 3992 multa
764 3938 865 3992 alia
907 3937 1140 4006 indigna,
1195 3946 1250 3991 ut
1287 3938 1576 3994 Ecclesiam
1607 3940 1776 4008 illam,
1825 3955 1983 4010 quam

405 4045 526 4084 cum
556 4030 851 4100 Augustino
880 4029 1239 4098 defendimus,
1266 4029 1550 4100 jugularet,
1586 4043 1696 4086 tum
1727 4047 1854 4087 vero
1884 4032 1986 4086 ista

407 4124 678 4178 veteribus
726 4125 992 4193 episcOpis
1033 4138 1322 4192 numquam
1374 4125 1425 4178 in
1479 4137 1716 4180 mentem
1752 4125 1986 4186 venisse,

409 4229 582 4283 neque
611 4215 1012 4283 judaizandum,
1043 4223 1215 4286 neque
1247 4209 1324 4288 (ut
1354 4217 1610 4286 loquitur)
1639 4194 1988 4288 gcntilissau-

407 4305 533 4359 dum
564 4322 720 4360 esse:
754 4316 806 4360 ct
830 4306 1186 4362 Christianam
1227 4317 1505 4378 propterea
1540 4307 1848 4377 religionem
1881 4305 1989 4359 cito

410 4410 463 4453 ct
493 4401 714 4470 turpiter
760 4400 1117 4469 degenerasse
1163 4402 1212 4454 ln
1241 4402 1570 4456 ceremonias
1607 4415 1790 4464 vanas,
1825 4399 1875 4453 in
1909 4398 1990 4451 lu-

2081 3209 2221 3278 quod
2247 3183 2482 3276 psalmus
2504 3204 2597 3268 ait,
2626 3216 2811 3256 servos
2834 3195 3051 3254 Domini
3071 3194 3231 3247 etiam
3259 3189 3485 3258 diligere
3506 3183 3652 3239 rude-

2082 3275 2139 3354 ra
2181 3275 2552 3367 etipulveretn
2582 3293 2780 3358 Sionis,
2827 3289 2980 3358 cujus
3011 3301 3103 3341 eos
3149 3283 3392 3342 miseret.
3433 3275 3649 3330 Tantum

2081 3405 2211 3446 vero
2248 3390 2415 3453 abest,
2454 3394 2511 3440 ut
2540 3385 2604 3438 iis
2633 3383 2990 3447 blandiamur,
3018 3393 3153 3448 quos
3189 3374 3295 3430 tarn
3327 3371 3474 3427 domi
3505 3381 3646 3440 quam

2084 3482 2214 3536 furis
2252 3480 2325 3534 illi
2368 3476 2628 3532 insultare
2671 3473 2932 3532 videmus,
2964 3482 3020 3523 ut
3048 3467 3209 3522 etiam
3241 3479 3387 3532 saepe
3429 3462 3484 3516 in
3515 3475 3648 3515 meno
3683 3529 3687 3533 .

2085 3584 2193 3628 tem
2239 3571 2419 3626 vcniat
2447 3567 2587 3637 quod
2620 3566 2756 3619 alter
2793 3560 3048 3630 prOpheta
3077 3556 3324 3612 Ezechiel
3355 3555 3513 3623 paulo
3539 3562 3647 3606 ante

2057 3666 2228 3720 illam
2258 3662 2615 3717 calamitatem
2660 3653 2876 3722 scripsit
2915 3663 3035 3705 sese
3081 3661 3109 3700 a
3141 3647 3250 3701 Deo
3280 3644 3494 3712 jussum
3524 3655 3644 3704 esse,

2085 3757 2329 3827 perfosso
2380 3753 2558 3824 potius
2609 3747 2816 3818 pariete
2873 3751 2928 3797 et
2980 3737 3144 3794 veluti
3191 3743 3379 3806 aperta
3432 3733 3644 3788 fenestra

2087 3826 2332 3921 spectare
2367 3846 2493 3917 quid
2527 3845 2580 3898 in
2625 3838 2827 3908 templo
2865 3841 3087 3905 agerent
3116 3830 3365 3885 homines
3391 3826 3536 3895 impii
3581 3835 3646 3876 at-

2087 3912 2192 4010 que
2223 3912 2433 4000 nefarii,
2468 3945 2523 3988 ut
2551 3945 2734 3987 eorum
2763 3924 3188 3981 abominationes
3215 3927 3525 3976 execretur.
3551 3912 3648 3979 ,Sed

2090 4009 2191 4090 una
2218 4031 2374 4087 simul
2401 4046 2486 4083 me
2509 4041 2598 4082 res
2622 4021 2949 4078 consolatur.
2978 4017 3178 4072 Eodem
3209 4013 3350 4070 enim
3381 4015 3502 4066 loco
3525 4009 3646 4062 Deus

2088 4107 2207 4180 cum
2239 4112 2551 4177 horribilem
2579 4114 2867 4169 vindictam
2895 4122 3018 4164 sese
3060 4115 3398 4175 sumpturum
3428 4115 3544 4157 esse
3567 4099 3645 4152 de-

2091 4217 2320 4279 nuntiat,
2348 4211 2506 4266 simul
2536 4205 2804 4278 significat
2835 4216 2957 4257 sese
2982 4203 3184 4254 interea
3203 4212 3392 4252 eorum
3419 4189 3644 4247 misereri

2089 4309 2250 4372 velle,
2280 4305 2370 4374 qui
2404 4317 2523 4356 cum
2550 4298 2806 4369 propheta
2837 4292 3106 4363 lugebant,
3127 4289 3306 4345 aversi
3337 4289 3406 4344 ab
3432 4287 3516 4340 illa
3544 4297 3645 4352 pro-

2091 4397 2213 4451 fana
2247 4395 2330 4450 vel
2374 4393 2629 4461 sacrilega
2677 4387 3001 4442 colluvione.
3032 4383 3192 4438 Jubet
3230 4397 3380 4451 ergo,
3420 4390 3482 4435 ut
3525 4379 3644 4432 ultor

408 4497 582 4552 dicras
603 4497 860 4567 liturgias,
895 4497 946 4550 in
971 4497 1303 4552 manifestam
1331 4497 1791 4566 superstitionem,
1818 4501 1872 4545 et
1895 4490 1989 4544 de-
2012 4492 2064 4551 D
2092 4493 2309 4562 angelus
2355 4489 2580 4542 frontem
2614 4478 2822 4557 eorum,
2867 4478 2959 4559 qui
2984 4484 3223 4548 gemunt,
3258 4474 3532 4545 insigniat,
3558 4482 3644 4540 quo

411 4590 570 4658 nique
602 4591 652 4644 in
690 4591 954 4648 ἀθεότητα.
989 4590 1244 4660 Equidem
1286 4588 1558 4659 obstupui,
1587 4586 1727 4640 talia
1751 4583 1990 4638 scribere

409 4676 566 4736 ἔνθεον
587 4681 955 4747 Theodorum,
978 4693 1032 4736 et
1059 4683 1198 4752 quod
1223 4683 1288 4736 de
1309 4697 1403 4735 sua
1435 4680 1662 4734 factione
1688 4676 1869 4730 dicere
1896 4686 1989 4742 po.

414 4771 531 4835 luit,
564 4783 920 4842 contorquere
978 4775 1241 4828 adversus
1289 4782 1526 4826 veterem
1569 4767 1882 4828 Ecclesiam,
1934 4771 1993 4823 ul

411 4878 566 4933 quam
595 4866 915 4935 jampridem
947 4865 1208 4921 defecisse
1237 4863 1397 4926 dixit,
1429 4859 1631 4913 diceret
1667 4871 1773 4908 non
1816 4853 1989 4906 minus

412 4955 517 5009 cito
559 4972 714 5026 quam
746 4959 973 5026 turpiter
998 4957 1376 5027 degenerasse.
1418 4944 1680 5015 Sedquid
1712 4957 1853 4997 nunc
1881 4957 1986 4996 non

414 5047 573 5100 audet
599 5048 847 5117 impietas
884 5048 1210 5103 Lucianica?
1241 5039 1534 5097 Petilianus
1575 5053 1700 5092 cum
1738 5036 1849 5090 suis
1879 5035 1983 5088 Do-

414 5137 619 5192 natistis
645 5139 950 5194 clamitabat
975 5137 1295 5198 Ecclesiam,
1323 5144 1480 5200 quatn
1508 5127 1831 5197 Augustinus
1853 5121 1988 5195 pra:-

412 5225 640 5296 dicabat,
684 5245 802 5285 esse
831 5228 1178 5299 apostolicam
1212 5239 1225 5275 :
1257 5230 1309 5275 et
1341 5220 1406 5274 ab
1441 5218 1506 5272 iis
1532 5217 1840 5272 Catholicos
1881 5231 1988 5270 non

416 5333 510 5387 pro
539 5320 886 5385 Christianis,
940 5317 1034 5373 sed
1071 5330 1166 5386 pro
1201 5310 1428 5380 Paganis
1465 5308 1672 5361 habitos
1707 5323 1859 5373 esse;
1887 5316 1992 5362 tes-

415 5421 494 5468 tes
523 5425 645 5468 sunt
670 5415 893 5484 Optatus
923 5419 976 5466 et
1003 5407 1334 5477 Augustinus
1366 5419 1379 5453 :
1413 5401 1558 5470 atqui
1583 5399 1870 5455 Petilianus
1900 5415 1993 5452 an-

415 5504 639 5559 tistitum
672 5503 832 5558 modo
861 5513 1039 5555 mores
1077 5493 1387 5556 accusabat,
1419 5505 1529 5544 non
1551 5489 1711 5545 etiam
1740 5491 1994 5546 Ecclesiae

415 5593 560 5647 illius
601 5593 901 5648 doctrinam
941 5597 995 5644 et
1030 5586 1184 5641 ritus.
1221 5580 1538 5637 Theodorus
1573 5580 1786 5649 indigne
1817 5581 1995 5636 ferens

419 5685 557 5738 hunc
571 5692 958 5741 accusatorem.
975 5679 1089 5734 sive
1111 5677 1368 5744 ineptum,
1383 5672 1496 5727 sive
1508 5671 1669 5727 nimis
1682 5667 1992 5741 pudentem,

2094 4571 2260 4652 magis
2275 4582 2656 4651 dignoscantur
2677 4586 2834 4643 atque
2850 4571 3226 4624 discernantur
3248 4569 3300 4631 ii,
3325 4566 3520 4636 quibus
3541 4576 3642 4631 par-

2091 4649 2317 4730 cen—dum
2339 4649 2472 4737 verit,
2507 4684 2624 4724 cum
2656 4649 2947 4720 terribilem
2973 4661 3197 4714 aliorum
3218 4669 3455 4727 stragem
3487 4654 3610 4708 edet.

2161 4765 2342 4821 Redeo
2372 4754 2744 4815 adactionem
2771 4753 3188 4808 Donatistarum.
3241 4748 3378 4804 Nam
3409 4757 3463 4801 et
3495 4741 3641 4797 multa

2092 4857 2223 4913 mihi
2263 4868 2406 4910 nunc
2436 4854 2487 4906 in
2519 4857 2752 4904 mentem
2779 4847 3036 4913 veniunt,
3079 4857 3201 4899 cum
3243 4841 3385 4912 apud
3412 4839 3641 4907 Optatum

2091 4952 2231 5020 lego,
2265 4963 2358 5003 eos
2390 4947 2484 5000 abs
2513 4942 2863 4997 Constantino
2893 4938 3178 5010 aliquando
3208 4938 3432 5007 petiisse
3457 4929 3644 5002 judices

2094 5043 2147 5096 in
2197 5029 2416 5104 Gallia,
2471 5035 2662 5104 quibus
2708 5032 2887 5087 nescio
2930 5045 3026 5086 cur
3074 5029 3241 5100 magis
3291 5024 3640 5082 conﬁderent:

2093 5145 2323 5197 cumque
2371 5143 2435 5183 ex
2468 5122 2765 5195 Augustino
2812 5123 3054 5192 intelligo
3087 5137 3205 5176 eam
3240 5115 3564 5174 Arelatensis
3597 5110 3643 5162 in

2094 5221 2264 5278 Gallia
2296 5217 2520 5290 synodi,
2563 5215 2713 5284 cujus
2747 5213 2946 5284 judicio
2974 5211 3251 5269 mandavit
3277 5201 3642 5262 Constantinus

2091 5313 2311 5367 alteram
2345 5310 2460 5379 ejus
2502 5322 2680 5361 causa:
2721 5315 2775 5360 et
2822 5305 3224 5376 provocantium
3265 5299 3637 5355 Donatistarum

2093 5400 2483 5471 cognitionem,
2527 5396 2690 5452 fuisse
2717 5407 2769 5452 et
2804 5397 2961 5453 fidem
2993 5405 3046 5452 et
3072 5394 3433 5464 integritatem
3459 5430 3475 5456 ,
3524 5395 3580 5441 nt
3611 5383 3641 5437 ii

2094 5491 2274 5546 statim
2320 5488 2591 5544 senserint
2633 5486 2829 5543 frustra
2870 5497 2925 5542 et
2965 5486 3128 5542 stulte
3157 5498 3279 5538 sese
3311 5481 3382 5535 ibi
3410 5489 3637 5550 sperasse

2095 5583 2294 5653 aliquid
2344 5583 2458 5637 sive
2508 5580 2705 5634 faVoris
2750 5580 2862 5635 sive
2910 5574 3219 5649 patrocinii.
3282 5571 3411 5627 Nam
3469 5571 3639 5626 iterum

2097 5664 2334 5730 damnati
2378 5671 2699 5731 sententiam
2748 5670 3045 5727 retulerunt
3091 5664 3305 5734 qualem
3358 5662 3647 5719 merebatur
