3860 6212
141 275 286 337 Ηιδ

1025 277 1362 337 'lilSTORlA
1404 257 2000 333 CARTUAGINENSIS
2040 267 2506 326 COLLATIONIS.

3259 264 3393 325 l-HG

132 404 331 446 eorum
363 390 629 460 protervia
656 407 669 444 :
703 389 884 461 neque
916 399 1040 445 tunc
1071 392 1121 445 in
1152 390 1322 445 Gallia
1356 390 1531 444 minus
1560 403 1717 457 quam
1751 382 1804 442 Α
1834 379 1928 435 llic
1957 395 2086 436 vero
2116 363 2335 435 curtion
2361 380 2502 434 serie
2528 379 3075 436 dulcremeosludere
3092 389 3146 435 et
3171 374 3405 436 mentiri?

135 496 361 543 centum
391 496 511 557 post
537 485 692 542 annis
715 487 767 540 in
791 486 1194 557 Carthagincnsi
1225 484 1342 540 fore
1364 483 1720 539 offenderunt.

137 580 283 647 Quid
314 594 443 635 vero
469 595 589 636 cum
629 580 753 635 talia
783 581 1010 651 legimus
1039 620 1056 646 ,
1102 595 1243 634 nunc
1274 577 1513 648 cogitare
1555 575 1726 645 pessi-

139 689 268 728 mus
290 714 304 737 ,
336 673 458 727 aliis
487 673 827 743 cogitandum
857 674 1127 742 relinquo.
1183 671 1317 726 Nam
1347 681 1399 726 et
1430 669 1556 739 quid
1586 679 1728 722 nunc

139 775 338 834 agatur
359 802 374 826 ,
407 774 461 818 et
489 779 595 834 quo
621 779 708 819 res
736 753 1030 820 reciderint
1049 805 1064 830 ,
1104 764 1264 818 nimis
1295 774 1479 816 notum
1506 769 1588 816 est
1611 778 1622 812 :
1673 767 1728 815 et

143 857 346 911 talibus
377 857 552 922 malis,
591 857 762 926 inquit
791 858 1122 928 Augustinus
1147 856 1252 928 (ep.
1280 855 1396 926 22),
1431 855 1597 925 magis
1627 852 1726 910 de-

145 951 352 1008 bentur
378 953 569 1023 prolixi
599 951 827 1023 gemitus
854 967 1014 1022 quam
1048 951 1238 1020 prolixi
1269 950 1411 1005 libri.
1468 946 1573 1004 Sed
1603 962 1725 1002 cum

140 1043 276 1099 olim
305 1043 533 1114 legimus
554 1042 859 1099 Donatistas
885 1043 936 1097 vi
961 1051 1016 1098 et
1041 1042 1261 1098 audacia
1286 1049 1542 1103 armatos,
1566 1039 1727 1094 fuisse

141 1137 312 1190 etiam
358 1135 595 1191 eruditos
640 1134 936 1192 mentiendi
982 1134 1215 1189 artifices
1244 1174 1259 1200 ,
1306 1132 1567 1188 miramur
1608 1145 1726 1185 eant

141 1241 339 1282 eorum
369 1226 535 1283 fuisse
577 1226 961 1297 impudentiam
986 1267 1000 1292 ,
1055 1235 1111 1281 ut
1155 1239 1260 1279 non
1316 1223 1477 1278 modo
1517 1235 1729 1290 semper

136 1320 401 1387 jactarint
431 1335 550 1376 sese
582 1321 810 1386 vicisse,
851 1319 939 1375 ubi
972 1319 1095 1374 victi
1126 1328 1277 1374 erant
1303 1333 1317 1383 ;
1352 1316 1445 1372 sed
1477 1316 1635 1371 etiam
1666 1313 1720 1366 in

142 1397 436 1468 collatione
457 1411 889 1483 Carthaginensi,
912 1410 1092 1480 Optati
1121 1411 1340 1473 librum,
1364 1408 1453 1477 qui
1479 1405 1728 1460 narrabat

142 1519 335 1558 eorum
366 1501 808 1569 damnationem,
858 1501 1181 1572 protulerint
1220 1509 1489 1568 tamquam
1534 1503 1727 1551 testem

143 1609 263 1649 sum
286 1596 527 1649 victoriae
564 1603 619 1650 et
647 1588 1032 1660 absolutionis,
1073 1609 1192 1648 cum
1224 1608 1344 1647 eum
1375 1591 1453 1646 sic
1481 1589 1727 1644 mutilas-

143 1695 274 1741 sent
299 1696 458 1756 atque
485 1687 883 1756 corrupissent,
936 1695 995 1740 ut
1030 1685 1210 1740 omnia
1248 1676 1533 1739 invertisse
1576 1680 1723 1751 vide-

1900 469 2074 526 Credo
2099 472 2367 540 equidem,
2397 472 2440 524 si
2473 472 2707 542 optimus
2738 471 2989 541 princeps
3017 472 3214 527 diutius
3245 475 3407 529 vixis-

1829 571 1930 628 set,
1958 577 2106 631 spem
2141 577 2241 614 non
2274 561 2573 626 fefellisset,
2603 578 2756 632 quam
2786 563 3036 628 dederat,
3071 565 3180 617 fore
3213 574 3270 618 ut
3297 581 3410 620 ma-

1822 652 1970 723 jores
2020 655 2385 724 melioresque
2453 669 2603 709 meos
2675 655 2885 710 labores
2950 665 3402 717 remuneraretur.

1828 745 1978 801 Nunc
2005 760 2100 800 cur
2129 760 2196 801 eo
2223 755 2435 801 mortue
2466 748 2620 801 nobis
2651 748 2910 803 insultent
2935 749 3259 816 adversarii,
3298 767 3407 808 non

1829 838 1961 893 nihil
1990 838 2214 894 fortasse
2240 855 2414 895 causm
2441 851 2540 906 est,
2565 844 2857 911 praesertim
2888 858 3010 897 cum
3046 842 3156 913 jam
3192 846 3406 901 tandem

1828 932 2182 1004 pcrfeceriut,
2231 934 2372 1003 quod
2419 934 2738 1004 jampridem
2769 935 2949 990 multis
2982 937 3190 992 insidiis
3231 931 3406 994 teut-a-

1830 1033 1987 1092 runt,
2039 1035 2096 1078 ut
2127 1040 2284 1095 quam
2315 1040 2465 1094 Spem
2498 1040 2629 1080 mem
2672 1025 2941 1080 familiolae
2972 1042 3091 1081 esse
3123 1029 3401 1096 putabam,

1829 1131 2090 1169 summam
2139 1116 2496 1171 calamitatem
2547 1131 2667 1170 esse
2713 1117 3029 1186 experirer,
3081 1107 3405 1176 cumulatam

1831 1222 1967 1261 nova
1997 1207 2144 1261 hisce
2173 1207 2362 1262 diebus
2390 1216 2444 1261 et
2489 1222 2658 1277 prope
2702 1207 3004 1262 incredibili
3054 1209 3280 1279 injuria,
3326 1210 3409 1266 di-

1830 1299 2102 1368 reptisque
2129 1300 2290 1354 etiam
2323 1314 2566 1354 meorum
2613 1299 2912 1354 Studiorum
2953 1301 3229 1357 subsidiis.
3301 1303 3409 1359 Sed

1829 1395 1897 1449 de
1926 1395 2012 1449 tali
2044 1395 2478 1450 remuneratione
2505 1397 2748 1465 gratiave
2774 1397 3013 1467 viperina
3038 1399 3168 1453 alias
3189 1414 3407 1470 querar.

1831 1484 1962 1540 Illud
1996 1486 2153 1540 mod‘o
2185 1486 2306 1540 dico
2330 1526 2345 1549 ,
2400 1486 2492 1540 tali
2531 1487 2794 1542 beneficio
2830 1489 2970 1543 hanc
3003 1492 3412 1546 commentatio-

1832 1595 1952 1634 nem
1979 1619 1994 1646 ,
2039 1581 2122 1634 cui
2151 1620 2164 1643 ,
2195 1595 2316 1635 cum
2347 1580 2397 1635 id
2432 1579 2629 1636 factum
2661 1591 2778 1648 est,
2811 1597 3027 1651 Operam
3058 1583 3248 1639 dabam
3272 1624 3286 1648 ,
3320 1584 3414 1639 ab-

1831 1681 2043 1741 ruptam
2075 1671 2242 1726 fuisse
2268 1688 2372 1725 non
2403 1668 2578 1726 minus
2605 1688 2767 1742 quant
2794 1674 3019 1729 alteram
3043 1713 3058 1739 ,
3100 1675 3253 1745 cujus
3277 1676 3412 1730 alio-

146 1787 368 1833 rentur.
395 1778 533 1844 Quid
565 1792 692 1834 vero
718 1778 978 1844 dicemus,
1007 1776 1261 1846 majorem
1290 1773 1582 1830 etiamnum
1612 1786 1730 1828 esse

1842 1763 1924 1832 qui
1949 1764 2258 1818 accessione
2286 1762 2424 1817 hanc
2449 1765 2789 1818 instituebant
2814 1780 3029 1836 augere,
3051 1781 3173 1820 cum
3193 1767 3410 1836 quidem

147 1870 538 1937 impudentiam
568 1872 860 1926 multorum
889 1871 1253 1926 fabulaterum
1286 1882 1500 1923 vesana:
1540 1867 1737 1944 factie-l

147 1962 275 2028 nis,
319 1961 409 2034 qui
446 1964 659 2034 quidvis
702 1965 755 2018 in
805 1979 916 2020 rem
948 1979 1097 2017 suam
1128 1973 1181 2018 et
1211 1963 1438 2016 aliorum
1488 1959 1730 2014 fraudem

146 2054 361 2125 fingunt
392 2097 405 2121 ,
454 2070 576 2111 cum
626 2051 904 2112 mendacia
944 2065 997 2111 et
1024 2055 1268 2113 ﬁctiones
1297 2067 1424 2107 suas
1455 2051 1733 2107 venditant

147 2160 252 2215 pro
283 2144 521 2201 historiis
549 2155 604 2202 et
631 2148 771 2202 veris
799 2145 1234 2203 narrationibus?
1285 2143 1444 2200 Certe
1475 2143 1590 2199 ﬁeri
1621 2158 1730 2198 non

155 2243 362 2303 potest,
381 2237 507 2307 quin
531 2238 618 2308 qui
648 2239 1000 2308 prospiciunt,
1024 2246 1278 2306 quantum
1305 2235 1416 2290 hzcc
1438 2235 1732 2303 impestura

145 2336 207 2382 et
252 2329 455 2384 erroris
501 2338 552 2385 et
597 2330 841 2402 caliginis
881 2328 1118 2386 effundet
1165 2331 1373 2384 miserae
1405 2328 1729 2398 posteritati,

147 2418 372 2474 doleant
400 2420 502 2475 hoc
528 2423 633 2494 agi,
661 2430 722 2477 ut
745 2422 888 2495 (utar
917 2422 1092 2477 verbis
1123 2421 1275 2491 legis)
1303 2420 1499 2474 veritas
1525 2434 1731 2485 rerum,

146 2512 430 2568 erroribus
457 2525 731 2585 gestorum
760 2516 996 2571 vitietur.
1051 2514 1191 2571 Olim
1223 2513 1555 2585 Augustinus
1581 2513 1731 2569 dice-

150 2604 249 2659 bat
293 2607 474 2662 mirari
526 2624 586 2683 se
615 2610 917 2665 Donatistas
948 2609 1148 2664 habere
1176 2609 1230 2662 in
1259 2622 1488 2677 corpore
1515 2607 1735 2678 sangui-

151 2715 304 2765 nem,
327 2703 416 2771 qui
447 2719 735 2770 numquam
765 2704 1146 2759 erubescerent
1177 2703 1337 2757 teties
1367 2703 1417 2754 in
1454 2701 1734 2755 manifesto

150 2793 439 2848 mendacio
467 2794 815 2866 deprehensi.
863 2794 1001 2866 Quid
1031 2794 1255 2849 dixisset
1295 2791 1361 2848 de
1392 2791 1586 2861 pallida
1631 2791 1733 2844 im-

152 2884 409 2953 pudentia
456 2885 734 2942 hominum
778 2897 834 2943 et
880 2887 1217 2943 falsariorum
1263 2895 1317 2941 et
1364 2884 1735 2954 sanguinario—

151 2975 326 3030 rum?
371 2975 504 3029 Cum
564 2978 911 3031 Crescenium
961 2979 1291 3032 Donatistam
1331 2977 1734 3047 grammaticum

151 3067 428 3122 refelleret
452 3109 467 3133 ,
519 3067 796 3123 dubitabat
823 3110 837 3133 ,
884 3086 1007 3123 num
1040 3072 1342 3124 exclamare
1374 3079 1552 3138 posset
1583 3069 1729 3132 illud,

152 3159 389 3214 frontem
442 3160 670 3229 periisse
713 3159 780 3215 de
826 3160 1006 3215 rebus.
1063 3160 1167 3216 Sed
1207 3161 1294 3230 qui
1333 3161 1400 3215 de
1431 3161 1734 3231 Pelagianis

151 3267 328 3322 agens
376 3253 702 3320 scripserat,
756 3251 1133 3307 haereticorum
1182 3252 1411 3307 frontem
1458 3269 1566 3308 non
1616 3269 1737 3310 esse

152 3343 414 3410 frontem,
440 3359 510 3420 Van
537 3345 834 3412 dubitaret,
861 3346 906 3398 si
954 3345 1160 3400 videret
1186 3347 1563 3402 verecundiam
1589 3363 1738 3403 vesa-

156 3453 242 3491 na:
284 3438 592 3492 lnareseos?
633 3440 715 3493 An
745 3454 850 3492 non
875 3439 1034 3493 etiam
1066 3439 1196 3494 illud
1240 3440 1540 3496 Ezechielis
1590 3443 1737 3511 inge-

154 3528 434 3581 minaret:
481 3525 650 3582 Frons
703 3530 980 3585 meretricis
1028 3531 1166 3600 facta
1207 3541 1279 3585 est
1326 3532 1469 3586 tibi:
1529 3533 1739 3588 noluisti

154 3618 496 3673 erubescere?
555 3619 691 3688 Quid
747 3636 942 3691 porro,
995 3621 1123 3691 quid
1171 3623 1216 3678 si
1275 3623 1483 3678 videret
1531 3624 1740 3692 patulas

154 3724 323 3764 aures
350 3711 611 3780 imperitae
657 3712 1013 3766 multitudinis
1064 3714 1388 3781 imposlores
1430 3713 1741 3769 audientis?

157 3803 307 3857 Dixit
332 3803 458 3857 olim
491 3813 783 3859 sectatores
814 3804 978 3873 ipsius
1008 3804 1252 3859 Petiliani
1278 3843 1294 3871 ,
1335 3805 1427 3873 qui
1459 3806 1741 3860 mentienti

158 3893 420 3963 magistro
449 3893 842 3962 applaudebanl
865 3934 878 3958 ,
918 3909 1023 3949 non
1055 3895 1254 3950 habere
1282 3912 1440 3952 aures
1469 3898 1520 3952 in
1552 3898 1738 3963 corde,

157 3985 256 4038 sed
288 3999 383 4038 cor
413 3985 463 4037 in
495 3984 756 4040 auribus?
802 3985 942 4053 Quid
973 4002 1102 4041 vero
1125 4029 1138 4053 ,
1182 3987 1309 4057 quid
1339 3989 1521 4044 cordis
1548 4006 1742 4060 super-

157 4089 285 4130 esse
314 4075 378 4128 iis
404 4086 637 4146 putaret,
667 4077 756 4146 qui
787 4077 1000 4132 nonnisi
1031 4079 1228 4146 putidis
1254 4091 1308 4134 et
1339 4083 1744 4137 contumeliosis

159 4167 359 4222 fabulis
376 4170 688 4236 pascuntur?
702 4168 863 4236 Ecce,
881 4170 1116 4224 nondum
1131 4172 1306 4226 satiati
1321 4171 1537 4248 famosis
1554 4174 1745 4229 libellis

158 4258 535 4314 famosissima
561 4275 672 4315 suae
697 4260 868 4328 Bczte,
901 4262 1061 4316 etiam
1100 4272 1216 4316 acta
1252 4263 1504 4333 colloquii
1539 4265 1746 4320 Posiaci

158 4352 619 4419 contaminarunt,
644 4364 700 4407 ut
724 4354 773 4408 in
801 4355 864 4408 iis
891 4355 1059 4408 multa
1083 4354 1360 4424 fingerent,
1386 4374 1505 4426 qua:
1528 4375 1611 4412 res
1635 4360 1745 4426 ipsa

160 4440 361 4495 clamat
389 4456 507 4496 esse
538 4443 842 4509 falsissima,
864 4460 1055 4515 meque
1076 4446 1260 4514 etiam,
1283 4448 1369 4517 qui
1393 4453 1478 4502 vix
1509 4449 1742 4511 interfui,

161 4531 550 4597 immiscerent,
577 4541 632 4587 et
651 4533 812 4603 (quod
838 4543 919 4589 est
963 4535 1266 4604 ridiculum)
1295 4548 1575 4593 narrarent
1605 4539 1654 4591 in
1683 4553 1746 4593 eo

163 4634 335 4690 prepe
384 4621 549 4677 fuisse
600 4640 746 4679 meas
801 4635 998 4695 partes,
1048 4629 1231 4697 quales
1277 4630 1500 4698 alicujus
1543 4630 1748 4685 scilicet

162 4716 377 4786 μεσίτου
421 4730 540 4770 esse
583 4728 824 4786 possent,
868 4735 934 4774 ne
961 4719 1131 4774 dicam
1159 4721 1342 4790 quales
1395 4722 1560 4790 ipsius
1605 4721 1745 4774 Mar-

163 4807 346 4864 cellini
375 4808 587 4864 fuerunt
613 4810 664 4863 in
701 4809 1126 4882 Carthaginensi.
1156 4814 1328 4879 Quid?
1369 4814 1569 4868 ZEneas
1599 4826 1748 4882 spec-

166 4907 290 4953 tans
318 4899 577 4967 picturam
604 4902 754 4969 cujus
775 4914 898 4956 ante
926 4906 1172 4958 memini:
1199 4906 1268 4960 Se
1289 4922 1482 4976 quoque
1507 4903 1749 4972 principi-

168 4993 263 5044 bus
285 4993 589 5060 permixtum
623 4996 823 5064 agnovit
847 4996 1069 5051 Achivis.
1114 5000 1219 5053 Sed
1255 5000 1448 5068 quibus
1475 4997 1639 5051 oculis
1675 4996 1741 5049 leo

167 5096 375 5151 gerem,
405 5098 487 5136 nte
506 5083 829 5153 principibus
847 5096 899 5141 et
921 5089 1361 5158 gubernatoribus
1379 5086 1747 5158 disputationis

169 5170 413 5226 Pesiaca:
432 5189 595 5243 prope
616 5176 922 5244 prmfuissc?
947 5179 1118 5235 Credo
1135 5182 1381 5251 equidem
1423 5181 1620 5234 facetos
1652 5191 1749 5230 nu-

168 5269 408 5332 gatores,
440 5273 498 5318 ut
523 5266 728 5320 rideant
756 5277 809 5323 et
838 5269 1038 5336 ludant,
1073 5272 1194 5325 talia
1221 5273 1439 5342 lingere.
1464 5269 1564 5324 Sed
1593 5264 1748 5321 nimis

171 5351 332 5406 otiosi
354 5363 497 5419 sunt,
523 5357 713 5425 quibus
731 5361 884 5413 vacat
925 5368 1029 5413 tam
1061 5361 1210 5415 valde
1238 5361 1461 5429 ineptire
1486 5367 1537 5413 et
1564 5352 1748 5424 nugari

173 5440 226 5495 in
261 5455 320 5495 re
347 5445 507 5496 seria.
553 5444 662 5499 lmo
703 5447 822 5517 quia
855 5448 1152 5516 audierant,
1180 5451 1481 5504 Donatistas
1509 5447 1631 5502 olim
1663 5460 1754 5499 ca-

177 5532 390 5587 villttes
421 5549 562 5602 esse,
586 5537 948 5594 Marcellinum
972 5542 1141 5609 pretio
1170 5550 1476 5611 corruptum
1505 5539 1556 5592 in
1588 5538 1750 5592 colla-

178 5624 325 5677 tione
357 5623 541 5691 fuisse,
573 5627 731 5681 etiam
757 5629 1200 5702 finxerttntaﬁz
1232 5632 1412 5686 nescio
1441 5645 1541 5697 qua
1566 5627 1758 5682 libera-

180 5714 334 5771 litate
354 5725 408 5771 et
423 5717 784 5775 muniﬁcentia
801 5717 1082 5797 Navarrica
1104 5721 1427 5777 cumulatum
1457 5733 1543 5776 me
1572 5717 1756 5777 fuisse.

1833 1854 2024 1908 eodem
2057 1855 2216 1908 etiam
2251 1865 2494 1928 tempore
2525 1854 2665 1910 forte
2691 1866 2929 1926 rogatus,
2962 1867 3016 1911 ut
3043 1874 3160 1928 quae
3190 1860 3242 1912 in
3274 1861 3416 1914 Cott-

1836 1945 2174 1999 stitutionum
2195 1945 2382 2000 codice
2401 1946 2586 2014 prima:
2607 1959 2893 2002 occurrunt
2910 1949 3054 2018 leges
3075 1948 3143 2004 de
3164 1929 3420 2020 religione

1837 2048 1892 2094 et
1925 2039 2183 2105 Ecclesia,
2207 2053 2299 2094 eas
2327 2039 2474 2109 leges
2501 2039 2713 2108 publice
2745 2040 3147 2108 interpretarer,
3179 2041 3419 2111 pluribus

1834 2129 2024 2185 diebus
2055 2129 2107 2184 in
2134 2129 2273 2199 juris
2302 2129 2568 2186 auditorio
2589 2130 2881 2185 Parisieusi
2915 2132 2965 2185 id
2996 2134 3252 2202 egissem,
3283 2149 3417 2202 prm-

1834 2223 2017 2277 sertim
2065 2237 2184 2277 cum
2236 2224 2278 2276 is
2327 2233 2468 2278 esset
2517 2222 2823 2278 auditorum
2870 2239 3166 2282 concursus
3204 2234 3259 2279 et
3309 2225 3418 2280 fre-

1835 2315 2049 2384 quentia
2073 2318 2218 2383 (nam
2245 2313 2450 2384 aliquot
2477 2313 2644 2368 millia
2674 2314 3112 2370 doctissimorum
3141 2314 3415 2370 hominum

1834 2405 2163 2477 convenere)
2190 2420 2361 2476 eaque
2386 2407 2614 2461 attentio
2641 2416 2695 2460 et
2723 2406 3036 2474 assiduitas,
3063 2416 3121 2462 ut
3150 2407 3413 2476 meipsum

1838 2499 2107 2563 excitarit,
2137 2508 2193 2551 ut
2216 2498 2600 2568 sapientissimi
2629 2509 2681 2552 et
2713 2498 2989 2554 fortissimi
3010 2539 3025 2565 ,
3053 2510 3105 2553 et
3130 2497 3291 2568 (quod
3318 2498 3417 2551 im-

1838 2595 2025 2662 primis
2054 2593 2342 2648 dicendum
2371 2596 2509 2664 erat)
2541 2592 2929 2662 religiosissimi
2976 2576 3228 2662 principis
3252 2629 3267 2655 ,
3313 2590 3417 2645 hoc

1837 2693 1946 2751 est,
1977 2684 2264 2738 Theodosii
2312 2685 2537 2739 consilia
2584 2670 3184 2757 Constantinopolitano
3206 2697 3417 2754 quoque

1836 2777 2064 2831 concilio
2111 2776 2468 2843 confirmata,
2514 2779 2850 2847 optimasque
2893 2776 3299 2831 constitutiones
3339 2775 3410 2831 de

1837 2869 2078 2923 Ecclesia
2113 2869 2451 2923 concilianda
2483 2879 2644 2939 atque
2689 2869 2741 2922 in
2783 2869 3047 2936 integrum
3088 2865 3413 2922 restituenda

1837 2960 2084 3030 pluribus
2115 2947 2294 3015 verbis
2322 2975 2668 3030 exponerem.
2721 2961 2858 3029 Ergo
2893 2974 3038 3016 nunc
3063 2957 3337 3028 optabam,
3370 2958 3416 3013 si

1841 3066 1935 3118 per
1965 3051 2168 3118 Davos,
2207 3051 2295 3122 qui
2327 3052 2683 3107 interturbant
2715 3051 2924 3114 omnia,
2972 3050 3245 3116 licuisset,
3289 3049 3416 3105 illud

1762 3125 1811 3192 C
1844 3143 2147 3212 exemplum
2203 3142 2491 3198 Theodosii
2548 3143 2715 3212 patris
2770 3150 2824 3195 et
2878 3142 3207 3208 consilium,
3275 3140 3418 3210 quod

1840 3231 2074 3287 Orientis
2108 3234 2402 3288 Ecclesiam
2449 3233 2721 3296 servavit,
2772 3231 3019 3286 conferre
3064 3247 3184 3286 cum
3226 3246 3293 3287 ea
3333 3247 3419 3286 ra-

1844 3328 1985 3381 tione
2009 3368 2022 3392 ,
2070 3343 2224 3395 quam
2259 3326 2525 3379 Honorius
2567 3323 2704 3377 filius
2745 3325 2955 3393 triginta
3003 3334 3123 3392 post
3158 3324 3311 3379 annis
3350 3323 3419 3377 ad

1842 3420 2146 3473 Africanam
2179 3418 2471 3472 Ecclesiam
2511 3415 2841 3472 liberandam
2891 3416 3062 3469 inivit.
3134 3417 3228 3469 Est
3272 3417 3416 3470 enim

1845 3521 2132 3580 utrumque
2180 3511 2442 3579 imprimis
2492 3507 2835 3562 memorabile
2879 3507 3221 3574 exemplum,
3276 3505 3418 3585 quod

1844 3618 1984 3657 nunc
2015 3619 2225 3672 quoque
2255 3604 2305 3656 in
2344 3601 2505 3654 simili
2548 3598 2850 3667 reipublica:
2879 3597 3120 3650 attonitae
3175 3598 3416 3664 periculo

1843 3707 2136 3765 sequantur
2163 3734 2176 3759 ,
2226 3693 2313 3763 qui
2364 3686 2749 3759 rctnpublicum
2779 3703 2897 3741 cum
2925 3687 3165 3742 Ecclesia
3208 3689 3414 3744 salvam

1843 3800 1962 3840 esse
2003 3785 2206 3838 volunt.
2263 3782 2385 3836 Scio
2413 3780 2534 3833 talia
2582 3793 2725 3832 nunc
2765 3777 3016 3843 irrideri,
3063 3787 3227 3848 atque
3252 3781 3417 3840 etiam

1845 3891 1965 3932 esse
1996 3877 2199 3931 odiosa.
2260 3873 2366 3928 Sed
2410 3887 2515 3925 nou
2544 3870 2665 3939 quia
2699 3870 2850 3923 multi
2881 3885 3021 3925 nunc
3048 3861 3212 3926 etiam
3243 3873 3416 3930 virtu-

1845 3977 1950 4023 tem
1996 3968 2220 4022 irrident
2269 3973 2536 4031 tamquam
2586 3960 2815 4015 fabulam
2858 3969 2952 4015 aut
2985 3963 3142 4017 inane
3192 3981 3414 4034 nomen,

1849 4069 2128 4130 propterea
2157 4055 2365 4110 virtutis
2397 4068 2607 4107 omnem
2636 4060 2690 4107 et
2713 4052 2944 4121 effigiem
2979 4057 3418 4124 proculcabimus

1846 4163 1901 4209 et
1950 4147 2260 4206 memoriam
2309 4146 2640 4214 abjiciemus.
2701 4145 2814 4200 luto
2842 4159 2973 4201 vero
3003 4147 3125 4218 quia
3171 4148 3418 4208 homines

1847 4258 2069 4314 nequam
2096 4240 2342 4294 virtutem
2376 4253 2664 4307 numquam
2697 4253 2766 4292 ne
2797 4240 2997 4306 pictam
3019 4242 3239 4311 quidem
3271 4244 3423 4298 vidc-

1848 4345 1990 4400 runt,
2024 4332 2208 4387 invitis
2234 4331 2394 4383 etiam
2420 4328 2750 4384 obtrudenda
2775 4339 2881 4395 est,
2902 4343 2956 4385 et
2984 4341 3131 4388 tante
3158 4351 3219 4389 ea
3253 4338 3419 4406 magis

1851 4412 2179 4496 ingerenda,
2230 4438 2387 4493 quam
2428 4423 2719 4492 antiquitas
2745 4425 2877 4497 olim
2905 4427 3074 4482 coluit
3107 4447 3120 4483 :
3179 4429 3421 4485 Virtutem

1769 4501 1824 4563 Ῑ)
1851 4529 1902 4573 ut
1933 4517 2154 4581 videant,
2189 4515 2596 4581 intabescantque
2623 4517 2819 4571 relicta.
2868 4519 3069 4574 Saltem
3100 4522 3231 4575 mihi
3264 4523 3420 4577 venia

1849 4615 2031 4676 detur,
2065 4614 2108 4665 si
2139 4611 2343 4680 legibus
2374 4621 2426 4664 et
2457 4611 2720 4680 exemplis
2754 4613 2910 4668 bonis
2937 4632 3000 4669 ex
3037 4613 3439 4671 Ecclesiastica'

1849 4719 2057 4778 quoque
2090 4703 2309 4757 historia
2339 4703 2600 4772 repetitis,
2624 4714 2673 4759 et
2704 4706 2992 4762 sanctioris
3017 4707 3152 4776 juris
3185 4707 3416 4776 pruden-

1853 4802 1938 4852 tiae
1987 4794 2350 4850 monumentis
2387 4794 2644 4850 delectari
2685 4814 2770 4853 me
2809 4814 2913 4853 non
2944 4798 3261 4865 dissimulo,
3311 4815 3422 4868 prae

1853 4890 2046 4958 quibus
2081 4902 2242 4956 prope
2275 4887 2385 4956 jam
2418 4889 2549 4942 mihi
2580 4891 2803 4946 sordent
2831 4892 2932 4945 alia
2963 4890 3242 4944 subtiliora
3274 4891 3421 4945 scili-

1849 4990 1936 5034 cet
1966 4976 2218 5049 mystcria
2241 5017 2256 5041 ,
2302 4993 2422 5046 qua:
2445 4978 2579 5047 juris
2611 4981 2785 5036 civilis
2814 4996 2933 5035 esse
2961 4980 3243 5046 dicuntur,
3274 4992 3326 5035 et
3357 4997 3424 5036 ce

1851 5073 2004 5126 titulo
2034 5069 2316 5125 ambitiose
2343 5071 2633 5139 jactantur.
2668 5074 2771 5128 Per
2793 5089 2876 5128 me
2904 5087 3033 5127 Sane
3061 5074 3183 5128 licet
3209 5082 3264 5127 ut
3287 5073 3425 5143 juris

1852 5161 2040 5232 periti,
2089 5162 2176 5230 qui
2211 5162 2420 5228 volent,
2463 5179 2522 5219 se
2552 5164 2807 5234 abjiciant
2840 5165 2919 5218 vel
2952 5165 3016 5218 ad
3049 5166 3339 5233 captandas
3369 5167 3422 5220 in

1852 5252 2052 5307 scholis
2083 5253 2335 5323 gloriolas
2364 5255 2598 5308 inanium
2628 5257 2979 5330 λεπτολογιῶν,
3007 5257 3084 5310 vel
3117 5256 3181 5308 ad
3215 5271 3343 5325 opes
3371 5256 3425 5309 in

1859 5345 1974 5400 foro
2020 5347 2348 5423 colligendas
2375 5389 2390 5414 ,
2445 5348 2526 5403 vel
2573 5349 2733 5402 etiam
2771 5349 2835 5401 ad
2881 5348 3220 5417 magistratus
3247 5350 3427 5402 sinon

1862 5441 2056 5494 misere
2085 5441 2401 5496 ambiendos
2421 5482 2435 5507 ,
2470 5451 2524 5494 at
2552 5450 2702 5495 certe
2731 5440 2989 5494 damnose
3016 5439 3270 5492 emendos
3298 5455 3310 5490 :
3362 5441 3427 5491 li-

1862 5545 1980 5588 ceat
2011 5533 2171 5588 modo
2202 5535 2362 5600 mihi,
2405 5535 2545 5590 bona
2573 5547 2756 5587 eorum
2782 5530 2954 5601 gratia
2973 5568 2993 5593 ,
3023 5528 3088 5581 iis
3114 5528 3164 5579 in
3192 5529 3427 5583 solidum

1864 5624 2168 5694 relinquere
2192 5635 2352 5693 atque
2382 5621 2706 5683 concedere,
2741 5618 2881 5687 quod
2915 5615 3040 5669 tanti
3070 5613 3302 5679 faciunt,
3347 5625 3427 5681 ut,

1865 5716 2010 5788 quod
2039 5716 2338 5788 negliguut,
2365 5715 2543 5786 potius
2567 5708 2877 5778 amplectar.
