3860 6212
445 227 584 284 ΗΠ

439 361 1039 386 ———.————

1887 225 2252 283 APPENDIX.

3570 234 3687 293 1488

1703 480 1865 554 343
1893 477 2456 562 HISTORIA

605 651 2140 783 CARTHAGINENSIS
2259 653 3526 848 COLLATIONIS.

505 995 751 1053 Dicturus
777 995 845 1051 de
885 994 1213 1051 nobilissima
1258 993 1654 1050 Catholicorum
1685 1008 1804 1049 cum
1840 992 2013 1047 Dona-
2041 964 2282 1049 A'sexto
2323 975 2498 1067 capite
2525 996 2614 1052 45.
2662 997 2851 1070 Operae
2891 1002 3120 1071 pretium
3151 1010 3330 1059 autem
3364 1012 3475 1071 est,
3518 1005 3677 1075 prius-

433 1090 576 1146 tistis
627 1089 928 1145 Collatione
972 1088 1422 1158 Carthaginensi,
1476 1088 1633 1158 paulo
1684 1086 1844 1140 altius
1901 1099 2014 1139 rem

433 1195 669 1254 repetam
695 1198 758 1238 ex
789 1182 960 1238 veteri
991 1183 1253 1238 memoria
1283 1181 1536 1235 Ecclesire
1563 1178 1850 1234 Africanae.
1883 1175 2015 1230 Nam

434 1287 486 1333 et
517 1278 566 1331 in
597 1275 1109 1346 Cartltaginensibus
1139 1273 1384 1330 conciliis
1418 1271 1717 1327 indicandis
1750 1269 1892 1323 varie
1918 1271 2015 1323 abs

434 1369 758 1426 doctissimis
787 1370 948 1425 etiam
975 1369 1102 1424 viris
1140 1377 1420 1439 peccatur,
1453 1367 1591 1421 hanc
1622 1364 2014 1420 Ecclesiastica:

430 1461 666 1518 historia:
697 1471 900 1537 partem
934 1461 1090 1530 paulo
1121 1461 1479 1532 negligentius
1521 1457 1938 1528 exponentibus.

501 1555 785 1610 Balsamon
818 1549 1036 1611 Graecus
1079 1555 1348 1624 interpres
1379 1552 1776 1607 Nomocaoonis
1797 1591 1812 1616 ,
1846 1563 2013 1602 anno-

431 1656 536 1713 tat,
586 1649 814 1718 primum
863 1657 986 1716 post
1031 1647 1397 1714 apostolorum
1445 1654 1686 1713 tempora
1730 1642 2012 1697 concilium

396 1739 600 1794 -fuisse
645 1737 775 1792 illud
805 1737 1233 1807 Carthaginense
1257 1779 1271 1802 ,
1321 1738 1404 1791 cui
1446 1735 1746 1804 Cyprianus
1776 1733 2009 1805 praefuit,

433 1842 553 1884 cum
583 1837 916 1898 quzereretur
960 1827 1028 1882 de
1067 1827 1342 1898 Baptismo
1384 1826 1777 1881 haereticorum.
1823 1825 1928 1881 Sed
1961 1825 2012 1880 id

431 1937 538 1977 non
570 1921 745 1976 minus
773 1921 953 1991 inepte
983 1920 1214 1987 dicitur,
1248 1935 1406 1992 quam
1436 1920 1576 1991 quod
1609 1919 2010 1975 consarcinata-

432 2029 521 2070 res
553 2013 758 2068 Latinae
786 2011 1068 2083 farraginis
1098 2011 1479 2077 conciliarum,
1511 2021 1564 2068 et
1592 2011 2010 2083 Magdeburgen-

432 2123 522 2164 ses
550 2109 910 2176 exscriptores
932 2106 1305 2162 Centuriarum
1333 2105 1569 2161 historiae
1594 2105 2004 2171 Ecclesiasticaa,

434 2201 582 2256 aiunt
627 2201 856 2270 primum
888 2199 1172 2254 concilium
1203 2197 1618 2269 Carthaginensc
1661 2199 1821 2253 fuisse
1860 2197 2006 2252 illam

434 2292 832 2348 Donatistarum
863 2290 1148 2363 synodum,
1179 2290 1230 2346 in
1259 2306 1358 2362 qua
1387 2291 1702 2346 Cmcilianus
1729 2291 2009 2360 Carthagi-

2121 1103 2278 1156 quant
2329 1090 2392 1143 ad
2445 1091 2754 1148 Donatistas
2807 1093 3234 1161 descendamus,
3281 1097 3482 1167 aliquid
3530 1100 3674 1153 etiam

2120 1179 2302 1257 dicere
2333 1181 2398 1236 de
2425 1181 2754 1240 Novatianis.
2798 1187 2930 1242 Narn
2962 1198 3017 1243 et
3057 1190 3139 1244 his
3169 1189 3240 1244 illi
3275 1190 3438 1245 veluti
3477 1206 3673 1248 succes-

2118 1285 2268 1336 sere,
2301 1281 2353 1327 et
2397 1275 2538 1330 inter
2564 1291 2658 1331 eos
2703 1277 2897 1333 similia
2929 1281 3093 1335 multa
3146 1283 3398 1348 fuerunt,
3449 1293 3500 1338 et
3540 1283 3674 1337 multi

2118 1363 2278 1416 etiam
2309 1364 2432 1418 olim
2464 1367 2762 1424 doctissimi
2809 1371 3059 1428 homines
3098 1374 3183 1427 hic
3221 1373 3386 1427 multa
3435 1373 3674 1429 confude-

2117 1464 2262 1521 runt,
2292 1473 2410 1526 qua:
2431 1458 2788 1517 discernenda
2814 1473 2958 1519 sunt.
2987 1465 3138 1520 Adeo
3161 1465 3432 1521 Africana:
3457 1464 3674 1520 historic

2117 1544 2526 1616 Ecclesiasticre,
2565 1569 2682 1621 qua:
2711 1555 2922 1611 meliori
2953 1559 3212 1611 memoria
3244 1556 3556 1628 dignissima
3584 1567 3669 1622 est,

2114 1642 2444 1709 perturbatio
2490 1661 2679 1715 magna
2721 1655 2823 1702 est.
2860 1649 2948 1702 Sic
2982 1647 3310 1716 Epiphanius
3339 1658 3395 1701 et
3439 1647 3672 1702 Theodo-

2114 1741 2262 1787 retus
2291 1736 2442 1790 aiunt
2484 1738 2786 1794 Donatistas
2825 1739 2988 1794 fuisse
3027 1739 3338 1793 Novatianaa
3380 1739 3670 1796 hzcreseos:

2114 1825 2222 1878 imo
2253 1827 2396 1897 quod
2435 1828 2501 1882 de
2533 1827 2826 1884 Donatistis
2865 1831 3079 1900 proprie
3107 1830 3394 1886 dicendum
3429 1841 3542 1886 erat
3585 1833 3672 1888 im-

2112 1917 2280 1986 perite
2311 1917 2374 1972 ad
2404 1918 2726 1974 Novatianos
2755 1920 2920 1975 refert
2949 1920 3280 1990 Epiphanius
3301 1964 3316 1988 ,
3345 1939 3466 1979 cum
3497 1925 3586 1980 hos
3611 1926 3674 1980 ait

2112 2006 2296 2063 Romae
2344 2011 2643 2078 appellatos
2689 2026 2809 2066 esse
2867 2013 3192 2067 Montenses.
3249 2012 3409 2070 Certe
3458 2016 3580 2072 licet
3628 2019 3671 2072 in

2111 2101 2482 2172 anabaptismo
2544 2103 2936 2168 convenirent,
2998 2110 3189 2158 tamen
3241 2104 3293 2160 in
3355 2109 3674 2164 cairemoniis

2111 2193 2362 2263 baptismi
2391 2209 2496 2248 non
2525 2194 2936 2250 conveniebant.
2980 2190 3288 2259 Utebantur
3338 2200 3498 2254 etiam
3543 2200 3670 2256 chri-

2110 2292 2284 2338 smate
2329 2285 2651 2349 Donatistae,
2697 2300 2803 2339 non
2835 2286 3124 2341 utebantur
3155 2287 3477 2345 Novatiani:
3518 2308 3673 2363 neque

430 2386 612 2441 nensis
656 2385 851 2440 absens
898 2385 1182 2440 damnatus
1227 2395 1327 2440 est.
1374 2384 1428 2440 Si
1470 2376 1738 2457 quaeratur
1777 2385 2004 2453 primum
2035 2389 2083 2448 Β
2112 2377 2442 2445 pcenitentize
2465 2376 2764 2432 adversarii
2793 2388 2946 2433 erant
2970 2380 3363 2448 Donatistze,ut
3387 2383 3672 2450 Novatiani,

429 2486 552 2548 post
576 2477 940 2546 apostolorum
970 2484 1214 2546 tempora
1236 2477 1547 2542 concilium,
1573 2477 1808 2531 dicerem
1833 2475 2008 2544 potius

427 2568 595 2626 fuisse
643 2568 784 2623 illam
837 2567 1217 2624 Caesariensem
1269 2571 1320 2624 in
1372 2569 1651 2624 Palmstina
1706 2567 2005 2638 synodum,

429 2677 550 2730 qua:
577 2661 643 2716 de
685 2660 930 2716 Pachatis
968 2661 1054 2716 die
1099 2661 1391 2732 disputavit
1443 2672 1681 2729 tempore
1726 2657 2006 2714 Commodi

430 2752 768 2822 imperatoris
796 2752 948 2807 sicuti
976 2761 1030 2808 et
1065 2753 1222 2821 paulo
1250 2760 1372 2821 post
1400 2751 1583 2805 Roma:
1602 2791 1616 2809 .
1648 2758 1701 2804 et
1730 2749 1781 2803 in
1812 2747 2004 2813 Gallia,

429 2854 483 2901 et
512 2845 562 2900 in
592 2846 816 2912 Achaia,
845 2856 901 2902 et
930 2848 981 2900 in
1011 2847 1209 2900 Arabia
1234 2843 1470 2916 synodos
1499 2850 1777 2912 propterea
1807 2854 2006 2896 conve-

427 2937 571 2993 nisse
613 2939 761 2993 testis
808 2947 889 2992 est
935 2937 1202 2991 Eusebius
1240 2935 1334 2989 lib.
1364 2949 1418 2998 v,
1460 2947 1576 3000 cap.
1607 2933 1707 2996 25,
1734 2940 1788 2985 et
1813 2929 1904 2984 lib.
1931 2945 2002 2996 vt,

425 3045 543 3098 cap.
572 3028 640 3083 56
663 3037 715 3082 et
741 3028 831 3080 57.
867 3025 1068 3080 Deinde
1092 3032 1216 3079 ante
1240 3023 1561 3095 Cyprianum
1591 3022 1691 3076 alia
1723 3021 1819 3076 fuit
1846 3036 2007 3092 syno-

426 3120 524 3174 dus
556 3117 994 3188 Carthaginensis
1026 3116 1094 3172 de
1141 3116 1412 3184 Baptismo
1459 3115 1850 3169 ltaireticorum.
1901 3113 2004 3184 Cy-

426 3211 646 3282 prianus
674 3208 739 3262 ad
769 3207 1116 3273 Jubaianum,
1152 3206 1309 3260 Multi
1351 3203 1566 3279 (inquit)
1589 3206 1701 3275 jam
1731 3205 1852 3258 armi
1887 3213 2004 3257 sunt

425 3314 473 3357 et
511 3303 663 3372 longa
698 3313 854 3364 tetas,
888 3317 950 3353 ea:
977 3317 1076 3364 quo
1116 3301 1206 3352 sub
1248 3300 1528 3369 Agrippino
1575 3298 1718 3352 bona:
1750 3296 2004 3351 memoria:

423 3395 553 3458 viro,
595 3393 940 3446 convenientes
968 3391 1022 3443 in
1057 3405 1217 3442 unum
1271 3389 1496 3456 episwpi
1539 3389 1744 3458 plurimi
1759 3383 1867 3439 ‘hoc
1900 3396 2003 3439 ata-

426 3494 658 3552 tuerunt,
700 3494 804 3541 etc.
847 3484 1181 3554 Augusunus
1229 3488 1404 3535 tamen
1449 3478 1543 3534 lib.
1576 3494 1628 3532 tv
1673 3477 1738 3532 de
1774 3477 1999 3546 Baptis.,

425 3593 475 3633 c.
507 3579 560 3645 6,
595 3592 702 3632 non
743 3577 958 3644 multis,
991 3574 1084 3631 sed
1118 3575 1303 3645 paucis
1330 3571 1483 3627 annis
1511 3577 1637 3625 ante
1678 3570 1998 3640 Cyprianum

425 3668 528 3725 hoc
553 3667 814 3724 accidisse
856 3668 931 3722 ait
961 3684 972 3719 :
1019 3674 1078 3721 ut
1121 3665 1480 3736 intelligamus
1509 3678 1616 3719 non
1647 3660 1781 3717 adeo
1818 3660 2001 3716 multis

2115 2483 2286 2538 neque
2317 2469 2613 2535 secundas,
2646 2477 2704 2523 ut
2740 2470 2827 2538 hi,
2860 2474 3073 2544 nuptias
3112 2474 3463 2531 damnabant.
3492 2478 3672 2533 Saltem

2115 2561 2229 2630 ipse
2255 2561 2578 2616 Cresconius
2606 2563 2882 2619 Donatista
2923 2580 3042 2620 cum
3073 2579 3292 2638 negaret
3323 2584 3446 2624 sese
3476 2569 3672 2624 hzereti-

2112 2666 2231 2706 cum
2257 2667 2396 2715 esse,
2423 2662 2475 2706 et
2498 2653 2781 2710 hmreticos
2803 2667 3165 2724 enumeraret,
3196 2673 3317 2714 cum
3343 2660 3533 2729 quibus
3557 2660 3670 2713 nihil

2062 2765 2065 2770 π
2113 2741 2340 2797 haberet
2367 2759 2652 2801 commune
2671 2787 2684 2809 ,
2716 2746 3043 2803 Novatianos
3072 2749 3232 2804 etiam
3263 2762 3634 2805 commemorat
3659 2769 3669 2803 :

2111 2849 2286 2902 neque
2315 2834 2671 2903 Augustinus,
2704 2853 2824 2892 cum
2847 2840 2897 2894 ei
2926 2840 3224 2908 respondit,
3252 2841 3490 2911 aliquam
3517 2841 3672 2895 Nova-

2113 2924 2268 2978 tiana:
2300 2925 2569 2982 ltzereseos
2600 2936 2779 2983 notam
2809 2929 2858 2984 ei
2903 2931 3085 2996 inurit,
3121 2931 3212 2987 lib.
3252 2948 3288 2986 tt
3320 2945 3505 2987 contra
3553 2932 3667 2987 Crc-

2111 3018 2349 3072 sconiunt
2395 3033 2512 3088 cap.
2545 3020 2597 3074 5.
2628 3020 2823 3076 Habuit
2853 3033 3026 3078 tamen
3067 3023 3423 3078 Novatianum
3458 3025 3667 3079 schisma

2108 3109 2305 3163 similia
2335 3111 2497 3165 multa
2529 3127 2648 3166 cum
2678 3115 2964 3170 schismate
2995 3116 3397 3172 Donatistarum
3422 3137 3436 3170 ε
3467 3120 3556 3174 sed
3577 3119 3667 3173 No-

2109 3202 2301 3255 vatiani
2335 3217 2440 3256 non
2472 3204 2544 3256 ita
2573 3205 2867 3260 crudeliter
2896 3208 3124 3275 grassati
3174 3217 3332 3274 sunt,
3365 3217 3420 3263 et
3459 3210 3510 3264 in
3540 3210 3664 3264 Italia

2107 3299 2265 3358 atque
2293 3291 2512 3346 Oriente
2540 3305 2830 3362 regnarunt
2862 3296 3036 3364 potius
3065 3310 3222 3366 quam
3257 3299 3307 3352 in
3339 3297 3538 3356 Africa.

2180 3381 2249 3435 Ut
2283 3391 2463 3436 autem
2493 3383 2708 3452 quidam
2737 3386 2866 3439 olim
2901 3395 3105 3442 temere
3131 3389 3534 3446 confundebant
3571 3392 3660 3447 Do-

2108 3481 2290 3527 natum
2339 3472 2620 3529 Numidam
2669 3491 2790 3530 cum
2848 3476 3057 3533 Donato
3105 3477 3551 3551 Carthaginensi.
3597 3486 3660 3540 sic

2107 3563 2264 3617 etiam
2313 3565 2463 3618 multi
2506 3565 2768 3622 Novatum
2808 3584 2929 3624 cum
2961 3570 3282 3628 Novatiano.
3322 3575 3484 3632 Certe
3509 3577 3661 3632 Theo-

2106 3652 2327 3709 doretus
2350 3656 2416 3710 de
2447 3657 2575 3714 Fab.
2611 3660 2850 3717 bairetic.
2886 3666 3074 3719 scribit
3101 3666 3166 3722 de
3191 3666 3401 3725 Novato
3421 3713 3435 3737 ,
3469 3687 3578 3741 qua:
3603 3672 3656 3726 de

424 3769 546 3816 ante
573 3761 727 3815 annis
753 3759 804 3813 id
833 3759 1029 3814 factum
1061 3759 1200 3814 ess'e.
1243 3757 1348 3812 Sed
1376 3770 1548 3826 neque
1579 3770 1739 3808 unum
1763 3769 1824 3808 ea
1850 3753 1917 3808 de
1942 3766 2000 3807 re
2029 3767 2073 3830 ρ
2106 3745 2399 3805 Novatiauo
2428 3751 2601 3821 potius
2628 3754 2913 3812 scribenda
2943 3768 3095 3814 erant
3118 3802 3132 3828 ,
3165 3773 3216 3816 ct
3246 3761 3574 3833 Epiphanius
3596 3763 3657 3817 ait

422 3853 672 3926 Cypriani
701 3864 942 3922 tempore
963 3852 1247 3907 concilium
1274 3849 1694 3919 Carthaginiense
1727 3848 1859 3900 fuit:
1894 3846 2001 3901 imo

419 3961 548 4002 vero
592 3947 690 4000 tria
734 3945 930 4010 fuisse,
980 3943 1172 3998 indicat
1205 3941 1504 4011 Cyprianus
1545 3939 1610 3993 ad
1656 3938 1998 3994 Jubaianum.

423 4036 574 4105 Quod
606 4046 782 4091 autem
815 4051 879 4089 ex
918 4034 984 4090 iis
1012 4033 1418 4089 celeberrimum
1464 4040 1581 4094 est,
1611 4045 1715 4100 quo
1743 4039 1797 4084 et
1825 4029 2002 4084 Dona-

420 4129 559 4184 tistae
609 4127 943 4197 potissimum
993 4124 1374 4188 abutebantur,
1425 4122 1551 4177 olim
1591 4121 1750 4176 etiam
1783 4121 1998 4191 quidam

419 4221 670 4276 dixerunt
718 4217 909 4272 falsum
953 4225 1007 4271 et
1059 4216 1236 4270 fictum
1281 4229 1446 4270 esse:
1492 4229 1662 4284 neque
1702 4215 1768 4268 ab
1811 4230 1999 4269 eorum

418 4313 674 4382 Opinione
703 4309 921 4362 omnino
950 4308 1182 4362 alienmn
1226 4322 1346 4362 sese
1395 4321 1514 4361 esse
1547 4305 1872 4376 Augustinus
1901 4307 1999 4361 ali-

421 4400 634 4472 quando
679 4399 996 4468 signilicavit
1044 4398 1136 4452 lib.
1170 4413 1185 4451 ι
1231 4407 1428 4462 contra,
1456 4397 1710 4452 Crescon.
1751 4412 1870 4468 cap.
1903 4398 1992 4452 52.

418 4493 526 4551 Sed
553 4505 728 4548 tamen
761 4493 813 4546 in
841 4494 998 4562 epist.
1029 4490 1120 4554 48,
1162 4492 1389 4561 ingenue
1417 4493 1678 4562 agnoscit,
1711 4501 1767 4547 et
1787 4507 1850 4547 ex
1879 4493 1995 4561 ipso

417 4591 556 4661 stylo
587 4589 787 4655 liquere
815 4587 1040 4653 fatetur,
1086 4588 1374 4643 confictum
1417 4604 1520 4642 non
1553 4602 1691 4642 esse.
1727 4585 1991 4640 Caeterum

419 4685 463 4739 si
508 4684 559 4737 in
609 4681 861 4755 Cypriani
912 4678 1243 4751 temporibus
1303 4677 1639 4748 praedicanda
1687 4689 1768 4733 est
1819 4679 1991 4746 aliqua

417 4773 656 4844 synodus
695 4771 944 4827 Africana
997 4771 1107 4825 sive
1156 4769 1626 4838 Cartltaginensis,
1678 4768 1766 4821 illa
1815 4769 1991 4838 p0tius

415 4865 678 4920 laudanda
726 4874 901 4930 esset,
950 4877 1108 4934 quam
1157 4862 1458 4932 Cyprianus
1503 4859 1598 4912 lib.
1632 4873 1714 4922 tv,
1745 4858 1902 4925 epist.
1934 4861 1984 4922 8,

418 4969 599 5013 narrat
624 4959 947 5013 convenisse
977 4957 1236 5012 adversus
1267 4969 1360 5008 eos
1387 4992 1400 5018 ,
1437 4953 1525 5022 qui
1569 4951 1987 5006 circumcisioois

415 5051 660 5119 exemplo
686 5050 1000 5114 abutentes,
1044 5048 1294 5102 nolebant
1322 5045 1548 5099 infantes
1576 5045 1831 5114 baptizari
1861 5052 1984 5099 ante

2107 3840 2366 3896 Novatum
2414 3845 2579 3901 fuisse
2609 3847 3060 3920 Romaatempore
3104 3858 3494 3922 persecutionis
3515 3899 3527 3920 ,
3555 3871 3653 3910 cum

2107 3932 2155 3986 id
2189 3935 2364 4002 potius
2387 3936 2673 3994 dicendum
2703 3941 2947 3998 videatur
2978 3945 3044 4000 de
3083 3945 3402 4005 Novatiano.
3443 3949 3654 4018 Denique

2104 4035 2157 4080 ct
2190 4026 2426 4086 Zonaras
2457 4030 2717 4088 Novatum
2747 4033 3160 4094 haeresiarcham
3202 4040 3334 4095 dicit
3363 4041 3524 4096 fuisse
3561 4041 3653 4094 llo.

2105 4135 2275 4190 mana:
2323 4121 2579 4180 Ecclesiae
2625 4127 3029 4199 presbyterum,
3074 4130 3263 4186 eodem
3314 4146 3518 4186 errore.
3565 4130 3651 4185 Sed

2101 4215 2191 4282 qui
2224 4216 2572 4286 Cyprianum,
2599 4221 2680 4275 vel
2709 4221 2869 4276 etiam
2902 4221 3285 4293 Hieronymum
3320 4222 3371 4276 in
3398 4220 3559 4276 Catal.
3587 4223 3652 4277 vel

2104 4305 2317 4361 Paciani
2350 4310 2606 4378 epistolas
2647 4328 2818 4380 nuper
2849 4313 3020 4366 editas
3054 4314 3333 4380 legerunt,
3375 4313 3526 4368 facile
3552 4316 3650 4367 ani-

2104 4402 2443 4456 madvertunt
2491 4404 2614 4473 quid
2665 4403 2911 4469 Novato,
2941 4404 3064 4472 quid
3109 4402 3416 4457 Novatiano
3466 4406 3650 4476 proprie

2101 4494 2515 4550 adscribendum
2558 4498 2744 4552 sitzet
2773 4505 2919 4549 tanto
2964 4502 3249 4563 propterea
3296 4498 3466 4568 magis
3511 4499 3650 4552 miror

2100 4596 2347 4641 auctores
2391 4586 2764 4640 Centuriarum
2817 4584 3058 4638 historia:
3111 4585 3492 4644 ecclesiastica:
3536 4588 3646 4644 scri-

2100 4679 2271 4747 psisse
2297 4679 2649 4732 Novatianum
2669 4691 2697 4728 a
2712 4675 2918 4728 Novato
2939 4686 3176 4731 creatum
3205 4678 3372 4735 fuisse
3394 4681 3646 4736 diacooum

2097 4771 2578 4839 Carthaginiensem
2595 4768 2758 4821 invito
2772 4765 3061 4836 Cypriano.
3082 4768 3473 4827 Feiicissimum
3497 4774 3648 4843 potius

2096 4864 2279 4917 dicere
2320 4861 2637 4916 debuerant.
2691 4858 2831 4914 Sane
2872 4859 3109 4917 Novatus
3136 4863 3393 4934 Cypriani
3437 4865 3645 4936 episcopi

2095 4951 2534 5020 Carthagincnsis
2577 4951 2857 5021 presbyter
2903 4952 3000 5024 fuit
3028 4973 3042 5008 :
3073 4957 3164 5025 qui
3207 4972 3328 5012 cum
3377 4959 3429 5013 in
3470 4959 3644 5013 italiam

2096 5042 2354 5108 venisset,
2387 5040 2735 5096 Novatianum
2770 5042 3067 5099 Romanum
3102 5049 3473 5120 presbyterum
3511 5046 3647 5119 ω

414 5151 663 5197 octavum
691 5142 856 5198 diem.
886 5139 991 5195 Sed
1023 5149 1074 5194 ct
1103 5139 1178 5193 illi
1207 5138 1435 5194 Africani
1464 5137 1723 5207 episcopi,
1755 5138 1841 5207 qui
1870 5152 1991 5192 cum
2022 5141 2070 5198 D
2102 5133 2263 5188 vcluti
2291 5132 2594 5201 antipapam
2619 5131 2802 5186 Romae
2840 5137 3009 5190 creari
3033 5138 3280 5202 curavit;
3311 5153 3433 5193 cum
3457 5139 3647 5192 electio-

413 5233 681 5305 Cypriano
721 5232 996 5301 conjuncti
1037 5231 1306 5299 scripsere
1351 5231 1416 5283 ad
1447 5230 1754 5283 Cornelium
1797 5244 1986 5299 papam

414 5324 713 5379 Romanum
741 5323 807 5376 de
840 5336 970 5390 pace
1014 5321 1178 5388 lapsis
1211 5319 1599 5387 paenitentibus
1627 5319 1833 5385 danda,
1881 5321 1997 5372 lau-

413 5414 606 5468 dabilis
636 5412 826 5483 synodi
855 5410 1298 5478 Carthaginensis
1341 5409 1600 5463 adversus
1627 5409 1888 5463 Novatum
1926 5425 1991 5464 co

414 5513 657 5574 tempore
696 5503 926 5573 speciem
956 5499 1173 5555 edidere
1195 5541 1211 5566 ,
1241 5499 1395 5553 sicuti
1424 5509 1478 5553 ct
1515 5499 1703 5553 eodem
1751 5511 1991 5570 tempore

412 5597 696 5666 quamdam
730 5595 1022 5650 Romanam
1056 5591 1351 5664 synodum,
1380 5590 1468 5646 cui
1500 5590 1612 5646 Afri
1659 5608 1871 5662 quoque
1903 5594 1987 5647 in-

417 5687 726 5758 terfuerint,
755 5687 893 5745 idem
919 5685 1228 5755 delituisse,
1261 5685 1415 5743 testis
1446 5691 1529 5743 est
1557 5683 1818 5743 Eusebius
1852 5685 1991 5742 libro

2100 5243 2222 5281 nem
2234 5225 2492 5289 Cornelii,
2510 5240 2666 5292 quam
2687 5225 2946 5295 impedire
2964 5245 3069 5283 non
3096 5239 3365 5299 potuerat,
3385 5231 3646 5299 legitimam

2103 5333 2204 5372 non
2237 5331 2358 5371 esse
2385 5316 2762 5370 cavillaretur:
2795 5319 2952 5372 sicuti
2980 5321 3222 5374 Donatus
3253 5319 3475 5374 Numida
3499 5360 3511 5383 ,
3543 5333 3643 5373 cum

2098 5409 2368 5464 Cmciliani
2387 5407 2622 5477 episcopi
2636 5407 3073 5479 Carthaginensis
3101 5410 3498 5465 ordinationem
3515 5425 3644 5464 accu-

2097 5511 2272 5565 saret,
2306 5499 2621 5568 Majorinum
2641 5540 2656 5565 ,
2689 5502 2773 5556 cui
2804 5503 3040 5558 Donatus
3069 5501 3211 5556 alter
3239 5505 3495 5560 successit
3521 5502 3641 5560 ordi-

2100 5596 2209 5649 nari
2242 5594 2488 5658 curavit,
2523 5604 2574 5646 ut
2606 5595 2752 5650 testis
2785 5607 2864 5648 est
2894 5597 3118 5664 August.
3155 5595 3206 5648 in
3247 5596 3341 5652 lib.
3374 5597 3439 5652 de
3467 5597 3636 5652 ilzeres.

2097 5688 2190 5756 qui
2223 5686 2381 5742 ctiam
2414 5695 2699 5756 propterea
2745 5686 2927 5755 adjicit
2969 5701 3090 5742 eum
3139 5687 3195 5744 in
3227 5689 3362 5748 urbe
3401 5683 3640 5756 Carthagi-
