3860 6212
193 187 345 243 2449

1101 191 1422 249 HISTORIA
1460 188 2051 287 C'ARTHAGINENSIS
2095 190 2566 249 COLLATIONIS.
3338 197 3475 253 M30

192 307 356 363 nensi
389 308 619 375 primum
649 307 887 363 erexisse
926 306 1095 365 altare
1135 319 1323 366 contra
1362 310 1532 365 altare
1566 330 1577 363 :
1626 309 1780 365 sicuti
1811 314 1862 372 Α
1888 306 2088 368 rando,
2138 308 2505 375 ignosceretur
2556 318 2777 379 propter
2819 309 3063 366 eamdem
3112 310 3367 379 unitatis,
3424 315 3474 367 in

190 396 502 469 Cyprianus
533 398 695 453 simili
744 398 978 454 formula
1019 414 1145 456 usus
1183 411 1336 456 antea
1365 401 1575 456 dixerat
1605 401 1781 454 Nova-

193 493 379 545 tianos
406 489 549 545 idem
580 490 802 556 fecisse,
843 492 937 547 sed
970 491 1173 546 Romae.
1201 493 1379 563 'Atque
1408 492 1509 547 hoc
1540 491 1669 546 illud
1703 502 1786 546 est

190 582 509 637 scbismatis
534 598 800 639 summum
834 584 1031 638 malum
1052 626 1065 650 ,
1096 586 1237 653 quod
1280 595 1337 639 ut
1378 585 1429 638 in
1459 585 1780 650 Donatistis,

188 674 281 730 sic
301 682 357 731 et
383 684 542 731 antea
568 676 619 730 in
643 675 954 733 Novatianis
978 688 1284 734 accusatum
1308 688 1411 743 est,
1433 680 1599 748 magis
1622 693 1782 748 quam

190 763 477 823 haereseos
532 768 760 823 crimen.
828 768 989 825 Certe
1046 770 1331 839 Dionysius
1384 768 1784 824 Alexandrinus

188 857 445 914 scribens
487 859 553 914 ad
583 860 968 929 Novatianum,
998 876 1229 931 eumque
1272 862 1352 915 sui
1397 860 1559 916 officii
1592 862 1781 916 admo-

192 964 339 1006 nens
357 992 372 1018 ,
399 951 495 1018 ait,
519 967 641 1007 eum
668 954 875 1023 quidvis
909 956 1084 1009 facere
1110 953 1381 1020 debuisse,
1414 955 1593 1025 potius
1622 970 1783 1026 quam

188 1045 497 1103 Eeelesiam
544 1047 836 1105 schismate
866 1047 1112 1105 scindere
1144 1065 1155 1100 :
1192 1026 1391 1117 neque’
1418 1058 1522 1102 tam
1558 1048 1783 1103 idolola-

191 1142 397 1209 triam,
443 1156 601 1211 quam
653 1142 889 1197 schisma
942 1142 1123 1211 fugere
1170 1139 1458 1205 debuisse,
1507 1142 1629 1211 quia
1660 1155 1781 1195 cum

190 1231 338 1297 hanc
365 1232 518 1303 fugit,
548 1234 649 1288 sibi
677 1242 886 1287 tantum
915 1242 1073 1287 cavet
1098 1250 1111 1285 :
1143 1248 1264 1288 cum
1295 1247 1426 1287 vero
1449 1233 1578 1287 illud
1601 1273 1616 1299 ,
1661 1233 1779 1286 uni-

189 1340 371 1381 versa:
398 1326 658 1382 Ecclesia:
698 1327 952 1381 consulit.
984 1326 1160 1381 Testis
1196 1336 1279 1379 est
1327 1326 1684 1397 Hieronymus
1730 1326 1780 1380 in

188 1418 373 1474 Catal.
406 1419 476 1474 Et
502 1433 632 1473 vero
660 1418 963 1481 Novatiani,
995 1418 1041 1472 si
1071 1415 1380 1473 scbismatis
1411 1418 1488 1473 rei
1520 1433 1623 1473 non
1656 1418 1778 1475 fuis-

188 1522 353 1579 sent,
405 1526 518 1567 sute
558 1510 625 1565 de
673 1510 842 1580 lapsis
889 1509 1061 1581 deque
1104 1510 1483 1589 haereticorum
1516 1510 1783 1580 baptismo

186 1603 469 1671 Opinionis
518 1616 711 1656 novum
757 1611 809 1655 et
856 1601 1096 1656 insolens
1144 1600 1615 1671 exempluninon
1661 1616 1783 1658 esse

1887 414 1989 469 qua
2020 399 2365 455 nihilominus
2395 402 2613 469 mansit,
2643 403 2987 459 cbaritatem.
3014 405 3320 461 Novatianis
3348 424 3475 461 vero

1886 490 2261 559 schismaticis,
2290 495 2378 563 qui
2410 494 2511 549 hoc
2537 510 2722 551 errore
2749 496 2938 551 imbuti
2960 497 3027 553 ab
3052 498 3290 555 Ecclesia
3324 500 3475 555 defc—

1886 591 2093 647 cerant,
2125 598 2229 638 non
2258 585 2647 655 ignosceretur,
2673 597 2729 643 et
2759 591 2929 644 multo
2952 591 3128 644 minus
3161 592 3473 647 Donatistis.

1884 674 2017 728 Nam
2046 683 2101 730 et
2126 675 2317 730 borum
2347 693 2507 748 quam
2540 679 2757 757 illorum
2782 682 2983 751 opinio,
3015 685 3259 752 quamvis
3285 686 3475 742 similis

1886 774 2062 828 esset,
2109 768 2287 823 minus
2318 771 2697 827 excusationis
2726 772 2955 828 habebat
2987 790 2998 825 :
3031 775 3152 843 quia
3185 775 3479 832 Donatista:

1887 874 1993 913 non
2048 860 2365 930 ignorabant
2434 862 2485 917 in
2566 864 2796 919 Concilio
2848 866 3185 921 oecumenico
3235 883 3475 923 errorem

1884 951 2031 1006 illius
2081 952 2319 1008 Africani
2367 956 2615 1023 concilii,
2664 957 2806 1027 quod
2852 956 3131 1011 Novatiani
3182 959 3477 1016 obtendere

1885 1046 2222 1114 potuissent,
2258 1045 2422 1101 fuisse
2452 1048 2787 1104 damnatum.
2825 1051 2967 1107 lnter
3010 1062 3251 1121 tempora
3282 1052 3479 1109 Novati

1885 1147 1940 1192 et
1973 1138 2163 1193 Donati
2190 1139 2457 1195 Sabellius
2490 1140 2621 1195 Afer
2646 1150 2699 1195 et
2729 1142 2892 1195 veluti
2938 1144 3147 1198 medius
3177 1145 3351 1214 majus
3381 1146 3478 1199 ali-

1884 1231 2011 1299 quid
2040 1232 2205 1287 audct
2224 1274 2238 1297 ,
2269 1240 2323 1287 et
2351 1233 2614 1288 Ecclesia:
2643 1244 2807 1302 caput
2836 1235 3009 1304 ipsum
3028 1280 3042 1302 ,
3077 1238 3176 1291 hoc
3202 1246 3285 1293 est
3314 1238 3441 1293 Cbri
3460 1270 3472 1279 -

1885 1331 2027 1378 stum
2073 1323 2247 1393 ipsum
2298 1324 2466 1396 petit,
2518 1339 2676 1395 quem
2731 1340 2836 1380 non
2887 1328 2987 1382 nisi
3039 1329 3309 1385 hominem
3358 1346 3478 1387 esse

1885 1416 2231 1472 clamitabat:
2261 1427 2422 1488 atque
2452 1427 2511 1473 ut
2559 1418 2840 1473 Trinitatis
2870 1422 3188 1491 mysterium
3235 1425 3471 1491 tolleret,

1886 1523 1990 1563 non
2024 1509 2184 1564 modo
2222 1510 2430 1565 unicam
2459 1505 2759 1566 divinitatis
2788 1514 3000 1577 οὐσίαν.
3051 1514 3147 1570 sed
3187 1515 3346 1570 etiam
3380 1516 3479 1587 hy-

1887 1603 2124 1671 postasin
2175 1604 2387 1657 unicam
2428 1619 2551 1659 esse
2598 1605 2921 1660 contendit:
2972 1617 3026 1661 et
3076 1607 3226 1673 lucc,
3279 1608 3471 1679 Pater,

186 1692 383 1749 dicere
405 1693 636 1748 fortasse
670 1692 988 1762 potuissent.
1020 1693 1156 1759 Quid
1188 1692 1373 1749 cnim?
1413 1694 1531 1763 Ipse
1560 1694 1781 1765 Cypria-
1812 1680 1859 1739 Β
1887 1692 2086 1761 Filius,
2121 1686 2353 1763 Spiritus
2383 1695 2633 1760 Sanctus,
2658 1712 2763 1751 non
2795 1713 3076 1767 personas,
3107 1700 3199 1755 sed
3233 1715 3392 1757 voces
3421 1712 3479 1757 et

187 1801 298 1842 nus
346 1787 396 1840 in
427 1786 652 1855 epistola
694 1786 760 1839 ad
808 1786 1169 1841 Antonianum
1212 1788 1427 1853 scribit,
1474 1787 1613 1857 apud
1654 1803 1781 1844 suos

188 1879 291 1949 (ut
320 1877 431 1948 ait)
460 1886 832 1933 antecessores
864 1880 917 1932 in
947 1894 1040 1933 sua
1072 1880 1345 1948 provincia
1373 1879 1632 1949 quosdam
1664 1880 1779 1949 epi-

183 1982 389 2039 seopos
418 1985 521 2022 non
552 1969 825 2039 putavisse
862 1971 1091 2024 dandam
1125 1984 1309 2039 pacem
1341 1971 1603 2038 moechis,
1644 1981 1699 2027 et
1726 1973 1779 2027 in

187 2069 366 2116 totum
394 2060 655 2116 clausisse
695 2072 881 2117 contra
920 2061 1179 2116 adulteria
1222 2062 1396 2118 locum
1428 2064 1777 2132 poenitentiae.

184 2152 332 2219 Quid
362 2167 493 2207 vero
537 2161 595 2206 ut
638 2168 731 2209 eos
778 2163 1067 2235 utcumque
1107 2164 1363 2221 excuset,
1403 2156 1629 2225 adjicit?
1674 2156 1781 2211 Sed

182 2256 381 2311 tamen,
427 2247 618 2317 inquit,
654 2264 687 2300 a
728 2248 1145 2318 coepiscoporum
1176 2264 1387 2303 suorum
1422 2249 1639 2321 collegio
1678 2265 1780 2303 non

181 2348 544 2404 recesserunt,
598 2356 757 2409 neque
801 2340 1067 2394 catholica:
1114 2339 1359 2395 Ecclesiw
1413 2341 1658 2394 unitatem
1702 2340 1781 2394 vel

182 2430 397 2484 duritia:
422 2430 497 2484 vel
531 2446 759 2485 censura:
785 2446 891 2484 sua:
920 2430 1259 2484 obstinatione
1294 2440 1561 2501 ruperunt.
1606 2431 1780 2500 Atque

181 2523 241 2577 id
283 2522 501 2593 quidem
533 2523 696 2577 etiam
738 2523 1072 2593 Augustinus
1116 2523 1386 2595 Cypriane
1431 2523 1779 2581 subscribens

180 2616 476 2695 diligenter
524 2618 832 2673 observavit
879 2618 1039 2687 epist.
1083 2616 1173 2672 48.
1225 2618 1427 2674 Omitto
1476 2617 1615 2687 quod
1664 2618 1779 2685 ipse

181 2710 556 2768 Tertullianus
599 2710 710 2779 jam
756 2708 885 2765 olim
931 2708 1177 2763 videatur
1226 2708 1279 2762 in
1324 2709 1418 2763 lib.
1451 2708 1518 2763 de
1549 2707 1774 2762 Pudicit.

179 2803 452 2857 acerrime
466 2802 793 2865 defendisse,
814 2801 957 2872 quod
980 2802 1065 2856 hic
1086 2801 1388 2870 Cyprianus
1415 2800 1493 2854 ait
1516 2800 1775 2871 quosdam

180 2903 315 2948 ante
339 2908 398 2948 se
424 2893 707 2962 episc0pos
738 2893 1031 2962 potavisse.
1067 2892 1170 2948 Sed
1198 2892 1563 2947 Tertullianus
1588 2891 1777 2947 Eccle-

179 2987 281 3041 sia:
330 2985 589 3040 unitatem
630 2984 800 3054 rupit,
841 2984 933 3038 vel,
971 2984 1212 3051 duritiae,
1260 2984 1344 3038 vel
1388 2997 1634 3038 censura:
1663 2997 1777 3039 suae

179 3076 577 3131 obsdnadone.

254 3168 429 3224 Porro
491 3167 634 3239 quod
685 3166 964 3223 Novatiani
1019 3166 1317 3235 baptizatos
1382 3167 1431 3221 in
1491 3164 1793 3233 Ecclesia,‘

180 3276 348 3331 quam
398 3268 457 3314 ut
494 3260 753 3329 pollutam
784 3258 1144 3321 accusabant,
1182 3265 1237 3314 et
1286 3273 1314 3312 a
1363 3273 1465 3328 qua
1500 3268 1771 3329 tamquam

178 3351 407 3421 profana
453 3352 827 3418 desciverant,
861 3366 967 3405 non
994 3332 1285 3406 ‘habebant
1325 3366 1422 3420 pro
1468 3351 1768 3420 baptizatis,

176 3454 581 3516 proptereaque
626 3445 1071 3516 rebaptizabant:
1108 3444 1376 3498 faciebant
1416 3443 1557 3512 quod
1602 3443 1771 3498 luere-

180 3538 322 3591 ticos
344 3546 498 3591 antea
529 3551 690 3593 ausos
714 3554 820 3592 non
846 3552 986 3600 esse,
1018 3536 1221 3593 indicat
1241 3535 1496 3607 Cyprian.
1530 3536 1580 3589 in
1607 3536 1765 3604 epist.

178 3628 249 3682 ad
267 3627 392 3683 Jub.
424 3638 476 3685 et
499 3630 565 3684 ad
593 3631 804 3699 Pomp.,
832 3640 883 3684 et
914 3630 1047 3699 Aug.
1085 3630 1118 3682 Ι.
1148 3646 1203 3683 ιιι
1227 3630 1293 3683 de
1324 3630 1501 3697 Bapt.,
1534 3645 1653 3699 cap.
1689 3629 1794 3685 10.-

176 3718 290 3775 Sed
337 3727 514 3775 tamen
548 3720 811 3789 principio
854 3720 1085 3789 quodam
1132 3719 1458 3785 nitebantur,
1490 3720 1631 3788 quod
1658 3720 1772 3789 plc-

177 3810 339 3879 rique
367 3811 420 3863 in
463 3810 639 3864 Africa
669 3809 931 3864 Catholici
964 3810 1363 3879 sequebantur,
1406 3818 1460 3863 et
1504 3809 1771 3865 Africanis

178 3903 271 3971 (ut
297 3902 433 3969 dixi)
463 3900 786 3970 quibusdam
809 3902 1053 3956 conciliis
1082 3903 1459 3957 confirmatum
1480 3918 1602 3959 esse
1624 3902 1771 3958 vide-

176 3995 363 4049 batur.
415 3994 556 4063 Ergo
600 4002 658 4049 ut
696 3994 932 4049 Novatus
982 3994 1306 4064 baptismum
1356 3996 1452 4049 abs
1497 3994 1771 4066 Cypriane

177 4088 615 4145 administratum
658 4101 762 4141 non
806 4086 1034 4142 habebat
1081 4094 1299 4140 ratum:
1333 4087 1410 4141 sic
1452 4102 1626 4156 neque
1660 4086 1769 4157 Cy-

176 4184 403 4251 prianus
451 4196 613 4243 eum,
661 4180 814 4248 cujus
862 4178 1105 4233 minister
1153 4177 1342 4233 fuisset
1396 4178 1632 4233 Novatus
1679 4189 1771 4233 aut

177 4272 532 4326 Novatianus.
565 4270 833 4325 Cmterum
866 4270 969 4325 hoc
1000 4269 1263 4334 interfuit,
1296 4270 1436 4340 quod
1466 4271 1769 4342 Cyprianus

178 4366 251 4420 ab
280 4364 469 4433 iis,qui
497 4363 817 4431 baptismum
846 4379 950 4417 non
982 4377 1103 4417 esse
1126 4361 1425 4416 iterandum
1449 4362 1761 4427 credebant,

1886 1786 2047 1841 verba
2103 1802 2225 1843 esse
2275 1788 2479 1844 docuit.
2537 1789 2775 1859 Denique
2830 1794 3043 1861 repetiit
3093 1794 3234 1863 quod
3284 1796 3473 1850 eodem

1882 1884 2126 1947 tempore
2171 1878 2370 1969 lfaulus
2418 1879 2804 1936 Samosatenus
2851 1884 3078 1939 antistes
3110 1888 3475 1944 Antiochenus

1884 1970 2208 2025 inculcabat.
2250 1969 2509 2041 Capitalis
2550 1971 2648 2045 fuit
2694 1972 2811 2028 hmc
2839 1973 3097 2040 haeresis,
3141 1978 3236 2032 sed
3267 1979 3476 2033 Africa-

1883 2077 2006 2116 nam
2037 2062 2333 2117 Ecclesiam
2366 2064 2547 2118 minus
2590 2066 2921 2132 perturbavit
2966 2083 3127 2137 quam
3177 2068 3334 2124 factio
3364 2071 3472 2127 Do-
3568 2084 3571 2085 '

1883 2152 2038 2206 nati:
2086 2161 2142 2209 et
2185 2153 2306 2223 quia
2355 2154 2549 2208 Paulus
2600 2155 2989 2212 Samosatenus
3040 2159 3089 2212 in
3140 2161 3471 2218 Antioehcna

1882 2246 2090 2318 synodo
2120 2249 2299 2302 statim
2329 2247 2615 2304 damnatus
2648 2249 2766 2315 fuit,
2802 2251 2915 2305 Afri
2946 2253 3206 2309 Catholici
3238 2273 3342 2313 non
3379 2276 3473 2328 pu-

1884 2346 2065 2393 tarunt
2102 2353 2224 2393 esse
2269 2353 2491 2393 necesse
2556 2348 2613 2393 ut
2656 2340 2722 2393 ad
2771 2341 3067 2398 Sabellinm
3098 2347 3467 2405 damnandum

1881 2440 2139 2499 cogerent
2168 2446 2363 2485 novum
2406 2432 2693 2486 concilium
2730 2453 2742 2488 :
2778 2444 2829 2489 et
2857 2450 2985 2490 vero
3021 2438 3472 2499 Sabellianisnius

1880 2522 1987 2577 late
2020 2523 2071 2575 in
2112 2521 2288 2585 Africa
2338 2532 2620 2592 grassatus
2663 2539 2787 2580 esse
2835 2542 2940 2581 non
2985 2529 3217 2586 videtur.
3271 2534 3472 2591 Saltem

1882 2610 2103 2667 Sabellii
2129 2627 2233 2665 non
2258 2612 2435 2667 minus
2465 2629 2625 2683 quam
2658 2615 2877 2671 Praxeae
2903 2630 2995 2673 aut
3024 2620 3333 2691 Marcionis,
3365 2643 3469 2681 non

1879 2701 2053 2756 solum
2106 2701 2276 2770 vitia,
2331 2702 2427 2757 sed
2476 2714 2530 2758 et
2585 2706 2801 2760 nomina
2857 2707 3126 2767 Africanis
3182 2716 3471 2785 provinciis

1880 2809 2050 2863 prope
2074 2795 2249 2865 ignota
2273 2811 2371 2850 suo
2399 2806 2640 2865 tempore
2665 2799 2831 2856 fuisse
2854 2802 3081 2872 Optatus
3106 2807 3197 2862 lib.
3218 2825 3233 2863 ι
3257 2811 3463 2867 scribit.

1880 2886 2149 2941 Prmtereo
2178 2886 2320 2955 quod
2348 2886 2603 2942 Calvinus
2650 2891 2698 2943 in
2742 2907 2836 2945 sua
2870 2892 3106 2949 lnstitut.
3143 2900 3329 2953 scribit
3360 2901 3461 2955 Sa-

1879 2977 2101 3033 bellium
2132 2988 2250 3048 post
2278 2981 2463 3034 Arium
2509 2981 2694 3038 fuisse.
2745 2982 2971 3041 Constat
3001 2989 3145 3045 enim
3173 2991 3466 3047 Sabellinm

1800 3054 1844 3115 C
1878 3077 2148 3122 mortuum
2191 3084 2315 3125 esse
2364 3071 2673 3142 priusquam
2727 3087 2886 3131 natus
2938 3089 3085 3135 esset
3133 3082 3313 3138 Arius.
3363 3083 3467 3140 Sed

1876 3174 2074 3214 novum
2108 3175 2212 3214 non
2244 3170 2327 3217 est
2367 3162 2711 3220 doctissimos
2739 3168 2904 3223 etiam
2934 3171 3083 3226 viros
3120 3172 3170 3225 in
3201 3173 3470 3230 Africana:

1877 3249 2131 3304 Ecclesiae
2161 3251 2387 3307 historia
2428 3254 2621 3311 inscite
2650 3261 2999 3329 peregrinari.

1946 3343 2240 3399 Sabellinm
2266 3346 2579 3417 Pentapolis
2600 3352 2859 3406 emiserat
2887 3372 2898 3406 :
2933 3364 2987 3409 et
3008 3370 3133 3410 ecce
3161 3357 3319 3424 paulo
3347 3368 3470 3426 post

1874 3434 1926 3489 in
1957 3435 2131 3489 vicina
2165 3436 2403 3509 [Egypto
2444 3442 2636 3509 Arius,
2690 3459 2755 3499 ex
2786 3444 3032 3498 Numidia
3083 3460 3209 3499 vero
3258 3449 3468 3516 (altero

1871 3528 2068 3583 Africa:
2095 3531 2369 3601 extremo)
2407 3533 2648 3588 Donatus
2680 3536 2910 3603 majores
2940 3535 3071 3588 dant
3113 3537 3329 3604 turbas,
3367 3542 3461 3597 ille

1873 3618 1926 3672 in
1954 3614 2337 3685 Alexandrina,
2375 3623 2461 3678 hic
2494 3625 2544 3679 in
2572 3624 2827 3694 Carthag.
2856 3624 3116 3679 Ecclesia.
3154 3627 3222 3681 Et
3246 3632 3462 3699 quidem

1873 3719 1931 3763 ut
1957 3708 2138 3781 Optat.
2176 3713 2211 3765 Ι.
2246 3729 2303 3767 ιιι
2350 3714 2416 3770 de
2462 3716 2671 3769 Donato
2713 3729 2876 3785 agens
2922 3715 3028 3780 ait,
3080 3717 3131 3770 in
3170 3718 3351 3795 Africa
3397 3725 3464 3779 de

1872 3805 2107 3861 scintilla
2134 3806 2424 3863 conﬂatum
2461 3825 2582 3865 esse
2631 3806 2981 3862 incendium:
3030 3810 3109 3863 sic
3153 3820 3206 3866 et
3260 3814 3457 3871 Euseb.

1874 3898 1913 3952 l.
1944 3915 1979 3952 ιι
2027 3899 2094 3954 de
2136 3900 2255 3955 Vita
2300 3900 2605 3965 Constant.,
2653 3900 3104 3969 quemadmodum
3133 3918 3199 3958 cx
3250 3909 3460 3963 modica

1872 3989 2109 4045 scintilla
2135 3993 2323 4061 ingens
2350 3993 2488 4062 ignis
2506 3990 2840 4056 accenditur,
2858 3989 3117 4048 Arianum
3152 3978 3455 4054 incendium

1873 4083 2179 4150 pervasisse
2207 4084 2376 4153 ipsam
2398 4077 2617 4152 quoque
2656 4080 2900 4150 Libyam.
2932 4081 3037 4138 Sed
3066 4086 3132 4141 de
3162 4088 3455 4145 Donatiana

1870 4173 2131 4243 tragtedia
2168 4190 2311 4229 nunc
2340 4182 2545 4227 tantum
2577 4172 2899 4240 quaerimus,
2934 4190 3053 4243 qua:
3079 4187 3134 4232 et
3164 4181 3308 4249 prior
3334 4183 3451 4246 fuit,

1870 4273 1923 4317 et
1968 4264 2144 4319 minus
2174 4264 2407 4319 subtilis.
2439 4261 2711 4330 Originem
2744 4272 2797 4317 et
2843 4265 3010 4320 veluti
3045 4270 3304 4336 protasim
3336 4273 3456 4325 dili-

1869 4364 2059 4424 genter
2097 4356 2318 4425 exponit
2364 4352 2544 4421 Optat.
2590 4352 2625 4405 ι.
2658 4367 2698 4419 ι,
2744 4369 2809 4409 ex
2860 4372 2965 4426 quo
3016 4360 3175 4413 etiam
3226 4362 3450 4431 August.

178 4456 262 4508 sic
284 4454 632 4517 dissensit,ut
657 4464 833 4507 tamen
858 4460 1139 4522 propterea
1164 4468 1267 4506 non
1294 4452 1549 4523 refugerit
1578 4468 1763 4508 eorum
1794 4433 1847 4491 Ῑ)
1875 4447 2012 4499 hanc
2040 4445 2321 4500 historiam
2353 4453 2598 4513 repetere
2631 4460 2727 4499 "05
2760 4447 2915 4514 illbel
2945 4454 2981 4504 Ι-
3013 4467 3028 4505 ἕ
3054 4462 3238 4506 contra
3271 4455 3446 4508 l’ﬂrm.

178 4548 653 4611 communionem,
711 4561 882 4615 neque
932 4546 1149 4599 unitatis
1196 4548 1467 4601 vinculum
1524 4549 1761 4617 ruperit,

181 4655 359 4707 neque
394 4637 620 4706 alicujus
660 4637 962 4691 scbismatis
989 4644 1176 4691 auctor
1203 4638 1379 4694 fuerit.
1414 4640 1554 4711 Ergo
1590 4643 1767 4708 Augu-

178 4733 355 4788 stinus
384 4729 633 4800 Cypriani
663 4730 878 4799 quidem
914 4745 1155 4786 errorem
1180 4734 1247 4787 de
1281 4732 1547 4801 baptismo
1576 4748 1761 4802 reprc-

180 4823 392 4885 heudit,
442 4822 533 4876 sed
587 4822 764 4875 laudat
817 4822 963 4874 illam
997 4823 1215 4877 unitatis
1263 4825 1614 4887 charitateni,
1664 4839 1767 4891 qua

182 4922 462 4985 peccatum
508 4913 772 4981 cooperiri
824 4914 929 4979 ait,
982 4923 1036 4968 et
1083 4913 1479 4982 rebaptizantes
1527 4924 1767 4981 tempore

181 5000 469 5076 Cypriani,
512 5019 608 5058 nec
650 5012 827 5059 tamen
869 5006 936 5061 ab
965 5007 1182 5061 unitatis
1217 5008 1296 5077 (ut
1324 5006 1579 5074 l0quitur)
1612 5020 1764 5059 eom-

180 5094 378 5167 pagine
422 5095 736 5150 recedentes
767 5097 1042 5165 profitetur
1077 5099 1265 5153 eadem
1299 5100 1588 5153 dilectione
1622 5096 1766 5165 pacis

180 5186 250 5242 ad
280 5186 491 5240 veniam
521 5187 787 5256 pertinere
809 5231 823 5253 ,
858 5206 959 5259 qua
1000 5190 1301 5260 Cyprianus
1344 5191 1457 5259 ipse
1501 5190 1765 5243 tolerabat

181 5276 448 5332 admissos
482 5277 535 5331 in
576 5279 868 5333 Ecclesium
901 5281 1017 5335 sine
1060 5282 1165 5334 alio
1194 5296 1349 5349 quam
1382 5279 1761 5331 haereticorum

182 5367 493 5438 baptismo:
527 5378 584 5423 ut
612 5370 1059 5440 quemadmodum
1094 5381 1311 5439 propter
1339 5370 1557 5423 unitatis
1587 5378 1767 5421 custo-

184 5460 328 5515 diam
378 5460 494 5531 (sic
522 5462 663 5515 enim
705 5462 970 5531 loquitur)
1000 5461 1298 5531 Cyprianus
1343 5458 1649 5529 ignoscebat
1677 5457 1765 5521 iis,

185 5568 321 5622 quos
348 5554 543 5622 alioqui
577 5555 626 5606 in
657 5554 924 5620 baptismo
968 5566 1071 5605 non
1106 5552 1350 5606 iterando
1380 5565 1565 5604 errare
1608 5558 1766 5617 puta-

186 5644 324 5701 bat:
367 5648 445 5700 sic
476 5643 745 5715 Cypriane
786 5656 969 5693 revera
1010 5642 1211 5696 erranti
1261 5643 1313 5695 in
1356 5641 1619 5710 baptismo
1667 5642 1762 5694 ite-

628 5738 899 5795 ΡΑτιιοι.
978 5734 1087 5794 XI.

1875 4554 1923 4593 c.
1955 4541 2023 4605 5,
2057 4549 2113 4592 ιιι
2150 4547 2204 4593 et
2244 4537 2485 4605 qtuedam
2530 4537 2581 4590 in
2629 4537 2810 4608 Optati
2857 4542 3010 4597 libris
3056 4544 3455 4613 desiderantur,

1872 4646 1991 4699 quaa
2021 4646 2085 4684 ex
2116 4628 2414 4697 Augustino
2451 4630 2744 4696 repetenda
2776 4643 2917 4686 sunt.

1942 4720 2019 4774 Ac
2050 4718 2263 4790 quidem
2324 4718 2587 4786 imprimis
2632 4721 2894 4785 observo,
2942 4724 3083 4792 quod
3126 4726 3455 4796 Augustinus

1871 4812 2057 4867 scribit
2086 4812 2176 4864 lib.
2205 4825 2273 4862 vn
2302 4808 2369 4863 de
2400 4809 2553 4879 Bapt.
2589 4827 2707 4881 cap.
2732 4814 2785 4877 7,
2820 4823 2939 4882 post
2970 4815 3221 4884 Cypriani
3253 4823 3457 4887 passio—

1873 4918 1995 4958 nem
2027 4902 2180 4955 aunis
2214 4898 2572 4975 quadraginta
2616 4903 2809 4958 factam
2852 4919 2970 4957 esse
3016 4906 3160 4961 illam
3208 4912 3453 4969 codicum

1870 4998 1922 5049 in
1980 4994 2157 5050 Africa
2226 4992 2615 5063 traditionem,
2670 4998 2821 5065 cujus
2888 4998 3113 5066 qumsdo
3172 5002 3459 5061 Donatiani

1868 5084 2174 5141 scbismatis
2200 5085 2370 5153 prima
2397 5088 2562 5142 veluti
2586 5089 2627 5143 si
2650 5103 2756 5141 non
2780 5100 2959 5153 causa,
2987 5098 3041 5143 at
3066 5104 3215 5149 certe
3243 5107 3454 5152 occasio

1869 5180 2033 5234 fuisse
2064 5178 2277 5232 dicitur.
2306 5178 2450 5235 idem
2481 5182 2731 5249 August.,
2760 5179 2853 5232 lib.
2887 5194 2943 5233 ιιι
2976 5192 3161 5237 contra
3193 5188 3452 5242 Crescon.

1868 5287 1982 5339 cap.
2017 5270 2105 5336 9.7,
2142 5270 2343 5325 indicat
2380 5273 2508 5341 imp.
2546 5270 2934 5325 Diocletianum
2964 5288 3055 5327 vnt
3094 5286 3143 5330 et
3175 5278 3468 5331 Maximia~

1870 5380 1995 5419 num
2026 5379 2094 5416 vn
2141 5363 2407 5419 Consules
2438 5366 2626 5426 fuisse,
2651 5377 2769 5416 eum
2790 5363 3094 5433 edixerunt,
3122 5378 3177 5423 ut
3199 5370 3455 5423 ChriStia-

1872 5470 2063 5510 norum
2092 5454 2211 5508 libri
2238 5455 2469 5509 flammis
2493 5454 2861 5507 abolerentnr.
2896 5455 3164 5512 Describit
3194 5458 3456 5514 Eusebius

1871 5548 1965 5601 lib.
1998 5562 2092 5600 vnt
2137 5547 2450 5617 tragmdiam
2502 5554 2787 5613 postremm
2843 5546 2988 5601 illius
3044 5548 3449 5614 persecutionis.

1876 5637 1980 5696 Sed
2009 5636 2076 5692 de
2105 5637 2285 5693 Africa
2316 5646 2519 5691 tantum
2556 5632 2628 5687 ait
2659 5633 3103 5690 innumerabilem
3128 5636 3177 5689 in
3206 5650 3265 5690 ea
3294 5638 3461 5697 fuisse

2904 5726 2981 5787 Mi
