3860 6212
388 255 518 310 HM

1839 242 2198 301 APPENDIX.

3530 242 3671 299 MSS

383 380 677 441 martyrmn
707 367 1119 423 multitudinem.
1146 364 1407 420 Thermas
1424 361 1725 416 Maximiani
1752 360 1803 415 in
1826 360 1960 415 urbe
1986 361 2041 422 Α
2065 374 2186 416 mus
2225 358 2279 414 id
2316 358 2511 414 factum
2556 370 2672 413 esse
2720 363 3007 427 antequam
3056 353 3451 413 Constantinus
3484 372 3664 413 rerum

387 459 797 529 Carthaginensi
839 459 933 514 illo
976 467 1215 527 tempore
1244 464 1545 511 exstructas
1578 452 1741 508 fuisse
1774 451 1884 516 ait,
1916 458 1973 505 ut

391 562 444 604 et
491 552 816 605 Diocletiano
864 551 1048 605 Roma:
1094 546 1217 603 ιιιίτὺ
1268 546 1724 613 exstruebantur,
1778 544 1973 614 quibus

390 642 694 697 attollendis
742 641 1049 697 serviebant
1098 642 1263 694 multa
1308 638 1477 694 millia
1514 636 1969 702 Christianorum,

394 737 555 790 veluti
599 736 662 789 ad
704 734 918 791 metalla
960 734 1360 790 damnatorum.
1394 732 1498 788 Sed
1546 747 1688 786 nunc
1717 730 1975 801 quaeritur

390 827 455 881 de
482 827 799 881 Christianis
844 826 900 880 in
934 826 1113 881 Africa
1167 825 1358 893 lapsis,
1406 832 1461 878 et
1503 822 1746 878 codicum
1795 835 1975 875 sacro-

392 931 698 975 sanctorum
732 919 1038 973 traditionis
1080 918 1186 973 reis
1209 958 1222 980 ,
1256 917 1429 987 deque
1460 916 1720 970 Ecclesia:
1747 912 1975 969 Cartha-

391 1012 626 1082 ginensis
678 1020 815 1065 statu
866 1020 919 1066 et
970 1010 1304 1078 conditione.
1355 1009 1431 1063 Ac
1484 1006 1701 1078 quidem
1751 1006 1975 1075 Optatos

393 1113 575 1158 narrat
621 1102 893 1173 quoddam
953 1111 1079 1157 tunc
1135 1101 1299 1156 fuisse
1351 1099 1638 1156 concilium
1694 1098 1973 1164 Cirtense,

392 1196 534 1265 quod
564 1212 687 1250 reos
723 1197 845 1250 illos
873 1206 1169 1266 utcumque
1193 1195 1444 1263 absolvit,
1474 1210 1594 1249 cum
1624 1195 1784 1249 etiam
1812 1192 1977 1248 iidem

394 1298 575 1342 essent
621 1304 784 1359 pt'Ope
820 1289 1062 1359 judices,
1094 1290 1184 1359 qui
1228 1300 1281 1345 et
1310 1290 1407 1345 rei.
1459 1288 1680 1344 Factum
1710 1288 1766 1345 id
1801 1296 1883 1343 est
1923 1288 1977 1342 in

395 1379 663 1446 Numidia,
693 1382 845 1449 cujus
875 1392 988 1438 erat
1012 1383 1157 1439 Cirta
1187 1383 1314 1437 urbs
1349 1382 1680 1437 nobilissima
1707 1391 1755 1437 et
1788 1390 1977 1453 poten-

396 1474 629 1537 tissima,
662 1474 929 1544 quondam
966 1474 1053 1545 (ut
1092 1476 1164 1528 ait
1194 1473 1359 1543 Mela)
1391 1475 1585 1528 domus
1618 1488 1799 1543 regum
1828 1472 1977 1527 Jubre

392 1577 445 1625 et
476 1566 739 1636 Syphacis
761 1608 775 1631 ,
805 1577 859 1621 et
892 1579 1074 1637 postea
1124 1568 1333 1623 colonia
1377 1567 1742 1620 Romanorum
1768 1606 1782 1633 ,
1816 1578 1975 1635 quam

393 1655 552 1728 35.5
599 1659 799 1713 Plinius
831 1659 906 1712 ait
952 1667 1196 1713 vocatam
1233 1673 1352 1713 esse
1396 1657 1767 1712 Siteranorum
1798 1674 1810 1708 :
1844 1655 1976 1709 olim

2074 452 2334 522 potiretur
2377 451 2565 506 saltem
2620 451 2671 505 itt
2719 449 2870 505 Italia
2921 457 3013 504 aut
3060 449 3263 505 Africa.
3318 449 3453 506 Cum
3486 460 3665 505 autem

2072 542 2230 598 audio
2255 543 2364 613 jam
2413 551 2523 597 tum
2572 542 2843 597 numerari
2887 544 2952 596 ab
3004 541 3313 612 Augustino
3358 542 3668 596 Donatistas

2071 637 2352 707 episcopos
2378 651 2552 693 ccexx
2575 637 2626 690 in
2649 635 2742 691 illo
2760 651 2946 691 eorum
2975 634 3213 691 concilio
3228 634 3661 713 Cartbaginensi,

2073 743 2248 799 neque
2281 728 2451 783 multo
2479 728 2663 798 plures
2703 714 3021 791 convenisse
3067 736 3288 783 centum
3337 736 3460 797 post
3511 726 3665 782 annis

2073 821 2139 875 ad
2187 820 2539 876 Collationcm
2588 828 2778 876 contra
2822 819 3131 875 Catholicos
3180 819 3565 885 meminerim,
3612 828 3669 873 ut

2073 919 2258 982 postea
2290 912 2486 976 diczun,
2514 913 2816 982 suspicatus
2846 912 3265 968 submendosum
3316 926 3439 967 esse
3472 926 3659 965 nume-

2074 1022 2191 1061 rum
2244 1008 2296 1061 itt
2341 1008 2677 1078 Augustino,
2735 1006 3035 1079 praesertim
3090 1022 3212 1063 cum
3264 1007 3354 1061 vix
3408 1004 3668 1060 credibile

2078 1096 2318 1157 videatur
2345 1109 2452 1156 tam
2489 1103 2686 1157 multos
2712 1111 2823 1156 tam
2854 1102 2961 1157 cito
2991 1100 3156 1156 fuisse
3183 1099 3461 1154 antistites
3491 1098 3665 1152 Dona-

2079 1196 2345 1251 tistarum.
2387 1194 2573 1265 Itaque
2601 1194 2914 1266 SUSpicabar
2943 1209 3103 1265 posse
3130 1192 3347 1248 detrahi
3380 1192 3664 1256 ducentos,

2080 1301 2136 1345 ttt
2165 1289 2503 1360 septuaginta
2530 1297 2733 1344 tantum
2762 1289 3152 1359 relinquantur,
3183 1296 3312 1357 quot
3340 1286 3577 1340 diximus
3602 1298 3665 1339 eo

2081 1388 2319 1450 tempore
2350 1380 2670 1436 convenisse
2713 1389 2900 1436 contra
2940 1378 3326 1434 Caecilianum:
3354 1387 3410 1432 ct
3440 1377 3666 1430 fortasse

2079 1474 2373 1530 crediderit
2401 1474 2593 1544 aliquis
2634 1473 2774 1529 idem
2819 1473 2982 1528 fuisse
3029 1470 3346 1528 concilium.
3394 1468 3503 1525 Sed
3534 1467 3664 1522 nihil

2080 1565 2168 1621 hic
2203 1576 2407 1621 temere
2449 1564 2622 1622 audeo
2656 1565 2744 1621 vel
2776 1564 3080 1629 affirmare,
3124 1564 3209 1619 vel
3250 1571 3486 1617 mutare.
3537 1556 3663 1613 lllttd

2081 1656 2236 1713 valde
2267 1656 2623 1713 memorabile
2659 1666 2774 1723 est,
2821 1656 2963 1726 quod
3008 1655 3341 1726 Augustinus
3381 1651 3658 1723 adjicittin
3696 1688 3705 1694 -

396 1750 557 1802 etiam
596 1758 757 1817 caput
798 1750 949 1817 regni
992 1749 1427 1813 Masaesulorum,
1471 1757 1528 1802 ιιι
1566 1738 1752 1801 scribit
1794 1745 1977 1801 Livius
2007 1740 2052 1800 B
2083 1747 2175 1802 illo
2215 1747 2623 1820 Carthagincnsi
2658 1752 2737 1803 tet
2787 1749 3181 1803 Donatistarum
3232 1746 3497 1809 concilio,
3550 1752 3659 1812 post

395 1840 487 1895 lib.
522 1857 657 1895 xxx.
692 1842 863 1895 Porro
910 1840 1054 1895 illius
1095 1841 1161 1897 de
1204 1855 1311 1911 quo
1352 1855 1493 1895 nunc
1530 1840 1721 1911 loquor
1762 1837 1977 1894 concilii

394 1932 658 1987 Cirtensis
687 1948 884 1987 annutn
918 1933 1164 1987 eumdem
1198 1933 1363 1988 fuisse
1392 1933 1593 1988 indicat
1621 1932 1975 2004 Augustinus,

394 2040 512 2080 cum
551 2027 768 2081 eosdem
790 2066 805 2092 ,
836 2042 972 2096 quos
1000 2026 1133 2087 dixi.
1165 2026 1414 2083 consules
1443 2026 1703 2081 nominat.
1740 2018 1977 2081 Praeerat

394 2118 671 2173 Secundus
702 2118 1030 2187 Tigisitanus
1070 2118 1331 2172 Numidia}
1380 2117 1599 2188 primas.
1651 2117 1819 2172 Iidem
1852 2132 1978 2171 vero

398 2210 487 2279 qui
535 2209 696 2262 Cirtae
747 2220 1150 2273 convenerant,
1201 2218 1383 2278 postea
1438 2224 1557 2263 eum
1608 2209 1812 2279 aliquot
1859 2208 1979 2263 aliis

396 2302 637 2371 ejusdem
669 2302 883 2371 generis
910 2302 961 2355 in
995 2302 1126 2356 urbe
1163 2302 1574 2373 Cartltaginensi
1606 2302 1933 2357 conveniunt
1960 2317 1975 2357 :

326 2422 340 2435 -
399 2404 454 2448 et
506 2409 664 2462 quam
718 2394 770 2447 in
812 2392 1045 2448 Cirteusi
1103 2402 1370 2449 conventu
1429 2395 1639 2450 fuerant
1690 2393 1881 2448 molles
1925 2399 1981 2447 et

400 2483 766 2553 indulgentes,
801 2491 909 2538 tam
954 2484 1006 2537 in
1039 2484 1137 2539 hoc
1162 2484 1575 2555 Carthaginensi
1606 2484 1778 2540 severi
1809 2482 1982 2538 videri

399 2576 687 2630 voluerunt
713 2593 726 2629 :
775 2574 1229 2645 Cmciliaxtutnque
1260 2576 1735 2646 Carthaginiensem
1766 2575 1977 2645 episco-

401 2683 563 2736 pum,
595 2682 755 2737 quem
802 2667 887 2721 vel
934 2667 1238 2723 traditionis
1284 2684 1431 2723 reum
1483 2669 1780 2735 faciebant,
1820 2667 1909 2721 vel
1950 2681 1982 2721 a

402 2760 662 2815 traditore
691 2759 997 2815 ordinatum
1028 2775 1149 2815 esse
1193 2760 1571 2824 clamitabant,
1602 2760 1896 2814 inauditum
1930 2766 1985 2813 et

403 2851 679 2905 absentem
711 2850 999 2916 damnant,
1050 2858 1211 2920 atque.
1251 2851 1499 2907 abdicare
1537 2852 1728 2921 jubent
1755 2868 1767 2905 :
1799 2860 1985 2906 creant

410 2953 539 2993 vero
586 2938 870 3008 quemdam
920 2938 1311 3008 Majorinum,
1345 2957 1502 3010 quem
1555 2942 1629 2994 illi
1686 2950 2003 3013 opponant.

406 3029 733 3098 AuguStinns
761 3028 813 3083 in
844 3029 1053 3084 Brevic.
1100 3030 1200 3085 hoc
1228 3032 1512 3099 concilium
1556 3032 1983 3104 Carthaginense

2082 1840 2297 1910 longam
2328 1840 2768 1895 deliberationem
2812 1840 3022 1895 dierum
3049 1838 3117 1893 75
3159 1838 3439 1895 decretum
3485 1836 3659 1901 fuisse,

2079 1941 2139 1987 ut
2173 1932 2526 1988 traditoribus
2566 1932 2726 1987 etiam
2770 1946 2875 1987 non
2921 1930 3271 2001 rebaptizatis
3311 1925 3667 1985 communica-

2082 2034 2248 2081 retur.
2281 2025 2435 2093 Quod
2464 2023 2679 2095 quidcm
2707 2024 2881 2095 magis
2908 2022 3161 2078 convenit
3189 2036 3313 2077 cum
3346 2021 3433 2085 iis,
3464 2032 3580 2089 qua?
3612 2016 3663 2069 in

2080 2100 2321 2173 Cirtensi
2346 2132 2437 2171 sua
2468 2114 2674 2186 synodo
2701 2115 3077 2176 decreverant,
3106 2128 3264 2181 quam
3292 2126 3416 2166 cum
3444 2110 3509 2164 iis
3554 2120 3662 2177 qua:

2081 2209 2137 2265 in
2182 2205 2598 2277 Carthaginensi
2650 2216 2839 2261 contra
2886 2204 3257 2259 Caecilianum.
3315 2202 3488 2256 Porro
3541 2196 3658 2269 quid

2084 2307 2429 2356 consecutum
2460 2297 2559 2361 sit,
2593 2312 2714 2351 cum
2746 2294 3017 2351 Caeciliani
3050 2310 3265 2349 causam
3311 2293 3377 2348 ad
3405 2292 3661 2346 Constan-

2086 2393 2255 2446 tinum
2285 2391 2532 2461 imperat.
2573 2397 2781 2459 septem
2830 2396 2949 2456 post
2993 2386 3152 2440 annis
3184 2386 3485 2440 Donatista
3528 2391 3662 2438 retu-

2084 2483 2310 2549 lissent,
2364 2488 2414 2535 et
2464 2479 2849 2536 Constantinus
2908 2476 3067 2531 modo
3116 2475 3331 2546 judices
3385 2474 3661 2543 episcopos

2085 2575 2269 2629 Roma:
2299 2572 2558 2639 dedisset,
2592 2571 2752 2631 modo
2778 2568 2971 2625 deinde
3001 2568 3135 2622 alios
3171 2567 3375 2622 Arelati
3398 2608 3413 2632 ,
3446 2574 3499 2619 et
3527 2562 3665 2649 deni-

2085 2684 2194 2739 que
2237 2669 2383 2737 ipse,
2433 2680 2554 2720 cum
2597 2671 2740 2718 esset
2786 2660 3107 2736 Mediolani,
3137 2657 3203 2713 de
3252 2673 3316 2713 ea
3363 2646 3662 2727 judicassct,

2086 2769 2331 2831 repetere
2362 2740 2579 2830 oportet
2605 2756 2798 2826 partim
2828 2745 2893 2810 ex
2940 2753 3146 2823 0ptat.,
3183 2751 3380 2821 partim
3429 2766 3492 2805 ex
3536 2751 3659 2820 Aug.

2084 2851 2219 2907 Nam
2248 2852 2298 2903 in
2330 2850 2527 2917 Optato
2557 2847 2961 2911 desiderantur,
2986 2830 3121 2915 qua:
3146 2843 3213 2899 de
3240 2842 3447 2914 judicio
3474 2841 3661 2897 Arelat.

2089 2953 2141 2998 et
2179 2942 2457 2997 Constant.
2485 2939 2751 2995 sententia
2789 2936 3197 3002 Mediolanensi,
3228 2951 3330 3006 qua
3359 2935 3664 2991 Carcilianus

2089 3044 2367 3106 postremo
2391 3033 2668 3087 absolutus
2692 3040 2793 3097 est,
2820 3030 3055 3102 suggerit
3076 3027 3412 3099 Augustinus
3439 3027 3489 3080 in
3513 3027 3657 3096 epist.

408 3127 595 3173 contra
637 3119 978 3197 Cascilianum
1030 3119 1197 3177 fuisse
1228 3124 1602 3195 episcoporum
1649 3128 1983 3199 septuaginta
2011 3123 2056 3187 C
2094 3128 2198 3183 162
2224 3137 2276 3182 et
2304 3126 2395 3181 lib.
2424 3143 2483 3180 ιιι
2512 3136 2699 3181 contra
2731 3122 2987 3180 Crescon.
3024 3136 3142 3191 cap.
3175 3122 3264 3187 7f,
3298 3136 3371 3175 ne
3396 3121 3517 3189 quis
3544 3116 3664 3170 alio.

413 3220 624 3275 narrat;
658 3212 751 3265 sed
773 3212 1029 3281 injustam
1053 3224 1105 3268 et
1128 3214 1368 3283 iniquum
1396 3233 1409 3268 :
1439 3216 1591 3285 cujus
1612 3218 1774 3272 etiam
1797 3228 1983 3273 contra

408 3303 752 3359 Cmcilianum
801 3308 1067 3358 sententia
1118 3316 1303 3373 postea
1349 3310 1577 3363 rescissa
1632 3309 1752 3364 fuit.
1803 3311 1986 3380 Itaque

408 3393 520 3448 dixi
546 3393 820 3463 indignum
850 3395 1041 3460 fuisse,
1073 3397 1213 3465 quod
1257 3398 1744 3469 Magdcburgenses
1774 3403 1827 3455 in
1873 3402 1986 3457 suis

409 3486 677 3542 Centuriis
721 3487 986 3543 referrent
1036 3490 1176 3543 inter
1214 3491 1440 3544 concilia
1487 3490 1902 3561 Ecclesiastica,
1934 3503 1991 3549 et

411 3578 672 3648 fingerent
706 3580 937 3649 primum
979 3578 1145 3635 fuisse
1176 3580 1618 3652 Carthaginense.
1661 3584 1772 3639 Hoc
1802 3594 1989 3641 autem

408 3670 538 3725 illud
570 3672 695 3736 fuit,
741 3671 883 3742 quod
927 3671 1021 3743 (ut
1062 3683 1244 3727 narrat
1287 3674 1617 3745 Augustinus
1659 3677 1713 3732 in
1754 3678 1987 3750 Brevic.)

415 3770 595 3828 postea
648 3762 937 3817 Donatistae
986 3765 1037 3817 in
1088 3764 1387 3821 Collatione
1433 3767 1873 3839 Carthaginensi,
1922 3770 1991 3825 de

413 3868 515 3922 qua
545 3852 736 3909 dicturi
769 3871 985 3920 sumus,
1018 3850 1356 3926 potissimum
1401 3858 1720 3930 laudabant,
1754 3862 1847 3918 sed
1871 3863 1991 3919 sine

414 3945 500 4000 die
529 3954 584 4001 et
603 3947 844 4013 consule,
874 3957 929 4001 ut
960 3949 1185 4016 primum
1219 3965 1339 4005 esse
1368 3951 1676 4021 videretur,
1705 3954 1758 4007 in
1790 3969 1895 4024 quo
1921 3955 1991 4009 de

415 4039 704 4094 traditione
753 4040 1087 4108 iudicassent
1117 4059 1130 4093 :
1161 4043 1284 4112 quia
1329 4045 1696 4114 opponebatur
1724 4044 1992 4112 Cirtense,

419 4130 473 4182 in
504 4144 608 4198 quo
645 4129 854 4183 fuerant
882 4131 1325 4201 indulgentiores.
1378 4135 1652 4206 Sedquod
1690 4139 1802 4193 sive
1844 4138 1994 4208 prius

415 4220 528 4273 sive
554 4222 822 4289 posterius
865 4223 965 4277 sibi
991 4224 1080 4292 jus
1118 4224 1393 4291 dixerant,
1445 4228 1584 4282 idem
1622 4230 1864 4299 profecto
1902 4232 1997 4299 jus

420 4310 541 4365 aliis
571 4312 624 4365 in
656 4312 841 4365 eadem
874 4327 1031 4367 causa
1064 4314 1245 4370 dicere
1286 4317 1553 4373 debebant
1582 4338 1593 4371 :
1629 4336 1801 4391 neque
1840 4330 1997 4377 erant

422 4400 628 4455 ferendi
656 4418 668 4453 ε
702 4402 789 4470 qui
818 4402 957 4470 quod
987 4404 1035 4455 in
1069 4404 1187 4457 aliis
1215 4406 1417 4461 crimen
1451 4424 1519 4463 ne
1547 4412 1849 4465 convictum
1877 4412 1999 4483 quiq

2095 3219 2184 3287 qui
2232 3234 2295 3272 ex
2345 3218 2542 3287 Optato
2592 3226 2797 3271 temere
2845 3214 3097 3284 colligat,
3148 3211 3229 3267 sic
3272 3208 3666 3267 ConStantinutn

2092 3309 2347 3379 rejecisse
2377 3308 2789 3377 appellationem
2819 3307 3220 3361 Donatistarum
3261 3303 3331 3359 de
3372 3297 3666 3357 Melchiadis

2096 3401 2363 3456 sententia
2408 3394 2889 3471 conquerendum,
2938 3408 2997 3455 ut
3040 3399 3218 3454 nullos
3258 3404 3524 3468 prmterea
3554 3392 3665 3446 dare

2094 3492 2305 3562 jodiccs
2337 3493 2565 3547 voluerit
2591 3511 2603 3546 :
2636 3501 2730 3547 aut
2759 3492 3073 3561 simpliciter
3101 3501 3227 3545 tunc
3259 3483 3609 3560 pronuntiarit
3633 3495 3659 3535 ιι

2099 3599 2158 3639 re
2203 3584 2337 3639 bene
2375 3583 2611 3653 judicata
2661 3592 2864 3640 temere
2912 3583 3203 3654 appellari,
3254 3572 3664 3644 sicuti'quidam

2101 3676 2340 3732 tradidit.
2394 3676 2507 3732 Imo
2552 3692 2683 3733 vero
2732 3678 2965 3733 sciamus
3013 3672 3432 3731 Constantinum
3472 3664 3664 3721 dedisse

2095 3771 2306 3843 Ῑιιάῖοεδ
2338 3771 2498 3841 hujus
2529 3764 2928 3842 appellationis,
2958 3786 3066 3826 non
3097 3768 3319 3841 quidem
3352 3767 3526 3836 ipsum
3553 3760 3663 3813 Are-

2101 3861 2364 3917 latensem
2390 3860 2700 3930 episcopum
2741 3861 2917 3933 (quod
2949 3872 3151 3916 temere
3184 3856 3389 3928 putavit
3416 3850 3661 3912 Calvinus,

2102 3955 2223 4007 cum
2249 3969 2352 4007 non
2380 3953 2720 4008 observasset
2737 3968 2858 4008 eum
2884 3952 2993 4022 jam
3030 3951 3214 4009 Romae
3241 3962 3365 4003 cum
3392 3936 3671 4000 Melcbiade

2098 4047 2337 4116 judicem
2368 4047 2689 4117 fuisse),scd
2720 4048 2854 4101 alios
2882 4047 3168 4117 episcOpos
3194 4043 3287 4113 qui
3318 4035 3521 4094 Arelati
3553 4047 3660 4089 conc

2107 4146 2384 4193 venerant.
2437 4138 2605 4193 Porro
2655 4140 2699 4193 si
2749 4138 2867 4208 quis
2920 4147 3072 4208 roget
3126 4134 3195 4191 de
3248 4140 3525 4201 tempore,
3573 4137 3660 4194 quo

2108 4225 2403 4281 Donatistae
2447 4242 2549 4281 non
2583 4228 2819 4283 contenti
2868 4243 2965 4282 suo
3006 4220 3419 4295 Carthaginiensi
3460 4213 3661 4273 concilio

2107 4318 2451 4393 appellarunt
2494 4319 2948 4374 Constantinum:
2995 4319 3046 4373 in
3095 4316 3276 4387 Optati
3326 4313 3463 4368 libro
3513 4308 3659 4389 primo

2107 4410 2368 4478 δθνίρίηιι)
2417 4420 2529 4476 εει,
2584 4410 2939 4472 Constantino
2976 4428 3057 4467 ιιιι
3105 4421 3161 4467 et
3208 4406 3419 4464 Licinio
3448 4419 3505 4458 ιιι
3542 4412 3657 4456 coss.

423 4491 565 4556 dem,
598 4502 701 4545 tam
745 4492 936 4547 acerbe
974 4493 1346 4563 vindicabant,
1378 4498 1429 4551 in
1459 4499 1651 4569 seipsis
1679 4503 1836 4555 etiam
1869 4519 2001 4557 con-
2024 4504 2080 4567 D
2107 4497 2301 4557 Romae
2349 4502 2416 4556 de
2462 4502 2565 4558 hac
2600 4505 2755 4558 causa
2802 4487 3109 4575 judicatum'
3145 4516 3269 4560 esse
3312 4500 3383 4554 ab
3430 4495 3526 4558 iis,
3553 4502 3660 4561 quos

421 4580 580 4635 fessis
602 4580 814 4647 impune
842 4596 961 4635 esse
986 4582 1260 4636 volebant.
1289 4584 1554 4641 Craterum
1578 4586 2001 4661 Carthaginense

420 4671 549 4726 illttd
582 4671 742 4725 fuisse
768 4669 997 4724 Cirtensi
1043 4675 1313 4742 posterius
1354 4676 1798 4749 indicatOptatus
1837 4684 1928 4736 lib.
1959 4701 1997 4749 ι,

422 4778 540 4817 cum
573 4763 667 4827 ait,
708 4760 824 4815 Non
858 4772 975 4830 post
1008 4763 1221 4832 longum
1266 4775 1473 4835 tempus
1499 4768 1877 4839 Carthaginem
1908 4790 2001 4830 ve-
2034 4780 2037 4783 ’

419 4855 587 4919 uisse,
617 4853 708 4921 qui
743 4850 903 4906 Cirta:
930 4862 1088 4907 antea
1118 4866 1506 4924 convenerant,
1539 4867 1593 4912 et
1622 4862 1784 4915 simili
1816 4864 1997 4932 pbrasi

421 4946 583 4998 utitur
608 4945 935 5014 Augustinus
958 4955 1142 5001 contra
1170 4947 1362 5001 Donat.
1394 4960 1512 5016 post
1540 4949 1733 5008 Collat.
1758 4969 1876 5024 cap.
1901 4958 1990 5012 55.

420 5039 683 5092 (Steterunt
713 5039 901 5094 eodem
941 5048 1181 5109 tempore
1210 5049 1424 5110 oportet
1449 5043 1591 5099 aliud
1622 5044 1784 5103 fuisse
1824 5051 1998 5107 multo

420 5130 589 5198 majus
608 5129 1027 5198 Carthagittenrc
1054 5132 1339 5195 Concilium
1363 5132 1755 5193 Donatistarum
1783 5142 1996 5211 episco-

415 5235 626 5289 porum,
657 5237 775 5275 cum
806 5223 1154 5291 Augustinus,
1186 5225 1345 5292 epist.
1372 5225 1459 5291 48,
1482 5236 1705 5285 testetur
1726 5233 1984 5291 ducentos

412 5321 463 5364 et
508 5312 839 5381 septuaginta
882 5312 1057 5384 (adeo
1107 5316 1285 5369 statim
1334 5318 1499 5371 crevit
1544 5320 1734 5377 Donati
1784 5324 1990 5398 factio)

414 5400 789 5472 Carthaginem
818 5406 1136 5460 convenisse
1164 5409 1316 5462 annis
1346 5408 1691 5481 quadraginta
1720 5426 1843 5473 ante
1876 5417 1987 5473 Ma-

413 5494 625 5547 cariana
656 5504 914 5565 tempora.
948 5496 1073 5552 ﬂmc
1095 5508 1531 5571 :tutemptempora
1555 5502 1720 5561 fuisse
1742 5516 1987 5580 tempora

413 5580 716 5641 Constantis
745 5588 991 5657 imperat.
1025 5590 1218 5661 colligo
1248 5606 1316 5647 ex
1351 5592 1487 5649 libro
1520 5598 1675 5653 tertio
1701 5598 1897 5670 Optati.
1927 5602 1983 5659 Si

415 5683 540 5740 ergo
566 5687 708 5733 retro
739 5694 1083 5741 numeremus
1112 5700 1279 5741 annos
1319 5688 1697 5762 quadraginta,
1732 5694 1983 5767 intelligi-

2106 4595 2497 4653 Constantinus
2520 4597 2749 4665 primum
2770 4597 2979 4666 judices
3007 4596 3173 4652 dedit.
3201 4590 3530 4664 AnguStinus
3554 4596 3659 4639 vero

2113 4690 2310 4754 habet,
2368 4686 2564 4741 factum
2611 4687 2662 4741 id
2694 4689 3210 4743 esseConstantino
3238 4685 3460 4741 tertium
3499 4689 3549 4734 et
3576 4676 3659 4730 Lu-

2106 4783 2270 4839 ciano
2304 4780 2493 4833 iterum
2521 4778 2849 4832 consulibus.
2900 4778 3014 4833 Non
3046 4779 3272 4833 dubium
3298 4785 3419 4840 est,
3462 4769 3660 4826 Lucumo

2116 4871 2372 4927 mendose
2402 4868 2657 4936 scriptum
2693 4882 2826 4927 esse
2866 4884 2961 4938 pro
2999 4868 3178 4923 Licino
3212 4885 3231 4923 :
3274 4868 3369 4923 sed
3403 4867 3459 4921 in
3499 4863 3658 4930 Optato

2116 4975 2301 5016 rursus
2346 4957 2603 5012 mendose
2649 4960 2903 5029 scriptum
2946 4975 3064 5015 esse
3104 4962 3360 5016 existimo
3387 4972 3466 5013 ιιιι
3494 4962 3654 5026 proun

2104 5064 2170 5108 et
2194 5070 2248 5108 ιιι
2280 5067 2378 5121 pro
2400 5068 2455 5117 ιι,
2489 5051 2642 5106 sicuti
2669 5052 2720 5105 in
2746 5054 2983 5107 numeris
3010 5053 3181 5108 facilis
3210 5063 3295 5108 est
3321 5053 3502 5123 lapsus
3521 5046 3657 5103 libra-

2116 5145 2338 5199 riorum.
2387 5142 2453 5199 Ut
2499 5150 2677 5196 autem
2709 5144 2873 5211 magis
2916 5143 3135 5211 probem
3157 5185 3173 5212 ,
3205 5144 3349 5214 quod
3384 5141 3522 5204 dixi,
3561 5132 3658 5192 facit

2103 5236 2257 5308 quod
2286 5236 2512 5306 August.
2548 5220 2720 5288 in‘lib.
2759 5244 2949 5289 contra
2981 5234 3288 5291 Donatistas
3331 5244 3455 5306 post
3496 5230 3654 5289 Collat.

2102 5344 2235 5399 cap.
2263 5330 2331 5385 55
2352 5329 2381 5395 ,’
2406 5329 2479 5381 ait
2509 5326 2749 5396 sequenti
2794 5339 2934 5378 anno
2963 5325 3214 5380 consules
3256 5325 3422 5381 fuisse
3448 5320 3655 5379 Volusia-

2118 5439 2242 5478 nttm
2285 5431 2338 5477 et
2382 5418 2667 5477 Anianum.
2704 5416 2927 5472 Vivebat
2970 5429 3099 5483 ergo
3145 5415 3439 5470 etiamnum
3482 5411 3653 5470 Diocle-

2115 5514 2321 5579 tianus,
2374 5511 2465 5567 sed
2490 5508 2815 5581 jampridem
2843 5505 3155 5568 abdicatus,
3193 5517 3315 5557 cum
3356 5505 3573 5572 primum
3602 5500 3652 5556 ab

2116 5604 2406 5660 Donatistis
2433 5602 2731 5673 appellatus
2756 5609 2839 5656 est
2875 5593 3284 5654 Constantinus.
3314 5592 3448 5648 Nam
3480 5592 3649 5649 Diocle-

2116 5696 2557 5755 tianustnortuus
2574 5701 2658 5753 est
2682 5691 2978 5750 Volusiano
3001 5700 3053 5749 ct
3078 5685 3292 5747 Aniano
3314 5697 3458 5744 coss.
3478 5682 3649 5742 deciate
