3860 6212
454 260 592 316 1455

1933 254 2301 317 APPENDIX.

3573 257 3695 316 1456

448 385 575 442 pars
598 370 821 425 alteram
843 368 1004 424 veluti
1030 368 1357 440 discerperet
1380 385 1392 424 :
1415 377 1547 427 utet
1567 368 1794 425 Arianos
1820 372 1872 426 in
1904 371 2023 442 plu-
2048 376 2096 435 Α
2125 374 2191 430 de
2219 373 2383 429 multa
2409 372 2594 430 decem
2618 372 2873 429 librarum
2895 373 3047 440 auri,
3087 383 3265 430 exstat
3288 372 3345 429 in
3372 372 3497 429 cod.
3528 372 3688 430 Theo-

444 478 535 518 res
586 472 758 518 sectas
787 462 996 517 tandem
1027 461 1288 517 dissectos
1336 461 1502 518 fuisse
1540 458 1863 533 accepimus.
1923 464 2018 519 Er-

443 567 513 624 go
536 548 789 608 adversus
834 552 1159 607 Primianum
1191 556 1243 607 in
1290 553 1418 609 urbe
1453 554 1860 624 Carthaginiensi
1890 569 2013 624 qua-

441 643 685 714 draginta
717 654 824 699 tres
867 644 1155 699 Donatista:
1185 646 1451 701 antistites
1493 654 1893 712 convenerunt,
1928 647 2018 716 qui

440 747 541 790 suo
568 751 688 790 eum
720 736 1064 805 praeiudicio,
1090 747 1145 790 ut
1172 738 1247 791 ait
1284 738 1640 815 Augustinus,
1682 738 2017 808 prredamna-

438 838 583 885 runt.
637 831 837 886 Deinde
886 830 1114 887 alterum
1182 831 1281 886 fuit
1324 830 1838 887 Cubnrsussitanum
1902 830 2017 899 plus

437 936 597 992 quam
625 933 839 978 centum
866 923 983 994 ejus
1007 924 1220 995 generis
1259 924 1635 995 episcoporum
1692 923 1978 979 concilium
1998 964 2014 989 ,

437 1014 525 1083 qui
556 1014 880 1069 l’riminnttm
932 1016 1099 1086 magis
1146 1014 1490 1070 damnarunt.
1518 1015 1697 1075 Testis
1725 1024 1805 1069 est
1831 1016 2013 1084 Augu-

434 1105 605 1159 stinus
629 1105 721 1161 lib.
756 1120 791 1159 v
819 1115 1003 1162 contra
1039 1106 1295 1162 Crescon.
1342 1121 1461 1177 cap.
1498 1107 1553 1161 6.
1602 1107 1869 1176 lntegram
1920 1121 2015 1160 au-

434 1204 542 1252 tem
586 1206 639 1251 et
667 1196 960 1252 solemnem
994 1180 1112 1265 ejus
1142 1196 1366 1252 Concilii
1390 1197 1710 1252 sententiam
1743 1197 1930 1253 recitat
1959 1199 2010 1252 in

434 1290 631 1345 Psalm.
659 1307 840 1345 xxxvi.
870 1292 932 1345 Et
959 1291 1172 1359 quidem
1195 1293 1366 1360 ipsum
1392 1290 1773 1345 Maximianum
1799 1291 1851 1346 in
1880 1291 2011 1347 urbe

431 1380 838 1452 Carthaginiensi
866 1392 1053 1436 contra
1083 1381 1411 1435 Primianum
1439 1381 1506 1436 ab
1536 1381 1775 1449 eiusdem
1806 1382 2009 1436 erroris

432 1484 645 1530 centum
676 1473 942 1544 episcopis
972 1472 1275 1527 ordinatum
1306 1488 1423 1529 esse
1452 1476 1676 1544 August.
1706 1474 1779 1528 ait
1807 1474 1858 1528 iu
1911 1473 2004 1529 lib.

432 1565 499 1621 de
523 1566 725 1621 Hzeres.
755 1568 873 1633 Quo
898 1579 1038 1618 anno
1075 1572 1128 1618 et
1156 1565 1373 1619 consule
1423 1564 1618 1620 factum
1670 1565 1719 1619 id
1751 1567 1853 1629 sit,
1910 1566 2008 1620 mi-

432 1673 533 1713 nus
583 1659 768 1727 liquet.
810 1657 914 1713 Sed
958 1668 1242 1728 utcumque
1292 1666 1467 1712 tamen
1518 1658 1786 1726 conjicere
1838 1658 2005 1722 licet,

2120 466 2238 521 dos.
2262 465 2525 521 Caeterum
2551 467 2647 521 etsi
2668 469 2751 521 vix
2778 468 2886 523 ulla
2905 466 3093 522 harum
3117 469 3289 539 legum
3315 467 3596 523 exsecutio
3614 483 3687 522 es-

2120 567 2223 625 set,
2247 557 2539 613 Donatista:
2569 566 2745 615 tamen
2771 558 3032 615 invidiose
3057 559 3353 629 odioseque
3380 559 3685 625 clamabant,

2118 665 2238 705 sese
2266 651 2460 721 injuste
2486 652 2703 717 vexari,
2736 662 2789 707 et
2836 635 2985 708 suam
3016 667 3234 707 causam
3283 668 3392 706 non
3432 653 3557 721 jure
3578 652 3684 721 agi,

2118 740 2211 794 sed
2242 741 2563 811 viopprimi.
2596 741 2674 796 Ac
2706 742 2921 813 quidem
2959 758 3078 798 cum
3130 742 3290 812 paulo
3312 752 3437 811 post
3479 749 3683 796 mortem

2118 829 2405 887 Theodosii
2450 831 2609 888 Gildo
2661 848 2842 889 comes
2891 834 3120 901 Africae,
3178 833 3287 889 dux
3342 831 3681 903 perduellium

2117 922 2295 977 omnia
2321 923 2571 979 misceret
2591 925 2643 979 in
2670 924 2845 981 Africa
2865 968 2879 991 ,
2900 934 2958 979 ut
2979 941 3129 981 suam
3160 924 3504 997 tyrannidem
3528 923 3681 978 stabi-

2116 1013 2267 1081 liret,
2298 1017 2597 1085 prmcipuus
2625 1016 2741 1086 ejus
2768 1018 2982 1094 satelles
3027 1016 3257 1087 Optatus
3285 1016 3507 1088 quidam
3544 1015 3686 1071 latro-

2114 1106 2270 1163 ciniis
2298 1107 2541 1177 infamis,
2569 1109 2651 1165 sic
2676 1125 2799 1167 sese
2826 1111 2974 1166 dedit
3004 1110 3246 1180 partibus
3270 1110 3683 1175 Donatistarum,

2117 1208 2176 1254 ut
2220 1198 2721 1258 Circumcellionum
2748 1204 2910 1260 etiam
2943 1203 3179 1259 furorem
3206 1216 3472 1272 superare
3498 1201 3685 1256 videre-

2116 1298 2231 1356 tur,
2281 1291 2435 1347 sicuti
2469 1294 2802 1365 Augustinus
2821 1293 2979 1364 hujus
2997 1292 3176 1363 Optati
3201 1291 3513 1349 Gildoniaui
3557 1308 3682 1363 saepe

2114 1381 2375 1437 meminit.
2431 1381 2537 1437 Sed
2566 1384 2639 1437 ita
2676 1384 2885 1454 agendo
2914 1397 3063 1439 suam
3085 1392 3289 1439 sectam
3344 1381 3516 1454 magis
3543 1393 3680 1452 atque

2111 1477 2277 1545 magis
2323 1475 2646 1542 infamabat,
2697 1475 2866 1547 et’(ut
2890 1475 3056 1532 verbo
3094 1474 3382 1547 Augustini
3412 1472 3554 1544 utar)
3579 1489 3677 1527 ma-

2109 1567 2341 1623 culabat.
2372 1567 2512 1637 Ergo
2543 1567 2833 1623 Donatista:
2858 1583 2924 1622 eo
2952 1578 3195 1637 tempore
3244 1566 3425 1637 potius
3460 1566 3539 1619 usi
3572 1574 3680 1619 sunt

2110 1659 2409 1727 Petiliano,
2449 1661 2539 1729 qui
2593 1675 2658 1714 ex
2715 1660 2989 1715 causidico
3016 1659 3189 1713 factus
3228 1674 3422 1714 eorum
3477 1659 3679 1714 antistes

428 1764 550 1806 cum
592 1750 804 1820 quidem
835 1749 992 1817 paulo
1020 1758 1138 1819 post
1166 1759 1404 1804 secutum
1428 1750 1501 1804 sit
1518 1749 1848 1804 contrarium
1872 1763 2005 1803 con-
2035 1752 2082 1810 Β
2108 1750 2369 1805 Cirtensis
2393 1791 2409 1817 ,
2439 1758 2495 1805 et
2516 1749 2711 1805 deinde
2729 1749 3105 1814 Czcsariensis,
3137 1747 3440 1803 acerrimus
3466 1747 3562 1802 fuit
3584 1763 3677 1803 su

425 1843 607 1898 cilium
636 1841 977 1912 Bagaitanum
1004 1883 1017 1904 ,
1050 1842 1214 1912 idque
1238 1842 1555 1897 convenisse
1578 1856 1685 1896 uno
1714 1857 1856 1895 anno
1909 1857 2003 1894 an-

427 1942 483 1989 te
513 1942 734 1988 mortem
760 1932 1042 1987 Theodosii
1062 1974 1075 1998 ,
1104 1938 1239 2003 Aug.
1270 1933 1533 2003 significet
1560 1934 1651 1987 lib.
1708 1948 1764 1987 ιιι
1818 1942 2004 1987 contra

427 2024 681 2081 Crescon.
713 2040 761 2079 c.
795 2023 883 2079 56.
916 2023 1035 2078 Fuit
1061 2033 1236 2078 autem
1271 2024 1371 2079 hoc
1399 2024 1745 2094 Bagaitantnn
1797 2023 1848 2076 in
1899 2021 2005 2077 Nu-

425 2118 588 2172 midia
633 2117 917 2172 concilium
952 2125 1314 2170 trecentorum
1362 2124 1416 2170 et
1464 2115 1652 2169 decem
1706 2114 2006 2169 antistitum

428 2211 858 2274 Donatistarum,
915 2210 1002 2279 qui
1054 2207 1395 2263 resciderunt
1442 2208 1761 2263 sententiam
1819 2215 2009 2260 contra

426 2302 754 2359 Primianum
787 2316 882 2370 pro
932 2299 1265 2355 Maximiano.
1310 2299 1505 2362 latam,
1540 2305 1596 2352 et
1622 2298 1742 2351 illos
1792 2306 2007 2351 centum

424 2394 515 2465 qui
542 2408 646 2449 non
674 2395 962 2449 Donatistm
987 2434 1003 2457 ,
1036 2393 1127 2447 sed
1156 2392 1265 2463 jam
1294 2390 1702 2447 Maximianista:
1746 2389 2010 2444 vocaban-

422 2470 709 2549 tur,male
744 2484 1015 2554 judicasse
1062 2468 1522 2553 pron'unciarunt,
1578 2492 1631 2536 et
1678 2481 2007 2535 Pritniannm

422 2576 481 2633 in
507 2578 768 2646 integrum
815 2577 1184 2631 restituerunt.
1231 2576 1538 2630 Formulam
1591 2574 1871 2629 sententia:
1910 2572 2011 2627 Ba-

425 2668 657 2738 gaiensis
702 2668 894 2722 recitat
942 2667 1268 2737 Augustinus
1312 2666 1406 2719 lib.
1451 2681 1507 2720 ιιι
1534 2675 1718 2720 contra
1750 2662 2007 2719 Crescon.

426 2772 547 2829 cap.
579 2760 667 2814 55.
705 2760 797 2812 Est
824 2770 1002 2812 autem
1036 2758 1189 2813 valde
1236 2773 1453 2813 necesse
1474 2801 1488 2825 ,
1522 2774 1636 2814 rem
1664 2758 1811 2812 illam
1845 2767 2007 2812 totam

429 2851 711 2921 diligenter
738 2865 1087 2921 cognoscere.
1123 2850 1251 2904 Nam
1276 2859 1330 2904 et
1358 2850 1488 2904 illud
1514 2848 1727 2905 demum
1752 2857 1831 2903 est
1856 2889 1872 2915 ,
1906 2862 2011 2917 quo

340 3012 341 3015 η
428 2943 620 3013 probat
652 2944 981 3011 Augustinus
1032 2943 1337 2997 Douatistas
1365 2957 1463 2996 suo
1506 2941 1675 2996 veluti
1719 2930 1898 3010 gladio
1924 2940 2008 3007 ju-

428 3034 642 3104 gulatos
690 3048 809 3087 esse
848 3052 860 3086 :
894 3042 949 3087 et
1004 3034 1057 3087 iu
1110 3032 1410 3087 Collatimie
1449 3030 1855 3101 Cartliaginensi
1892 3044 2013 3099 pro-

2112 1842 2360 1898 factionis
2383 1849 2658 1912 patronus.
2685 1840 2791 1897 Sed
2821 1841 2959 1896 bene
2983 1840 3144 1895 habet
3177 1857 3189 1892 :
3226 1839 3416 1894 incidit
3444 1839 3495 1893 in
3524 1837 3679 1909 Augu-

2111 1934 2309 1988 stinum
2336 1973 2351 1997 ,
2375 1933 2463 2003 qui
2490 1977 2505 2003 ,
2533 1946 2638 2001 quo
2668 1946 2810 1987 anno
2836 1942 3077 1986 mortuus
3108 1940 3191 1985 est
3219 1929 3556 1986 Theodosius
3576 1973 3590 1998 ,
3616 1929 3680 1984 fa-

2111 2034 2228 2081 ctus
2248 2024 2545 2095 episcopus
2567 2025 2947 2095 Hipponensis,
2972 2023 3124 2079 fortis
3151 2032 3207 2078 ct
3231 2022 3488 2079 assiduus
3519 2023 3693 2077 Eccle.

2110 2119 2207 2173 sia:
2230 2118 2507 2174 catholica:
2528 2117 2722 2173 vindex
2749 2116 2883 2184 fuit,
2915 2125 2969 2172 et
3008 2118 3317 2172 restitantes
3360 2114 3681 2170 adversarios

2116 2208 2330 2264 tandem
2375 2208 2638 2278 pertraxit
2664 2207 2730 2262 ad
2784 2206 3171 2263 Collationem:
3201 2221 3325 2276 qua:
3354 2206 3557 2277 Optima
3581 2220 3682 2262 esse

2112 2301 2234 2355 visa
2266 2309 2349 2355 est
2375 2315 2561 2355 eorum
2592 2300 3078 2356 convincendorum
3108 2305 3267 2354 ratio.

2186 2390 2313 2462 [Sed
2347 2391 2656 2461 priusquam
2690 2392 2756 2446 de
2783 2406 2845 2445 ea
2874 2390 3138 2458 dicamus,
3170 2390 3373 2462 aliquid
3397 2405 3585 2446 rursus
3611 2406 3682 2446 re-

2114 2482 2405 2550 petendum
2452 2492 2535 2536 est
2580 2482 2647 2538 de
2672 2482 2793 2537 aliis
2835 2480 3374 2552 Carthaginiensibus
3422 2482 3673 2537 conciliis.

2114 2572 2245 2628 Nam
2271 2582 2325 2629 et
2348 2574 2501 2629 video
2524 2574 2685 2628 multa
2712 2574 2779 2629 de
2806 2574 2871 2629 iis
2901 2573 3036 2629 tradi
3058 2583 3112 2629 et
3140 2573 3276 2628 falso
3297 2583 3354 2628 et
3370 2583 3684 2645 praepostere

2117 2679 2172 2724 et
2200 2667 2443 2723 confuse.
2494 2667 2574 2723 Ac
2603 2668 2866 2738 imprimis
2908 2669 3122 2739 quidem
3163 2668 3361 2724 falsum
3420 2678 3477 2725 et
3522 2670 3682 2723 fictum

2118 2761 2280 2830 plane
2325 2776 2446 2817 esse
2497 2761 2743 2829 videtur,
2788 2762 2929 2831 quod
2982 2762 3276 2831 scriptorcs
3325 2762 3682 2818 Centuriamm

2120 2851 2358 2905 historia:
2406 2852 2798 2906 Ecclesiasticae
2852 2862 3069 2906 narrant
3098 2853 3389 2908 concilium
3432 2853 3723 2925 quoddam'

2117 2940 2569 3012 Carthaginense,
2613 2943 2756 3011 quod
2786 2952 2980 2999 vocant
3003 2944 3298 3001 secundum
3324 2987 3339 3012 ,
3384 2947 3683 3002 convenisse

2118 3033 2496 3089 Valentiniano
2521 3044 2575 3089 et
2601 3034 2904 3091 Theodosio
2930 3051 3072 3092 coss.
3103 3036 3238 3093 Nam
3277 3054 3459 3109 neque
3493 3037 3546 3093 hi
3569 3054 3679 3093 con-

434 3135 619 3197 pterea
660 3124 711 3178 id
735 3125 841 3178 illis
868 3123 1132 3193 imprimis
1156 3123 1352 3191 objccit
1377 3162 1391 3186 ,
1425 3131 1477 3177 et
1527 3131 1708 3190 postea
1738 3135 2004 3191 'congrcs-
2042 3128 2087 3191 ρ
2119 3128 2263 3183 sules
2288 3127 2449 3183 simul
2489 3128 2708 3183 fuerunt
2729 3170 2742 3194 ,
2775 3144 2951 3198 neque
2977 3128 3264 3200 quisqu'am
3314 3138 3558 3186 veterum
3586 3144 3685 3184 me-

425 3231 522 3273 sus
573 3217 624 3269 in
671 3215 983 3269 Mauritania
1006 3229 1125 3268 cum
1160 3213 1429 3280 Emerito,
1477 3213 1817 3284 recitatisque
1856 3220 2004 3281 gesta

432 3309 774 3374 Collationis,
798 3307 1073 3361 auditores
1103 3302 1256 3362 valde
1290 3317 1371 3361 est
1392 3307 1719 3370 obtestatus,
1748 3313 1807 3359 ut
1836 3313 2011 3358 atten-

427 3414 484 3461 te
526 3411 913 3473 cognoscerent
951 3403 1100 3455 illam
1143 3403 1209 3455 de
1240 3401 1657 3455 Maximianistis
1697 3399 2009 3464 historiam,

429 3515 586 3570 quam
611 3507 665 3553 et
686 3514 751 3554 eo
780 3500 896 3552 loco
925 3496 1209 3567 diligenter
1232 3512 1419 3551 rursus
1447 3496 1689 3564 exponit.
1720 3495 1873 3549 Sane
1890 3509 2011 3547 cum

433 3591 488 3645 in
518 3590 804 3645 collatione
843 3588 1249 3659 Carthaginiensi
1287 3586 1678 3643 Donatistarum
1710 3585 1870 3640 veluti
1902 3584 2013 3638 dux

432 3692 487 3737 et
539 3682 756 3751 signifer
790 3680 954 3735 fuisse
982 3680 1189 3734 dicatur
1236 3679 1537 3734 Primianus
1573 3676 2014 3747 Carthaginensis

433 3790 618 3829 eorum
650 3756 901 3836 antistes;
944 3771 1105 3826 credo
1127 3814 1140 3837 ,
1172 3786 1294 3826 eum
1338 3772 1509 3839 ipsum
1538 3785 1659 3825 esse
1705 3784 1864 3840 quem
1920 3768 2014 3823 de-

434 3866 606 3921 fendit
650 3864 885 3935 synodus
916 3864 1217 3934 Bagaitana.
1251 3862 1383 3916 Nam
1428 3872 1482 3916 ct
1505 3863 1643 3916 inter
1670 3860 1810 3915 hanc
1851 3868 2015 3930 atque

442 3958 588 4011 illam
613 3956 955 4011 collationem
989 3970 1093 4009 non
1128 3955 1229 4008 nisi
1271 3954 1395 4007 anni
1429 3952 1697 4008 sexdecim
1724 3952 2011 4005 intersunt.

435 4049 717 4105 Postremo
753 4048 1142 4103 observandum
1191 4054 1273 4097 est
1311 4044 1649 4106 Donatistas,
1696 4051 1755 4096 ut
1798 4043 1876 4095 sui
1916 4041 2015 4094 Ba-

442 4142 676 4211 gaiensis
700 4140 912 4194 concilii
934 4140 1253 4193 sententiam
1287 4142 1739 4204 exsequerentur,
1769 4132 2017 4187 Theodo-

441 4236 645 4289 sianam
683 4234 747 4287 de
776 4233 1042 4287 haereticis
1086 4233 1256 4300 legem
1303 4229 1621 4298 promlisse,
1653 4227 1803 4298 cujus
1830 4234 2015 4280 aucto-

440 4327 627 4389 ritate,
674 4323 1125 4387 Maximianistas,
1162 4331 1425 4389 tamquam
1468 4320 1752 4374 hmretieos
1778 4317 2017 4387 expelle-

441 4425 565 4473 rent
591 4424 680 4470 aut
721 4422 1051 4469 coercerent.
1108 4413 1264 4480 Atqui
1296 4427 1354 4465 ea
1404 4412 1489 4466 lex
1518 4410 1780 4465 adversus
1828 4423 2016 4462 omnes

2118 3222 2273 3277 minit
2317 3221 2546 3292 alicujus
2591 3222 2805 3277 concilii
2854 3221 3298 3294 Carthaginensis
3366 3221 3683 3293 temporibus

2119 3310 2411 3367 Theodosii
2458 3312 2636 3381 magni
2664 3353 2678 3377 ,
2711 3313 2813 3367 nisi
2846 3312 3022 3379 illius,
3046 3314 3192 3383 quod
3239 3312 3353 3368 dixi
3384 3312 3549 3369 fuisse
3588 3312 3678 3366 Do-

2116 3406 2457 3459 natistarum.
2513 3404 2666 3471 Quod
2690 3420 2820 3459 vero
2853 3404 3112 3475 adjiciunt
3132 3448 3145 3471 ,
3176 3405 3419 3462 Caesario
3444 3415 3496 3461 et
3522 3406 3679 3461 Attico

2115 3510 2259 3551 coss.
2287 3495 2576 3552 concilium
2598 3495 3022 3567 Carthaginense
3050 3497 3267 3567 aliquod
3293 3498 3469 3554 fuisse
3486 3540 3501 3564 ,
3528 3499 3682 3553 minus

2115 3587 2375 3656 repudio,
2404 3587 2523 3657 quia
2555 3587 2841 3642 Balsamon
2877 3587 2925 3642 id
2956 3587 3193 3656 indicat,
3237 3590 3337 3645 sed
3364 3605 3461 3645 cur
3481 3591 3674 3646 tertium

2116 3680 2247 3759 illud
2267 3689 2459 3735 vocent
2484 3722 2496 3745 ,
2522 3681 2772 3736 viderint.
2801 3681 2960 3738 Certe
2987 3681 3277 3747 falluntur,
3309 3699 3434 3739 cum
3464 3684 3537 3737 illi
3570 3699 3679 3739 con-

2114 3771 2238 3827 cilio
2268 3772 2542 3827 ascribunt
2568 3787 2803 3828 canones
2822 3815 2835 3835 ,
2869 3772 2960 3843 qui
2991 3777 3173 3843 potius
3201 3774 3359 3829 alteri
3404 3777 3569 3830 multo
3598 3790 3678 3830 ce-

2117 3862 2334 3919 lcltriori
2389 3864 2617 3919 concilio
2654 3863 3098 3935 Carthaginensi,
3140 3864 3284 3937 quod
3330 3867 3532 3936 aliquot
3580 3875 3681 3935 post

2118 3955 2272 4007 annis
2300 3953 2539 4009 habitum
2565 3965 2667 4022 est,
2699 3954 3040 4010 adscribendi
3070 3964 3217 4024 sunt,
3241 3968 3298 4011 ut
3319 3973 3385 4013 ex
3410 3957 3680 4012 Pbotiil‘lo-

2122 4059 2423 4100 mocanone
2466 4045 2686 4115 intelligi
2709 4054 2905 4116 potest.
2928 4046 3340 4117 Repudiandum
3389 4050 3545 4104 etiam
3573 4057 3679 4109 est.

2120 4135 2263 4204 quod
2295 4134 2500 4205 fingunt
2552 4136 2621 4192 de
2669 4136 2774 4193 alio
2823 4137 3055 4195 concilio
3088 4137 3527 4210 Carthaginensi,
3556 4137 3677 4210 quod

2121 4230 2369 4295 quartum
2423 4237 2651 4295 vocant,
2690 4217 2745 4284 et
2781 4230 2990 4285 duobus
3037 4232 3197 4286 annis
3249 4241 3375 4301 post
3422 4230 3678 4301 superius,

2119 4318 2262 4385 quod
2298 4329 2489 4373 vocant
2534 4320 2780 4385 tertium,
2838 4319 2940 4376 hoc
2984 4330 3068 4377 est
3116 4322 3358 4378 Honorio
3382 4322 3452 4377 IV
3475 4333 3525 4377 et
3552 4323 3683 4391 Euty-

2121 4408 2316 4464 chiano
2337 4425 2479 4466 coss.
2514 4412 2833 4468 convenisse
2856 4421 3095 4468 narrant.
3124 4414 3261 4470 Nam
3293 4416 3398 4471 etsi
3420 4416 3676 4471 Balsamon

445 4509 775 4571 Donatistas,
801 4516 857 4559 ut
884 4514 936 4558 et
958 4503 1191 4572 reliquos
1224 4503 1503 4557 haereticos
1529 4502 1634 4555 lata
1652 4510 1785 4556 erat.
1817 4500 2014 4554 Verum
2044 4507 2097 4568 ι)
2123 4497 2351 4555 fateatur
2376 4502 2441 4556 iis
2478 4503 2790 4558 consulibus
2813 4504 3015 4574 aliquid
3045 4505 3096 4559 in
3152 4505 3395 4561 Ecclesia
3420 4504 3676 4576 Carthagi-

446 4618 566 4659 cum
594 4602 659 4656 'ei
689 4614 793 4653 non
828 4604 1077 4668 parerent
1107 4594 1423 4660 Donatistae,
1471 4593 1891 4649 Maximianistas
1941 4601 2020 4645 ta-

447 4714 573 4755 men
614 4692 875 4750 obnoxios
919 4704 1039 4743 esse
1069 4688 1343 4754 volebant,
1378 4697 1434 4740 ut
1483 4686 1643 4741 etiam
1698 4694 2022 4755 occuparent

449 4803 635 4846 eorum
666 4783 935 4842 basilicas.
971 4780 1044 4833 Ea
1076 4779 1157 4831 lex
1181 4788 1295 4832 erat
1315 4821 1328 4843 ,
1354 4788 1411 4831 ut
1441 4779 1528 4847 qui
1566 4778 1816 4833 Ecclesiae
1839 4776 2023 4831 catho-

448 4886 568 4941 lica:
592 4897 696 4937 non
724 4875 1177 4933 communicarent
1196 4912 1209 4932 ,
1236 4870 1364 4924 nihil
1392 4870 1641 4925 Ecclesiae
1671 4871 1883 4925 nomine
1902 4884 2023 4938 pos-

454 4979 723 5037 siderent,
771 4968 863 5024 sed
910 4965 1087 5036 potius
1116 4961 1304 5017 unitati
1337 4960 1387 5013 id
1430 4961 1808 5025 restituerent,
1840 4971 1899 5013 ut
1951 4961 2023 5014 ait

452 5065 780 5137 Augustinus
797 5066 1025 5113 tractatu
1043 5062 1193 5109 sexto
1217 5053 1268 5105 in
1293 5050 1583 5114 Joannem,
1609 5059 1661 5103 ct
1678 5052 1815 5105 libro
1844 5066 1879 5104 ιι
1899 5064 2026 5104 con—

456 5168 534 5213 tra
580 5153 825 5211 Petilian.
856 5149 1005 5203 Mitto
1026 5146 1159 5199 alias
1202 5141 1406 5196 Thcod.
1441 5140 1584 5208 leges
1624 5141 1675 5193 in
1708 5140 2023 5207 haereticos;

455 5262 677 5321 quarum
705 5243 840 5313 Aug.
865 5254 1008 5308 smpe
1038 5235 1278 5291 meminit
1299 5275 1311 5297 ,
1340 5239 1395 5286 et
1415 5232 1551 5285 inter
1580 5246 1710 5299 quas
1733 5231 1851 5284 dum
1874 5231 2031 5285 'nobi-

458 5343 674 5396 lissimze
714 5338 923 5391 fuerunt
953 5330 1159 5385 duobus
1192 5336 1277 5379 aut
1308 5323 1475 5377 tribus
1504 5323 1655 5374 annis
1690 5333 1810 5375 ante
1837 5322 2027 5391 Bagai-

463 5444 641 5487 tanum
672 5428 797 5483 illud
842 5423 1129 5481 concilium
1159 5422 1299 5471 latm.
1343 5414 1523 5479 Prior,
1544 5427 1661 5482 qum.
1685 5414 2029 5466 severissima

463 5534 574 5585 est,
605 5522 710 5574 lata
737 5517 945 5573 Titiano
989 5508 1381 5583 et‘Symmacho
1427 5520 1567 5561 coss.
1607 5510 1781 5559 exstat
1804 5504 1855 5557 in
1894 5501 2026 5557 Cod.

424 5615 659 5669 .Justin.
716 5611 808 5664 lib.
858 5625 961 5675 ιιι,
1014 5607 1075 5661 C.
1128 5605 1194 5659 de
1236 5604 1424 5672 Apost.
1483 5586 1823 5657 Altera'lata
1872 5594 2030 5666 357

467 5700 711 5772 sequenti
737 5714 909 5766 anno,
943 5700 1045 5753 hoc
1088 5704 1203 5763 est,
1235 5693 1463 5749 Arcadio
1488 5708 1523 5748 ιι
1571 5699 1627 5747 et
1666 5689 1861 5746 Ruﬁno
1888 5702 2028 5747 coss.

2131 4591 2286 4645 nensi
2316 4590 2591 4647 decretum
2625 4592 2791 4648 fuisse
2820 4594 2888 4649 de
2928 4594 3204 4649 mittendis
3232 4595 3426 4666 legatis
3458 4596 3522 4652 ad
3550 4597 3684 4667 impe

2127 4692 2395 4749 ratorcm,
2429 4692 2604 4739 tamen
2654 4687 2835 4740 nescio
2880 4686 3020 4741 unde
3066 4696 3385 4756 repetuntur
3424 4699 3529 4744 tam
3556 4687 3684 4743 multi

2126 4788 2395 4839 canones,
2440 4776 2530 4846 qui
2560 4777 2689 4832 huic
2743 4780 2970 4835 concilio
3012 4782 3377 4838 ascribuntur.
3413 4782 3485 4839 Ut
3532 4790 3684 4837 autem

2128 4865 2356 4920 moleste
2382 4866 2495 4920 fero
2545 4870 2711 4921 multa
2740 4869 2863 4937 ﬁngi
2913 4870 2979 4926 de
3031 4871 3194 4942 hujus
3233 4877 3451 4944 generis
3475 4872 3688 4931 conciliis

2130 4954 2681 5025 Carthaginiensibus,
2749 4958 2828 5013 sic
2894 4961 3062 5016 miror
3110 4965 3374 5032 prazteriri
3437 4965 3687 5035 Carthagic

2130 5062 2351 5102 nensem
2382 5064 2500 5101 cum
2531 5049 2821 5105 Donatistis
2850 5050 3207 5110 Collationem
3229 5097 3245 5121 ,
3275 5072 3398 5127 qua:
3444 5057 3498 5112 in
3523 5070 3687 5113 eorum

2133 5138 2354 5192 historia
2383 5139 2646 5208 imprimis
2676 5142 3146 5200 commemoranda
3179 5155 3317 5201 erat.
3350 5147 3458 5203 Sed
3481 5158 3535 5205 et
3551 5147 3687 5218 paulo

2140 5240 2258 5299 post
2283 5232 2411 5297 coiit
2440 5232 2825 5287 nobilissimum
2858 5244 3045 5290 contra
3076 5236 3399 5308 Pelagianos
3426 5238 3683 5296 concilium

2136 5322 2585 5393 Carthaginense,
2631 5325 2771 5393 quod
2800 5327 3132 5398 Augustinus
3172 5330 3486 5388 Africanum
3529 5340 3681 5390 vocnt.

2139 5412 2213 5466 De
2240 5428 2304 5467 eo
2364 5426 2541 5483 postea
2590 5415 2901 5473 viderimus.
2950 5419 3104 5476 Nunc
3153 5420 3289 5477 ordo
3338 5424 3594 5495 postulat,
3634 5432 3683 5480 ιιι

2138 5516 2355 5573 agamus
2377 5505 2443 5559 de
2464 5504 2807 5579 Collatione.]

2160 5619 2164 5623 -
2209 5595 2325 5649 Jam
2353 5598 2509 5651 annis
2531 5612 2696 5667 prope
2722 5609 2937 5656 centum
2970 5602 3265 5662 Donatista:
3294 5599 3375 5664 sic
3395 5609 3561 5665 omnia
3579 5621 3677 5679 per-

2141 5688 2495 5757 miscuerant,
2528 5688 2658 5745 utin
2685 5690 2864 5749 Africa
2884 5692 3117 5752 discerni
3146 5698 3233 5755 vix
3263 5710 3446 5770 posset
3470 5711 3674 5774 quam
