3860 6212
226 250 375 308 1457

1122 248 1441 307 HISTORIA
1478 248 2077 307 CARTHAGINENSIS
2111 248 2577 309 COLLATIONIS.

3355 261 3493 318 1458

217 372 379 420 esset
434 364 685 421 Ecclesia
706 406 722 433 ,
775 359 897 421 cum
953 364 1167 433 quidem
1195 366 1364 419 altare
1408 372 1594 420 contra
1645 364 1817 419 altare
1844 367 1895 427 Α
1922 364 2052 421 Cum
2074 374 2252 420 autem
2270 366 2332 419 in
2358 364 2949 439 Constantinopolitano
2971 371 3199 441 quodam
3224 387 3491 431 conventu

218 458 432 529 passim
460 469 697 514 erectum
721 468 865 513 esset
888 500 903 524 ,
926 464 928 468 ‘
953 467 1009 513 et
1033 471 1257 528 utraque
1294 474 1419 527 pars
1457 458 1526 514 de
1560 458 1815 513 Ecclesia:

222 550 391 606 titulo
434 560 488 606 et
538 550 879 621 possessione
907 551 1276 605 contenderet.
1312 550 1452 620 Ergo
1494 550 1814 619 jampridem

227 640 393 695 multi
440 640 696 711 optabant
727 651 783 695 ut
809 641 982 710 aliqua
1014 641 1246 711 legitima
1287 641 1673 710 disceptatione
1698 640 1815 695 haec

215 734 455 805 quaestio
476 732 814 799 deliuiretur,
843 742 898 789 et
925 734 1147 803 populus
1163 732 1212 787 id
1236 747 1339 787 non
1358 733 1532 789 minus
1547 748 1706 803 quam
1724 746 1813 788 res

218 827 345 897 ipsa
365 828 683 897 postulabat.
702 826 1451 898 Scimus(inquitAugustinus
1475 826 1525 883 in
1548 826 1640 881 lib.
1668 836 1808 896 post.

213 918 380 992 coll.)
405 936 559 991 quam
575 920 721 975 multi
746 928 965 974 vestrum
989 928 1033 973 et
1062 922 1194 990 forte
1214 934 1408 985 omnes,
1429 928 1519 971 aut
1550 935 1677 987 pene
1695 935 1807 972 om-

213 1025 311 1062 nes
355 1010 523 1064 dicere
565 1010 737 1064 soletis
767 1025 785 1063 :
814 1008 857 1063 0
883 1009 925 1062 si
970 1008 1021 1062 in
1052 1010 1216 1061 locum
1257 1025 1414 1062 unum
1445 1009 1762 1063 convenirent
1788 1010 1810 1062 !

118 1098 131 1102 ⁷
218 1099 268 1154 0
292 1102 336 1155 si
357 1102 637 1173 aliquando
677 1102 997 1171 conferrent,
1022 1110 1071 1155 et
1091 1087 1195 1155 illis
1226 1099 1601 1169 disputantibus
1624 1100 1806 1161 veritas

207 1194 531 1264 appareret!
580 1192 689 1249 Sed
732 1178 892 1260 quam
934 1202 1215 1263 propterea
1261 1192 1517 1247 Catholici
1548 1193 1805 1261 optabant

204 1300 336 1340 cum
359 1285 655 1342 Donatistis
674 1284 958 1356 congredi,
982 1294 1088 1339 tam
1107 1299 1453 1353 congressum
1472 1283 1803 1353 refugiebant

208 1377 528 1433 Donatistae.
563 1379 911 1447 Augustinus,
936 1378 989 1432 in
1033 1375 1191 1447 epist.
1218 1377 1317 1431 166
1344 1375 1411 1430 ad
1441 1375 1748 1431 Donatistas
1781 1392 1797 1430 :

217 1467 408 1538 Vestri,
470 1471 663 1543 inquit,
707 1471 933 1541 episcopi
978 1470 1207 1524 conventi
1251 1484 1284 1522 a
1334 1468 1476 1522 nobis
1523 1483 1799 1538 numquam

198 1560 475 1616 nobiscum
516 1562 729 1631 paciﬁce
749 1563 985 1634 conferre
1023 1562 1326 1625 voluerunt,
1370 1561 1517 1629 quasi
1544 1559 1797 1631 fugientes

206 1669 329 1707 cum
356 1653 705 1725 peccatoribus
735 1654 895 1722 loqui.
928 1653 1071 1709 Sane
1100 1668 1219 1709 cum
1264 1652 1554 1723 aliquando
1583 1652 1795 1709 dicere-

1918 472 2104 512 rursus
2130 458 2453 513 Arianorum
2484 474 2643 515 causa
2687 462 2890 531 agenda
2932 471 3112 529 esset,
3159 464 3493 524 Theodosius

1917 546 2150 602 laudavit
2194 563 2380 605 eorum
2434 550 2747 618 consilium,
2806 551 2932 621 qui,
2981 568 3047 608 ne
3097 555 3260 611 toties
3308 566 3489 612 actum

1914 648 2164 709 ageretur
2182 680 2195 703 ,
2253 655 2357 694 non
2390 649 2496 695 tam
2519 641 2972 715 disputationibus
2997 646 3148 700 novis
3170 688 3183 713 ,
3213 663 3369 718 quam
3393 664 3487 705 ve-

1916 739 2089 783 terum
2138 731 2463 799 praejudieiis
2492 742 2546 786 et
2594 735 2915 790 auctoritate
2948 732 3209 807 urgendos
3230 739 3491 795 adversa-

1915 819 2023 873 rios
2045 834 2164 874 esse
2184 820 2455 876 dicebant.
2475 822 2757 879 Postremo
2778 828 3103 896 Augustinus
3118 871 3130 892 ,
3147 843 3266 883 cum
3292 832 3487 900 quibus

1911 919 2280 979 etquatenus,
2329 922 2384 968 et
2413 914 2624 982 quando
2680 924 2737 969 et
2783 918 3051 986 quomodo
3102 920 3481 990 disputandum

1910 1014 2092 1070 esset,
2126 1013 2276 1059 recte
2303 1005 2453 1059 vidit.
2485 1005 2597 1073 Qua
2625 1006 2691 1061 de
2722 1023 2779 1061 re
2806 1008 2931 1077 quid
2987 1013 3268 1078 statuerit,
3318 1015 3478 1071 intel-

1910 1092 2078 1162 ligere
2107 1093 2252 1160 licet,
2284 1110 2348 1150 ex
2384 1096 2464 1151 his
2487 1113 2605 1167 quce
2634 1098 2819 1152 scribit
2838 1098 2927 1153 lib.
2964 1116 2999 1154 ιι
3041 1102 3106 1155 de
3129 1102 3354 1161 Civitate
3383 1106 3480 1163 Dei

1894 1198 2005 1263 cap
2034 1187 2083 1247 1,
2117 1196 2171 1239 et
2202 1187 2292 1242 lib.
2316 1203 2342 1242 ι
2370 1188 2441 1244 de
2466 1199 2670 1259 peccat.
2706 1191 2836 1247 Mer.
2881 1205 2932 1247 et
2960 1193 3161 1251 Remis.
3192 1213 3238 1253 c.
3272 1200 3394 1266 ult.,
3426 1211 3482 1258 et

1905 1276 1959 1329 in
1990 1275 2265 1331 Encbirid.
2294 1294 2414 1349 cap.
2442 1280 2510 1336 69
2535 1323 2550 1348 ,
2584 1291 2638 1337 et
2685 1283 2737 1337 in
2769 1286 2923 1355 epist.
2958 1286 3050 1341 111
3084 1298 3138 1342 et
3188 1289 3305 1345 12L
3339 1290 3479 1348 Tan—

1903 1365 2023 1420 dem
2051 1382 2114 1421 ex
2142 1370 2410 1424 sententia
2458 1373 2674 1427 concilii
2703 1373 3151 1435 Chalcedonensis
3191 1382 3477 1450 sapientis-

1900 1459 2035 1514 sima
2059 1472 2112 1515 et
2142 1462 2543 1531 religiosissima
2570 1466 2686 1536 lege
2724 1468 2848 1534 lata,
2872 1471 3037 1526 vetuit
3061 1472 3348 1529 Martianus
3376 1476 3479 1529 im-

1899 1566 2015 1621 per.
2052 1547 2119 1608 ne
2146 1555 2264 1623 quis
2290 1555 2357 1610 de
2381 1556 2483 1612 [ide
2505 1557 2809 1616 Christiana
2835 1564 3041 1632 publice
3066 1568 3230 1623 turbis
3254 1611 3267 1632 ,
3301 1579 3355 1622 ut
3380 1571 3473 1633 ait,

1896 1645 2210 1699 coadunatis
2241 1655 2295 1701 et
2322 1647 2667 1728 audientibus
2710 1662 2901 1710 tractet
2928 1674 2939 1708 :
2966 1672 3137 1726 neque
3168 1673 3255 1713 res
3271 1659 3475 1729 judica-

199 1755 294 1802 tur
339 1746 554 1817 quidam
613 1747 901 1816 episcopus
952 1746 1227 1801 Dnnatism
1260 1745 1500 1809 dixisse,
1551 1746 1688 1801 velle
1731 1760 1790 1802 se

1896 1740 1975 1787 tas
2006 1742 2060 1788 et
2084 1744 2228 1790 recte
2258 1735 2542 1806 dispositas
2566 1739 2884 1811 disputando
2905 1754 3061 1816 atque
3102 1750 3473 1806 contendendo

197 1837 365 1892 bonis
384 1838 513 1891 viris
539 1838 849 1892 sedentibus
863 1836 1112 1892 conferre
1141 1852 1261 1891 cum
1277 1837 1790 1908 Aug.,Augustinus

198 1930 339 1984 nihil
368 1946 472 1985 non
500 1930 625 1985 fecit
645 1972 660 1996 ,
691 1938 749 1983 ut
776 1932 823 1983 ei
874 1930 1017 1984 ultro
1057 1940 1367 1985 occurreret
1389 1969 1404 1994 ,
1445 1938 1604 1999 atque
1626 1931 1785 1984 etiam

194 2029 511 2076 currentem
536 2002 816 2086 incitaret,
845 2019 1002 2091 epist.
1026 2020 1114 2076 47.
1141 2021 1379 2091 Denique
1398 2034 1520 2075 cmn
1546 2034 1649 2075 non
1681 2020 1784 2074 im-

203 2122 451 2182 petraret
480 2154 495 2179 ,
523 2113 664 2184 quod
714 2122 991 2183 tantopere
1018 2113 1270 2183 optabat,
1306 2122 1458 2167 curat
1509 2122 1565 2167 ut
1602 2112 1784 2168 clerici

192 2204 281 2259 Sui
310 2204 680 2275 Hipponienses
722 2203 1033 2260 Januarium
1085 2204 1563 2275 Carthaginensem
1597 2205 1781 2260 Dona-

194 2296 448 2351 tistarum
506 2295 967 2365 archiepiscopum
1008 2297 1317 2351 sollicitent.
1364 2297 1554 2351 Exstat
1593 2311 1777 2351 eorum

189 2387 428 2457 epistola
453 2428 470 2454 ,
497 2403 617 2459 qua:
648 2388 788 2444 inter
826 2387 1111 2457 Augustini
1161 2389 1415 2457 epistolas
1459 2398 1540 2443 est
1562 2388 1652 2443 68.
1704 2376 1777 2448 Et!

191 2486 378 2534 autem
411 2480 671 2550 imprimis
694 2490 879 2550 urget,
908 2488 967 2537 ιιι
995 2480 1245 2549 quoniam
1267 2479 1377 2549 jam
1406 2479 1532 2533 olim
1564 2479 1617 2533 in
1676 2477 1778 2534 hac

188 2584 358 2626 causa
406 2555 703 2642 appellatus
740 2579 831 2627 est
878 2572 1205 2640 imperator,
1248 2570 1406 2641 hujus
1455 2574 1776 2628 auctoritate

189 2661 509 2717 instituatur
532 2663 743 2733 publica
763 2661 994 2718 Collatio
1025 2681 1039 2717 :
1069 2664 1192 2734 quia
1222 2675 1275 2719 et
1303 2665 1390 2718 ille
1413 2664 1628 2720 demum
1658 2666 1728 2721 sit
1754 2707 1771 2734 ,

187 2754 284 2823 qui
316 2770 434 2808 cum
460 2754 668 2825 legibus
694 2755 803 2826 jam
834 2757 954 2811 latis
982 2772 1086 2811 non
1114 2765 1359 2811 teneatur
1382 2798 1397 2824 ,
1433 2757 1653 2813 liberius
1680 2773 1776 2828 po-

186 2845 393 2901 teritet
418 2846 763 2903 collationem
794 2847 1033 2903 indicere
1058 2889 1073 2913 ,
1102 2858 1156 2904 et
1178 2849 1242 2903 de
1274 2864 1333 2905 re
1354 2857 1463 2904 tota
1496 2859 1733 2906 statuere
1758 2868 1770 2903 :

183 2955 314 2993 eum
345 2939 644 3011 praefectis,
688 2940 780 3011 qui
802 2940 1008 3011 legibus
1033 2941 1142 3009 jam
1176 2942 1296 2994 latis
1340 2943 1583 2997 serviunt
1612 2984 1626 3007 ,
1660 2954 1775 2997 tan-

185 3041 307 3087 tum
336 3046 440 3087 non
482 3032 660 3089 liceat.
716 3030 784 3087 Et
830 3032 953 3101 quia
983 3032 1269 3087 Donatistae
1298 3048 1363 3088 eo
1381 3040 1405 3099 ,'
1428 3049 1586 3103 quem
1635 3033 1767 3101 dixi,

183 3133 453 3195 przetextu
480 3133 797 3181 recusarunt
838 3140 960 3180 cum
1008 3127 1205 3181 nostris
1240 3126 1494 3197 congredi
1522 3144 1535 3179 :
1571 3125 1768 3197 llippo-
1793 3108 1838 3170 (ἶ

192 3231 398 3272 nenses
443 3218 625 3272 clerici
676 3232 743 3273 eo
796 3233 855 3272 se
881 3217 1188 3284 demittunt,
1220 3227 1276 3271 ut
1322 3218 1483 3274 etiam
1535 3218 1767 3289 allegent

182 3308 462 3363 Christum
509 3309 685 3377 ipsum
722 3324 844 3365 cum
866 3308 1081 3363 diabolo
1107 3309 1173 3364 de
1196 3308 1315 3379 lege
1346 3310 1581 3365 locutum
1604 3324 1725 3365 esse
1752 3326 1765 3363 :

182 3411 239 3455 et
271 3414 393 3454 cum
426 3400 591 3455 Paulo
616 3416 723 3456 non
755 3403 927 3457 solum
962 3402 1178 3457 Judaeos
1204 3442 1218 3467 ,
1246 3402 1341 3457 sed
1372 3411 1427 3457 et
1478 3403 1768 3473 Epicureos

182 3493 506 3549 Contulisse.
534 3494 823 3550 Donatista:
847 3510 1032 3550 rursus
1061 3496 1399 3564 excipiebant
1422 3539 1436 3562 ,
1460 3497 1767 3556 dialecticas

181 3585 583 3656 disputationes
625 3602 732 3642 non
786 3588 1079 3642 convenire
1127 3586 1444 3642 Christiana:
1491 3590 1763 3659 religioni,

182 3686 241 3733 et
304 3678 658 3748 Augustinum
730 3676 859 3732 nihil
929 3678 1070 3731 aliud
1136 3694 1257 3733 esse
1313 3696 1477 3757 quam
1544 3690 1767 3738 conten-

186 3770 386 3823 tiosum
430 3769 850 3838 disputatorem,
910 3769 999 3838 qui
1054 3770 1331 3840 fugiendus
1375 3765 1551 3841 potius
1597 3785 1650 3828 et
1677 3790 1767 3829 ca-

181 3860 433 3927 vendus,
489 3873 650 3930 quam
702 3860 1031 3915 refellendns
1086 3862 1544 3933 revincendusquc
1598 3874 1761 3920 esset.

180 3952 325 4020 Quid
380 3952 503 4007 huic
582 3952 933 4023 cavillationi
986 3954 1324 4022 responderit
1396 3949 1760 4025 Augusuuus,

181 4042 291 4115 legi
316 4053 492 4113 potest
519 4046 692 4114 primo
714 4045 829 4115 ejus
857 4045 994 4100 libro
1020 4056 1202 4100 contra
1229 4048 1591 4103 Cresconium.
1619 4049 1761 4105 Idem

181 4137 325 4191 libro
351 4147 543 4206 quarto
562 4179 576 4203 ,
603 4137 865 4199 Studium,
899 4138 1100 4207 inquit,
1132 4155 1223 4207 pro
1253 4141 1458 4193 veritate
1512 4142 1760 4207 certandi,

179 4231 306 4298 quia
333 4245 467 4300 stt-pe
500 4230 750 4284 voluimus
785 4248 900 4284 cum
949 4232 1127 4285 vestris
1180 4235 1441 4304 conferre,
1490 4244 1544 4286 nt
1596 4250 1765 4289 errore

180 4326 406 4391 sublato,
423 4329 653 4397 fraterna
678 4327 900 4380 charitas
927 4328 1067 4395 pacis
1088 4328 1288 4381 vinculo
1311 4338 1616 4395 necteretur,
1643 4348 1765 4385 con-

180 4415 422 4469 tentionis
466 4424 512 4469 et
550 4418 889 4471 animositatis
935 4418 1115 4471 vitioso
1165 4421 1367 4471 nomine
1412 4421 1760 4487 reprehendis.

180 4506 289 4561 Sed
332 4515 479 4560 notat
510 4507 611 4561 hoc
658 4508 961 4562 Donatistas
983 4508 1328 4570 obtentlisse.
1386 4484 1531 4577 quia,
1584 4512 1757 4578 utait,
1786 4484 1837 4544 Β

180 4598 403 4652 mallent
430 4608 643 4653 'causam
673 4599 864 4653 malam
892 4601 1170 4665 cooperire
1192 4600 1536 4655 excusatione
1558 4643 1571 4667 ,
1600 4619 1759 4669 quam

178 4688 546 4757 disputatione
576 4689 748 4743 linire.
782 4689 848 4742 Et
869 4691 919 4743 in
948 4689 1137 4745 eodem
1163 4690 1302 4745 libro
1324 4682 1531 4757 (Puto,
1567 4693 1757 4762 inquit,

181 4785 323 4853 quod
351 4782 594 4851 facillime
637 4784 891 4854 intelligas
912 4824 927 4847 ,
966 4801 1069 4837 non
1096 4786 1381 4840 devitanda:
1425 4788 1760 4841 contentionis

180 4889 373 4939 causa,
423 4889 534 4943 qua:
564 4873 707 4928 nulla
726 4884 836 4941 est,
888 4892 1002 4928 cum
1034 4875 1216 4929 veritas
1261 4878 1540 4945 queritur,
1564 4879 1640 4931 vel
1660 4894 1760 4931 non

183 4981 278 5033 pro
304 4981 435 5017 vana
452 4965 617 5036 gloria
646 4965 911 5035 litigatur,
940 4966 1029 5020 sed
1051 4983 1218 5022 rausw
1237 4972 1389 5022 mala:
1418 4968 1709 5039 difﬁdentia
1737 5011 1751 5035 ,

179 5074 268 5111 vos
294 5059 555 5112 nobiscum
580 5057 715 5112 nolle
731 5061 979 5130 conferre.

253 5150 376 5223 [Hic
399 5167 529 5207 vero
557 5166 739 5220 opera:
762 5153 988 5222 pretium
1017 5162 1099 5207 est
1118 5152 1294 5207 obiter
1315 5152 1608 5207 observare
1650 5153 1760 5209 dis-
1794 5156 1797 5157 ⁷

182 5244 491 5314 putationes
521 5244 574 5298 iu
606 5259 762 5298 causa
795 5245 1075 5312 religionis
1096 5244 1257 5298 modo
1287 5245 1456 5298 bonas
1481 5254 1535 5297 et
1578 5245 1757 5317 miles,

182 5336 347 5393 modo
390 5337 720 5406 perniciosas
750 5351 889 5390 esse.
940 5335 1099 5391 Certe
1128 5336 1381 5403 quidnam
1411 5337 1480 5390 sit
1508 5377 1523 5398 ,
1546 5337 1611 5390 de
1654 5352 1763 5404 quo

180 5436 458 5498 quaeratur
480 5467 493 5485 .
524 5426 810 5479 videndum
844 5436 963 5490 est,
1018 5434 1073 5479 et
1103 5427 1290 5480 modus
1314 5443 1531 5495 semper
1576 5437 1655 5480 est
1689 5438 1767 5483 te-

184 5516 416 5572 nendus.
452 5514 814 5567 Tertullianus
860 5515 927 5567 de
955 5514 1263 5582 Prmscript.
1299 5523 1456 5585 negat
1480 5532 1600 5569 cum
1652 5518 1764 5571 hae-

183 5605 369 5663 reticis
402 5603 785 5673 disputandum
817 5620 960 5661 esse.
1011 5605 1113 5661 Sed
1144 5604 1343 5660 Nicaeni
1369 5616 1547 5675 patres
1576 5608 1771 5662 nihilo-

184 5698 366 5756 minus
392 5680 515 5753 cum
547 5696 761 5752 Arianis
794 5697 960 5753 semel
986 5696 1259 5768 disputare
1284 5712 1401 5755 non
1432 5706 1770 5757 recusarunt.

1896 1826 2167 1890 revolvat,
2198 1842 2264 1880 ne
2283 1842 2344 1881 ex
2371 1827 2674 1897 hujusmodi
2721 1832 3013 1892 certamine
3039 1840 3283 1907 prolanet
3310 1858 3470 1897 vene-

1893 1913 2057 1967 randa
2082 1916 2355 1984 mysteria,
2406 1918 2498 1972 lib.
2532 1936 2589 1974 ιιι
2610 1920 2670 1975 C.
2703 1923 2769 1978 de
2792 1940 2999 1981 summa
3027 1928 3213 1985 Trinit.
3235 1932 3339 1986 Sed
3370 1936 3468 1987 huc

1888 2005 2101 2061 demum
2130 2008 2363 2065 edictum
2405 2010 2568 2084 348
2596 2014 2692 2069 fuit
2718 2015 2785 2071 de
2816 2020 3082 2089 mysteriis
3108 2021 3251 2089 tidei,
3276 2033 3470 2095 etpost

1886 2109 2115 2169 quatuor
2146 2102 2366 2157 concilia
2417 2109 2745 2162 (ncuutenica
2768 2151 2783 2175 ,
2810 2124 2860 2165 et
2885 2127 3006 2167 cum
3023 2114 3133 2183 jam
3190 2117 3240 2169 in
3266 2119 3425 2173 tertio
3449 2161 3465 2185 ,

1887 2192 2126 2261 hoc‘est,
2164 2193 2215 2249 iu
2257 2196 2527 2266 Ephesino
2581 2198 2853 2256 decretum
2903 2216 3084 2272 esset,
3117 2216 3176 2261 ut
3220 2211 3465 2279 symbolo

1886 2286 2010 2342 lidei
2058 2287 2187 2341 nihil
2216 2289 2543 2358 adjiceretur
2572 2309 2585 2345 :
2640 2294 2870 2364 denique
2902 2311 3022 2350 cum
3071 2300 3287 2355 inﬁnitis
3310 2318 3370 2357 ea
3397 2304 3463 2359 de

1882 2395 1941 2434 re
1966 2380 2449 2451 disputationibus,
2497 2399 2787 2456 earumque
2835 2390 3143 2457 petulantiae
3192 2405 3243 2447 et
3275 2409 3463 2463 proca-

1880 2473 2026 2529 citati
2080 2474 2303 2528 {neruum
2332 2475 2677 2545 injiciendum
2736 2488 2902 2535 esset.
2930 2482 3194 2539 Caeterum
3228 2495 3287 2541 ut
3328 2487 3460 2544 nihil

1881 2564 1983 2620 hoc
2009 2566 2074 2619 ad
2100 2580 2315 2620 causam
2344 2568 2742 2626 Donatistarum
2766 2613 2779 2636 ,
2814 2575 2893 2629 sic
2934 2591 3105 2648 neque
3147 2578 3214 2633 ad
3241 2591 3455 2637 aetatem

1879 2668 1971 2712 aut
2014 2674 2299 2728 personam
2352 2661 2651 2732 Augustini.
2700 2664 2769 2719 Et
2794 2682 2919 2722 vero
2963 2670 3046 2723 bic
3080 2686 3214 2725 unus
3242 2674 3456 2730 demum

1877 2756 2141 2821 ostendit,
2166 2772 2410 2827 quaenam
2441 2769 2586 2815 esset
2618 2760 2730 2817 haec
2761 2765 2896 2817 ratio
2934 2764 3146 2820 tuendae
3170 2766 3406 2821 veritatis
3439 2785 3451 2820 :

1878 2858 1934 2903 et
1977 2849 2248 2917 quomodo
2285 2865 2346 2904 ea
2397 2852 2651 2907 utendum
2700 2866 2879 2922 esset,
2934 2868 3186 2926 expertus
3242 2874 3455 2928 quoque

1874 2955 2019 3010 saepe
2047 2940 2375 3019 fueratzsed
2406 2960 2692 3013 numquam
2744 2946 2911 3017 magis
2943 2964 3101 3018 quam
3150 2952 3200 3005 in
3250 2950 3337 3005 illa
3385 2950 3453 3006 de

1874 3048 1978 3102 qua
2041 3048 2182 3089 nunc
2253 3034 2395 3105 loqui
2458 3036 2694 3104 institui,
2757 3054 2878 3094 cum
2942 3042 3232 3098 Donatistis
3286 3044 3450 3099 colla-

1872 3123 2063 3197 tione.]
2866 3182 2877 3195 .

1939 3218 2118 3276 Prima
2150 3222 2470 3293 Augustini,
2513 3224 2737 3281 necdum
2787 3225 3065 3295 episcopi,
3094 3224 3188 3279 sed
3244 3232 3446 3279 tantum

1871 3314 2167 3385 presbyteri
2228 3316 2440 3385 publica
2492 3317 2649 3385 hujus
2702 3318 2915 3387 generis
2967 3316 3293 3370 cnnllictatio
3346 3315 3445 3370 fuit

1869 3404 2080 3460 duobus
2127 3406 2315 3461 diebus
2360 3423 2482 3461 cum
2534 3407 2825 3461 Fortunato
2881 3406 3173 3461 Maniclnvo
3220 3407 3270 3459 in
3312 3407 3445 3460 urbe

1869 3494 2217 3564 llippouensi.
2256 3497 2491 3551 Aderant
2523 3497 2753 3561 notarii,
2794 3501 2881 3565 qui
2911 3496 3114 3566 singula
3135 3496 3445 3564 exciperent

1866 3597 2027 3656 atque
2064 3587 2459 3657 consignarent.
2493 3588 2729 3657 Pepulus
2758 3588 2966 3642 auditor
3016 3598 3133 3643 erat
3195 3588 3437 3656 disputa-

1868 3680 2047 3734 tionis.
2077 3678 2183 3733 Sed
2211 3680 2406 3749 alioqui
2444 3680 2619 3734 nullus
2642 3679 2804 3749 judex
2859 3679 3062 3733 aderat.
3119 3680 3229 3734 Etsi
3260 3688 3440 3734 autem

1868 3771 2024 3841 plane
2050 3786 2342 3826 conversus
2387 3782 2490 3825 non
2539 3769 2700 3825 fuerit
2732 3769 2918 3824 infelix
2948 3769 3035 3825 ille
3074 3769 3400 3825 Fortunatus
3420 3811 3437 3836 ,

1865 3864 2130 3918 atsaltem
2162 3866 2440 3933 perculsus
2466 3864 2606 3918 ineo
2634 3863 2929 3919 certamine
2962 3863 3081 3917 fuit.

1937 3956 2115 4011 Altera
2144 3956 2196 4010 in
2225 3957 2413 4011 eadem
2444 3958 2577 4010 urbe
2606 3954 2702 4008 fuit
2730 3957 2899 4011 tribus
2930 3957 3117 4013 diebus
3143 3958 3424 4029 Augustini

1864 4045 2155 4115 disputatio
2184 4062 2287 4101 non
2318 4046 2593 4101 dissimilis
2618 4061 2737 4100 cum
2772 4046 2947 4103 Felice
2977 4048 3272 4104 Manichaee
3302 4068 3313 4104 :
3341 4051 3438 4105 sed

1863 4138 2008 4192 exitu
2031 4138 2288 4193 feliciore.
2318 4138 2507 4192 Aerior
2536 4138 2632 4191 fuit
2662 4150 2715 4193 et
2742 4140 3006 4195 celebrior
3032 4141 3218 4197 eodem
3240 4144 3290 4196 in
3318 4143 3437 4197 loco

1863 4246 1985 4285 cum
2013 4229 2297 4285 Maximino
2328 4231 2580 4299 episcopo
2609 4232 2810 4286 Ariauo
2832 4275 2847 4297 ,
2887 4233 2981 4289 sed
3006 4234 3223 4290 minime
3246 4236 3433 4291 eodem

1864 4337 2137 4378 successu.
2171 4322 2398 4377 Exstant
2426 4324 2612 4378 harum
2662 4323 3015 4383 Collationum
3041 4338 3157 4383 acta
3190 4331 3238 4383 in
3286 4331 3436 4386 libris

1870 4414 2172 4485 Augustini.
2196 4414 2324 4469 Fuit
2346 4426 2398 4469 et
2422 4418 2521 4470 alia
2546 4433 2665 4472 cum
2699 4419 2974 4474 Pascentio
3001 4421 3195 4475 comite
3234 4422 3434 4476 Ariano

1862 4504 1917 4559 in
1948 4506 2080 4559 urbe
2108 4502 2510 4576 Carthaginensi
2540 4526 2554 4561 :
2592 4508 2684 4561 sed
2716 4510 2880 4577 prima
2922 4510 3036 4578 ejus
3079 4509 3238 4562 coitio
3267 4510 3433 4565 mole-

1864 4596 1999 4649 stior
2046 4596 2179 4660 luit,
2212 4598 2332 4665 quia
2379 4598 2717 4652 adversarius
2761 4599 2997 4653 notarios
3031 4599 3435 4667 consignatnres

1864 4688 2054 4744 adesse
2082 4689 2342 4759 principio
2366 4691 2597 4756 nolebat,
2627 4694 2896 4760 pactisque
2913 4690 3187 4745 conventis
3209 4692 3431 4749 minimo

1866 4780 2060 4834 stabat.
2111 4781 2348 4836 Tandem
2401 4791 2576 4836 tamen
2626 4784 2792 4853 legem
2841 4782 3147 4837 Collationis
3193 4786 3429 4853 accepit,

1868 4886 2041 4940 neque
2096 4873 2269 4926 solum
2313 4874 2549 4928 notarios
2594 4873 2829 4928 adhiberi
2877 4886 3059 4941 passus
3098 4882 3201 4939 est,
3245 4875 3336 4929 sed
3380 4887 3439 4932 et

1871 4962 2215 5018 Laurentium
2243 4965 2508 5031 quondam
2535 4966 2765 5034 iudicem
2791 4963 2926 5027 tulit,
2959 4971 3013 5017 et
3038 4963 3107 5017 ab
3132 4979 3198 5019 eo
3220 4977 3439 5019 senten-

1867 5054 1995 5107 tiam
2052 5052 2178 5107 ferri
2236 5070 2340 5110 non
2392 5056 2678 5111 recusavit.
2750 5053 2925 5108 Testis
2978 5063 3060 5108 est
3106 5054 3437 5125 Augustinus

1868 5148 2027 5216 epist.
2079 5146 2181 5200 174
2228 5156 2283 5203 et
2336 5148 2459 5204 178.
2508 5148 2610 5204 Sed
2662 5146 2799 5201 nulla
2849 5144 2932 5199 vel
2978 5147 3157 5201 utilior
3201 5150 3284 5201 vel
3342 5165 3437 5203 no-

1870 5236 2033 5291 bilior
2064 5240 2274 5293 tametsi
2316 5239 2475 5294 fuerit
2514 5240 2580 5293 de
2620 5238 2915 5306 quaestione
2948 5238 3123 5291 minus
3164 5240 3345 5293 subtili
3385 5251 3438 5294 ct

1873 5331 2039 5399 magis
2073 5330 2359 5399 populari,
2408 5347 2561 5402 quam
2594 5346 2713 5381 cum
2749 5329 3036 5384 Donatisnis
3074 5330 3289 5382 collatio
3320 5329 3435 5385 fuit.

1870 5424 1947 5475 Ac
1979 5421 2086 5488 jam
2131 5433 2286 5476 antea
2340 5423 2580 5491 privatim
2630 5429 2684 5472 et
2731 5418 2909 5473 obiter
2945 5419 3274 5487 Augustinus
3317 5438 3441 5477 cum

1877 5512 2137 5567 Furtunio
2200 5512 2431 5581 quodam
2490 5509 2759 5563 Donatista
2826 5509 3080 5578 episeopo
3124 5524 3446 5578 congressus

1876 5605 2048 5657 fuerat
2096 5606 2147 5657 in
2178 5604 2425 5673 populari
2455 5600 2678 5671 quadam
2710 5600 2881 5655 turba.
2923 5601 3161 5669 Cumque
3189 5601 3304 5656 haec
3345 5620 3445 5660 suo

1876 5700 2103 5770 strepitu
2145 5700 2288 5769 ipsos
2326 5710 2537 5766 quoque
2578 5692 2813 5748 neutrios
2845 5699 3163 5759 excepturos
3192 5691 3447 5750 intertur»
