3860 6212
252 251 386 309 “Gl

1142 252 1463 311 HISTORIA
1498 250 2095 313 CAR'I‘HAGINENSIS
2136 256 2604 318 COLLATIONIS.

3388 270 3527 326 1462

250 378 308 423 et
339 369 615 438 protestati
661 380 805 436 sunt,
838 379 897 424 ut
934 368 1087 424 testis
1117 378 1197 423 est
1245 368 1524 423 Liberatus
1550 364 1830 437 Carthagi-
1860 371 1908 429 A
1940 368 2055 425 tulo
2076 372 2254 426 ornari
2284 373 2335 426 in
2366 375 2662 444 epitaphio,
2688 375 2830 445 quod
2857 376 3041 433 Romae
3071 380 3123 434 in
3156 380 3271 437 foro
3300 381 3528 449 Traiano

250 461 457 527 nensis,
484 476 604 532 cap.
636 461 845 518 decimo
876 461 1052 517 tertio.

321 550 602 608 Postremo
632 562 685 607 et
731 553 861 607 illud
893 551 1285 607 observandum
1315 560 1416 617 est,
1452 557 1511 605 ut
1541 550 1834 607 Donatista:

250 651 429 699 actum
470 644 720 715 agebam,
770 646 847 699 sic
890 644 1258 700 Marcellinum
1303 641 1441 713 juris
1480 642 1703 697 minime
1742 650 1834 697 aut

249 735 377 792 novi
407 745 497 792 aut
532 736 677 792 dubii
704 737 964 791 arbitrum
995 736 1162 791 fuisse
1190 753 1203 790 :
1238 744 1291 791 et
1312 735 1437 792 faeti
1466 736 1645 805 potius
1671 752 1829 807 quam

241 829 384 901 iuris
412 826 579 883 fuisse
608 829 977 899 quresitorem,
1008 835 1063 883 et
1093 826 1309 897 quidem
1352 826 1709 897 cognitionem
1752 827 1831 882 illi

246 920 425 991 potius
453 935 609 988 quam
654 919 1084 989 iurisdictionem
1115 919 1354 973 mandari
1385 936 1398 971 :
1429 918 1659 989 denique
1683 918 1831 989 judi-

244 1025 365 1065 cem
413 1024 531 1065 cum
565 1008 792 1065 formula
841 1010 953 1065 dari
984 1028 995 1063 :
1030 1018 1086 1063 ut
1114 1009 1241 1063 olim
1285 1024 1466 1064 rerum
1502 1008 1827 1079 privatarqu

236 1101 451 1171 iudices
482 1102 670 1171 privati
715 1116 744 1154 a
789 1112 1019 1171 praetore
1050 1100 1331 1155 dabantur.
1380 1100 1487 1156 Sed
1520 1115 1691 1170 neque
1745 1102 1831 1156 hic

240 1193 435 1248 sedere
476 1193 645 1246 voluit
672 1191 1033 1257 Marcellinus,
1066 1191 1166 1246 nisi
1197 1193 1241 1245 si
1274 1191 1827 1247 assiderentcollocu-

238 1290 388 1337 tores
422 1300 434 1335 :
478 1297 598 1337 cum
641 1292 817 1336 tamen
848 1282 899 1335 in
926 1280 1129 1351 judicio
1155 1279 1300 1336 civili
1330 1281 1479 1336 solus
1525 1281 1709 1339 sedeat
1741 1282 1828 1352 iu-

238 1374 369 1441 dex,
397 1385 539 1430 stare
566 1383 744 1429 autem
768 1374 1058 1444 iubeantur
1087 1374 1402 1445 litigatores.
1435 1375 1827 1445 Deniquepro-

236 1475 492 1533 testatur,
524 1467 665 1538 quod
695 1467 1079 1522 Constantinus
1100 1466 1153 1520 in
1196 1466 1414 1521 Nicaeno
1439 1468 1671 1521 concilio
1700 1483 1827 1537 pro-

240 1567 469 1615 testatus
515 1572 629 1615 erat
673 1561 869 1616 sedens
919 1561 970 1614 in
1012 1560 1121 1614 imo
1151 1560 1426 1616 subsellio.
1464 1560 1525 1614 Et
1562 1569 1737 1615 tamen
1766 1568 1825 1615 ut

245 1651 476 1706 Collatio
503 1652 713 1707 diversa
744 1651 842 1706 fuit
869 1652 963 1707 abs
993 1652 1189 1707 forensi
1217 1651 1633 1721 aliquoindicio,
1665 1651 1743 1706 sic
1769 1659 1823 1705 ct

1937 462 2232 532 prostabat.
2292 465 2479 521 Exstat
2534 466 2627 522 lib.
2676 484 2749 523 xu
2791 468 2909 523 cod.
2960 470 3145 525 titulus
3203 488 3273 526 vu
3309 473 3375 527 de
3417 474 3532 529 Pri-

1937 544 2164 609 micerio
2193 564 2245 610 et
2286 558 2532 625 notariis,
2563 561 2652 613 ubi
2696 560 2845 615 etde
2893 560 3119 615 tribunis
3159 564 3383 618 notariis
3412 566 3529 636 agi-

1937 654 2040 700 tur.
2090 646 2145 699 In
2194 642 2483 703 TheodOSii
2516 649 2633 720 lege
2666 651 2924 719 scriptum
2970 663 3050 706 est
3096 670 3108 705 :
3150 652 3423 724 Prwcipua
3454 665 3528 711 est

1939 746 2126 791 nostra:
2181 738 2383 807 pietatis
2461 740 2674 794 intentio
2728 744 2863 794 circa
2932 743 3247 796 notariorum
3320 761 3524 799 nomen.

1937 826 2139 884 Deinde
2186 832 2235 882 in
2289 831 2407 899 lege
2456 830 2651 886 Leonis
2684 831 2815 900 Imp.
2854 830 3168 885 Prteclaram
3210 833 3526 903 nobilemque

1935 921 2169 973 militiam
2197 922 2551 992 spectabilium
2585 924 2907 977 tribunorum
2940 924 3278 991 notariorum,
3319 926 3525 979 diversis

1934 1011 2296 1079 beneﬁciorum
2326 1013 2490 1067 titulis
2514 1015 2839 1067 muniendam
2866 1015 3118 1068 credimus
3146 1025 3189 1067 et
3220 1015 3520 1085 augendam.

1938 1102 2201 1158 Videntur
2250 1104 2303 1157 hi
2331 1105 2528 1159 notarii
2576 1106 2741 1159 fuisse
2775 1104 2861 1174 qui
2905 1119 3047 1159 nunc
3072 1104 3322 1159 dicuntur
3346 1121 3523 1160 secre-

1933 1192 2053 1247 tarii
2078 1194 2359 1267 regumjn
2390 1194 2585 1249 Gallia.
2613 1194 2970 1260 Theodosius,
2999 1196 3051 1249 in
3080 1196 3115 1249 l.
3143 1211 3218 1249 xu
3247 1193 3306 1249 C.
3338 1196 3405 1251 de
3426 1212 3519 1251 ex-

1931 1298 2047 1338 cus.
2097 1300 2219 1338 mun
2254 1303 2266 1338 :
2315 1283 2542 1351 Notarii,
2596 1286 2791 1356 inquit,
2824 1287 2983 1340 nostri
3032 1303 3063 1339 a
3093 1287 3313 1340 sordidis
3352 1304 3523 1342 mune-

1931 1375 2075 1428 ribus
2102 1385 2423 1430 excusentur.

1999 1470 2182 1536 Qualis
2208 1477 2388 1525 autem
2421 1478 2762 1539 quantusque
2809 1470 2888 1524 vir
2928 1469 3093 1525 fuerit
3133 1470 3221 1524 hic
3262 1469 3521 1526 Marcelli-

1930 1575 2051 1628 nus,
2095 1576 2253 1630 quam
2302 1576 2487 1630 :equus
2538 1561 2764 1628 arbiter,
2807 1576 2968 1631 quam
2998 1561 3306 1616 moderatus
3334 1562 3515 1633 iudex,

1927 1652 2037 1721 ipsa
2068 1651 2225 1720 hujus
2258 1650 2580 1705 Collationis
2616 1661 2733 1707 acta
2762 1652 2955 1707 melius
2987 1652 3243 1706 indicant.
3274 1653 3515 1708 Dicerem

242 1745 313 1800 ab
361 1744 737 1801 EcclesiaStico
765 1745 1014 1810 concilio,
1061 1745 1111 1799 in
1139 1760 1245 1815 quo
1278 1746 1449 1815 potius
1470 1744 1680 1812 indices
1703 1753 1825 1800 sunt
1852 1754 1900 1814 Β
1929 1741 2070 1812 quod
2097 1742 2321 1797 Orosius
2344 1741 2496 1807 dicit,
2527 1745 2701 1797 virum
2724 1743 2987 1812 imprimis
3016 1743 3331 1812 prudentem
3358 1744 3519 1799 fuisse

198 1877 203 1881 -
234 1836 527 1891 antistites.
572 1836 739 1905 Quam
783 1846 961 1891 autem
992 1836 1245 1903 demisse,
1292 1844 1678 1905 temperanter,
1710 1852 1825 1892 mo-

236 1925 413 1990 deSIe,
447 1926 533 1979 hic.
573 1941 630 1981 se
659 1926 889 1996 gesserit
917 1926 1255 1980 Marcellinus
1280 1969 1294 1991 ,
1328 1935 1443 1981 acta
1490 1925 1603 1995 ipsa
1634 1926 1824 1981 melius

162 2040 163 2043 η
236 2016 549 2073 ostendent.
590 2000 817 2071 Nullam
849 2025 1026 2070 autem
1077 2014 1164 2070 hic
1209 2016 1323 2069 fieri
1356 2017 1682 2070 mentionem
1713 2016 1827 2086 epi-

237 2109 391 2179 scopi
420 2107 669 2174 Romani,
693 2122 798 2162 non
824 2106 1127 2171 mirabitur,
1159 2107 1270 2176 qui,
1294 2120 1411 2176 quae
1433 2106 1542 2175 iam
1568 2105 1697 2172 dixi,
1724 2121 1814 2160 ex-

234 2201 458 2271 pendet.
486 2200 620 2255 Eum
645 2209 790 2255 certe
816 2198 1205 2255 reverebantur
1222 2207 1275 2253 et
1300 2196 1658 2253 observabant
1681 2197 1816 2264 Afri,

237 2293 454 2348 tametsi
487 2293 538 2346 in
566 2292 796 2348 concilio
823 2291 1127 2346 Milevitano
1156 2299 1209 2346 et
1239 2289 1667 2361 Carthaginensi,
1697 2304 1818 2345 cum

190 2394 203 2425 ~'
236 2399 393 2439 suam
438 2384 489 2438 in
531 2394 756 2455 utroque
795 2382 1116 2439 sententiam
1149 2381 1215 2436 de
1256 2380 1556 2451 Pelagianis
1596 2381 1662 2435 ad
1695 2396 1816 2436 eum

234 2478 573 2543 retulissent,
620 2478 869 2532 dicantur
910 2476 1293 2531 transmarinas
1343 2472 1541 2544 alioqui
1583 2474 1819 2543 appella-

237 2570 416 2624 tiones
446 2569 760 2624 inhibuisse.
790 2567 897 2623 Sed
926 2583 1097 2637 neque
1122 2565 1551 2637 praetereundum
1573 2577 1656 2621 est
1676 2566 1817 2636 quod

234 2664 545 2731 observant,
574 2679 680 2733 quo
725 2672 968 2732 tempore
1014 2662 1129 2716 lnrc
1155 2659 1391 2716 Collatio
1422 2659 1683 2729 postulata
1712 2666 1814 2725 est,

138 2792 142 2797 ο
236 2770 309 2812 eo
337 2766 578 2824 tempore
608 2754 981 2811 Innocentium
1007 2754 1314 2823 episcopum
1348 2752 1527 2817 Rom.,
1567 2751 1705 2808 Urbe
1722 2752 1817 2806 abs

234 2846 431 2903 Gothis
451 2856 627 2916 capta,
656 2848 812 2916 longe
837 2845 980 2900 aliud
1003 2845 1142 2899 domi
1168 2844 1417 2898 habuisse
1442 2843 1585 2913 quod
1611 2852 1813 2919 ageret.

239 2941 311 2993 Et
346 2939 472 3010 quid
504 2940 547 2993 si
574 2939 747 2994 dicam
773 2954 894 2994 eum
927 2940 1234 2994 llonoriano
1260 2938 1524 3008 rescripto
1553 2935 1844 3020 mandate

235 3023 554 3087 Collationis
582 3032 744 3087 veluti
767 3032 1186 3100 subscripsisse?
1213 3029 1372 3085 Certe
1392 3029 1612 3086 Orosius
1638 3036 1819 3082 narrat

1926 1841 1979 1888 et
2016 1833 2362 1901 industrium,
2408 1835 2760 1903 omniumque
2801 1837 3065 1889 bonorum
3095 1835 3393 1890 studiorum
3421 1852 3553 1905 ap--~

1924 1927 2378 1995 petentissimum.
2419 1928 2525 1981 Sed
2553 1928 2711 1981 unius
2739 1928 3022 1996 Augustini
3055 1929 3364 1983 testimonio
3390 1944 3517 1983 cou-

1925 2026 2104 2072 tentus
2135 2032 2279 2081 sum,
2312 2026 2370 2072 ut
2411 2018 2705 2089 intelligam
2739 2018 2911 2091 virum
2954 2032 3235 2087 magnum,
3269 2028 3321 2072 et
3343 2020 3509 2088 juris-

1922 2096 2226 2165 eousultum
2257 2111 2479 2166 minime
2521 2110 2804 2181 profanum
2853 2110 3040 2165 fuisse.
3076 2108 3301 2180 Scripsit
3326 2113 3510 2183 Ango-

1921 2202 2098 2255 stinus
2141 2200 2207 2256 ad
2238 2217 2357 2256 cum
2392 2218 2496 2257 non
2529 2202 2701 2257 solum
2751 2202 2917 2256 libros
2947 2201 3015 2256 de
3038 2212 3378 2271 peccatorum
3409 2205 3514 2275 Me-

1925 2292 2042 2346 ritis
2067 2302 2120 2347 et
2139 2292 2683 2350 Remissionecontra
2702 2293 3042 2363 Pelagianos,
3070 2302 3124 2348 et
3150 2295 3217 2349 de
3241 2295 3440 2366 Spiritu
3462 2306 3515 2351 et

1920 2383 2118 2438 Littera
2149 2401 2160 2437 :
2196 2384 2291 2439 sed
2322 2395 2375 2440 et
2413 2384 2809 2440 eruditissimos
2856 2386 2977 2441 illos
3006 2388 3072 2442 de
3120 2386 3347 2443 Civitate
3389 2390 3503 2457 Dei,

1918 2475 2201 2545 inchoatus
2242 2476 2398 2546 paulo
2425 2487 2546 2546 post
2576 2474 2767 2532 urbem
2811 2488 3046 2547 captam,
3086 2479 3187 2535 hoc
3234 2488 3335 2547 est,
3367 2483 3506 2537 circa

1919 2576 2128 2637 tempus
2169 2568 2486 2624 Collationis
2525 2569 2966 2640 Carthaginensis
3000 2588 3011 2622 :
3046 2571 3139 2624 sed
3170 2578 3225 2625 et
3250 2572 3507 2640 epistolas

1920 2658 2051 2713 duas
2080 2660 2113 2713 5
2151 2669 2205 2714 et
2239 2660 2291 2726 7,
2325 2675 2388 2714 ex
2441 2660 2635 2728 quibus
2662 2639 2904 2729 appar‘et,
2958 2660 3010 2714 in
3040 2661 3213 2715 media
3246 2639 3380 2731 reip.
3409 2678 3535 2732 gur

1920 2751 2240 2806 bernatione
2272 2751 2640 2808 Marcellinum
2672 2750 2737 2806 de
2768 2751 3027 2821 religione
3065 2752 3327 2822 imprimis
3358 2755 3506 2808 solli-

1919 2841 2080 2896 citum
2130 2842 2319 2908 fuisse,
2370 2854 2422 2898 et
2471 2841 2850 2901 subtilissimas
2902 2844 3061 2897 etiam
3103 2844 3156 2897 in
3185 2858 3271 2899 ‘eo
3306 2860 3505 2915 genere

1919 2934 2630 3002 quaestionesintellexisse:
2664 2934 2775 2988 imo
2804 2935 3089 3004 quemdam
3138 2936 3304 2991 veluti
3346 2940 3503 3014 ἐργω-

1920 3023 2130 3082 διώκτην
2160 3024 2347 3089 fuisse,
2383 3025 2471 3094 qui
2504 3023 2859 3095 Aitgustinunt
2894 3025 3339 3081 iucitaret.Adde
3365 3030 3505 3097 ejus-

234 3128 364 3180 cum
395 3125 662 3181 Ravennae
707 3125 893 3189 fuisse,
926 3141 1030 3195 quo
1073 3133 1314 3193 tempore
1344 3124 1567 3177 Romam
1609 3122 1816 3175 invase—
1841 3124 1884 3185 C
1918 3115 2039 3171 dem
2070 3116 2347 3186 Augustini
2375 3117 2439 3170 ad
2477 3102 2598 3170 eum
2628 3116 2884 3185 epistolas
2935 3117 3090 3184 duas,
3127 3117 3230 3172 {£8
3269 3128 3323 3174 et
3365 3118 3500 3186 159,

234 3227 366 3272 runt
412 3215 591 3271 Gothi.
648 3216 706 3272 Si
762 3226 886 3273 tunc
918 3217 1180 3271 Ravennae
1220 3216 1336 3280 fuit,
1372 3214 1469 3268 fuit
1518 3228 1636 3268 eum
1680 3211 1810 3281 Imp.

236 3307 499 3362 Honorio.
534 3306 796 3377 Adjiciam
819 3308 959 3379 quod
990 3294 1162 3376 magis
1188 3306 1373 3361 mirari
1396 3305 1582 3376 aliquis
1612 3311 1812 3373 posset,

237 3398 472 3474 Felicem
508 3400 813 3470 quemdam,
854 3399 943 3468 qui
991 3413 1049 3453 se
1095 3398 1242 3453 urbis
1285 3396 1471 3452 Romae
1509 3395 1813 3464 episcOpum

236 3506 361 3547 esse
382 3492 637 3561 iactabat,
662 3492 713 3547 in
740 3492 838 3548 hac
859 3492 1289 3548 Collationecum
1317 3490 1607 3545 Donatistis
1625 3487 1811 3553 fuisse,

234 3592 355 3638 acta
389 3584 691 3655 signiﬁcant
712 3567 841 3647 ,'ubi
870 3595 920 3640 et
953 3584 1190 3637 Romana
1219 3583 1400 3637 nescio
1421 3596 1538 3649 quae
1561 3579 1814 3633 nobilitas

234 3675 397 3731 simul
449 3676 637 3731 adesse
674 3675 887 3731 dicitur.
921 3674 1024 3729 Sed
1069 3673 1312 3741 suspicor
1357 3672 1586 3738 aliquem
1639 3669 1812 3723 Dona-

234 3767 418 3821 tistam
469 3766 1003 3837 pseudoepiscopum,
1053 3762 1141 3832 qui
1173 3761 1358 3814 Romae
1382 3758 1495 3811 suis
1520 3756 1811 3812 Donatistis

232 3857 603 3913 Montensibus
642 3859 724 3930 (ut
773 3858 842 3911 ibi
875 3850 1299 3925 appellabantur)
1344 3847 1647 3918 prtrfuerat,
1678 3846 1811 3901 urbe

234 3962 413 4019 capta,
460 3948 663 4004 Gothos
698 3948 982 4017 fugientem
1011 3959 1131 3998 cum
1172 3942 1283 3995 suis
1322 3941 1374 3993 in
1418 3938 1652 3993 Africam
1696 3948 1807 3993 tra-

234 4042 454 4111 iecisse,
486 4050 540 4095 et
583 4056 703 4095 sese
746 4037 1025 4093 Collationi
1072 4032 1497 4102 Carthaginensi,
1547 4030 1600 4084 in
1648 4046 1808 4100 quam

234 4132 380 4188 forte
409 4133 615 4196 incidit,
648 4131 836 4200 cupide
878 4137 931 4184 et
960 4126 1243 4181 ambitiose
1273 4122 1645 4177 immiscuisse.
1677 4123 1810 4177 Nam

235 4234 291 4277 et
345 4222 634 4278 Donatistis
674 4218 983 4289 tempestive
1030 4214 1352 4269 submissum
1394 4211 1676 4267 videbatur
1705 4212 1807 4268 tale

234 4314 519 4368 auxilium.

306 4405 475 4459 Porro
500 4388 619 4457 cum
648 4399 890 4455 audimus
918 4394 1277 4450 Marcellinum
1310 4394 1580 4467 tribunum
1612 4403 1664 4447 et
1708 4408 1804 4446 no-

1920 3205 2009 3263 u'bi
2039 3224 2250 3279 quoque
2281 3208 2536 3278 scriptum
2566 3218 2669 3276 est,
2698 3223 2890 3263 causas
2927 3209 3345 3266 Ecclesiasticas
3386 3213 3501 3281 ejus

1916 3302 2247 3361 excellentiae
2279 3301 2621 3371 potissimum
2664 3300 2931 3369 iniunctas
2973 3300 3159 3357 fuisse.
3211 3302 3325 3357 Non
3357 3312 3490 3370 erat,

1919 3396 2093 3451 ut'ille
2119 3394 2257 3465 apud
2288 3392 2605 3458 Ciceronem
2635 3393 2893 3449 ridiculus
2922 3393 2984 3449 L.
3014 3393 3240 3458 Gellius,
3274 3396 3497 3465 quicum

1917 3488 1970 3542 in
1996 3487 2176 3542 Asiam
2207 3488 2400 3551 iturus,
2426 3485 2665 3540 Athenas
2704 3484 2962 3551 venisset,
3007 3489 3211 3554 putavit
3235 3501 3357 3541 sese
3384 3497 3493 3542 sta-

1917 3580 2008 3632 tim
2040 3593 2225 3632 omnes
2250 3575 2487 3630 omnium
2530 3574 3006 3644 Philosophorum,
3040 3592 3175 3645 quos
3220 3579 3286 3632 ad
3315 3594 3373 3633 se
3402 3596 3495 3636 vo-

1882 3735 1885 3738 ν
1913 3669 2074 3730 cavit,
2103 3666 2498 3720 controversias
2519 3664 2692 3719 obiter
2712 3664 2939 3721 delinire
2970 3681 3146 3735 posse,
3168 3684 3286 3723 cum
3314 3681 3491 3727 tamen

1914 3773 1981 3811 ne
2021 3770 2114 3809 eas
2145 3755 2353 3823 quidem
2385 3754 2729 3823 intelligeret.
2779 3755 2973 3812 Noster
3000 3758 3343 3815 Marcellinus
3387 3779 3492 3819 non

1911 3848 2075 3903 divini
2123 3849 2300 3900 minus
2329 3851 2502 3916 'quam
2555 3847 2773 3903 humani
2817 3850 2951 3918 juris
3003 3850 3207 3919 peritus
3243 3863 3378 3907 erat.
3427 3857 3495 3911 Et

1912 3955 2042 3997 vero
2072 3939 2205 3994 tales
2228 3940 2637 4009 iurisconsulti,
2675 3941 2825 4005 tales,
2860 3941 3099 4011 inquam,
3134 3943 3336 4011 politici
3368 3946 3491 4013 viri,

1909 4042 2017 4089 tam
2046 4032 2191 4103 digni
2236 4042 2375 4098 sunt,
2427 4033 2619 4101 quibus
2663 4034 2777 4086 haec
2806 4047 2933 4086 cura
2985 4034 3288 4102 mandetur,
3332 4052 3489 4104 quam

1910 4124 2065 4194 huius
2097 4124 2353 4192 temporis
2392 4123 2648 4193 profanos
2676 4124 2856 4178 nescio
2895 4140 3028 4194 quos
3056 4114 3334 4196 Ulpianos,
3366 4130 3493 4184 reli-

1907 4217 2080 4286 gionis
2108 4217 2354 4271 irrisores
2401 4225 2454 4272 et
2497 4217 2922 4287 proculcatorcs,
2970 4220 3149 4289 potius
3180 4237 3337 4291 quam
3367 4238 3494 4293 pro-

1907 4319 2205 4376 curatores,
2235 4310 2477 4367 Ecclesia
2504 4311 2700 4367 Christi
2730 4297 2919 4371 merito
2956 4325 3284 4372 exsecratur.
3313 4317 3495 4387 Augu-

1864 4442 1865 4445 η
1908 4400 2100 4466 stinus,
2124 4402 2285 4469 epist.
2316 4402 2383 4456 50
2410 4401 2476 4456 ad
2500 4402 2829 4458 Bonifacium
2858 4405 3108 4461 comitem
3142 4404 3382 4474 :Laudo,
3410 4409 3494 4462 in-

234 4498 428 4551 tarium
454 4494 729 4561 praefuisse
759 4490 881 4544 huic
916 4485 1220 4551 Collationi,
1252 4486 1599 4556 intelligimus
1629 4484 1803 4541 virum
1911 4491 2042 4560 quit,
2073 4502 2118 4544 et
2146 4492 2398 4565 gratulor.
2433 4502 2478 4547 et
2504 4494 2752 4561 admiror,
2781 4496 2859 4563 ﬁli
2886 4496 3213 4572 dilectissime
3232 4496 3491 4569 Bonifaci,

232 4588 531 4657 sapientem
572 4594 624 4638 et
653 4582 979 4651 religiosum,
1011 4589 1065 4633 et
1097 4587 1358 4649 potestate
1401 4592 1588 4648 magna
1618 4579 1809 4647 praedi-

235 4688 372 4741 tum,
420 4676 783 4744 magistratum
814 4671 935 4728 dico
966 4672 1313 4743 spectabilem
1356 4678 1410 4726 et
1450 4670 1804 4725 clarissimum

236 4774 385 4840 (nam
412 4768 556 4822 hisce
586 4768 753 4821 titulis
782 4767 1109 4821 ornabantur
1136 4766 1331 4821 tribuni
1365 4764 1575 4830 notarii,
1606 4772 1660 4819 et
1700 4765 1810 4818 Au-

231 4859 479 4932 gustinus
515 4860 631 4927 ipse
674 4858 727 4912 in
767 4858 924 4927 epist.
970 4857 1069 4913 159
1099 4868 1151 4912 et
1193 4859 1312 4924 160,
1353 4858 1416 4912 iis
1465 4867 1619 4911 ornat
1670 4855 1812 4911 hunc

232 4948 626 5020 Marcellinum)
655 4964 870 5018 Operam
896 4948 1112 5005 dedisse
1142 4950 1263 5005 huic
1284 4949 1592 5021 cognitioni.
1618 4949 1810 5004 Tribus

234 5058 338 5099 nus
380 5043 537 5098 etiam
578 5051 633 5099 et
682 5043 923 5098 notarius
965 5042 1127 5099 fuisse
1169 5043 1366 5097 dicitur
1398 5041 1656 5096 Dulcitius
1700 5042 1808 5108 ille,

234 5136 323 5191 cui
355 5145 539 5204 postea
583 5136 634 5190 in
664 5136 842 5191 Africa
873 5137 1247 5191 demandatam
1279 5150 1491 5206 quoque
1524 5134 1686 5189 fuisse
1719 5149 1815 5189 cu-

233 5242 351 5282 ram
406 5226 579 5297 legum
608 5236 664 5283 et
701 5228 1000 5298 jussiouum
1033 5227 1392 5298 impcrialium
1424 5234 1609 5280 contra
1640 5226 1816 5279 Dona-

238 5322 394 5375 listas
425 5319 611 5374 scribit
655 5321 877 5389 August.
913 5318 979 5373 Et
1011 5320 1285 5383 Ambros.,
1327 5321 1376 5371 in
1423 5316 1580 5387 epist.
1616 5318 1705 5379 59.,
1740 5318 1815 5370 ait

235 5411 459 5466 missum
515 5409 579 5461 ad
609 5423 668 5462 se
716 5423 836 5463 esse
874 5407 940 5461 ab
967 5407 1164 5476 Imper.
1195 5407 1569 5463 Valentiniano
1601 5406 1814 5483 Dalma-

239 5506 373 5558 tittm
402 5502 671 5555 tribunum
694 5509 747 5554 et
772 5500 1060 5561 notarium.
1086 5501 1175 5569 qui
1201 5504 1266 5553 ad
1290 5500 1664 5555 consistorium
1689 5514 1818 5554 evo-

223 5600 396 5651 caret
424 5591 762 5646 Ambrosium
797 5591 846 5647 in
877 5605 1040 5646 causa
1070 5591 1366 5660 religionis.
1408 5589 1627 5655 Omitto,
1656 5589 1818 5644 Clau-

251 5685 471 5755 dianum
513 5690 722 5759 poetam
756 5682 885 5757 eius
913 5682 1193 5758 temporis,
1226 5680 1422 5739 tribuni
1452 5688 1508 5737 et
1534 5679 1726 5737 notarii
1758 5681 1824 5736 ti-

1913 4583 2048 4650 quod
2076 4582 2202 4644 inter
2228 4599 2378 4637 curas
2404 4582 2649 4637 bellorum
2669 4594 2717 4638 et
2739 4600 2997 4639 armorum
3020 4571 3332 4641 veltE’menter
3359 4589 3495 4644 desi-

1914 4671 2063 4727 deras
2084 4691 2141 4727 ea
2164 4688 2332 4741 nosse,
2362 4690 2474 4746 qua:
2499 4675 2595 4728 Dei
2616 4686 2753 4731 sinit.
2785 4676 2889 4732 Sed
2912 4689 3120 4747 quanto
3136 4681 3304 4748 magis
3333 4680 3384 4733 id
3413 4681 3495 4736 di-

1913 4778 2035 4818 cere
2077 4758 2249 4835 p0tuit
2275 4766 2344 4821 de
2372 4765 2683 4822 Marcellino
2715 4750 2932 4844 iugatio?
2977 4768 3159 4838 Exstat
3210 4777 3264 4821 et
3307 4769 3495 4827 Hiero-

1916 4858 2061 4928 nymi
2106 4859 2329 4927 epistola
2364 4859 2429 4911 ad
2479 4858 2620 4914 hunc
2650 4858 3039 4922 Marcellinum,
3069 4874 3191 4927 qua:
3233 4861 3386 4915 testis
3416 4871 3502 4917 es:

1919 4948 2061 5003 hunc
2083 4950 2256 5004 virum
2280 4950 2654 5006 subtilissimas
2679 4949 2930 5004 Ecclesia:
2953 4951 3298 5019 quaestiones,
3328 4954 3496 5009 veluti

1915 5041 1981 5096 de
2020 5044 2225 5112 origine
2250 5043 2441 5097 animae
2467 5042 2694 5097 sollicite
2717 5043 3084 5109 preposuisse,
3112 5049 3168 5096 et
3191 5042 3255 5095 ad
3287 5041 3499 5101 discen-

1917 5134 2041 5188 dum
2091 5136 2258 5204 magis
2298 5145 2541 5204 paratum
2588 5135 2750 5188 fuisse
2780 5149 2939 5203 quam
2972 5140 3088 5187 erat
3136 5133 3495 5205 Hieronymus

1917 5224 2033 5293 ipse
2062 5224 2125 5277 ad
2172 5224 2601 5293 reSpoudcndnm
2629 5240 2641 5276 :
2674 5238 2735 5277 ac
2758 5238 2826 5277 ne
2865 5222 2968 5277 hoc
2996 5221 3210 5291 quidem
3255 5222 3496 5281 studium

1918 5315 2194 5369 remisisse
2224 5315 2274 5369 in
2310 5316 2479 5369 media
2523 5316 2657 5382 reip.
2701 5313 3129 5383 perturbatione,
3156 5327 3276 5366 cum
3308 5312 3501 5367 Hiero-

1919 5419 2111 5476 nymus
2138 5406 2186 5459 ei
2230 5406 2550 5468 rescribens,
2581 5404 2808 5458 fateatur
2837 5418 2957 5458 sese
2985 5403 3132 5459 urbis
3178 5403 3363 5456 Romae
3408 5418 3505 5471 va1

1919 5499 2151 5550 statione
2177 5496 2458 5551 confusum
2491 5510 2595 5548 non
2626 5509 2783 5562 posse
2813 5495 3005 5549 litteris
3028 5506 3247 5561 operam
3275 5490 3428 5547 dare.

1994 5588 2127 5643 Nolo
2170 5589 2270 5643 hoc
2300 5588 2419 5641 loco
2452 5587 2745 5654 praeterire,
2772 5584 2912 5653 quod
2946 5584 3059 5651 ipse
3089 5580 3425 5649 Augustinus
3450 5583 3507 5639 in

1925 5682 2019 5739 tib.
2064 5689 2184 5754 post
2223 5679 2417 5735 Collat.
2445 5692 2562 5749 cap.
2608 5676 2701 5743 24,
2744 5676 2838 5745 ait,
2874 5673 3178 5733 Donatistae
3215 5685 3245 5727 a
3277 5672 3516 5744 primate
