3860 6212
453 323 589 377 Ηϐτῖ

1924 322 2288 378 API’ENIllX.

3591 322 3707 379 I464

449 455 549 493 suo
580 455 677 508 per
703 440 1007 495 tractoriam
1038 438 1203 493 fuisse
1219 437 1788 494 evocatos.Tractoria
1813 436 2033 492 verbum
2064 443 2112 501 Α
2142 455 2225 493 na,-
2258 441 2308 492 in
2361 454 2567 495 summa
2601 457 2776 496 rerum
2827 457 3045 497 suarum
3089 457 3192 499 non
3242 441 3419 496 solum
3450 439 3705 510 perturba-

453 533 615 604 350
636 545 715 587 εει
733 533 871 601 juris
898 532 1092 596 nostri,
1120 532 1277 585 sicuti
1301 541 1354 585 et
1380 531 1432 583 in
1462 529 1649 585 eadem
1684 545 1850 600 prope
1876 530 2039 600 signi-

456 626 722 690 Iicationc,
753 623 977 689 Evectio,
1004 639 1111 691 quo
1137 624 1298 677 etiam
1322 623 1486 677 verbo
1512 623 1681 711 utitur
1708 623 2041 693 Augustinus

452 718 546 773 lib.
600 732 632 769 γ
660 716 910 772 Coufess.
939 715 1215 785 Significat
1238 723 1415 769 autem
1440 714 1675 769 libellum
1700 716 1781 768 vel
1804 715 2038 784 diploma

453 820 508 861 ut
549 809 728 862 missis
760 818 852 863 aut
874 807 1112 863 evocatis
1139 807 1295 860 detur
1325 807 1579 861 viaticum
1624 807 1692 861 de
1719 808 1955 875 publico,
1986 816 2041 862 et

450 902 613 956 ututi
665 902 873 969 j-ossint
912 915 1071 955 cursu
1124 899 1357 968 publico.
1410 899 1597 953 Exstat
1643 899 1737 953 lib.
1799 914 1871 953 xu
1901 898 2037 953 Cod.

448 994 590 1047 titul.
621 993 687 1047 de
738 993 923 1047 Tract.
954 993 1040 1045 ubi
1074 991 1343 1060 interpres
1375 998 1637 1059 prseterea
1676 988 1841 1043 refert
1868 989 2039 1058 quod-

451 1086 571 1139 dam
602 1086 957 1151 fragmentum
989 1083 1266 1151 cujusdam
1295 1081 1455 1136 edicti
1477 1082 1812 1136 Constantini
1840 1079 2040 1135 facien-

451 1181 518 1233 tis
569 1181 894 1233 mentionem
940 1176 1316 1231 tractoriarum
1364 1184 1420 1229 et
1464 1174 1759 1238 evectionis
1811 1173 2039 1241 publica:

447 1271 638 1325 danda!
684 1270 977 1323 Donatistis
1019 1278 1235 1338 propter
1266 1281 1485 1321 causam
1518 1264 1810 1320 Caeciliani.
1836 1264 2032 1333 Super-

447 1372 529 1417 est
587 1370 643 1416 ut
672 1377 997 1430 qum-ramus,
1031 1376 1136 1427 quo
1167 1374 1311 1412 anno
1352 1356 1532 1411 habita
1562 1358 1630 1409 sit
1657 1356 1885 1410 Collatio
1910 1353 2043 1410 Car-

451 1454 807 1522 thagiuensis.
838 1451 989 1517 Quod
1020 1449 1237 1518 quidem
1265 1463 1372 1516 quo
1395 1448 1564 1515 magis
1596 1460 1815 1500 necesse
1842 1447 1914 1499 sit
1942 1446 2041 1499 im-

446 1545 639 1615 primis
682 1542 903 1606 rescire,
950 1550 1096 1595 tanto
1140 1532 1310 1608 magis
1343 1537 1510 1591 miror
1541 1551 1802 1605 nusquam
1835 1536 1902 1589 ab
1930 1536 2039 1589 Au-

447 1632 662 1705 gusiino
692 1648 1003 1704 expressum
1035 1642 1126 1687 aut
1154 1640 1398 1685 notatum
1443 1642 1583 1683 esse.
1632 1628 1740 1683 Nec
1781 1642 1904 1697 spes
1934 1626 2039 1680 ulla

449 1738 585 1791 erat,
636 1725 855 1780 aliunde
901 1725 951 1779 id
981 1738 1139 1793 posse
1187 1721 1513 1789 intelligere.
1550 1719 1652 1775 Sed
1684 1728 1830 1774 tanto
1870 1719 2039 1788 magis

2144 531 2311 593 tione,
2343 532 2435 585 sed
2466 533 2626 587 etiam
2651 532 3047 603 desperatione,
3067 534 3492 603 praesertimjam
3519 544 3703 587 mortuo

2142 623 2604 689 Stilicone.Gothi
2636 625 2860 681 Romam
2901 635 3175 695 ceperant,
3205 637 3483 695 totamque
3522 625 3701 679 Italiam

2141 716 2472 782 evastabant,
2505 718 2858 787 omnibusque
2907 719 3112 786 imperii
3162 718 3389 773 Romani
3442 717 3700 785 previnciis

2142 804 2515 859 imminebant.
2547 806 2729 877 Neque
2759 818 2936 863 tamen
2992 819 3269 877 propterea
3304 808 3489 862 infelix
3534 808 3699 862 attoni-

2143 904 2333 963 tusque
2358 885 2626 951 Honorius
2655 914 2756 954 non
2777 900 2924 954 audit
2953 900 3209 954 ECclesite
3227 899 3494 953 Africaine
3518 913 3697 968 preces.

2144 984 2333 1041 Multas
2362 997 2413 1040 et
2436 988 2547 1056 ipse
2572 998 2796 1058 paterno
2827 992 3075 1061 exemplo
3098 991 3207 1060 jam
3242 990 3391 1058 leges
3418 991 3603 1045 tulerat
3623 989 3700 1043 ad-

2146 1090 2336 1130 versus
2357 1076 2677 1135 Donatistas.
2711 1079 2816 1135 Sed
2843 1092 2945 1133 tam
2972 1096 3095 1135 suas
3116 1096 3277 1149 quam
3301 1090 3554 1150 paternas
3579 1079 3699 1149 leges

2143 1165 2305 1220 veluti
2335 1168 2583 1237 suspendi
2616 1172 2829 1239 patitur,
2863 1186 2982 1226 eum
3025 1172 3175 1226 audit
3206 1172 3367 1226 aliter
3404 1162 3700 1225 cum'Dona-

2143 1258 2280 1313 tistis
2308 1276 2448 1315 nunc
2474 1262 2738 1332 agendum
2765 1278 2904 1319 esse.
2942 1263 3163 1333 Aliquot
3191 1273 3319 1318 ante
3360 1263 3514 1317 annis
3543 1264 3701 1318 edixe-

2142 1360 2224 1403 rat
2251 1351 2392 1420 quod
2432 1352 2496 1406 ad
2527 1368 2711 1407 earmn
2753 1357 3150 1411 exsecutionem
3184 1355 3508 1425 pertinebat,
3534 1372 3597 1410 ne
3625 1370 3700 1409 eas

2145 1441 2434 1497 Donatistm
2458 1453 2707 1513 putarent
2740 1447 3027 1502 refrixisse
3055 1459 3145 1501 aut
3174 1450 3364 1503 saltem
3389 1450 3627 1517 tepuisse,
3653 1460 3702 1501 ut

2143 1532 2375 1603 loquitur
2404 1536 2452 1589 in
2486 1536 2521 1589 l.
2575 1553 2697 1591 XLVI
2726 1537 2788 1592 C.
2819 1539 2917 1595 'I‘lt.
2938 1540 3003 1593 de
3024 1539 3226 1595 Hieret.
3255 1538 3366 1595 Sed
3380 1548 3703 1608 eteoquoque

2146 1633 2387 1694 tempore
2413 1626 2667 1696 jusserat,
2717 1638 2776 1682 ut
2823 1630 3033 1698 publice
3079 1640 3471 1699 proponeretur
3494 1629 3623 1696 quod
3656 1631 3701 1683 in

2144 1716 2378 1772 Africam
2411 1721 2631 1775 miserat
2660 1722 2892 1777 edietmu
2925 1722 2990 1776 de
3038 1724 3242 1775 unitate
3274 1721 3311 1775 ι.
3344 1737 3379 1775 ιι
3418 1719 3478 1776 C.
3528 1720 3619 1776 Tti.
3646 1720 3700 1775 de

450 1819 579 1871 tuihi
604 1818 901 1887 gratulatus
941 1832 1079 1883 sum,
1111 1831 1233 1870 eum
1264 1816 1315 1868 iu
1353 1815 1499 1867 Actis
1527 1812 1926 1880 manuscriptis,
1960 1822 2041 1867 at-
2073 1816 2120 1876 Β
2146 1805 2318 1876 Rclig.
2342 1808 2538 1864 Verum
2570 1811 2968 1866 Donatistarum
2993 1813 3224 1864 sehisma
3243 1812 3376 1865 solis
3399 1811 3584 1865 edictis
3610 1811 3700 1865 tolli

448 1924 553 1978 quo
591 1907 726 1962 adeo
764 1907 943 1961 statim
979 1908 1030 1961 in
1071 1906 1244 1975 prima
1288 1906 1476 1975 pagina
1516 1904 1617 1973 legi
1649 1903 1882 1958 habitam
1917 1919 2038 1959 esse

457 2000 519 2054 Ρ.
550 1999 607 2050 C.
648 1997 864 2052 Varmtis
886 1998 988 2051 kal.
1020 1998 1150 2051 Jun.
1181 1998 1269 2051 Sic
1301 1995 1512 2051 tandem
1542 1994 1781 2050 intellexi
1804 1995 2038 2050 habitam

450 2106 570 2147 esse
595 2090 836 2145 kalendis
856 2089 997 2144 Junii
1027 2099 1149 2159 post
1182 2088 1522 2144 consulatum
1538 2087 1786 2151 Varanis,
1811 2087 1912 2143 hoc
1933 2098 2037 2155 est,

454 2198 595 2235 anno
625 2181 824 2235 Christi
854 2180 1388 2251 quadringentesimo
1421 2179 1727 2243 undecimo,
1773 2189 1890 2248 post
1914 2194 2042 2249 cap-

458 2284 563 2328 tam
592 2274 779 2327 urbem
804 2273 1026 2328 Romam
1054 2273 1319 2342 proximo.
1351 2271 1494 2327 Sane
1518 2286 1663 2325 anno
1694 2270 1890 2325 Christi
1913 2286 2043 2340 qua-

455 2365 883 2435 dringentesimo
909 2365 1142 2425 decimo.
1163 2363 1410 2417 kalendis
1435 2362 1698 2429 Januarii,
1725 2362 1856 2417 nulli
1878 2361 2043 2418 fuisse

447 2458 701 2513 dicuntur
728 2458 896 2513 creati
927 2457 1181 2511 consules
1206 2454 1490 2520 ordinarii,
1546 2464 1602 2510 et
1651 2466 1940 2524 propterea
1987 2456 2041 2510 in

455 2552 775 2621 quibusdam
808 2550 986 2605 Fastis
1016 2549 1227 2618 reperio
1255 2564 1377 2603 eum
1407 2562 1605 2604 annum
1635 2548 1735 2603 hoc
1762 2548 1921 2603 modo
1948 2562 2045 2603 no-

454 2648 553 2702 tari
594 2647 655 2701 P.
688 2644 751 2700 C.
799 2646 931 2713 imp.
968 2642 1257 2697 Theodosii
1303 2641 1541 2697 Juuioris
1589 2642 1656 2697 A.
1703 2658 1780 2706 nt,
1810 2650 1865 2696 et
1907 2640 2036 2711 Imp.

454 2736 674 2793 Honorii
698 2736 764 2789 Λ.
795 2751 908 2789 νιιι.
935 2733 1041 2790 Sed
1074 2740 1253 2788 tamen
1277 2742 1489 2789 constat
1515 2749 1581 2789 eo
1606 2749 1770 2799 anno,
1798 2732 2042 2788 kalendis

456 2828 736 2882 Februarii
768 2827 819 2881 in
851 2825 1071 2882 Oriente
1100 2834 1337 2880 creatum
1383 2840 1504 2880 esse
1548 2824 1814 2880 Varanem
1843 2839 2041 2879 consu-

451 2920 581 2985 lem,
636 2922 819 2974 ltonne
858 2932 988 2972 vero
1042 2919 1185 2972 circa
1232 2916 1339 2970 kal.
1386 2915 1558 2971 Julias
1601 2916 1921 2970 Tertullum.
1972 2914 2042 2969 Et

453 3022 737 3081 propterea
770 3012 825 3065 in
855 3008 1122 3064 Chronico
1163 3007 1412 3076 Prosperi
1439 3017 1493 3061 et
1521 3005 1829 3061 Cassiodori
1874 3005 2038 3074 scrip-

452 3114 566 3159 tum
594 3113 698 3169 est,
736 3102 944 3155 Varane
972 3112 1025 3154 et
1070 3099 1319 3154 Tertullo
1363 3112 1505 3152 coss.
1551 3109 1761 3166 captam
1794 3112 1822 3150 a
1850 3095 2042 3151 Gethis

2144 1921 2249 1961 non
2290 1920 2448 1976 posse
2488 1904 2737 1959 audiebat
2771 1921 2783 1956 :
2833 1912 2887 1957 et
2939 1902 3205 1957 Africantc
3253 1902 3513 1956 Ecclesiae
3552 1912 3700 1955 tamen

2144 2000 2405 2051 unitatem
2431 1997 2682 2050 omnibus
2706 1994 2880 2050 modis
2903 1995 3110 2048 restitui
3139 1993 3381 2063 optabat.

2218 2087 2459 2157 Denique
2502 2086 2764 2143 Ecclesia:
2794 2086 2934 2141 illius
2979 2101 3161 2140 curam
3213 2085 3474 2154 majorem
3504 2082 3703 2155 gessisse

2145 2179 2376 2245 videtur,
2412 2194 2571 2249 quam
2601 2194 2711 2233 suae
2741 2179 2922 2233 Roma:
2949 2190 3110 2248 atque
3135 2178 3323 2232 Italiae.
3354 2177 3466 2245 Qua
3493 2178 3543 2232 in
3570 2193 3621 2231 re
3648 2176 3703 2230 Ia-

2147 2272 2247 2327 cile
2296 2272 2670 2328 admirabilem
2725 2273 2819 2328 Dei
2865 2271 3257 2342 providentiam
3314 2281 3582 2340 agnoscet,
3628 2269 3701 2338 qui

2146 2373 2344 2434 quanta
2385 2364 2545 2435 hujus
2596 2365 2851 2436 principis
2901 2365 3103 2436 alioqui
3158 2365 3274 2419 sive
3330 2363 3569 2420 socordia
3610 2363 3703 2416 sire

2145 2459 2377 2529 ignavia,
2403 2461 2516 2514 sive
2554 2456 2636 2531 (ut
2660 2458 2938 2515 Ciceronis
2959 2459 3123 2513 verbo
3156 2456 3303 2529 utar)
3329 2472 3437 2512 non
3466 2454 3701 2520 curantis,

2145 2562 2447 2622 quantaque
2475 2567 2661 2606 eorum
2694 2561 2992 2621 temporum
3038 2548 3283 2605 confusio
3312 2548 3497 2615 fuerit,
3548 2560 3701 2602 recor-

2145 2646 2376 2701 dabitur.
2406 2645 2610 2715 Nempe
2632 2645 2759 2700 fecit
2785 2645 2944 2709 Deus,
2986 2653 3043 2697 ut
3071 2644 3342 2698 llonorius
3376 2643 3463 2696 hic
3504 2639 3703 2694 audierit

2145 2736 2287 2790 viros
2314 2735 2506 2802 bonos,
2539 2742 2595 2789 et
2618 2735 2686 2790 ab
2710 2736 2772 2789 iis
2798 2735 2896 2789 sibi
2924 2733 3116 2787 dictari
3142 2747 3334 2802 passus
3352 2732 3425 2786 sit
3448 2729 3699 2798 rescripta,

2144 2843 2265 2897 qua:
2300 2828 2661 2896 consignaret.
2696 2826 2835 2896 Ergo
2871 2826 2921 2879 in
2954 2824 3209 2885 mandato
3234 2820 3392 2893 h'ujus
3417 2820 3701 2877 (lollationis

2145 2920 2353 2974 diceres
2383 2918 2744 2974 Theodosium
2795 2916 2971 2986 potius
3002 2931 3159 2987 quam
3209 2915 3506 2970 llunorium
3555 2912 3697 2982 loqui.

2145 3012 2462 3068 Ambrosius
2508 3012 2629 3076 ait,
2675 3010 3042 3066 Theodosium
3099 3009 3267 3079 magis
3321 3009 3389 3063 de
3446 3006 3696 3070 Ecclesia,

2143 3120 2300 3174 quam
2326 3104 2518 3158 animae
2538 3116 2649 3158 sua:
2671 3103 2845 3159 salute
2873 3102 3163 3157 sollicitum
3194 3102 3381 3156 fuisse.
3405 3099 3522 3155 Non
3549 3098 3697 3152 dicam

454 3194 642 3254 urbem
672 3196 896 3250 Romam
929 3193 1115 3248 fuisse.
1146 3193 1251 3248 Sed
1284 3190 1511 3246 Tertulli
1558 3190 1731 3244 rarior
1756 3199 1809 3243 et
1848 3189 2039 3243 obscu-
2064 3191 2109 3255 C
2146 3193 2433 3248 llonorium
2466 3194 2630 3247 lilium
2662 3192 2823 3249 fuisse
2863 3194 3083 3248 omnino
3124 3191 3368 3261 ejusdem
3399 3190 3579 3244 animi.
3609 3186 3698 3243 Sed

454 3291 561 3345 rior
595 3289 693 3343 fuit
720 3288 1005 3343 memoria.
1038 3288 1220 3357 Itaque
1250 3288 1301 3340 in
1329 3286 1533 3342 Chron.
1554 3284 1843 3339 Marcellini
1871 3283 2038 3353 scrip-

454 3391 563 3435 tum
593 3392 697 3445 est,
728 3380 940 3433 Varane
973 3379 1087 3431 solo
1116 3392 1229 3432 cos.
1261 3388 1473 3445 captam
1517 3377 1662 3430 illam
1696 3376 1882 3429 fuisse.
1914 3374 2039 3431 Scio

453 3470 609 3541 hujus
647 3468 879 3524 nominis
925 3468 1141 3544 variam
1172 3481 1293 3521 esse
1322 3467 1666 3536 scripturam.
1715 3465 1844 3519 Nam
1878 3465 2038 3519 modo

452 3563 593 3619 hunc
626 3563 914 3627 Varonetn,
949 3562 1110 3616 modo
1144 3560 1406 3625 Vararim,
1457 3558 1617 3612 modo
1646 3557 1914 3613 Varauum
1944 3572 2038 3612 no-

450 3656 642 3711 minari
670 3655 848 3709 audio.
878 3654 1010 3709 Puto
1033 3664 1210 3708 tamen
1240 3652 1442 3706 rectius
1461 3651 1750 3705 Varauem.

526 3748 777 3816 Sequenti
819 3761 961 3800 anno
1008 3746 1179 3801 fateor
1221 3743 1583 3799 Theodosium
1626 3745 1760 3811 Aug.
1810 3758 1860 3796 tv
1920 3756 2031 3808 eos.

451 3836 672 3892 indicari
720 3838 769 3890 in
800 3836 1069 3892 Chronico
1115 3837 1390 3905 Prosperi,
1436 3834 1764 3901 Cassiodori,
1798 3844 1852 3888 et
1896 3834 2035 3889 Mar-

450 3927 649 3980 cellini.
682 3927 785 3981 Sed
827 3927 1061 3997 PrOspcr
1090 3928 1237 3981 addit
1270 3926 1533 3981 Varanem
1566 3940 1670 3980 non
1702 3926 1873 3979 solum
1903 3925 2034 3981 urbe

451 4033 479 4071 a
525 4018 714 4082 Gothis
764 4029 919 4088 capta
961 4021 1133 4074 solum
1189 4021 1353 4074 fuisse
1388 4019 1740 4075 Orientalium
1800 4020 2029 4088 partium

449 4110 746 4171 consulem,
779 4113 871 4164 sed
918 4120 973 4163 ct
1012 4112 1064 4164 iu
1111 4112 1357 4178 sequenti
1401 4127 1543 4166 anno
1582 4112 1927 4167 observatum
1978 4112 2028 4166 id

446 4216 587 4256 esse.
614 4200 754 4267 Ergo
780 4202 830 4253 in
870 4202 1013 4255 Actis
1037 4218 1157 4270 qua:
1185 4202 1315 4269 dixi,
1346 4204 1605 4271 scriptum
1638 4213 1719 4257 est
1742 4203 1800 4258 P.
1833 4202 1892 4258 C.
1928 4203 2031 4256 Va-

446 4291 613 4353 ranis,
669 4291 770 4344 hoc
817 4300 902 4345 est
941 4306 1059 4361 p05t
1107 4295 1440 4347 consulatum
1485 4294 1730 4359 Varauis,
1779 4296 1843 4349 ad
1892 4294 2029 4350 indi-

444 4383 677 4439 candum
726 4398 850 4438 cum
880 4399 1077 4438 annum
1106 4385 1196 4453 qui
1227 4397 1445 4440 secutus
1488 4397 1570 4442 est
1607 4386 1750 4443 illius
1775 4390 2026 4446 consula-

447 4484 556 4528 tum
567 4515 579 4527 .

2142 3284 2194 3337 iu
2223 3284 2322 3339 hac
2349 3285 2538 3339 saltem
2585 3285 2979 3340 Donatistarum
3010 3299 3170 3340 causa
3210 3283 3360 3347 fecit,
3402 3282 3541 3353 quod
3570 3288 3698 3350 pater

2140 3376 2353 3431 fecisset
2394 3417 2409 3444 ,
2456 3388 2512 3433 et
2550 3377 2721 3433 edicta
2759 3378 2939 3434 emisit
2988 3364 3145 3448 plena
3196 3386 3438 3448 paterna:
3482 3375 3690 3447 pietatis.

2141 3468 2273 3523 Vivo
2292 3468 2551 3524 Stilicoue
2576 3470 2822 3525 solebant
2848 3469 2999 3523 multi
3039 3470 3357 3525 calumniari
3403 3470 3565 3540 leges,
3592 3482 3693 3537 qua}

2140 3561 2192 3614 in
2226 3560 2455 3638 Africam
2487 3560 2857 3626 mittebantur,
2888 3562 3097 3615 tametsi
3134 3560 3355 3616 Honorii
3384 3576 3575 3616 nomen
3600 3572 3692 3629 pra:

2137 3666 2197 3706 se
2217 3652 2432 3716 ferrent,
2454 3660 2629 3707 tamen
2651 3654 2817 3722 magis
2834 3653 2931 3706 abs
2950 3651 3227 3716 Stilicoue,
3248 3667 3410 3721 quam
3434 3653 3528 3706 abs
3538 3650 3689 3706 Theo-

2135 3742 2273 3798 dosii
2303 3743 2410 3798 filio
2456 3745 2612 3809 mitti,
2669 3755 2725 3799 ut
2778 3745 3103 3815 Augustinus
3152 3753 3337 3798 narrat
3381 3745 3537 3812 epist.
3586 3740 3686 3795 129.

2136 3834 2287 3889 Nunc
2315 3845 2522 3890 mortuo
2554 3836 2813 3892 Stilicoue
2840 3836 2945 3891 dici
2990 3838 3093 3891 tale
3121 3835 3326 3905 aliquid
3370 3849 3477 3889 non
3519 3833 3684 3904 potuit.

2136 3926 2283 3981 Idem
2322 3928 2673 3998 Augustinus,
2696 3944 2782 3997 ep.
2839 3930 2975 3995 l66,
3023 3930 3207 3986 scribit
3237 3930 3544 3984 Donatistas
3582 3940 3685 3981 con-

2134 4027 2353 4089 q'testos
2392 4033 2511 4073 esse
2539 4019 2607 4075 de
2635 4020 2839 4090 legibus
2864 4020 3094 4076 filiorum
3124 4021 3439 4076 Theodosii.
3466 4021 3565 4077 Sed
3590 4018 3687 4087 ipse

2133 4110 2424 4182 respondet
2454 4113 2581 4167 nihil
2609 4128 2702 4169 eas
2747 4114 2888 4168 aliud
2919 4130 3075 4182 quam
3108 4124 3357 4183 repetere
3382 4124 3544 4181 atque
3573 4104 3683 4166 con~

2132 4203 2623 4274 Ilrtnarejudicium
2656 4202 3419 4271 Constantini,Valentiniani,
3449 4201 3679 4267 Gratiani,

2130 4296 2448 4351 Theodosii:
2470 4294 2735 4366 simulque
2756 4297 3051 4352 detestatur
3072 4297 3346 4352 Iulianum
3374 4302 3679 4365 Apostatam,

2128 4391 2218 4460 qui
2267 4390 2347 4460 (ut
2383 4387 2479 4461 ait)
2526 4390 2830 4460 permiserit
2862 4391 3168 4446 libertatem
3212 4391 3498 4459 perditioni
3538 4388 3677 4459 partis

2129 4485 2340 4549 Donati,
2389 4496 2509 4538 eum
2561 4498 2628 4538 eo
2671 4483 2829 4538 modo
2859 4490 3069 4552 putaret
3092 4482 3461 4537 Christianum
3505 4492 3670 4536 nomen

513 4565 737 4633 Captam
785 4579 815 4617 a
874 4563 1062 4619 Gothis
1104 4564 1269 4620 fuisse
1315 4567 1502 4622 urbem
1542 4568 1764 4624 Romam
1816 4587 1866 4627 ιχ
1908 4572 2016 4628 kal.
2044 4580 2097 4640 D
2126 4589 2282 4643 posse
2312 4576 2485 4644 perire
2511 4572 2578 4629 de
2603 4576 2762 4629 terris
2786 4574 2830 4629 si
2856 4573 3145 4644 sacrilegas
3171 4574 3539 4628 dissensiones
3568 4570 3677 4624 libe-

442 4656 721 4726 Septemb.
751 4658 932 4711 verius
962 4667 1065 4712 est.
1096 4656 1298 4711 Eodem
1332 4668 1511 4713 autem
1552 4675 1695 4715 anno
1721 4664 1878 4729 paulo
1907 4675 2026 4733 post

440 4751 508 4802 ab
549 4750 678 4819 imp.
712 4749 951 4804 Honorio
979 4748 1233 4803 indictam
1264 4760 1318 4804 et
1363 4750 1676 4819 imperatam
1709 4756 1871 4809 fuisse
1909 4756 2025 4810 Col-

442 4842 696 4897 lationem
743 4841 1224 4912 Carthaginiensem
1269 4843 1569 4907 observavi,
1603 4845 1724 4913 quia
1770 4846 1886 4913 ejus
1924 4846 2023 4901 hac

440 4935 507 4987 de
534 4949 590 4988 re
618 4934 938 5003 rescriptum
972 4942 1151 4988 exstat
1182 4936 1235 4987 in
1266 4934 1389 4996 illis,
1421 4949 1537 5003 quae
1563 4934 1670 4988 dixi
1704 4936 1855 4996 actis,
1882 4937 2018 5005 quod

439 5024 621 5079 datum
646 5025 840 5077 dicitur
862 5023 1131 5078 Ravenute
1162 5024 1337 5091 pridie
1364 5024 1482 5078 idus
1511 5024 1790 5079 Octobres.
1824 5026 2017 5080 Consul

436 5132 542 5173 nou
573 5114 913 5179 adscribitur,
940 5117 1259 5185 negligentia
1290 5117 1513 5172 librarii.
1538 5117 1640 5173 Sed
1664 5117 1893 5171 adscribi
1924 5134 2019 5188 po-

438 5216 540 5262 test
567 5208 833 5275 debetque
870 5204 1115 5261 Varanes.
1163 5206 1252 5263 Sic
1280 5209 1417 5276 quod
1448 5209 1498 5261 in
1531 5209 1629 5263 hac
1659 5209 1885 5264 Ilistoria
1921 5210 2019 5263 im-

344 5290 349 5294 ’
436 5299 623 5370 primis
650 5298 1014 5365 quaerebatur,
1049 5298 1336 5353 etaliunde
1365 5301 1611 5368 cognosci
1655 5316 1756 5355 non
1790 5311 2012 5370 poterat,

433 5389 598 5459 liquet
638 5389 705 5441 de
737 5400 978 5457 tempore
1019 5387 1335 5443 Collationis
1368 5408 1381 5443 :
1430 5392 1569 5458 quod
1610 5392 1824 5461 quidem
1870 5403 2017 5448 tanto

430 5480 737 5549 diligentius
797 5478 1133 5548 investigavi,
1190 5481 1313 5549 quia
1383 5490 1436 5534 et
1488 5484 1775 5536 maximum
1832 5499 2010 5553 operte

430 5574 653 5637 pretium
700 5573 767 5624 sit
801 5571 1060 5639 imprimis
1101 5572 1391 5627 observare
1423 5582 1653 5642 tempus,
1681 5590 1785 5644 quo
1833 5576 2009 5632 llouo-

428 5664 535 5715 rius
564 5663 629 5715 ab
653 5662 846 5716 Africis
871 5661 1160 5717 Catholicis
1194 5674 1297 5716 tam
1341 5664 1496 5719 valde
1524 5666 1899 5735 interpellatus
1926 5677 2008 5722 est

425 5762 608 5805 contra
644 5753 1037 5808 Donatistarum
1067 5756 1461 5827 intemperiem.
1490 5757 1774 5814 Desidebat
1799 5758 2006 5817 Raven-

2129 4682 2215 4721 ras
2243 4682 2361 4722 esse
2403 4667 2755 4737 permitteret.
2791 4667 3084 4721 Donatistae
3109 4673 3296 4720 contra
3343 4666 3447 4720 hoc
3490 4663 3675 4719 nomine

2126 4759 2488 4827 praedicabant
2514 4758 2782 4814 lulianum
2817 4758 2987 4823 illum,
3015 4766 3071 4811 et
3106 4756 3247 4824 apud
3275 4770 3399 4810 eum
3423 4756 3583 4809 solum
3602 4765 3675 4806 so-

2126 4848 2229 4901 lam
2254 4849 2508 4927 justitiam
2531 4851 2706 4904 locum
2740 4850 2936 4905 habere
2959 4856 3241 4920 prejiterea
3265 4846 3555 4917 jactabaut.
3584 4843 3675 4899 Διι-

2120 4942 2366 5010 gustinus
2397 4942 2525 4995 nihil
2560 4944 2826 5011 injustius,
2855 4942 2988 4997 nihil
3034 4940 3323 5012 indignius,
3359 4938 3491 4995 nihil
3520 4938 3673 5008 perni-

2124 5030 2320 5085 ciosius
2350 5046 2469 5086 esse
2515 5036 2609 5086 ait.
2645 5033 2708 5085 Et
2736 5051 2865 5104 quae,
2897 5035 3092 5104 inquit,
3145 5035 3291 5104 pejor
3329 5048 3468 5086 mors
3492 5030 3671 5094 enim,

2123 5139 2277 5192 quam
2316 5123 2518 5177 libertas
2554 5128 2776 5181 erroris?
2818 5127 3024 5182 Interea
3074 5137 3253 5182 tamen
3302 5143 3369 5182 ne
3412 5122 3671 5182 Donatista:

2121 5214 2271 5281 queri
2288 5223 2630 5281 possent,aut
2655 5216 2755 5269 sibi
2779 5218 3025 5283 iujuriam
3056 5218 3191 5282 fieri,
3222 5229 3317 5273 aut
3341 5232 3464 5274 sese
3489 5212 3671 5271 inaudi-

2121 5313 2203 5356 tos
2230 5303 2469 5357 dantnari
2512 5322 2525 5356 :
2568 5304 2785 5373 placuit,
2825 5322 3008 5362 rursus
3055 5309 3106 5362 in
3153 5308 3457 5365 Collatione
3491 5306 3668 5364 tamdiu

2119 5396 2294 5451 audiri
2319 5396 2570 5466 quamdiu
2601 5398 2794 5453 vellent
2822 5416 2835 5452 :
2860 5410 2914 5454 et
2944 5402 3146 5457 interea
3179 5403 3380 5458 liberos
3406 5416 3543 5459 esse.
3574 5397 3666 5456 Sed

2115 5490 2313 5560 alioqui
2343 5506 2556 5559 semper
2597 5492 2648 5545 in
2668 5490 2838 5547 Africa
2865 5495 3174 5562 permittere
3200 5497 3372 5551 altare
3396 5504 3571 5551 contra
3601 5486 3667 5547 al-

2116 5590 2252 5646 tare,
2294 5582 2547 5650 majorem
2584 5582 2834 5638 Ecclesiae
2862 5585 3263 5643 deformitatem
3293 5604 3417 5645 esse
3435 5585 3664 5658 judicavit

2114 5672 2244 5741 imp.
2276 5673 2559 5740 Honorius,
2597 5690 2753 5743 quam
2783 5692 2848 5731 eo
2891 5676 3130 5748 tempore
3170 5678 3358 5737 Roma:
3381 5690 3495 5737 erat
3521 5677 3662 5735 inur-

2112 5764 2191 5819 his
2217 5764 2494 5821 eversione
2520 5778 2676 5835 atque
2693 5767 2959 5827 vastitate.
