3860 6212
252 288 279 340 1
312 287 405 343 Hi5

1146 288 1466 347 HISTORIA
1505 289 2097 347 CARTIIAGINENSiS
2134 242 2598 348 CGL-LATIONIS.

3374 296 3511 353 N66

334 400 485 457 Nunc
512 401 833 458 veniendum
861 411 943 459 est
964 403 1028 459 ad
1058 404 1215 471 Acta,
1246 406 1359 461 sive
1397 406 1847 477 (ut'appellabnn-
1874 409 1919 467 Α
1952 421 2081 475 pore
2109 407 2225 473 fuit,
2254 417 2308 461 et
2331 409 2574 476 quintum
2627 408 3014 464 meumenicum
3043 424 3162 466 esse
3205 410 3415 478 dicitur,
3461 420 3517 466 et

246 492 373 562 tur)
416 502 563 563 gesta
604 493 922 549 Collationis
964 514 975 547 :
1022 511 1142 565 quae
1172 496 1387 565 quidem
1419 497 1545 551 olim
1601 497 1839 552 studiose

241 596 507 653 excepta,
534 586 859 653 conscripta,
889 586 1189 657 collataque
1211 587 1441 652 fuerant.
1463 588 1556 643 sed
1587 589 1841 659 temporis

247 674 481 743 injuria,
551 675 982 745 posteritatisque
1052 677 1375 747 negligentia
1430 678 1834 745 intercideraut.

244 765 403 837 Ergo
432 782 553 822 cum
587 783 754 837 nuper
792 768 1051 838 majorem
1081 770 1469 842 melioremque
1498 787 1685 827 eorum
1721 788 1841 841 par-

245 866 391 924 tem,
443 859 704 915 beneficio
757 859 842 915 Jo.
875 860 996 915 'l‘ilii
1047 869 1236 916 nactus
1290 878 1488 927 essent,
1540 862 1839 917 existimavi

243 964 508 1020 magnum
557 953 685 1007 mihi
735 953 1019 1022 quemdam
1064 953 1373 1010 thesaurum
1422 955 1661 1011 oblatum
1697 970 1835 1011 esse.

244 1042 389 1098 Nam
418 1044 519 1100 etsi
546 1060 611 1100 ex
637 1044 934 1117 Augustino
963 1061 1170 1101 summa
1202 1047 1377 1117 capita
1412 1048 1565 1103 facile
1594 1057 1840 1118 repetere

247 1134 448 1191 liceat:
482 1146 657 1191 tamen
681 1138 866 1203 multa,
888 1152 1007 1208 quae
1033 1137 1123 1193 ille
1142 1139 1419 1208 praeteriit,
1440 1139 1836 1205 desiderabam,

246 1237 310 1281 et
357 1228 703 1283 memineram
752 1244 910 1298 quam
953 1229 1106 1284 valde
1141 1231 1266 1284 olim
1309 1230 1547 1286 Ecclesia
1579 1233 1840 1287 voluisset

246 1320 461 1391 integra
496 1321 608 1376 hrec
636 1324 765 1375 Acta
794 1321 920 1391 legi.
950 1336 1247 1392 eorumque
1271 1324 1581 1377 memoriam
1613 1339 1836 1379 conser-

245 1414 389 1468 vari.
420 1412 551 1467 Nam
591 1423 644 1468 et
675 1414 789 1483 ipse
836 1415 1161 1484 Augustinus
1206 1414 1257 1468 in
1301 1414 1396 1469 lib.
1420 1414 1490 1470 de
1518 1415 1693 1470 Gestis
1714 1430 1835 1471 cum

250 1506 498 1563 Emerita
549 1517 751 1571 narrat,
784 1508 920 1577 apud
949 1522 1137 1562 omnes
1185 1507 1266 1578 (ut
1302 1508 1397 1577 ait)
1427 1508 1711 1578 diligentes
1737 1508 1838 1563 Ec-

248 1601 451 1657 clesias
498 1601 776 1657 Africanas
824 1602 1111 1671 quotannis
1159 1617 1221 1656 ea
1264 1616 1294 1655 a
1340 1602 1517 1671 capite
1559 1602 1623 1655 ad
1675 1584 1834 1656 linem

251 1708 427 1763 usque
451 1693 640 1748 ordine
694 1693 915 1748 recitata
968 1693 1155 1761 fuisse,
1202 1709 1308 1763 quo
1355 1705 1595 1765 tempore
1637 1696 1835 1764 populo

1945 498 2010 553 iis
2038 497 2175 553 forte
2197 501 2521 554 occurrisset
2563 500 2827 569 quoddam
2859 512 3018 572 caput
3065 514 3333 572 tamquam
3381 502 3520 573 frag-

1944 600 2179 644 mentum
2212 590 2501 645 Gestorum
2535 590 2851 647 Collationis
2874 593 3331 662 Carthaginiensis,
3376 592 3517 663 quod

1943 690 2053 736 tum
2084 682 2133 735 in
2165 682 2256 735 illo
2317 681 2574 737 Orientali
2626 683 2855 738 concilio
2905 684 3169 753 prolatum
3216 684 3310 738 fuit
3363 683 3519 739 annis

1945 772 2225 842 plusquam
2256 782 2468 827 centum
2497 782 2550 826 et
2575 772 2926 843 quadraginta
2974 785 3318 843 posteaquam
3350 774 3521 829 fuerat

1942 870 2201 936 scriptum
2226 866 2276 920 in
2302 864 2480 919 Africa
2511 878 2526 922 :
2567 865 2867 920 existimavi
2894 880 2979 921 me
3007 874 3218 920 nactum
3245 879 3365 920 esse
3416 865 3521 919 ali-

1944 958 2093 1028 quid,
2119 958 2257 1028 quod
2284 959 2504 1013 minime
2530 959 2578 1012 in
2604 958 2705 1013 hoc
2725 960 3115 1014 commentario
3142 957 3516 1029 negligendum

1944 1060 2105 1107 esset.
2136 1052 2229 1106 Est
2259 1062 2435 1106 autem
2478 1052 2782 1119 ejusmodi:
2841 1051 2920 1106 Ex
2964 1051 3128 1105 Gestis
3154 1092 3167 1115 ,
3214 1048 3327 1119 qua!
3371 1053 3511 1121 apud

1945 1141 2310 1197 Marcellinum
2346 1142 2404 1195 V.
2441 1142 2500 1197 C.
2546 1144 2803 1195 tribunum
2855 1153 2901 1196 et
2943 1144 3194 1195 notarium
3219 1152 3331 1195 acta
3377 1150 3513 1207 sunt,

1940 1250 2057 1303 cap.
2116 1234 2248 1297 188,
2297 1234 2609 1302 Augustinus
2655 1236 2919 1306 episcopus
2967 1234 3210 1289 Ecclesia:
3256 1235 3518 1289 catholicae

1941 1324 2070 1377 dixit
2097 1341 2115 1378 :
2149 1324 2270 1378 Non
2299 1326 2349 1377 in
2377 1324 2668 1379 hominibus
2694 1342 2808 1394 spes
2837 1326 3069 1394 ponenda
3088 1341 3156 1379 est
3180 1326 3441 1391 Ecclesiw,
3474 1326 3517 1379 si

1943 1415 2227 1479 boni‘sunt,
2262 1432 2441 1484 neque,
2484 1416 2527 1469 si
2554 1415 2677 1468 ntali
2696 1425 2832 1478 sunt,
2855 1416 3143 1485 judicanda
3164 1425 3237 1470 est
3284 1414 3381 1471 Dei
3410 1414 3513 1469 Ec-

1941 1511 2093 1564 clesia
2124 1511 2357 1580 periisse.
2384 1509 2489 1565 Sed
2520 1520 2685 1562 tamen
2730 1510 2959 1578 ipsorum
3014 1526 3217 1563 causam
3263 1520 3516 1574 tamquam

1940 1603 2159 1672 fratrum
2187 1615 2478 1657 nostrorum
2523 1606 2881 1673 suscipimus;
2928 1614 2996 1668 et,
3040 1604 3085 1657 si
3134 1606 3277 1658 nobis
3320 1602 3515 1657 ostendi

1941 1698 2192 1766 potuerint
2225 1698 2509 1762 criminosi,
2535 1698 2681 1750 hodie
2712 1698 2827 1750 illos
2856 1697 3385 1750 anathematizamus:
3416 1711 3515 1749 non

250 1786 488 1841 maxime
513 1786 778 1857 integrum
803 1795 920 1841 erat
940 1786 1144 1841 audire.
1176 1786 1371 1841 Fateor
1400 1802 1505 1840 non
1536 1788 1696 1842 modo
1720 1787 1832 1856 lep-
1866 1786 1911 1845 B
1940 1799 2104 1842 tanien
2129 1799 2337 1857 propter
2360 1789 2476 1843 illos
2500 1787 2781 1842 Ecclesium
2810 1788 2963 1841 αι)εο
2986 1789 3286 1857 promissam
3306 1798 3349 1843 et
3372 1787 3517 1842 exhio

252 1881 508 1950 tologica,
538 1881 631 1935 sed
671 1891 723 1935 et
754 1896 919 1949 prope
950 1881 1272 1949 battologica
1290 1895 1449 1950 posse
1480 1881 1646 1934 videri
1675 1896 1689 1933 :
1715 1881 1836 1948 quia

250 1972 551 2026 reciteutur
580 1984 766 2025 omnes
813 1971 1206 2024 Donatistarum
1236 1970 1630 2034 cavillationes,
1662 1985 1726 2023 ac
1770 1987 1836 2025 ne

246 2063 475 2117 verbum
519 2062 733 2130 quidem
763 2062 929 2115 ullum
959 2062 1414 2130 praetermittatur.
1447 2062 1549 2117 Sed
1582 2061 1837 2116 Ecclesia:

211 2156 305 2211 'et
333 2156 541 2227 reipub.
572 2154 834 2219 interfuit,
864 2155 1068 2224 singula
1098 2155 1258 2226 351
1286 2170 1349 2208 eo
1383 2154 1542 2209 modo
1569 2154 1835 2209 conscribi

244 2256 412 2317 atque
436 2247 651 2316 exponi.
682 2246 748 2301 Et
767 2254 947 2301 tamen
966 2261 1033 2300 tte
1054 2262 1239 2316 eorum
1266 2244 1402 2301 forte
1428 2246 1703 2315 longitudo
1728 2246 1839 2301 lec-

246 2348 398 2395 tores
415 2337 735 2405 deterreret,
753 2337 1076 2407 Augustinus
1093 2338 1362 2407 epitomeu
1385 2338 1543 2391 etiam
1565 2338 1840 2406 conscrip-

244 2434 343 2497 sit,
385 2447 541 2501 quam
564 2433 773 2487 vocavit
794 2432 1127 2487 Breviculum
1153 2449 1166 2484 :
1197 2441 1251 2486 et
1273 2447 1455 2487 rursus
1477 2431 1663 2485 eadem
1692 2431 1756 2485 de
1780 2446 1839 2486 re

244 2524 468 2592 scripsit
491 2523 541 2577 in
571 2524 664 2579 lib.
683 2522 1043 2589 PostCollat.,
1062 2533 1116 2579 et
1138 2524 1368 2593 denique
1396 2540 1461 2577 ex
1491 2523 1696 2595 synodo
1723 2523 1838 2579 Cir-

246 2616 656 2673 tensieamdem
680 2618 1042 2679 narrationem
1078 2619 1293 2689 repetit,
1323 2618 1479 2687 epist.
1515 2617 1640 2683 152,
1674 2632 1832 2687 quam

243 2708 469 2777 quidem
496 2709 778 2778 epistolam
811 2708 1029 2773 indicat,
1063 2724 1184 2763 eum
1214 2709 1280 2762 ad
1305 2709 1676 2763 Marcellinum
1702 2709 1836 2763 scri-

244 2798 384 2853 bens
415 2800 483 2855 de
525 2801 672 2855 hisce
712 2800 823 2857 suis
867 2801 1143 2855 laboribus
1187 2800 1239 2854 in
1280 2801 1437 2867 epist.
1491 2799 1633 2855 158:
1680 2799 1833 2865 Mihi,

244 2889 448 2960 inquit,
480 2893 580 2962 fuit
618 2892 860 2945 breviatio
881 2901 1137 2963 gestorum
1170 2892 1472 2946 Collationis
1499 2902 1686 2946 nostra:
1714 2893 1837 2946 satis

241 2996 480 3051 operosa,
509 2996 625 3033 cum
648 2981 867 3034 viderem
896 2982 1149 3034 neminem
1174 2982 1299 3034 velle
1326 2992 1466 3034 tanto
1492 2983 1666 3053 aggeri
1698 2983 1832 3035 litte-

242 3089 427 3126 rarum
468 3072 681 3143 legendo
727 3088 781 3127 se
817 3073 1167 3127 committere:
1213 3073 1343 3126 sicut
1387 3074 1511 3125 mihi
1556 3074 1652 3141 fuit
1684 3074 1833 3127 etiam

1942 1882 2095 1934 bitam
2128 1881 2406 1935 deserimus
2438 1891 2481 1933 et
2504 1880 2851 1948 relinquimus.

2015 1974 2126 2027 Hoc
2161 1974 2513 2043 fragmentum
2544 1982 2597 2026 et
2617 1988 2735 2041 cap.
2766 1973 2865 2026 187
2897 1972 3181 2028 GcStorum
3204 1970 3516 2026 Collationis

1940 2064 2121 2119 deerat
2143 2066 2303 2118 etiam
2337 2065 2387 2117 iu
2413 2062 2623 2117 'l‘iliano
2644 2063 2962 2131 exemplari,
2990 2061 3130 2130 quod
3189 2062 3369 2116 multis
3396 2061 3515 2116 aliis

1942 2156 2114 2211 modis
2153 2170 2397 2210 mancum
2450 2166 2505 2210 et
2532 2155 2776 2208 mutilum
2833 2162 2934 2208 est.
2990 2151 3096 2207 Sed
3152 2150 3352 2207 interea
3388 2152 3514 2207 dum

1940 2248 2388 2317 exsliectabimus,
2416 2246 2771 2318 utaliquando
2799 2247 3002 2315 integra
3033 2245 3122 2299 illa
3161 2244 3319 2300 Gesta
3362 2259 3513 2313 repe-

1944 2343 2151 2396 riantur
2178 2351 2231 2396 et
2253 2341 2498 2407 edantur,
2528 2341 2846 2411 principuam
2873 2348 3075 2409 partem
3106 2339 3326 2410 hujusce
3347 2338 3517 2394 Colla-

1942 2433 2103 2487 tionis
2133 2448 2487 2501 exponamus.
3230 2482 3233 2483 ν

2010 2524 2086 2579 Ac
2113 2525 2373 2594 imprimis
2422 2524 2635 2592 quidem
2689 2524 2919 2577 observo
2965 2536 3211 2591 maguum
3270 2528 3323 2575 et
3374 2519 3516 2574 cele-

1940 2616 2090 2670 brem
2121 2616 2285 2671 fuisse
2312 2628 2636 2671 conventum
2691 2632 2810 2670 cum
2856 2615 3108 2670 catholici
3137 2614 3371 2684 episcopi
3413 2614 3514 2667 du-

1939 2710 2077 2763 centi
2096 2719 2149 2764 et
2169 2711 2437 2780 octoginta
2464 2724 2579 2772 sex,
2605 2710 2893 2764 Donatista:
2917 2724 3043 2763 vero
3066 2707 3277 2763 ducenti
3303 2717 3515 2776 septua-

1938 2801 2083 2871 ginta
2138 2815 2331 2856 novem
2378 2803 2773 2856 convenissent.
2830 2803 2893 2856 Et
2956 2811 3150 2871 tamen,
3183 2799 3340 2868 paulo
3391 2808 3516 2853 ante

1938 2894 2108 2947 multo
2130 2894 2310 2963 plures
2367 2894 2654 2948 Donatista:
2710 2903 3071 2947 convenerant
3133 2893 3183 2946 in
3241 2889 3513 2960 Bagaiensi

1938 2985 2167 3040 concilio
2193 2986 2451 3040 adversus
2475 3000 2603 3039 suos
2631 2985 3066 3048 Maximiauistas,
3086 2968 3308 3037 alteram
3342 2982 3515 3035 Dona-

1940 3077 2182 3131 tistarum
2210 3088 2432 3132 sectam.
2466 3076 2616 3132 Adeo
2665 3059 2717 3131 in
2762 3075 2942 3130 Africa
2990 3074 3284 3129 invaluerat
3325 3072 3513 3129 Donati

244 3166 470 3233 epistola
498 3167 566 3219 ad
594 3167 731 3238 ipsos
774 3167 933 3220 laicos
978 3166 1277 3221 Donatistas
1302 3168 1365 3220 de
1395 3167 1489 3221 hac
1511 3168 1688 3221 eadem
1716 3161 1907 3245 Col-C
1939 3168 2188 3222 Suboles:
2223 3183 2396 3237 neque
2420 3169 2613 3222 nonde
2635 3183 2729 3221 sua
2758 3167 3100 3221 multitudine
3119 3165 3193 3218 illi
3217 3164 3515 3233 gloriaban-

242 3260 439 3313 latione
465 3270 655 3313 nostra.
688 3259 887 3316 Scribit
913 3269 1092 3315 autem
1137 3261 1201 3315 ad
1230 3262 1616 3327 Marcellinum,
1648 3273 1701 3315 ut
1732 3280 1832 3331 pu-

244 3350 512 3405 blicentur
540 3363 687 3421 gesta
718 3354 767 3405 in
810 3367 967 3406 causa
1015 3354 1369 3422 quorumdam
1402 3355 1693 3410 crudelium
1730 3355 1834 3409 Do-

241 3441 562 3497 natistarum
598 3444 647 3496 iu
668 3443 873 3513 judicio
904 3443 1295 3499 convictorum.
1344 3445 1475 3501 Nam
1508 3456 1557 3500 et
1591 3446 1711 3501 talia
1742 3462 1829 3503 re-

240 3532 398 3587 citari
446 3549 540 3602 per
577 3548 767 3589 omnes
805 3535 1081 3591 Ecclesias
1120 3545 1271 3605 aptat
1316 3553 1421 3592 non
1454 3539 1631 3592 minus
1672 3554 1830 3607 quam

238 3635 391 3696 gesta
419 3628 588 3698 ipsius
613 3626 949 3683 Collationis.
982 3628 1131 3683 Adeo
1165 3629 1384 3684 historia
1433 3631 1827 3686 DonatiStarum

239 3718 360 3773 visa
386 3729 467 3775 est
486 3719 667 3789 digna,
692 3735 811 3790 qua:
834 3721 1211 3776 inculcaretur.
1233 3721 1420 3777 Obiter
1441 3706 1617 3777 aulam
1640 3723 1826 3779 admo-

240 3826 366 3874 neo.
402 3811 510 3866 falli
544 3812 845 3876 Erasmum,
892 3814 980 3883 qui
1015 3815 1064 3867 in
1105 3789 1565 3884 argumento’ejus
1587 3814 1650 3870 ad
1684 3815 1825 3870 Mar-

240 3902 496 3958 cellinum
525 3904 767 3973 epistola:
811 3914 1054 3967 annotat,
1088 3906 1442 3976 Augustinum
1472 3906 1538 3961 ad
1587 3907 1821 3963 Marccil.

240 4005 447 4063 petere,
480 4007 535 4049 ut
580 4010 701 4066 quae
739 3998 998 4051 adversus
1032 3997 1332 4052 Douatistas
1374 3999 1426 4052 in
1456 3999 1685 4053 concilio
1715 4000 1827 4068 epi-

237 4103 522 4157 scoporum
546 4088 761 4145 decreta
789 4099 931 4153 sunt,
960 4091 1318 4160 publicentur.
1341 4088 1499 4147 Certe
1528 4092 1578 4147 in
1595 4092 1823 4146 concilio

235 4183 612 4252 episcoporum
662 4199 767 4238 non
806 4183 1195 4239 decernebatur
1235 4185 1375 4254 quod
1422 4200 1516 4254 pro
1571 4186 1821 4241 tribunali

235 4272 554 4329 Marcellini.
603 4274 768 4330 Porro
815 4285 870 4330 ut
900 4276 1165 4345 gaudebat
1207 4277 1534 4346 Augustinus
1564 4277 1817 4332 Mareelli-

236 4382 365 4419 num
388 4364 701 4422 Collatiouis
723 4369 1054 4439 engnitorem
1087 4368 1269 4431 fuisse,
1296 4370 1455 4423 sic-et
1486 4368 1815 4423 Bunil‘acium

231 4458 499 4514 Comitem
539 4458 756 4529 optabat
788 4459 909 4528 ejus
940 4460 1216 4515 historiam
1248 4474 1592 4530 cognoscere.
1627 4458 1816 4533 itaque

1936 3266 2023 3311 tur
2054 3273 2160 3311 nun
2192 3259 2367 3311 minus
2398 3274 2553 3328 quam
2586 3259 2719 3311 alias
2738 3258 2805 3312 de
2831 3273 2922 3311 sua
2950 3258 3237 3326 paucitate.
3267 3252 3515 3324 Augusti-

1936 3365 2038 3404 nus
2070 3350 2319 3404 vanitatis
2342 3365 2433 3405 eos
2460 3350 2785 3420 redarguere
2813 3350 2945 3413 vult,
2964 3351 3082 3418 quia
3104 3347 3371 3418 jactareut
3395 3360 3513 3400 sese

1934 3456 2055 3497 esse
2087 3442 2361 3513 plusquam
2385 3442 2870 3511 quadringentosﬁn
2899 3441 3074 3495 Africa
3096 3440 3378 3493 antistites.
3405 3436 3511 3493 Sed

1933 3534 1978 3587 si
1996 3548 2125 3589 suos
2142 3534 2682 3587 Maxiniiauistas’sibi
2706 3532 2920 3599 adjnngi
2948 3531 3303 3597 patiebantur,
3326 3544 3509 3585 revera

1935 3632 2088 3678 erant
2120 3624 2397 3692 plusquam
2426 3622 2819 3692 quadringenti.
2856 3622 3273 3676 Maximianistas
3303 3631 3505 3683 autem,

1932 3718 2024 3786 qui
2066 3731 2169 3771 nou
2203 3718 2377 3770 minus
2431 3716 2686 3784 aptabant
2730 3715 2850 3768 huic
2877 3713 3157 3767 Collatiuni
3222 3714 3505 3776 interesse,

1932 3824 2090 3879 quam
2122 3809 2310 3879 reliqui
2345 3809 2635 3863 Donatista:
2660 3823 2779 3863 eam
2801 3806 3152 3876 refugiebant,
3204 3820 3306 3858 nou
3346 3803 3505 3858 modo

1929 3902 2217 3957 Donatistae
2248 3902 2572 3970 rejccerunt,
2628 3901 2722 3955 sed
2753 3912 2805 3955 et
2835 3896 3091 3953 Catholici
3141 3892 3499 3953 excluserunt.

1926 3991 2035 4047 Cur
2065 3992 2115 4047 id
2142 3994 2333 4047 factum
2366 3994 2457 4059 sit,
2504 3993 2703 4047 indicat
2730 3992 3057 4061 Augustinus
3086 3991 3135 4043 in
3184 3990 3318 4043 libro
3343 3991 3501 4057 tet-tio

1927 4098 2110 4139 contra
2140 4084 2439 4139 lulianum:
2467 4085 2756 4157 Cupientes,
2788 4086 2975 4153 inquit,
3001 4083 3325 4153 exiguitatem
3352 4098 3496 4136 suant

1925 4169 2127 4229 nomine
2150 4176 2325 4229 saltem
2349 4178 2644 4232 certaminis
2670 4176 2947 4239 consolari,
2980 4186 3025 4230 et
3054 4178 3166 4229 ideo
3211 4177 3370 4228 videri
3396 4176 3469 4229 ali
3480 4205 3499 4216 -

1922 4269 2045 4337 quid
2072 4269 2210 4337 apud
2235 4285 2320 4323 eos
2374 4269 2555 4338 quibus
2600 4270 2997 4337 contemptibiles
3017 4278 3189 4330 erant,
3221 4268 3339 4335 quia
3367 4266 3497 4323 inire

1922 4362 2182 4414 nobiscum
2210 4362 2490 4414 sinerentur
2512 4377 2742 4427 examen,
2769 4361 3149 4431 interpellantes
3170 4342 3259 4411 eos
3280 4369 3324 4410 et
3355 4358 3498 4411 libel-

1923 4457 2031 4508 lum
2058 4455 2235 4509 dantes
2267 4467 2692 4525 provocantesque
2716 4456 3126 4521 contempsimus.
3161 4452 3326 4522 Magis
3363 4451 3496 4504 enim

231 4548 302 4603 ad
335 4564 455 4602 eum
501 4548 741 4603 scribens
770 4550 929 4620 epist.
962 4549 1030 4605 50
1059 4567 1071 4603 ε
1124 4550 1396 4615 Quoniam,
1445 4551 1633 4616 inquit,
1668 4549 1815 4605 valde
1840 4537 1893 4597 D
1920 4548 1982 4600 de
2013 4548 2288 4601 certamine
2328 4547 2581 4601 nominari
2629 4546 3006 4610 desiderabant,
3054 4559 3202 4613 quam
3250 4544 3497 4613 [ermida-

232 4639 439 4711 prolfxa
473 4650 589 4694 sunt
618 4652 776 4711 gesta,
802 4653 848 4695 et
875 4642 964 4695 tibi
989 4642 1107 4695 aliis
1128 4643 1274 4695 rebus
1306 4629 1550 4697 Romana:
1583 4643 1698 4713 paci
1726 4660 1812 4697 ne-

230 4730 466 4787 cessariis
497 4743 761 4802 occupato.
802 4732 1017 4786 multant
1041 4743 1112 4787 est
1135 4744 1189 4787 ut
1220 4733 1473 4805 legantur,
1508 4735 1809 4789 breviarium

228 4837 407 4875 eorum
451 4821 538 4874 tibi
576 4822 677 4893 legi
704 4824 905 4885 poterit.
957 4825 1093 4891 Quid
1129 4826 1347 4879 multis?
1386 4825 1723 4881 Existimavit
1754 4827 1805 4881 in

227 4913 297 4968 iis
327 4913 480 4966 sitam
524 4927 644 4968 esse
695 4914 946 4969 Ecclesiae
978 4918 1280 4973 victoriam.
1331 4918 1510 4989 Itaque
1549 4919 1599 4973 in
1647 4921 1802 4987 epist.

194 5044 195 5047 η
226 5004 337 5060 204
369 5003 433 5057 ad
482 5004 767 5073 quemdam
797 5006 1126 5061 Donatistam
1152 5026 1165 5061 :
1203 5008 1467 5074 Prtestitit,
1488 5010 1676 5079 inquit,
1704 5011 1804 5063 mi-

224 5095 507 5162 sericordia
540 5094 651 5158 Dei,
687 5107 742 5149 ut
764 5106 809 5149 et
834 5113 923 5151 nos
945 5102 1228 5171 etepiscOpi
1252 5104 1402 5154 vestri
1428 5112 1529 5155 tam
1552 5104 1805 5174 frequenti

225 5202 599 5256 numerosoque
642 5198 885 5242 conventu
922 5189 1279 5263 Carthaginem
1310 5195 1610 5258 veniremus,
1657 5205 1805 5257 atque

222 5280 357 5331 inter
377 5294 468 5331 nos
493 5278 556 5330 de
571 5279 682 5349 ipsa
703 5278 1014 5334 dissensione
1034 5281 1411 5337 ordinatissime
1435 5287 1798 5353 conferremus.

224 5369 382 5426 Gesta
409 5372 691 5441 conscripta
721 5380 859 5435 sunt,
891 5382 1075 5426 nostra:
1114 5376 1269 5428 etiam
1300 5375 1691 5445 subscriptiones
1729 5384 1801 5429 te-

1921 4642 2042 4695 bant
2072 4642 2124 4693 in
2152 4642 2423 4694 certamine
2444 4641 2669 4711 superari
2700 4656 2717 4692 :
2740 4656 2827 4693 nec
2853 4638 3121 4701 sperabant
3138 4638 3360 4690 victoriw
3383 4638 3494 4707 glo-

1913 4733 2065 4797 riam,
2096 4734 2185 4787 sed
2213 4737 2405 4805 famam
2428 4735 2743 4804 requirebant
2767 4732 3086 4795 Collationis,
3116 4733 3233 4800 quia
3260 4732 3490 4784 multitu-

1913 4826 2048 4880 dinis
2072 4843 2171 4880 non
2200 4826 2463 4880 habebant.

1981 4917 2107 4971 Haec
2133 4918 2221 4971 ille
2255 4936 2265 4969 :
2300 4918 2387 4986 qui
2441 4916 2565 4971 inde
2594 4915 2781 4984 probat
2814 4929 2916 4968 non
2963 4930 3082 4969 esse
3128 4930 3485 4985 consequens,

1911 5010 2074 5079 utqui
2107 5009 2353 5062 conferre
2384 5009 2433 5060 iu
2460 5008 2858 5076 aliquojudicio
2888 5009 3070 5061 volunt
3098 5024 3193 5061 nec
3215 5010 3481 5071 sinuntur,

1910 5112 2033 5170 puta
2047 5100 2090 5152 ri
2121 5100 2349 5154 debeant
2379 5101 2445 5152 de
2473 5100 2696 5154 veritate
2737 5098 3009 5153 eunﬁdere
3041 5118 3053 5151 :
3116 5100 3273 5167 idque
3301 5100 3483 5165 ulijieit

1908 5193 2229 5260 Pelagianis,
2254 5191 2342 5259 qui
2371 5206 2489 5245 cum
2509 5191 2616 5260 jam
2650 5193 2882 5245 damnati
2912 5192 2962 5244 in
3008 5193 3234 5245 concilio
3272 5190 3481 5257 episco-

1906 5299 2091 5353 porum
2125 5282 2368 5347 fuissent,
2394 5281 2667 5351 jactabaut
2688 5284 2941 5350 quasdam
2970 5284 3171 5354 litteras
3193 5282 3478 5349 imperato-

1902 5378 2031 5442 rias,
2088 5389 2152 5429 ex
2205 5374 2401 5445 quibus
2450 5377 2513 5428 ad
2565 5390 2753 5429 novam
2802 5372 3153 5429 Collutioncm
3180 5364 3475 5425 catholicos

222 5472 427 5517 nentur.
458 5460 590 5532 Lege
614 5464 690 5517 vel
716 5475 889 5533 patere
919 5474 971 5517 ut
996 5464 1085 5518 tibi
1114 5465 1347 5535 legantur
1374 5484 1391 5519 :
1422 5478 1469 5521 et
1514 5479 1629 5520 tunc
1669 5467 1798 5537 elige
1892 5469 2289 5538 provocitbant,
2324 5483 2547 5539 eamque
2576 5468 2864 5522 Catholieis
2891 5468 3281 5529 recusantibus,
3305 5465 3475 5518 vieto-

219 5552 361 5623 quod
378 5552 618 5638 volueris.

293 5644 439 5700 Sane
465 5660 586 5699 cum
607 5661 770 5716 super
797 5647 1098 5703 incidissem
1131 5650 1180 5704 in
1212 5650 1343 5705 Acta
1395 5649 1606 5707 concilii
1655 5649 1799 5705 Con-

222 5734 691 5809 stantinopolitani
713 5738 957 5805 secundi,
988 5739 1127 5808 quod
1158 5738 1443 5796 Justiuiani
1472 5742 1640 5797 nostri
1666 5750 1797 5797 tem-

1900 5574 1987 5615 res
2017 5574 2075 5614 se
2097 5573 2216 5614 esse
2238 5560 2433 5613 stolide
2457 5560 2836 5629 gloriabantur.

1974 5650 2142 5704 Porro
2172 5656 2329 5720 quam
2362 5653 2503 5704 ultro
2538 5664 2657 5704 sese
2706 5648 2996 5703 olTerehant
3049 5646 3474 5713 Maximianistie,

1907 5744 1997 5815 qui
2029 5743 2228 5814 repulsi
2267 5754 2413 5811 sunt,
2454 5754 2560 5799 tam
2586 5743 2777 5813 reliqui
2810 5743 3121 5814 Donatistae,
3153 5740 3239 5811 qui
3264 5741 3480 5796 restita-
