3860 6212
484 192 616 250 iter
1952 195 2318 254 APPENDIX.
3148 168 3160 174 ’
3594 203 3712 257 Mn",

474 304 625 369 baut,
659 303 1019 358 invitabantur
1044 323 1055 358 :
1085 313 1139 360 et
1167 304 1299 360 utin
1332 304 1417 360 his
1454 306 1741 361 evocandis
1768 307 2051 378 cogendis-
2079 310 2131 369 Λ
2158 321 2277 361 cum
2309 307 2590 377 episcopus
2619 316 2780 377 esset,
2804 310 3015 381 publice
3042 310 3255 365 recitari
3275 309 3470 381 saepius
3491 308 3711 368 Canones

476 413 583 469 que
627 397 850 451 multum
880 398 1075 466 negotii
1106 396 1202 451 iuit
1229 416 1241 451 :
1272 398 1350 453 sic
1377 397 1558 463 etiam,
1587 412 1707 453 cum
1735 398 1844 467 jam
1883 400 2058 452 venis-
2158 400 2403 455 Nicmnos
2438 402 2685 456 voluisse.
2739 402 2841 458 Sed
2897 402 3009 457 hcce
3036 419 3100 458 ex
3136 403 3393 458 Ecclesia:
3435 420 3530 458 usu
3571 415 3709 473 atque

442 476 625 557 ’sent,
686 490 737 543 in
784 489 1161 558 pertrahendis
1207 490 1273 544 ad
1319 490 1675 546 Collationem
1703 533 1717 557 ,
1775 493 1889 561 ejus
1935 492 2060 546 licet
2160 491 2389 546 utilitate
2415 494 2722 548 :rsdmanda
2756 506 2915 564 atque
2942 496 3206 551 metienda
3241 512 3364 551 esse
3396 512 3549 552 nemo
3570 514 3710 565 nega.

482 584 805 654 {cquissitnae
834 582 1174 637 conditiones
1203 594 1647 651 proponerentur.
1674 584 1932 655 Lepidum
1966 599 2060 638 au-
2160 586 2319 652 verit,
2350 595 2407 640 ut
2434 586 2519 641 ubi
2540 586 2681 656 justa
2714 601 2877 642 causa
2902 590 3214 658 postularet,
3238 589 3330 643 ille
3349 589 3528 644 Canon
3550 592 3705 647 cedat.

477 683 589 731 tem
620 683 721 741 est,
753 674 892 745 quod
925 691 1045 728 eum
1075 674 1412 728 Marcellinus
1441 676 1491 728 in
1515 690 1612 728 suo
1637 678 1927 729 secretario
1948 674 2061 730 sive
2160 679 2343 746 Qualis
2372 696 2532 736 causa
2558 697 2678 738 esse
2707 684 2817 738 visa
2850 694 2952 747 est,
2981 695 3036 737 ut
3068 685 3354 739 Donatistis
3380 688 3704 755 antistitibus,

392 780 401 787 '
483 768 771 835 auditorio,
806 768 1022 821 honoris
1044 782 1228 833 causa,
1257 776 1470 836 rogaret
1499 766 1821 831 Donatistas,
1875 775 1933 821 ut
1970 782 2059 824 se-
2160 786 2294 841 quos
2322 772 2543 827 ambitio
2568 773 2853 839 retinebat,
2878 776 3203 845 objiceretur
3224 793 3345 848 spes
3367 780 3537 849 aliqua
3560 781 3706 836 hono—

479 861 689 921 derenl.
717 860 873 914 siculi
894 859 1152 914 Catholici
1183 859 1469 923 sedebam.
1502 859 1579 913 illi
1623 860 1924 928 recusando
1975 876 2063 915 re-
2100 886 2105 890 ι
2160 867 2252 931 ris,
2284 867 2326 921 si
2359 869 2730 933 resipiscerent
2763 886 2775 923 :
2804 869 3281 940 detrahereturque
3305 875 3464 927 timor
3501 875 3703 929 infamia:

490 952 821 1021 sponderunt
861 951 1117 1021 scriptum
1169 952 1219 1004 in
1248 952 1458 1020 psalmo
1501 966 1677 1005 xxxvi
1728 966 1849 1007 esse
1877 993 1891 1017 ,
1934 948 2060 1005 Cum
2160 969 2211 1014 et
2234 959 2598 1030 ignominiosae
2626 962 2999 1028 abdicationis,
3029 964 3073 1017 si
3121 964 3185 1017 ad
3219 966 3508 1021 Ecclesium
3537 969 3702 1024 catho-

480 1042 649 1112 impiis
676 1058 773 1095 non
800 1041 979 1095 sedebo
1004 1057 1023 1095 :
1052 1045 1295 1111 apposite
1320 1057 1447 1096 vero
1476 1044 1642 1097 nostri
1701 1044 2056 1110 replicarunt,
2160 1052 2317 1107 licam
2349 1054 2605 1108 redirent.
2636 1055 2765 1109 Nam
2799 1067 2851 1111 et
2898 1058 2997 1126 ipsi
3051 1074 3262 1128 quoque
3298 1059 3495 1115 Nicceni
3541 1063 3702 1119 Patres

480 1133 591 1202 iam
623 1148 717 1188 eos
745 1146 918 1188 tamen
954 1133 1167 1197 fecisse,
1194 1133 1335 1203 quod
1364 1136 1414 1187 in
1450 1134 1637 1189 eodem
1665 1135 1865 1204 psalmo
1893 1136 1999 1190 Dav

2176 1160 2277 1200 :um
2306 1158 2527 1217 agerent
2565 1150 2631 1204 de
2658 1131 2985 1211 Novatianis.
3021 1152 3069 1205 id
3099 1152 3260 1206 trilmi
3309 1168 3463 1221 posse
3499 1155 3700 1210 confessi

486 1226 697 1295 subiicit
733 1243 746 1278 :
800 1236 845 1279 et
876 1242 988 1278 cum
1020 1226 1206 1294 iniquis
1252 1242 1351 1279 non
1381 1226 1659 1297 ingrediar.
1704 1226 1809 1281 Sed
1853 1227 2055 1282 adden-
2160 1250 2307 1295 sum,
2341 1240 2443 1297 sed
2468 1251 2520 1294 ei
2550 1243 2781 1307 Arianis.
2807 1243 2895 1313 qui
2922 1243 3030 1313 jam
3052 1245 3253 1313 τιιίιμιοι
3285 1246 3440 1300 annis
3466 1246 3698 1301 Ecciesix

481 1319 605 1373 dum
632 1328 768 1383 erat,
800 1319 938 1388 quod
973 1319 1021 1372 in
1052 1318 1237 1373 eodem
1267 1320 1471 1389 psalmo
1495 1319 1657 1373 David
1681 1320 1883 1388 adjicit,
1938 1336 2059 1379 sese
2158 1332 2595 1402 gubernationem
2652 1333 2702 1386 in
2749 1330 2965 1389 Oriente
3008 1345 3425 1405 occupaverant,
3482 1348 3529 1390 ei
3558 1337 3618 1391 de
3652 1354 3700 1391 ρει

482 1410 552 1464 im
582 1409 761 1465 οάίεεθ
813 1410 1097 1477 ίῐηβῖίπυῐη
1143 1410 1481 1474 εοοίθιιιιθητς
1528 1421 1583 1463 ιιι
1635 1423 1809 1465 "mle"
1842 1421 2061 1483 ῐπυβῑθι·
2158 1426 2501 1495 possessione
2526 1426 2568 1479 si
2595 1428 2769 1481 sanari
2793 1427 3013 1492 nollent,
3044 1426 3313 1482 decedere
3358 1428 3454 1483 abs
3486 1428 3703 1483 Theodo-

480 1516 573 1555 eds
595 1518 697 1555 non
740 1502 808 1555 Sil.
837 1501 1149 1555 deserturus
1182 1503 1439 1571 templum
1486 1511 1577 1556 aut
1620 1503 1789 1558 altare
1824 1505 2055 1561 DOtltitii.
2159 1517 2240 1571 sio
2262 1517 2607 1584 jubebantur,
2631 1534 2736 1572 non
2773 1518 3049 1574 dissimilis
3088 1520 3332 1574 conditio
3364 1520 3461 1575 fuit
3507 1523 3661 1575 oblata
3689 1541 3699 1575 ;

436 1598 443 1599 ’
480 1591 547 1645 Et
572 1602 717 1673 certe
766 1597 955 1646 mirum
981 1605 1058 1645 PS!
1092 1593 1393 1647 DOIIalislas
1419 1595 1576 1647 "imis
1608 1595 1784 1663 ὶηεριο
1816 1611 2058 1650 ιηοτυδοε
2159 1626 2263 1679 quo
2292 1612 2445 1664 etiam
2473 1621 2711 1678 tempore
2743 1610 2987 1665 Melctius
3016 1613 3305 1681 episcopus
3343 1612 3699 1678 Antincbenus,

478 1690 624 1737 stare
655 1698 812 1750 quam
838 1683 1028 1737 sedere
1052 1683 1324 1747 maluisse,
1360 1698 1478 1738 cum
1508 1683 1637 1737 illud
1686 1700 1921 1753 reorum,
1956 1687 2056 1742 hoc
2085 1697 2133 1757 Β
2161 1700 2302 1768 pacis
2329 1701 2622 1753 retinendae
2642 1714 2823 1765 causa,
2850 1700 3091 1766 Paulino,
3120 1700 3212 1767 qui
3241 1712 3518 1771 separatos
3533 1703 3701 1772 alioqui

475 1776 716 1845 judicum
744 1778 831 1829 sit.
871 1775 984 1831 Imo
1014 1791 1133 1830 cum
1158 1790 1283 1830 reus
1326 1776 1517 1830 sedere
1543 1777 1851 1845 jubebatur,
1903 1778 1995 1831 abs

2181 1790 2389 1845 tahebat
2414 1806 2539 1843 suos
2567 1802 2757 1855 coetus,
2790 1806 2896 1844 non
2926 1790 3167 1845 dissimili
3201 1803 3462 1860 prmtextu
3502 1808 3596 1861 quo
3620 1794 3701 1846 Do-

482 1869 625 1923 lutus
655 1885 774 1924 esse
802 1870 1217 1939 intelligebatur,
1250 1885 1421 1939 neque
1450 1870 1553 1923 alia
1575 1870 1925 1925 absolutionis
1950 1870 1998 1924 fu

2179 1881 2390 1947 tatisue,
2422 1883 2631 1948 obtulit,
2664 1893 2719 1936 ut
2746 1883 3048 1937 conciliatio
3081 1884 3252 1945 fieret.
3308 1884 3606 1938 societatem
3634 1886 3700 1940 sui

479 1964 619 2016 tnula
648 1963 727 2015 usi
756 1971 909 2017 erant
937 1977 1121 2017 eorum
1148 1968 1378 2030 majores
1427 1962 1476 2017 in
1505 1961 1674 2030 primo
1700 1963 1789 2017 illo
1816 1978 1913 2017 suo
1941 1962 2057 2019 Cir-
2158 1974 2514 2045 episcopatus,
2553 1989 2612 2027 ea
2653 1974 2783 2043 lege,
2834 1983 2890 2027 ut
2935 1973 3107 2028 altero
3154 1982 3393 2039 mortuo,
3441 1974 3584 2035 alter,
3628 1977 3699 2043 qui

476 2057 612 2109 tensi
640 2056 883 2116 concilio,
918 2056 1070 2124 cujus
1096 2064 1249 2109 antea
1268 2055 1593 2110 mentionem
1624 2056 1743 2110 feci.
1778 2056 1898 2111 Fuit
1929 2073 2000 2125 [ιη

2174 2076 2429 2135 inperstes
2452 2078 2614 2132 esset,
2643 2068 2694 2120 in
2736 2066 2961 2121 solidum
2988 2068 3276 2135 episcopus
3307 2078 3561 2124 maneret.
3587 2068 3698 2135 Quid

480 2149 621 2203 iecto
653 2147 977 2202 incredibilis
999 2148 1211 2218 quidam
1243 2147 1409 2201 fastus
1427 2146 2050 2218 burutnhypocritartnn.
2160 2158 2377 2211 moror?
2408 2158 2753 2227 Αυειιειίιιυε,
2786 2157 2839 2211 in
2865 2158 3021 2227 epist,
3056 2156 3177 2224 {63,
3209 2166 3415 2225 nni-mi,
3445 2174 3559 2213 cum
3588 2160 3700 2213 Μρί.

478 2241 584 2295 Sed
616 2240 811 2295 factum
843 2241 1088 2310 estjusto
1119 2241 1211 2295 Dei
1233 2241 1456 2310 judicio,
1504 2250 1560 2295 ut
1592 2242 1846 2295 honorem
1899 2242 2057 2298 nimis
2159 2249 2375 2305 ehiades
2434 2248 2701 2302 Romanus
2750 2248 3031 2318 cpiscopus
3084 2264 3150 2303 ex
3194 2252 3460 2304 sententia
3512 2265 3697 2305 suorum

480 2334 778 2390 liberaliter
828 2336 890 2388 iis
921 2335 1182 2402 oblatum,
1236 2351 1341 2405 quo
1373 2335 1572 2406 indigni
1605 2346 1777 2399 erant.
1838 2349 2055 2390 recusa-
2158 2343 2482 2413 collegarum
2515 2342 2794 2397 damnaret
2829 2343 3121 2411 Donatum,
3162 2344 3479 2408 Donatistis,
3524 2348 3602 2415 qui
3631 2362 3699 2398 rc—

475 2434 614 2480 rent.
646 2426 887 2495 Optatus,
928 2426 1021 2480 lib.
1075 2442 1114 2490 t,
1143 2435 1327 2480 narrat
1371 2427 1587 2495 indigne
1631 2429 1789 2479 etiam
1841 2428 2049 2494 tulisse,
2158 2435 2413 2503 sipiscere
2434 2434 2655 2498 vellent,
2684 2435 2747 2486 ita
2775 2436 3100 2503 pepercisse,
3129 2442 3189 2488 ut
3227 2436 3471 2491 sanitatis
3511 2453 3696 2505 recupe-

466 2518 611 2588 quod
656 2522 846 2573 fratres
871 2534 899 2570 a
940 2518 1232 2573 Catholicis
1283 2518 1690 2589 appellarentur
1722 2538 1732 2571 :
1765 2528 1815 2573 et
1873 2519 2055 2573 multis
2158 2524 2359 2589 randze,
2392 2525 2559 2593 inquit
2588 2527 2931 2594 Augustinus.
2979 2529 3248 2595 optionem
3280 2528 3501 2582 liberam
3540 2530 3597 2582 iis
3638 2529 3698 2583 ie-

484 2623 602 2680 post
625 2615 801 2677 annis,
826 2620 986 2681 atque
1016 2611 1151 2665 adeo
1174 2613 1223 2665 in
1275 2611 1390 2679 ipsa
1439 2611 1737 2666 Collatione
1786 2611 1926 2665 hanc
1956 2627 2052 2665 no-
2156 2619 2311 2682 cerit,
2342 2626 2556 2685 paratus
2577 2618 3077 2691 communicatm'ias
3109 2618 3315 2673 litteras
3333 2620 3539 2673 mittere
3562 2622 3696 2674 etiam

476 2712 710 2757 strorum
739 2704 1122 2758 humanitatem
1170 2704 1402 2773 superbe
1432 2712 1768 2774 respuerunt.
1798 2704 2051 2774 Augusti-
2157 2708 2242 2775 iis,
2275 2724 2407 2777 quos
2432 2724 2459 2762 a
2490 2708 2747 2777 Majorino
2776 2708 3049 2764 ordinatos
3077 2723 3200 2764 esse
3230 2720 3503 2765 constaret
3532 2730 3543 2762 :
3568 2712 3626 2764 ita
3654 2720 3699 2764 ut

474 2811 592 2860 nus,
611 2796 703 2851 lib.
732 2812 785 2851 ιιι
802 2806 985 2853 contra
1006 2796 1295 2852 Gaudent.:
1322 2797 1423 2861 An,
1452 2798 1639 2867 inquit,
1660 2798 1911 2859 irasceris,
1934 2798 2052 2867 quia
2154 2801 2580 2869 quilmscumque'
2604 2786 3055 2855 locisdunessent
3077 2802 3340 2871 episc0pi,
3364 2818 3495 2872 quos
3519 2803 3700 2857 dissen-

481 2897 528 2941 te
558 2890 767 2958 fratrem
796 2891 953 2943 voco?
1003 2888 1119 2943 Hoc
1149 2890 1281 2943 enim
1328 2905 1509 2943 nomen
1539 2907 1570 2942 a
1623 2890 1764 2943 nobis
1801 2890 1954 2944 etiam
1998 2891 2051 2945 in
2156 2895 2236 2947 sio
2262 2893 2609 2963 geminassct,
2660 2892 3134 2958 ettnrcontirmari
3186 2893 3371 2956 vellet,
3422 2897 3507 2963 qui
3539 2895 3699 2949 fuisset

472 2988 645 3035 nostra
671 2979 955 3035 Col/(itione
974 2981 1263 3046 respuistis,
1284 2988 1389 3035 etc.
1852 2998 1863 3000 '
2154 2986 2431 3040 ordinatus
2457 2988 2601 3056 prior
2643 3004 2656 3041 :
2688 2985 2843 3040 alteri
2870 2994 3047 3039 autem
3076 3000 3261 3039 eorum
3294 2986 3447 3055 plebs
3485 2986 3583 3040 alia
3630 3002 3699 3040 re-
3766 2989 3772 2992 ’

542 3072 673 3128 Cum
702 3073 868 3127 multa
899 3074 1006 3127 sint
1036 3074 1086 3127 in
1117 3073 1281 3142 gestis
1324 3071 1481 3142 huius
1530 3070 1846 3127 Collatiouis
1871 3073 2051 3144 singu-
2079 3079 2122 3141 C
2156 3077 2325 3146 genda
2358 3078 2747 3147 provideretur.
2780 3077 2852 3133 De
2902 3076 3000 3131 hac
3024 3076 3336 3131 Melchiadis
3363 3079 3610 3132 sententia
3636 3077 3699 3129 ln-

472 3168 657 3223 lariter
677 3170 1034 3234 observanda,
1067 3177 1176 3222 tum
1213 3183 1341 3223 vero
1387 3168 1519 3222 illud
1570 3168 1914 3223 memorabile
1941 3177 2047 3233 est,
2150 3182 2321 3236 quens
2345 3169 2668 3235 Augustinus
2688 3168 2989 3221 exclamat:
3036 3168 3203 3233 Quam
3246 3168 3533 3221 innocens!
3568 3183 3696 3235 quam

476 3260 616 3331 quod
648 3260 932 3324 Catholici,
967 3271 1023 3313 ut
1055 3260 1341 3313 Donatistis
1388 3268 1663 3314 uterentur
1704 3261 2046 3329 mquioribus,
2151 3257 2345 3325 integra
2373 3257 2392 3309 .'
2419 3274 2567 3322 quam
2596 3259 2805 3324 provida
2832 3270 2977 3327 atque
3002 3260 3217 3328 paciﬁca
3240 3260 3265 3312 .’
3320 3259 3365 3313 υ
3391 3260 3549 3313 virum
3586 3261 3699 3327 opti-

470 3367 575 3405 non
610 3362 857 3406 recusant
882 3352 1113 3421 iniquam
1144 3352 1286 3405 ultro
1336 3352 1515 3405 subire
1544 3351 1922 3418 conditionem,
1959 3353 2047 3405 ad-
2156 3348 2335 3400 mum!
2358 3365 2386 3400 o
2412 3348 2576 3415 ﬁlium
2607 3347 2911 3401 Christiana:
2932 3350 3092 3417 pacis,
3136 3359 3183 3402 et
3205 3360 3400 3418 patrem
3426 3348 3699 3403 Christiani:

475 3445 725 3499 versariis
760 3459 886 3499 vero
914 3444 1127 3499 deferre
1177 3444 1381 3499 utilem.
1413 3444 1652 3499 Otlerunt
1696 3444 1861 3511 enim,
1901 3445 1943 3498 si
1994 3444 2047 3499 in
2158 3441 2360 3509 plebis!
2398 3442 2538 3496 Ideni
2572 3441 2916 3511 Augustinus,
2961 3444 3117 3509 epist.
3150 3441 3240 3505 50,
3274 3442 3515 3496 eamdem
3548 3445 3691 3497 histo-

479 3539 576 3593 Iiac
599 3539 898 3594 Collatione
924 3541 1225 3601 vincantur,
1257 3554 1376 3594 sese
1403 3538 1762 3603 abdicaturos,
1798 3548 1854 3592 ut
1886 3538 2048 3593 verbo
2155 3532 2285 3587 riam
2317 3533 2523 3597 recitat,
2551 3543 2605 3587 et
2624 3532 2782 3587 simul
2806 3531 3071 3603 significat
3086 3533 3397 3589 Calhnlicos
3418 3534 3516 3588 bne
3530 3533 3695 3588 deinde

475 3631 713 3685 liomano
753 3640 911 3685 utar:
972 3632 1053 3685 sin
1112 3632 1350 3697 vincant,
1402 3630 1748 3684 nihilominus
1804 3639 1861 3683 ut
1892 3630 2046 3684 vietis
2150 3626 2452 3695 exemplum
2481 3634 2693 3680 secutos
2719 3640 2840 3680 esse
2872 3626 2921 3679 in
2964 3625 3287 3693 recipiendis
3331 3626 3557 3689 Arianis.
3601 3626 3692 3695 qui.

466 3722 792 3778 adversariis
819 3722 1079 3792 integrum
1108 3724 1177 3778 sit
1218 3739 1323 3778 non
1350 3723 1604 3778 abdicare
1647 3741 1661 3778 :
1694 3722 1788 3777 sed
1817 3726 2047 3778 victores
2151 3734 2269 3773 cuin
2300 3721 2696 3789 resipiscerent,
2725 3719 2903 3774 clerici
2934 3730 2986 3773 et
3031 3720 3271 3790 episcOpi
3292 3763 3307 3787 ,
3340 3704 3399 3775 ut
3424 3730 3569 3776 ante:
3604 3722 3696 3775 iue-

471 3815 536 3870 iis
567 3816 1007 3885 resipiscentibus
1035 3817 1430 3871 communicent
1457 3818 1711 3870 honorem
1733 3825 1786 3869 et
1811 3814 2043 3884 dignita-
2146 3812 2368 3876 rant,,in
2392 3812 2579 3865 eodem
2610 3810 2800 3866 ordine
2822 3804 3117 3866 manerent.
3139 3810 3335 3866 Narrat
3360 3814 3519 3867 etiam
3540 3812 3584 3868 id
3607 3822 3693 3865 tam

473 3920 579 3964 tem
609 3910 845 3965 muneris
860 3910 1201 3979 episcopalis,
1233 3919 1289 3963 ut
1318 3911 1367 3963 in
1384 3909 1568 3963 eadem
1587 3906 2043 3981 Ecclesiaduoto-
2148 3904 2486 3972 displicuisse
2514 3903 2780 3971 Lucifero,
2804 3912 2865 3958 ut
2892 3913 3171 3973 propterea
3215 3903 3501 3959 desciverit
3533 3904 3593 3957 ab
3614 3903 3694 3958 Ec-

473 3999 712 4054 lerentur
737 4001 993 4070 episcopi,
1019 4008 1287 4070 tamquam
1311 4000 1548 4070 collegze,
1579 4000 1738 4072 352
1760 4012 1811 4055 ct
1842 4010 1897 4055 ut
1918 4001 2045 4055 olim
2149 3996 2311 4051 clesia
2359 4016 2370 4048 :
2403 3998 2545 4066 quod
2594 4006 2648 4051 et
2676 4000 2856 4051 narrat
2898 3998 3252 4068 Hieronymus
3303 4010 3491 4053 contra
3520 3996 3694 4053 Lucife-

472 4091 657 4146 Roma:
686 4094 932 4147 consules
958 4111 970 4145 :
996 4093 1087 4147 sed
1122 4093 1213 4157 ita,
1244 4102 1303 4147 ut
1322 4092 1388 4147 sit
1413 4094 1553 4147 inter
1573 4108 1665 4147 eos
1695 4094 1936 4163 quiedam
1964 4092 2049 4165 (ut
2150 4090 2344 4144 rianos.
2368 4090 2473 4146 Sed
2505 4091 2697 4159 iniusta
2728 4090 3034 4146 schismatis
3064 4106 3227 4146 causa
3252 4091 3366 4147 hare
3384 4108 3504 4148 esse
3529 4092 3691 4147 nostris

470 4183 777 4237 Graecorum
818 4183 1327 4251 iurisconsultorum
1370 4185 1536 4238 verbo
1579 4183 1717 4255 utar)
1750 4185 2049 4244 ἀλληλοκ).η-
2149 4182 2260 4235 visa
2290 4192 2391 4236 est.
2422 4182 2550 4237 Illud
2574 4198 2712 4239 nunc
2743 4184 3006 4238 inculcare
3037 4184 3193 4250 volo,
3228 4185 3538 4243 Melchiadis
3578 4188 3691 4241 illius

470 4278 681 4349 ρονομία
712 4274 1051 4344 etquoddam
1084 4274 1246 4329 veluti
1282 4274 1375 4345 jus
1422 4275 1807 4339 accrescendi:
1864 4286 1921 4329 ut
1959 4276 2050 4343 qui
2146 4272 2403 4340 judicium
2433 4284 2645 4328 secutos
2674 4275 2829 4343 paulo
2886 4285 3003 4343 post
3050 4289 3170 4329 esse
3220 4275 3469 4333 Niczenos
3514 4292 3691 4345 quoque

473 4369 619 4434 prior
683 4366 929 4431 decedet,
986 4366 1188 4419 socium
1239 4366 1500 4435 relinquat
1541 4365 1861 4433 Episcopum
1909 4376 2047 4419 tam-
2154 4362 2358 4429 Patres,
2391 4378 2509 4419 cum
2536 4366 2603 4419 de
2646 4364 2952 4419 Novatianis
2990 4373 3230 4433 agerent.
3262 4364 3396 4421 Nam
3443 4367 3563 4421 licet
3588 4382 3683 4431 eo-t,

469 4472 628 4528 quam
659 4457 923 4512 haeredem
953 4458 1003 4512 in
1034 4456 1285 4512 solidum.
1306 4458 1446 4513 Sane
1476 4456 1660 4512 Canon
1691 4457 1889 4511 Nicaeni
1920 4472 2051 4511 cun-
2073 4460 2126 4520 D
2152 4473 2284 4527 quos
2310 4459 2491 4528 lapsos
2521 4459 2799 4523 vocabant,
2847 4458 2911 4511 ad
2934 4472 2993 4513 se
3034 4457 3291 4513 Ecclesia:
3336 4460 3546 4530 quidem
3573 4476 3691 4514 com-

472 4548 578 4602 cilii
615 4548 930 4617 prohibebat
970 4548 1129 4603 duos
1159 4548 1213 4602 in
1258 4562 1361 4603 una
1414 4546 1545 4603 urbe
1593 4562 1713 4602 esse
1743 4547 2045 4615 episc0pos.
2154 4552 2458 4626 munionem
2509 4561 2624 4619 post
2680 4551 3095 4619 exomolugesitn
3166 4552 3561 4619 admittendus,
3607 4569 3688 4605 non

474 4638 601 4691 Nam
646 4638 1005 4708 prospiciebat
1036 4638 1377 4693 incommoda
1408 4637 1529 4691 talis
1573 4637 1866 4699 societatis.
1898 4644 1951 4689 et
1993 4644 2049 4689 ut
2152 4643 2311 4695 etiam
2338 4642 2403 4696 ad
2436 4642 2600 4696 ullum
2632 4643 2871 4696 ordinem
2918 4644 3045 4697 cleri
3089 4644 3174 4697 vel
3224 4646 3504 4701 ministerii
3550 4648 3690 4700 cedi--

473 4731 659 4785 Romae
688 4747 791 4785 non
821 4732 919 4784 nisi
951 4746 1089 4785 unus
1118 4739 1233 4784 erat
1261 4729 1511 4799 princeps
1543 4728 1789 4791 Senatus,
1810 4727 2050 4794 quamvis
2150 4733 2372 4796 siastici,
2402 4733 2759 4787 decrevissent
2785 4750 2799 4787 :
2832 4732 3145 4789 Novatianis
3178 4745 3357 4793 tamen
3406 4740 3691 4806 resipiscen-

471 4832 653 4880 essent
682 4825 931 4880 consules
959 4824 1101 4879 duo:
1135 4825 1213 4878 sic
1238 4824 1412 4878 visum
1443 4820 1563 4886 fuit,
1622 4820 1849 4890 collegio
1896 4836 2048 4890 pres-
2154 4824 2291 4877 tibus
2318 4839 2421 4877 non
2446 4824 2607 4878 modo
2636 4825 2955 4880 remiserunt
2981 4826 3253 4883 duriorem
3304 4829 3554 4904 longioris
3587 4845 3690 4882 exo-

470 4918 781 4991 byterorum
817 4933 919 4973 non
950 4919 1048 4971 nisi
1076 4933 1235 4972 unum
1284 4931 1404 4973 esse
1456 4912 2043 4985 prteﬁciendum.'Sed,
2102 4988 2103 4991 η
2153 4915 2485 4985 mologeseos
2540 4916 2939 4981 conditionem;
2986 4918 3079 4972 sed
3128 4928 3183 4974 et
3219 4922 3503 4978 ministerii
3549 4922 3691 4977 coclea

470 5011 600 5066 tttid
643 5011 863 5081 placuit,
894 5012 1039 5079 pacis
1079 5009 1322 5064 fovendae
1375 5024 1534 5063 causa
1582 5025 1595 5063 :
1631 5008 1707 5062 sic
1751 5006 1913 5061 etiam
1959 5006 2047 5060 ubi
2155 5007 2350 5061 siastiei
2384 5006 2679 5061 functiones
2702 5008 3073 5074 permisi-runt.
3107 5006 3217 5064 Cur
3263 5026 3387 5081 erga
3426 5013 3690 5067 Donatistas

470 5104 873 5160 conciliationis
902 5104 1041 5159 ratio
1070 5107 1181 5159 visa
1217 5114 1295 5159 est
1325 5105 1618 5173 postulare,
1648 5113 1701 5156 ut
1725 5102 1831 5157 duo
1852 5102 2049 5157 tolera-
2157 5099 2271 5155 Afri
2319 5100 2583 5155 antistites
2629 5100 2875 5155 duriores
2922 5111 3121 5156 essent.
3158 5103 3303 5157 nulla
3356 5120 3513 5160 causa
3562 5114 3687 5161 erat:

469 5207 677 5261 rentur,
703 5211 823 5253 cum
854 5200 990 5253 alter
1012 5194 1208 5268 expelli
1236 5198 1325 5252 vix
1370 5204 1571 5267 posset,
1625 5192 1857 5250 Canonis
1888 5194 2045 5249 ﬁnem
2156 5204 2339 5263 magna
2366 5186 2513 5252 vero.
2540 5196 2775 5247 utetiam
2803 5204 2982 5249 essent
3033 5196 3481 5266 indulgentiores,
3512 5200 3551 5252 si
3582 5198 3692 5252 forte

471 5298 524 5343 et
548 5293 870 5345 sententiam
905 5291 1084 5360 potius
1135 5306 1292 5361 quam
1346 5288 1506 5344 verba
1548 5288 1744 5343 intueri
1793 5286 2049 5357 oportuit.
2153 5285 2253 5342 hac
2283 5286 2586 5341 conditione
2614 5287 2875 5341 redimere
2903 5287 3125 5342 unitatis
3168 5300 3222 5344 et
3251 5288 3508 5347 Ecclesiae
3537 5306 3690 5361 paceni

473 5379 612 5437 Sane
642 5392 815 5438 tamen
844 5398 964 5437 cum
994 5383 1320 5453 Augustinus
1358 5395 1547 5453 passus
1590 5391 1733 5435 esset
1776 5393 1894 5434 sese
1944 5378 2051 5431 Vas
2155 5388 2390 5447 possent.
2422 5378 2620 5431 Omitto
2658 5379 2796 5449 quod
2824 5380 2931 5449 jam
2980 5378 3106 5435 olim
3140 5381 3208 5435 de
3246 5395 3346 5435 sua
3394 5399 3515 5453 erga
3544 5384 3691 5451 lapsos

474 5471 591 5526 lerii
618 5475 852 5546 episcopi
888 5474 1245 5545 Hipponensis
1274 5474 1539 5544 collegam
1560 5474 1754 5539 creari,
1804 5481 1862 5525 ut
1908 5479 2056 5527 esset
2156 5470 2481 5525 humanitate
2513 5470 2807 5541 Cyprianus
2834 5472 2899 5526 ad
2928 5471 3236 5527 Cornelium
3269 5473 3463 5543 Papam
3490 5476 3690 5542 scripsit,

488 5568 647 5624 veluti
673 5575 1055 5645 coepiscopus;
1098 5575 1339 5647 ignotum
1362 5575 1460 5631 sibi
1488 5576 1757 5630 Canonem
1783 5569 2052 5625 Nicmnum
2156 5565 2378 5621 antistes
2410 5564 2604 5638 alioqui
2636 5572 2691 5623 et
2742 5566 2854 5635 ipse
2882 5564 3009 5623 Afer
3048 5576 3101 5620 et
3131 5581 3354 5622 severus
3397 5577 3453 5623 et
3476 5566 3691 5651 ‘rigidus.

510 5657 670 5721 iulsse
707 5662 858 5723 dixit.
905 5668 971 5730 Et
1009 5680 1289 5744 propterea
1338 5667 1610 5736 Possidius
1659 5673 1861 5734 narrat,
1910 5676 2067 5739 eum,
2168 5659 2298 5723 illud
2325 5660 2519 5721 dicoln
2566 5660 2988 5740 resipiseemium
3030 5659 3408 5721 haereticorum
3454 5654 3693 5737 θωμιᾳηί
