3860 6212
232 208 386 295 ttae

1052 284 1057 289 .
1121 236 1433 295 utsroms
1450 196 1455 199 Α
1472 236 2061 297 CARTHAGINENSIS
2098 233 2563 297 COLLATIONIS.

3362 238 3384 294 l
3407 232 3501 296 ΠΟ

244 370 431 410 errore
486 361 819 421 peccassent,
867 352 1034 429 magis
1079 368 1240 423 quam
1271 354 1326 407 in
1380 353 1671 422 lapsorum,
1730 353 1818 421 qui
1847 362 1895 423 Α
1924 333 2266 407 abSolutum:
2323 361 2377 413 et
2428 352 2828 407 Donatistarum
2882 358 3169 422 propterea
3209 337 3501 406 calumnias

240 455 412 507 metu,
441 445 673 499 auditam
702 442 864 497 fuisse
897 432 1134 506 veterem
1165 442 1312 509 illam
1344 443 1610 514 legenixn
1641 441 1772 497 Tab.
1804 458 1820 494 :

243 536 529 592 Sanatibus
580 530 993 607 idemﬁjusesto
1020 534 1157 604 quod
1204 534 1438 602 fortibus.
1466 538 1467 541 “
1496 534 1664 590 Porro
1717 547 1821 589 non

239 628 407 683 modo
436 627 741 681 obtulerunt
782 625 1047 681 Catholici
1101 624 1392 680 Donatistis
1437 624 1824 691 conditionem,

242 735 404 790 quam
446 720 554 789 jam
598 717 888 783 dixi;~sed
942 718 1101 773 etiam
1163 718 1455 772 liberaliter
1506 717 1825 772 addiderunt

240 815 492 879 alteram,
541 828 697 884 quam
726 812 887 869 didici
938 828 1019 881 ex.
1055 813 1333 882 Augustini
1369 813 1503 866 libro
1532 812 1598 867 de
1649 810 1825 887 Gestis

239 922 365 962 cum
399 906 658 971 Emerito,
689 906 777 960 ubi
806 914 859 959 et
886 912 1064 959 narrat
1085 903 1283 985 aliquid
1312 903 1659 959 memorabile
1686 903 1827 958 acci-

243 999 413 1071 disse,
442 1014 561 1055 eum
586 997 654 1052 de
682 996 1118 1067 ea;pr0ponenda
1147 994 1408 1051 Catholici
1438 997 1664 1051 interse
1691 994 1825 1051 deli-

186 1158 189 1161 _
239 1093 517 1148 berarent.
544 1093 889 1165 Recitabatur
914 1092 1233 1162 in'quodam
1275 1078 1542 1152 conventu
1574 1093 1825 1151 Maurita-

241 1185 349 1241 nia:
377 1185 722 1241 Cmsariensis
750 1186 959 1239 notaria
987 1185 1083 1240 abs
1114 1182 1404 1259 Catholicis
1446 1186 1498 1240 in
1523 1170 1823 1243 collatione

241 1272 650 1348 Carthaginensi
681 1276 1139 1347 proposita.Cum
1179 1288 1396 1333 ventum
1440 1288 1521 1333 est
1563 1280 1627 1333 ad
1680 1278 1824 1336 hunc

237 1368 421 1427 locum
455 1385 467 1421 :
496 1368 557 1424 Si
584 1371 717 1439 forte
747 1368 923 1439 pepuli
952 1366 1227 1431 Christiani
1256 1368 1479 1438 singulis
1512 1364 1823 1442 delectentur

237 1460 508 1529 episcOpis,
541 1467 589 1513 et
609 1459 823 1511 duorum
849 1458 1167 1512 consortium
1186 1459 1441 1514 inusitata
1479 1476 1648 1523 rerum
1680 1461 1824 1530 'facie

238 1553 458 1608 tolerare
484 1570 583 1607 non
617 1556 847 1623 possunt,
872 1553 1071 1621 utrique
1098 1553 1160 1605 de
1212 1554 1377 1606 medio
1403 1552 1745 1619 discedamus,
1773 1564 1823 1608 et
1846 1624 1849 1625 ν

235 1639 486 1702 Εεειεᾴςὶἰε
516 1646 734 1715 singulis
757 1647 996 1706 damnata
1025 1644 1307 1699 schismatis
1335 1662 1520 1713 causa,
1550 1648 1603 1699 in
1629 1648 1825 1701 unitate

1928 450 2193 509 relegere,
2242 442 2736 519 impudentiamque
2767 440 3349 512 propeincredihilem.
3395 443 3499 501 Sed

1926 533 2087 611 353
2111 542 2287 589 tamen
2316 531 2608 590 Donatisun
2640 535 2691 588 iu
2713 550 2774 589 ea
2811 525 3496 603 eavillationeperstahant,

1927 626 2102 693 potius
2121 639 2277 693 quam
2300 624 2365 678 ad
2383 625 2517 695 juris
2544 627 2891 695 quaestionem
2909 626 2975 681 de
2996 626 3237 709 Ecclesia
3264 628 3502 695 pertrahi

1926 730 1985 771 se
2007 716 2335 785 paterentur.
2358 716 2446 772 Sic
2460 719 2605 772 enim
2622 718 2785 773 multa
2816 718 3036 785 confuse
3054 718 3322 775 miscendo
3351 720 3501 777 tene.

1927 811 2051 867 bras
2077 811 2362 869 oﬂ‘undere
2385 853 2401 879 ,
2445 822 2503 868 ut
2549 811 2886 869 elaberentur
2908 854 2921 876 ,
2957 807 3223 875 volebant.
3264 808 3527 882 Cumque.

1926 898 2062 957 alias
2084 904 2147 958 'in
2172 918 2267 959 ore
2296 904 2497 961 habere
2523 905 2763 960 solerent
2785 904 3051 959 forensem
3078 903 3219 962 illam
3256 903 3499 973 prtescri-

1933 995 2160 1062 ptioncm
2186 1012 2198 1050 :
2226 995 2336 1051 Nec
2365 1012 2524 1067 causa
2551 1012 2737 1059 causaz,
2766 1012 2855 1049 nec
2878 1012 3091 1062 persona
3117 1011 3344 1067 persona:
3372 1012 3503 1066 prta-

1916 1087 2136 1159 judicat'.
2196 1087 2412 1159 Tamen,
2447 1088 2667 1159 indigne
2713 1087 2955 1143 ferebant
2981 1088 3098 1142 eam
3125 1088 3497 1156 exceptionem

1924 1178 2027 1237 sibi
2058 1179 2241 1249 objici.
2262 1180 2349 1233 ubi
2380 1178 2651 1253 Cinciliani
2683 1194 2894 1233 causam
2940 1194 3057 1233 cum
3076 1179 3345 1249 Ecclesia:
3374 1194 3505 1233 cau-

1926 1287 1983 1327 sa
2008 1273 2088 1341 ita
2118 1272 2546 1343 coniungebant,
2599 1282 2655 1326 ut
2696 1272 2835 1327 hanc
2878 1288 2942 1327 ex
2976 1272 3062 1337 illa
3098 1272 3351 1344 pendere
3392 1261 3503 1347 yel-

1923 1364 2052 1421 lent.
2084 1365 2241 1425 Certe
2274 1367 2623 1436 Augustinus,
2654 1365 2811 1435 epist.
2843 1365 2969 1431 εθι,
2998 1366 3101 1431 ait,
3128 1364 3339 1431 nihilﬁn
3368 1365 3502 1421 aclis

1922 1458 2240 1530 Collaztionis
2280 1457 2446 1513 fuisse
2487 1450 2969 1529 quodDonatiSta)
3014 1452 3183 1527 magis
3211 1456 3377 1512 deleri
3410 1472 3502 1511 vo-

1925 1540 2172 1613 luissent.
2206 1551 2331 1607 Fuit
2370 1551 2533 1606 sane
2557 1558 2712 1605 vetus
2754 1535 3293 1605 illud‘hmreticorum
3330 1534 3503 1615 artill-

1923 1645 2087 1721 cium,
2133 1654 2215 1710 ut;
2244 1632 2609 1699 frustrationis
2632 1658 2792 1711 ergo,
2823 1658 2941 1697 cum
2970 1636 3124 1697 suum
3148 1641 3337 1711 dogma
3366 1640 3504 1696 tueri

234 1741 461 1810 paciﬁca
487 1740 792 1807 constitutis,
825 1736 997 1799 abhis
1019 1730 1233 1815 singulis
1257 1741 1311 1793 in
1358 1738 1604 1795 Ecclesiis
1643 1742 1823 1810 singu-
1851 1752 1895 1812 Β
1928 1754 2035 1818 non
2069 1747 2310 1809 possent,
2343 1753 2675 1807 suosmores
2699 1750 2834 1808 quos
2862 1734 3149 1795 laudabant
3175 1738 3501 1807 allegareut:

233 1832 303 1885 lis
332 1831 691 1894 annuentibus,
724 1830 907 1883 unitati
937 1833 1105 1902 (actae,
1133 1834 1224 1899 per
1252 1831 1364 1883 loca
1402 1822 1684 1889 necessaria
1716 1833 1821 1907 sin:-

233 1920 348 1992 guli
401 1920 774 1972 constituantur
828 1921 1054 1990 episcOpi
1095 1936 1114 1983 ;
1166 1922 1491 1990 Augustinus
1535 1919 1819 1990 episeopns

234 2013 423 2067 dixit:
470 2029 488 2063 ι
527 2011 709 2066 Dicam
764 1994 1015 2065 eharitati
1063 2020 1252 2065 vestrae
1303 2022 1356 2066 et
1400 2026 1819 2074 commemorem

232 2122 355 2162 rem
387 2104 753 2158 dulcissimam
784 2112 840 2158 et
868 2104 1261 2169 suavissimam,
1292 2100 1449 2173 quatit
1470 2104 1698 2159 Domino
1727 2104 1820 2159 ad-

227 2198 458 2266 juvante
488 2210 670 2248 sumus
697 2195 924 2263 experti.
956 2190 1088 2248 Cum
1111 2204 1244 2250 ante
1268 2194 1437 2263 ipsam
1466 2194 1818 2249 Collationem

232 2291 383 2346 inter
409 2303 507 2343 nos
534 2288 695 2358 aliqui
729 2288 942 2354 fratres,
985 2287 1052 2343 de
1095 2288 1194 2344 hac
1245 2304 1303 2345 re
1346 2288 1819 2355 colloqueremur:

207 2383 366 2453 quia
392 2395 488 2451 pro
518 2394 649 2451 paco
678 2368 877 2435 Christi
918 2382 1155 2450 episcopi
1186 2381 1540 2436 debent-esse
1588 2380 1679 2435 aut
1723 2381 1820 2435 de-

236 2474 374 2531 bent
402 2488 507 2527 non
538 2487 660 2531 esse
704 2490 717 2529 :
775 2471 917 2543 quod
948 2473 1100 2527 vobis
1135 2472 1415 2528 latendum
1448 2480 1550 2538 est,
1595 2472 1827 2527 circum?-

234 2556 745 2636 spicieutesomnes
773 2564 970 2620 fratres
991 2558 1046 2620 et
1071 2566 1421 2642 coepiscopos
1449 2573 1688 2630 nostros,
1716 2581 1821 2621 non

234 2659 402 2715 facile
430 2660 587 2713 nobis
615 2653 993 2727 occurrebant,
1045 2661 1133 2729 qul
1159 2658 1501 2717 bocvellent.
1523 2660 1819 2729 suSpicere,

237 2763 299 2807 et
325 2751 395 2806 de
418 2750 516 2809 hac
546 2750 847 2807 humilitate
880 2752 1105 2807 Domino
1130 2752 1439 2808 sacriﬁcare
1467 2770 1481 2806 ;
1510 2752 1822 2808 dicebamus

238 2832 304 2897 ut
332 2844 443 2908 lieri
473 2843 614 2898 solet
640 2860 653 2897 :
702 2844 793 2897 ille
820 2852 1020 2915 potest,
1080 2843 1167 2899 ille
1194 2859 1294 2899 non
1324 2832 1526 2914 potest:
1572 2844 1661 2899 ille
1705 2861 1826 2899 con-

236 2934 534 3001 sentitiltoc,
557 2934 645 2987 ille
672 2940 774 2987 non
800 2934 981 2989 tolerat
1011 2950 1030 2988 :
1065 2935 1349 3007 loquentes
1381 2935 1549 3006 magis
1606 2950 1701 3004 pro
1735 2949 1826 2990 su-

234 3026 579 3095 spicionibus
604 3027 827 3092 nostris,
854 3026 949 3097 qui
967 3029 1135 3081 corda“
1161 3020 1618 3107 illoru'mfntinime
1640 3028 1824 3084 videre

1921 1841 2012 1886 aut
2038 1846 2161 1887 cum
2189 1833 2622 1899 adversariorum
2648 1832 2945 1887 doctrinam
2971 1830 3218 1886 refellere
3244 1847 3347 1885 non
3381 1844 3502 1900 pos-

1919 1932 2059 1989 sent,
2094 1937 2272 1977 mores
2302 1937 2487 1977 eorum
2524 1931 2871 1989 accusarent.
2900 1922 3007 1977 Sed
3043 1923 3157 1976 haec
3185 1922 3502 1977 diverticula

1920 2022 2043 2067 sunt
2069 2006 2281 2081 eorum,
2311 2016 2397 2084 qui
2423 2014 2643 2070 eludere
2674 2013 2881 2069 volunt.
2914 2014 3055 2069 Sane
3098 2021 3219 2068 ante
3247 2012 3500 2073 Collatio-

1922 2120 2047 2159 nem
2071 2105 2363 2162 Petilianus
2396 2107 2775 2177 Augustinum,
2807 2122 2927 2161 cum
2954 2121 3058 2177 quo
3077 2106 3338 2171 certabat,
3362 2105 3500 2159 mul-

1923 2193 2272 2259 tisjcenviciis
2312 2207 2593 2269 propterea
2634 2198 2946 2269 impetebat,
2977 2208 3033 2252 ut
3065 2199 3177 2267 jam
3201 2200 3268 2253 de
3310 2198 3495 2267 Augu-

1924 2290 2051 2350 stini
2104 2305 2332 2360 persona
2391 2292 2567 2357 potius
2588 2305 2751 2361 quam
2803 2291 2869 2345 de
2928 2286 3208 2358 Ecclesia,
3260 2290 3329 2345 de
3360 2306 3485 2360 qua

1926 2383 2163 2438 instituta
2193 2393 2307 2438 erat
2330 2384 2640 2453 disputatio,
2660 2395 3009 2455 quereretur:
3044 2382 3162 2447 Me,
3197 2383 3364 2451 inquit
3390 2385 3499 2436 Au-

1923 2477 2187 2545 gustinus,
2219 2477 2342 2546 facit
2374 2493 2601 2543 causam,
2636 2493 2749 2532 cum
2771 2476 3032 2545 defecisset
3054 2477 3105 2529 in
3133 2484 3305 2530 causa.
3332 2474 3492 2530 lte‘m:

1927 2568 2123 2626 Relicto
2150 2570 2348 2641 negotio
2379 2570 2601 2642 publica,
2634 2570 2830 2640 priuata
2850 2564 3072 2641 quadam
3102 2564 3379 2634 simnliate,
3410 2567 3501 2620 Ito-

1924 2663 2077 2716 minis
2124 2664 2279 2718 unius
2318 2666 2472 2717 vitam
2502 2663 2765 2733 maledicis
2794 2662 3082 2732 approbriis
3108 2663 3379 2715 insectatus
3403 2671 3493 2726 est,

1927 2755 2074 2824 quasi
2095 2754 2244 2809 homo
2263 2756 2358 2822 ille
2383 2750 2509 2809 esset
2533 2769 2707 2825 causa,
2725 2770 2839 2822 qua:
2864 2754 3155 2822 inquiritur.
3178 2750 3286 2815 Sed
3315 2762 3371 2807 ut
3396 2755 3502 2806 Att-

1925 2851 2169 2920 gustinns
2196 2848 2395 2917 indicat
2425 2864 2685 2920 quorsum
2718 2848 2767 2903 id
2790 2847 2992 2903 laceret
3019 2856 3224 2901 astutus
3247 2846 3500 2903 adversa-

1929 2943 2061 3006 rius,
2088 2942 2168 2997 "sie
2199 2942 2411 3007 obstat,
2448 2956 2516 2995 ne
2544 2941 2634 3001 ille
2666 2938 2762 2994 tali
2788 2946 2907 2994 a‘Stu
2932 2928 3114 2993 eludat
3136 2955 3147 2991 :
3173 2946 3224 2993 et
3255 2936 3501 3006 iniuriam

1929 3036 2186 3103 privatam
2232 3036 2336 3104 pati
2375 3035 2593 3099 mavult,
2626 3048 2786 3103 quam
2818 3033 2924 3089 alio
2947 3031 3301 3104 eXcurrendo,
3347 3030 3500 3088 dese-

236 3112 570 3190 Ροῑενθωυδο
601 3118 826 3186 Ωιιῧηάο
857 3129 1033 3201 amem
1064 3103 1280 3175 νθηιυιὴ
1303 3102 1406 3186 θειέ
1432 3128 1487 3174 Ill
1518 3121 1619 3176 hoc
1651 3104 1895 3193 Palamc
1927 3102 2046 3183 rere
2072 3102 2289 3182 causam
2323 3126 2792 3197 publicamJErgo
2826 3134 2878 3180 et
2901 3122 3191 3179 Cresconio
3214 3102 3502 3176 Donatista:

238 3210 397 3279 fieret
440 3209 750 3271 in-concilio
799 3209 1172 3267 universarum
1222 3220 1329 3265 tam
1378 3210 1643 3282 frequenti
1683 3224 1818 3283 pene

196 3316 207 3365 ;
239 3309 604 3355 trecentorum
636 3301 1037 3372 episcoporum,
1079 3304 1158 3357 sic
1188 3303 1385 3372 placuit
1436 3305 1708 3369 Omnibus,
1739 3307 1818 3361 sic

239 3405 563 3463 exarserunt
585 3411 798 3481 omnesl
828 3407 883 3452 ut
908 3400 1072 3477 parati
1098 3409 1285 3455 essent
1328 3384 1692 3471 episcopatum
1722 3418 1819 3471 pro

238 3486 441 3542 Christi
473 3490 676 3557 unitate
706 3474 975 3561 deponere
1008 3474 1025 3544 ξ
1065 3498 1120 3545 et
1151 3506 1252 3545 non
1286 3492 1532 3561 perdere,
1587 3494 1681 3557 sed
1707 3494 1820 3550 Deo

230 3578 410 3657 ‘tutius
434 3580 835 3655 commendare.
871 3581 985 3635 Duo
1012 3582 1084 3635 ibi
1115 3585 1197 3637 vix
1227 3578 1426 3638 inventi
1449 3596 1594 3650 sunt,
1622 3564 1819 3654 quibus

240 3658 579 3742 displiceret.
608 3672 756 3745 Unus
796 3683 1237 3736 annosus‘senex,
1268 3675 1357 3743 qui
1390 3673 1491 3729 hoc
1514 3663 1685 3737 etiam
1739 3675 1819 3730 di-

238 3777 368 3817 cere
392 3763 614 3819 liberius
635 3777 797 3817 ausus
821 3773 902 3818 est
932 3782 944 3817 :
978 3766 1111 3831 alter
1133 3766 1461 3829 voluntatem
1485 3772 1631 3821 suam
1661 3768 1820 3821 tacito

238 3855 394 3931 vultu
448 3853 781 3920 signiﬁcavit.
824 3854 930 3911 Sed
991 3864 1336 3926 posteaquam
1399 3856 1547 3911 illum
1599 3858 1820 3915 liberius

239 3946 344 4005 hoc
371 3936 851 4002 dicentem‘obruit
878 3948 1115 4007 omnium
1138 3946 1370 4005 fraterna
1415 3950 1704 4019 correptio,
1730 3952 1821 4005 illo

239 4044 483 4099 mutante
538 4040 857 4108 sententiam
885 4080 899 4102 ,
948 4041 1148 4093 vultum
1188 4040 1350 4095 etiam
1392 4040 1483 4095 ille
1518 4042 1759 4096 mutavit.
1793 4062 1812 4094 ›

241 4119 372 4184 llaec
415 4123 763 4201 Augustinus.
790 4115 922 4198 Quae
952 4131 1171 4203 quidem
1201 4140 1347 4194 tanto
1374 4131 1542 4202 magis
1574 4135 1815 4200 recitata,

239 4219 384 4291 quod
416 4222 467 4274 in
492 4222 625 4275 actis
646 4221 958 4279 Coilationis
982 4225 1090 4277 sint
1117 4220 1397 4292 permissa,
1425 4232 1481 4277 et
1506 4232 1683 4279 tamen
1707 4239 1819 4280 me-

238 4314 840 4384 morabileexemplum
862 4314 954 4382 sit,
982 4325 1031 4369 ot
1080 4314 1342 4383 imprimis
1368 4315 1439 4368 sit
1482 4316 1648 4370 utile:
1678 4328 1818 4385 'quo-

236 4397 342 4463 lies
363 4408 428 4462 de
460 4407 771 4483 pontiﬁcatu
810 4416 1067 4470 certatur,
1121 4414 1173 4463 et
1218 4402 1440 4462 ambitio
1483 4404 1814 4481 contenden-

236 4499 372 4564 tium
400 4488 791 4566 perturbandm‘
817 4495 1073 4553 Ecclesia)
1100 4511 1262 4571 causa
1291 4507 1390 4551 εει.

310 4590 494 4663 Redeo
516 4590 579 4642 ad
612 4599 759 4659 gesta
790 4580 1122 4643 Collatio‘nis.
1156 4589 1226 4644 Ut
1244 4591 1496 4666 citius‘ad
1526 4607 1637 4647 rem
1668 4592 1816 4663 veni-

220 4687 412 4757 retur,
469 4691 521 4735 et
550 4683 615 4735 tle
644 4682 903 4751 gravioris
924 4668 1101 4741 causa)
1149 4691 1291 4736 statu
1319 4694 1587 4754 ageretur,
1618 4670 1814 4742 Catho-

233 4775 326 4828 lici
356 4758 639 4833 valuerunt
661 4772 966 4843 disjungere
990 4784 1148 4844 atque
1175 4768 1426 4844 separare
1438 4782 1668 4843 causmn
1698 4777 1814 4832 Cac-

236 4867 439 4932 ciliani,
468 4877 521 4921 et
542 4860 1038 4937 eamquazsuouem
1069 4871 1283 4929 miSsam
1312 4869 1507 4936 facere,
1541 4886 1659 4942 quas
1688 4860 1812 4927 facti

235 4958 410 5030 magis
437 4958 546 5014 erat
581 4976 737 5030 quam
766 4960 917 5031 juris.
950 4959 1080 5037 Nam
1107 4972 1160 5033 et
1209 4958 1409 5032 privata
1431 4958 1495 5020 et
1516 4956 1810 5033 persultatis

234 5056 358 5108 erat
405 5040 682 5137 reacaus‘a,
713 5066 981 5129 (tumcum
1008 5056 1177 5137 altera
1209 5056 1291 5128 (ut
1330 5057 1396 5112 ita
1428 5049 1625 5131 dicam)
1666 5057 1815 5113 .reali

234 5154 291 5199 et
312 5129 574 5221 generali,
609 5159 805 5225 nempe
825 5144 890 5199 de
922 5129 1182 5210 Ecclesia,
1208 5146 1339 5225 nihil
1391 5129 1618 5202 habebat
1668 5164 1815 5203 eom-

236 5230 631 5306 muneIItaque
660 5224 763 5295 non
793 5239 1112 5305 recusabant
1145 5242 1284 5295 ultro
1315 5224 1415 5295 hoc
1436 5236 1638 5314 largiri,
1674 5242 1814 5311 quod

226 5340 415 5384 tamen
432 5328 565 5382 falso
590 5330 949 5397 prmtexeba’nt
965 5329 1272 5393 Donatistae,
1291 5330 1630 5384 Caseiliauum
1651 5330 1826 5391 fuisse

237 5418 570 5472 traditorent;
604 5416 734 5471 Nam
770 5434 836 5472 ne
868 5428 977 5473 tum
1007 5419 1222 5487 quidem
1247 5420 1314 5473 ab
1339 5420 1574 5474 Ecclesia
1614 5418 1815 5475 Cathos

235 5510 359 5567 lica.
384 5525 503 5579 quac
518 5512 565 5565 ei
587 5513 1054 5579 communicasset,
1078 5515 1376 5570 Donatistas
1403 5513 1705 5569 desciscere
1722 5515 1815 5570 de-

247 5602 455 5674 buisse,
496 5606 665 5661 nostri
694 5607 931 5665 aiebant;
954 5607 1093 5668 Nihil
1118 5619 1263 5669 certe
1290 5619 1402 5667 erat
1434 5609 1639 5668 facilius
1656 5622 1814 5683 quam

250 5698 480 5784 probare
506 5700 850 5762 Catullinum
883 5703 1040 5765 talem
1072 5702 1384 5776 nonnum.
1411 5715 1465 5765 et
1484 5716 1628 5774 recte
1657 5706 1819 5777 fuisse

1924 3221 2281 3290 respondens,
2306 3220 2512 3284 Desine,
2540 3220 2733 3290 inquit,
2759 3206 2964 3271 talibus.
2999 3213 3151 3274 Unus.
3172 3213 3461 3268 homo-sum
3484 3228 3504 3267 :

1924 3294 2166 3376 Ecclesia:
2187 3313 2320 3371 inter
2346 3328 2436 3366 nos
2453 3313 2626 3384 agitur
2650 3306 2823 3377 causa,
2854 3325 2953 3363 non
2970 3324 3105 3369 mea.
3129 3306 3328 3375 Sicque
3342 3306 3499 3360 etiam

1914 3405 2246 3459 'constrim‘tit
2291 3403 2771 3474 Pelagianos,‘qui
2826 3402 2877 3454 in
2907 3399 3267 3469 disputatione
3308 3406 3499 3464 capta—

1926 3496 2071 3563 bant,
2117 3495 2256 3564 quod
2308 3474 2647 3547 Donatium:
2678 3474 2830 3561 Quod
2861 3489 3069 3560 (inquit
3097 3488 3189 3541 lib.
3226 3503 3282 3540 ιιι
3309 3495 3499 3541 contra

1922 3563 2214 3653 lulianum)
2258 3584 2325 3635 ad
2370 3599 2537 3645 mores
2564 3590 2765 3634 nostros
2794 3580 3037 3651 pertinet,
3074 3577 3499 3644 Quemadmodum

1923 3677 2167 3738 vivamus,
2194 3675 2244 3728 iit
2268 3682 2500 3745 promptu
2522 3676 2595 3725 est
2622 3672 2714 3737 eis,
2744 3668 3063 3738 cuntquib’us
3090 3669 3323 3721 vivimus.
3346 3666 3498 3720 Nunc

1924 3768 1986 3820 de
2037 3756 2298 3820 Cathdlico
2358 3757 2820 3834 agitur‘dogmate.
2869 3760 3193 3828 Manichzni,
3244 3760 3496 3828 ‘quann'is

1920 3859 2101 3912 minus
2136 3866 2318 3912 essent
2349 3854 2650 3909 Rhetoricis
2694 3852 2802 3907 illis
2821 3848 3027 3907 artibus
3054 3850 3290 3917 eruditi,
3321 3859 3497 3909 tamen

1922 3967 2031 4006 non
2061 3950 2340 4005 dissimilia
2371 3952 2557 4003 rursus
2587 3944 2899 4001 diverticula
2926 3946 3253 4016 quasierhut
3281 3960 3291 3995 :
3322 3959 3499 4012 neque

1923 4046 2101 4099 selum
2130 4032 2307 4097 m‘ores
2333 4042 2538 4097 aliet'tos
2563 4046 2883 4101 accusarunt
2904 4078 2917 4101 ,
2947 4036 3038 4090 sed
3072 4037 3233 4090 etiam
3264 4050 3385 4087 eum
3414 4049 3499 4089 es-

1906 4146 2045 4192 sent
2084 4133 2460 4204 impurissimi,
2493 4146 2621 4186 suos
2644 4130 3025 4202 praedicarunt.
3046 4127 3144 4182 ~Sic
3173 4126 3503 4203 Fortunatus

1923 4225 2250 4283 Manichacus
2277 4224 2342 4279 de
2370 4223 2473 4278 fide
2500 4235 2738 4294 rogatus,
2774 4222 2848 4279 de
2893 4236 2987 4275 sua
3017 4228 3345 4289 suorumque
3390 4220 3497 4273 vita

1923 4298 2233 4387 restiondct.
2264 4316 2403 4385 Quid
2425 4308 2798 4393 Augustinus?
2819 4315 2869 4367 in
2890 4312 2994 4367 lib.
3023 4323 3208 4367 contra
3236 4312 3455 4366 Fortun.
3482 4327 3495 4363 :

1898 4411 2064 4479 ‘Alia,
2110 4412 2303 4481 inquit,
2332 4421 2403 4464 est
2432 4399 2642 4479 quentia
2682 4388 2894 4479 dav/ide,
2927 4406 3029 4459 alia
3057 4404 3389 4465 clamoribus.
3423 4404 3502 4457 Ac

1840 4511 1894 4574 ι)
1918 4505 2132 4576 quidem
2168 4506 2311 4560 alias
2332 4504 2723 4559 Donatistarum
2755 4499 3283 4566 Manichzeorumque,
3318 4502 3499 4550 mores

1919 4598 2218 4669 accusavit,
2268 4606 2322 4651 et
2368 4604 2587 4652 suorum
2616 4582 3049 4649 conetantissime
3093 4586 3351 4643 defendit.
3392 4586 3498 4641 Sed

1924 4707 2028 4748 non
2070 4692 2271 4762 patitur
2316 4704 2532 4745 causam
2566 4674 2840 4751 religionis
2867 4698 2986 4765 cum
3020 4683 3109 4736 tali
3146 4680 3357 4735 actione
3380 4694 3502 4750 per-

1920 4784 2156 4840 misceri.
2224 4783 2314 4840 Sic
2358 4794 2408 4839 et
2459 4782 2817 4850 Hieronymus
2862 4773 3340 4831 contra-Rufinum
3400 4774 3501 4826 im~

1922 4878 2114 4949 primis‘
2151 4877 2253 4931 hoc
2302 4877 2410 4945 agit
2436 4884 2489 4929 et
2532 4881 2705 4943 urget,
2734 4880 2788 4924 ut
2819 4885 2925 4923 non
2952 4866 3347 4941 coujungantu'r
3372 4882 3499 4949 cap-

1916 4947 2075 5035 tiose,
2106 4951 2596 5039 qutedisjuugenda
2626 4973 2773 5018 sunt:
2799 4962 2918 5016 Non
2941 4972 3036 5027 est,
3061 4948 3255 5031 inquit,
3278 4947 3499 5025 necesse,

1898 5044 1981 5123 but,
1998 5063 2062 5124 in,
2085 5045 2457 5113 Ecclesiasticis
2488 5057 2783 5123 tractatibus
2809 5071 2914 5108 rem
2964 5050 3267 5107 tribunalein
3292 5046 3501 5105 venale?

1921 5168 2053 5206 mus.
2082 5151 2211 5204 Item
2233 5150 2385 5219 :quis
2408 5136 2716 5213 nostrorum,
2748 5148 2935 5200 omissa
2959 5162 3134 5207 causa,
3162 5145 3213 5196 in
3238 5141 3497 5210 superﬂua

1916 5243 2179 5297 criminum
2209 5242 2541 5311 objectatione
2582 5250 2809 5294 versatus
2857 5237 2977 5293 est?
3025 5237 3152 5301 Qua:
3177 5250 3277 5286 non
3306 5230 3497 5283 clrarlle

1917 5332 2312 5399 Ecclesiasticw,
2336 5332 2426 5389 sed
2449 5330 2604 5386 libelli
2615 5328 2854 5403 judicum
2880 5326 3056 5381 debent
3071 5325 3324 5377 continere
3346 5319 3371 5373 ?
3392 5320 3495 5372 Aut

1915 5423 2037 5490 quid
2066 5427 2224 5492 refert
2253 5425 2297 5477 si
2325 5436 2477 5481 causa
2508 5412 2664 5479 cadas
2690 5462 2705 5487 ,
2751 5429 2797 5475 et
2845 5419 3059 5475 crimine
3103 5427 3303 5482 superes
3321 5410 3346 5462 ?
3371 5408 3509 5477 Istas

1914 5515 2165 5585 machina:
2193 5515 2544 5579 hmeticorum
2568 5523 2708 5581 sunt,
2728 5521 2797 5593 uti
2816 5509 3028 5573 convicti
3053 5508 3117 5559 de
3142 5500 3379 5591 perﬁdia,
3429 5501 3501 5555 ad

1919 5613 2201 5673 maledicta
2235 5616 2597 5687 “conferant.
2648 5611 2772 5693 llaec
2818 5606 2945 5663 ille.‘.
2964 5604 3058 5661 Est
3104 5610 3507 5693 autemjopem

1927 5694 2161 5784 pretium
2196 5704 2326 5768 talia
2357 5706 2644 5793 diligenter
2670 5692 2977 5779 Observare,
3007 5695 3129 5771 quia
3161 5692 3262 5753 hoc
3290 5704 3511 5768 quoque
