3860 6212
425 312 553 368 ΗἹΙ

1880 265 1883 268 ’
1903 305 2269 390 APPENDIX.

3536 311 3662 368 1472

423 435 668 497 tempore
698 427 936 481 videmus
982 441 1078 482 eos
1103 426 1191 497 qui
1235 424 1304 482 de
1335 424 1597 496 religione
1622 422 1953 479 contendunt
1981 465 1996 489 ,
2027 433 2074 485 Α
2174 421 2307 477 Cum
2339 423 2567 493 primttm
2619 438 2738 479 sese
2789 432 3052 481 steterunt
3096 426 3420 491 Donatistrc,
3453 425 3667 481 cavillati

425 519 819 588 intempestive,
848 529 906 573 ut
943 520 1121 574 omnia
1152 517 1432 586 misceant,
1464 517 1738 573 transilire
1781 516 1845 570 ad
1895 515 2002 571 cri—

424 611 772 668 minationem
828 627 1205 682 personarum.
1265 612 1404 668 Sane
1463 627 1570 682 quo
1626 612 1797 681 magis
1844 619 1995 682 gesta

423 707 742 762 Collationis
790 707 1234 779 Carthaginensis
1278 707 1564 763 considero
1592 750 1605 774 ,
1655 715 1804 763 tanto
1833 706 2004 777 magis

424 799 633 862 sentio,
669 807 776 852 tam
807 799 873 854 ad
921 815 1034 855 rent
1067 801 1414 870 principalem
1466 800 1782 856 Catholictts
1817 800 2002 855 venire

423 896 605 947 statim
639 892 874 947 voluisse
901 934 915 959 ,
965 909 1122 963 quam
1171 894 1476 948 Douatistas
1507 895 1557 948 id
1587 893 1882 963 refugisse:
1914 895 2004 964 qui

426 983 911 1056 (quemadmodum
950 999 1096 1055 saepe
1128 986 1462 1056 Augustinus
1491 986 1659 1055 dixit)
1703 986 1803 1040 hoc
1839 1001 2003 1040 unum

426 1080 688 1149 agebant,
731 1090 787 1135 ut
845 1080 972 1135 nihil
1013 1090 1286 1150 ageretur.
1338 1080 1470 1135 Nam
1527 1091 1582 1136 et
1625 1079 2006 1151 Carthaginem

425 1179 628 1226 tantum
656 1173 871 1228 venisse
902 1173 1153 1228 videntur
1181 1184 1238 1228 ut
1257 1175 1520 1231 redirent.
1546 1175 1692 1229 Dixit
1717 1176 1879 1230 etiam
1907 1175 2006 1229 ali-

424 1265 635 1332 quando
677 1268 1004 1336 Augustinus
1047 1268 1098 1321 in
1137 1267 1292 1322 libris
1321 1278 1510 1323 contra
1536 1267 1811 1324 Iulianum
1844 1268 1999 1324 Pela-

425 1355 659 1425 gianum,
695 1356 925 1413 frontem
959 1358 1338 1414 hmrcticorum
1369 1376 1472 1414 non
1500 1375 1621 1415 esse
1653 1359 1910 1416 frontem.
1949 1361 2004 1415 ld

425 1464 554 1504 vero
584 1451 651 1505 de
692 1451 995 1506 incredibili
1032 1453 1430 1506 Donatistarum
1471 1452 1803 1522 impudentia
1836 1452 2004 1508 multo

427 1542 595 1610 magis
640 1542 745 1595 dici
801 1543 970 1611 potuit
1018 1543 1330 1611 debuitqne.
1382 1541 1522 1598 Sane
1569 1559 1689 1597 cum
1733 1542 2005 1598 refelleret

425 1632 777 1686 Cresconium
837 1633 1166 1687 Douatistam
1231 1634 1682 1702 grammaticum,
1742 1633 2006 1702 significat

425 1737 592 1792 prope
613 1739 733 1778 esse
777 1733 834 1777 ut
857 1724 1122 1778 exclamet
1153 1723 1279 1778 illud
1313 1724 1508 1787 Persii,
1543 1725 1763 1792 frontem
1794 1724 2006 1792 periisse

2106 519 2289 572 nescio
2308 518 2440 586 quid
2468 516 2708 578 fuerunt,
2751 519 2816 572 de
2844 528 3087 587 tempore
3106 560 3120 585 ,
3150 518 3292 589 quod
3325 519 3666 588 prastitutum

2107 607 2278 663 fuerat
2320 608 2428 678 jam
2458 609 2660 678 elapso.
2696 609 2800 664 Sed
2847 609 3197 663 interlocutus
3223 619 3307 663 est
3337 609 3662 664 Marcellinus

2105 702 2171 758 de
2203 703 2584 773 prorogatione
2611 721 2623 755 :
2651 711 2704 757 et
2738 702 2956 757 tenebat
2992 701 3122 756 illud
3157 698 3370 772 Ulpiani
3407 720 3419 755 :
3459 701 3554 767 Qui
3587 718 3667 772 pro

2107 794 2354 849 tribunali
2383 796 2669 867 cognoscit,
2694 811 3071 863 nonnumquam
3099 804 3299 863 tempus
3312 793 3535 866 judicati
3560 810 3666 864 pro-

2105 899 2272 957 rogat,
2296 896 2425 953 etc.,
2455 889 2489 941 l.
2541 904 2576 941 ιι
2605 887 2671 942 de
2692 888 2766 942 Re
2796 887 2960 955 judic.
2989 887 3162 941 (Iredo
3191 886 3464 956 equidem,
3499 886 3665 940 luben-

2107 989 2190 1033 ter
2220 981 2379 1032 etiam
2406 980 2694 1033 Donatista:
2725 980 3263 1034 submurmnrassent
3292 978 3422 1034 illud
3452 995 3481 1033 e
3509 979 3666 1033 medio

2104 1078 2223 1147 jure
2246 1079 2410 1140 civili,
2433 1093 2637 1131 moram
2673 1078 2882 1146 purgari
2917 1091 3023 1130 non
3049 1090 3227 1144 posse,
3254 1076 3343 1129 ubi
3377 1075 3526 1144 lapsu
3549 1083 3665 1129 tem-

2109 1171 2252 1239 poris
2279 1172 2568 1224 commissa
2595 1179 2696 1223 est.
2732 1168 2836 1222 Sed
2867 1167 3014 1222 hisce
3045 1168 3254 1221 cavillis
3279 1181 3385 1221 non
3407 1175 3519 1220 erat
3543 1180 3666 1219 nunc

2087 1263 2275 1322 locus.
2310 1263 2577 1316 Caeterum
2609 1275 2731 1313 cunt
2766 1257 2898 1312 ordo
2927 1256 3243 1312 Collationis
3273 1257 3536 1327 imprimis
3561 1270 3664 1325 pos-

2108 1354 2322 1416 tularet,
2353 1360 2409 1405 ut
2453 1341 2705 1420 utrinque
2735 1350 2869 1404 certi
2918 1349 3291 1418 deligerentur
3318 1355 3526 1400 actores
3546 1387 3560 1410 ,
3590 1345 3661 1400 id-

2106 1459 2211 1512 que
2250 1442 2588 1496 Marcellinus
2616 1441 2900 1504 ediceret,
2947 1449 2998 1494 ct
3047 1438 3318 1493 Catholici
3359 1439 3661 1508 probarent,

2111 1536 2402 1590 Donatistae
2443 1548 2630 1588 rursus
2661 1532 3058 1593 reclamabant,
3089 1531 3178 1600 qui
3224 1545 3348 1584 cum
3390 1537 3661 1598 prepetre-

2107 1630 2246 1682 centi
2277 1627 2683 1689 convenissent,
2713 1625 2966 1678 volebant
2994 1638 3180 1676 omnes
3204 1622 3480 1690 disputare
3505 1639 3515 1672 :
3539 1619 3660 1688 quod

2109 1721 2350 1790 profecto
2367 1719 2482 1772 sine
2508 1718 2734 1771 tumulttt
2766 1725 2820 1770 ct
2849 1713 3164 1769 confusione
3181 1712 3296 1766 fieri
3322 1729 3426 1767 non
3453 1719 3656 1782 polerat.

424 1814 487 1867 de
514 1815 681 1870 rebus.
719 1815 782 1884 Et
816 1816 922 1869 alio
952 1816 1071 1869 loco
1093 1815 1227 1869 dixit
1256 1831 1317 1870 se
1344 1816 1525 1869 mirari
1553 1817 1880 1880 Donatistas,
1903 1816 1997 1869 ba-
2032 1818 2078 1878 B
2106 1811 2243 1881 Ergo
2293 1810 2636 1864 Marcellinus
2681 1807 3059 1877 interloqnitur
3086 1847 3101 1869 ,
3157 1804 3545 1860 observandum
3583 1802 3656 1857 hic

430 1903 560 1958 here
593 1904 642 1958 in
672 1919 898 1975 corpore
925 1907 1260 1975 sanguinem,
1291 1916 1345 1961 et
1369 1915 1543 1960 tamen
1575 1921 1858 1976 numquam
1882 1921 2004 1962 eru-

424 1997 667 2051 bescere.
700 1997 966 2062 Dicerem,
989 2014 1146 2068 quam
1176 1999 1426 2053 crudeles
1452 1999 1662 2054 fuerunt
1690 1998 1870 2054 sicarii
1895 2010 1999 2053 tam

424 2087 606 2142 vafros
650 2087 814 2144 fuisse
855 2091 1234 2160 pragmaticos.
1279 2089 1384 2144 Sed
1417 2100 1566 2155 acta,
1598 2091 1664 2144 de
1694 2090 1891 2160 quibus
1918 2091 2000 2144 lo-

421 2195 582 2249 quor,
605 2183 979 2245 testahuntur,
1014 2182 1266 2252 strOphas
1292 2198 1478 2238 eorum
1520 2194 1756 2238 nontam
1791 2184 2002 2239 erudito

422 2271 604 2339 aliquo
631 2271 860 2327 artificio
893 2280 1084 2337 tectas,
1108 2289 1265 2343 quam
1290 2276 1590 2329 meretricia
1620 2276 1846 2345 quadam
1879 2291 2003 2346 pro-

425 2366 587 2419 lervia
621 2369 981 2421 communitas
1012 2366 1197 2423 fuisse.
1235 2368 1375 2424 Sunt
1405 2368 1456 2422 itt
1486 2368 1793 2438 librisjuris
1832 2369 2002 2439 expli-

421 2466 537 2510 cata
575 2458 687 2510 haec
717 2458 877 2512 verba
909 2458 1041 2527 legis
1074 2501 1090 2526 ,
1131 2460 1176 2513 si
1205 2459 1440 2514 calvitur.
1473 2459 1578 2515 Sed
1621 2461 1709 2514 vix
1749 2476 2000 2530 umquam

422 2547 595 2615 magis
619 2547 743 2617 quid
779 2547 907 2602 illud
934 2548 1024 2615 sit,
1050 2550 1319 2620 apparuit,
1343 2565 1500 2619 quam
1525 2551 1576 2603 in
1604 2551 1998 2606 Donatistarum

423 2639 867 2707 tergiversatione
894 2650 1057 2710 atque
1088 2641 1456 2696 frustratione.
1488 2641 1628 2711 Ergo
1663 2642 2001 2697 Marcellinus

425 2731 868 2786 interlocutiones
898 2746 1066 2802 prope
1091 2741 1411 2798 scxcentas,
1454 2744 1510 2787 ιιι
1535 2749 1720 2788 eorum
1762 2734 2000 2788 ludifica-

424 2826 553 2879 tioni
578 2836 908 2891 occurreret,
927 2829 1271 2896 interponere
1289 2840 1506 2882 COaClUs
1528 2829 1646 2893 fuit,
1670 2830 1818 2899 prius
1841 2845 1998 2896 quam

424 2915 490 2968 ad
521 2930 632 2969 rem
666 2929 761 2970 eos
789 2919 1097 2972 restitantes
1131 2933 1403 2983 revocare,
1435 2927 1487 2973 et
1514 2920 1578 2973 ad
1609 2935 1825 2973 causam
1857 2921 1999 2988 prin-
2038 2988 2044 2994 .

425 3009 650 3076 cipalem
680 3008 1024 3077 iudicandam
1057 3011 1245 3064 venire
1291 3011 1544 3078 ponuerit.
1580 3012 1644 3064 Et
1681 3026 1807 3066 vero
1836 3027 1996 3081 opor-

428 3101 528 3155 tttit
573 3116 677 3153 non
723 3102 899 3155 minus
952 3102 1163 3166 civilis,
1215 3118 1372 3172 quam
1406 3103 1732 3173 diviuijnris
1766 3107 1997 3174 peritum

2103 1917 2242 1966 esse,
2267 1900 2406 1971 quod
2433 1901 2484 1953 in
2515 1899 2742 1970 publicis
2765 1897 3065 1952 actionibus
3086 1905 3141 1952 et
3162 1897 3479 1965 corporibus
3503 1903 3658 1948 custo-

2103 1992 2246 2047 ditur
2276 2035 2288 2056 ,
2332 2001 2389 2047 ut
2439 2007 2535 2062 per
2561 2001 2764 2056 certas,
2800 1991 2957 2045 sicuti
2987 1990 3090 2053 ait,
3124 1998 3179 2044 et
3209 1988 3483 2043 ordinatas
3509 1999 3557 2042 et
3584 1984 3657 2040 fir-

2102 2096 2272 2139 tnatas
2326 2098 2584 2154 personas
2641 2084 2821 2136 omnia
2878 2089 3241 2152 peragantur,
3285 2080 3444 2135 sicuti
3489 2090 3649 2133 noster

2101 2175 2363 2246 Ulpianus
2428 2175 2634 2229 scribit.
2705 2174 2912 2240 Quibus
2975 2174 3295 2242 permissum
3344 2182 3426 2226 est
3477 2185 3649 2240 corpus

2106 2267 2304 2322 habere
2330 2267 2545 2336 collegii
2570 2267 2684 2320 sive
2730 2265 3001 2320 societatis
3047 2265 3264 2318 nomine
3285 2308 3301 2327 ,
3335 2280 3515 2318 eorum
3548 2277 3653 2332 pro-

2098 2360 2277 2430 prium
2317 2373 2469 2423 esse,
2506 2359 2570 2411 ad
2599 2357 2902 2426 exemplum
2939 2356 3270 2425 Reipublicae
3307 2355 3503 2410 habere
3529 2364 3654 2408 acto-

2103 2467 2214 2505 rem
2241 2452 2352 2504 sivc
2381 2449 2660 2520 syndicum
2683 2490 2698 2512 ,
2723 2464 2817 2518 per
2839 2463 3021 2518 quem,
3050 2447 3195 2516 quod
3220 2447 3570 2502 communiter
3583 2446 3653 2516 agi

2102 2542 2326 2612 ﬁerique
2355 2551 2620 2611 oporteat,
2650 2553 2838 2610 agatur
2861 2553 2914 2595 et
2949 2541 3061 2606 fiat,
3095 2541 3131 2594 Ι.
3175 2556 3216 2606 ι,
3246 2539 3397 2608 Quod
3422 2539 3656 2608 cujusque

2103 2638 2497 2692 univers.nom.
2509 2637 2643 2704 Ergo
2659 2636 2870 2688 tandem
2891 2633 3084 2702 placuit
3100 2632 3263 2704 354
3275 2643 3332 2687 et
3347 2632 3656 2694 convenit,ut

2100 2739 2304 2799 septem
2335 2745 2399 2784 ex
2425 2743 2649 2783 numero
2667 2727 3089 2790 Catholicorum,
3115 2736 3166 2780 et
3192 2725 3416 2780 totidem
3439 2741 3498 2779 ex
3525 2732 3655 2792 parte

2103 2826 2294 2879 Donati
2323 2825 2710 2892 deligerentur,
2737 2821 2826 2890 qui
2851 2834 2961 2874 sua:
2986 2819 3360 2874 universitatis
3389 2820 3590 2874 nomine
3611 2827 3656 2871 et

2102 2917 2355 2972 mandato
2406 2930 2624 2969 causam
2680 2921 2943 2984 agerent,
2975 2921 3030 2967 et
3076 2911 3498 2981 disputationem
3533 2917 3652 2979 pric-

2103 3018 2347 3064 texerent
2396 3008 2448 3061 itt
2499 3007 2597 3060 hac
2627 3007 2948 3062 Collatione.
2983 3005 3182 3059 Eorum
3236 3015 3415 3058 autem
3467 3013 3652 3070 septem

2102 3107 2354 3174 princeps
2398 3105 2583 3158 vcluti-
2607 3104 2706 3158 fuit
2749 3103 2872 3158 hinc
2904 3101 3256 3170 Augustinus,
3288 3100 3438 3154 illinc
3464 3096 3656 3151 Petilia-

427 3195 613 3258 fuisse,
638 3201 693 3247 ut
722 3194 805 3248 hic
835 3203 1116 3264 przcstaret
1146 3194 1288 3263 quod
1319 3204 1433 3248 erat
1472 3210 1711 3249 necesse.
1742 3195 1872 3248 Nam
1898 3197 2002 3250 Do-
2027 3198 2072 3261 C
2106 3214 2206 3251 nus
2232 3215 2243 3250 :
2276 3208 2332 3252 ιιι
2358 3207 2412 3252 et
2437 3207 2596 3252 antea
2621 3197 2676 3252 hi
2697 3196 2910 3266 scriptis
2934 3194 3260 3249 adversariis
3287 3192 3566 3248 éonﬂictati
3588 3191 3658 3244 in-

429 3285 640 3339 natistzc
695 3300 818 3340 cum
863 3286 1178 3340 simularent
1227 3301 1349 3341 sese
1389 3302 1609 3341 caus:tm
1661 3303 1822 3357 agere
1861 3288 2000 3342 velle

429 3386 632 3430 tantum
679 3393 749 3431 ex
781 3377 950 3432 sacris
980 3377 1194 3440 litteris,
1227 3378 1384 3430 sicuti
1416 3377 1695 3445 theologos
1730 3379 1956 3433 decebat
1985 3397 1998 3432 :

427 3479 604 3526 tamen
632 3471 1068 3540 prtescriptiones
1105 3468 1340 3523 infinitas
1369 3485 1436 3522 ex
1493 3468 1694 3524 forensi
1726 3471 2002 3523 tcchnolo-

424 3563 507 3633 gia
542 3563 876 3632 repetebant,
906 3577 1026 3632 qua:
1053 3562 1171 3615 sine
1195 3561 1333 3628 juris
1350 3560 1523 3615 civilis
1567 3549 1875 3631 cognitione
1914 3576 2001 3614 re-

427 3656 536 3710 felli
579 3671 682 3709 non
717 3665 988 3724 poterant.
1040 3653 1327 3708 Mirarctur
1353 3654 1567 3723 aliquis.
1599 3669 1724 3719 eos,
1750 3667 1868 3707 cum
1899 3671 2001 3707 ttu-

425 3745 585 3814 dique
612 3746 998 3815 conquirerent
1021 3760 1209 3800 omnes
1232 3745 1320 3817 (ιιι
1362 3754 1553 3799 vocant
1582 3744 1603 3817 )
1627 3746 2003 3800 declinatorias

427 3837 793 3906 exceptiones,
829 3848 1007 3892 tamen
1037 3852 1142 3892 nou
1173 3839 1453 3906 excepisse
1474 3878 1488 3903 ,
1516 3839 1658 3908 quod
1686 3837 2002 3892 Ambrosius

426 3940 580 3981 antea
619 3941 904 3997 exceperat
945 3929 1010 3982 ad
1045 3922 1404 3983 Valentiniani
1461 3929 1691 3997 junioris
1738 3930 2004 3983 consisto-

431 4021 596 4087 rittm,
624 4023 799 4077 aulica
831 4022 1017 4079 fraude
1043 4023 1265 4078 Justince
1311 4034 1590 4087 evocatus,
1621 4032 1678 4078 ut
1714 4023 1766 4077 in
1795 4037 1860 4078 eo
1882 4038 2002 4078 cum

431 4112 645 4166 Arianis
682 4113 1001 4182 disputaret.
1051 4115 1154 4168 Sed
1186 4115 1679 4170 dissimilitudinem
1710 4116 2006 4171 observare

431 4201 590 4257 facile
618 4203 742 4258 licet
771 4222 784 4259 :
811 4216 867 4259 et
920 4207 1212 4261 Donatista:
1257 4208 1359 4262 sibi
1405 4208 1666 4278 gratulari
1698 4208 2002 4270 debebant,

432 4309 554 4348 sese
598 4295 664 4348 ad
717 4295 898 4351 aulam
946 4297 1168 4352 llonorii
1200 4299 1281 4353 vel
1324 4300 1742 4355 transmarinum
1792 4299 2005 4370 aliquod

433 4385 668 4440 tribunal
696 4426 709 4449 ,
739 4387 894 4440 sicuti
926 4399 1082 4442 antea
1107 4392 1316 4444 evocari
1348 4404 1600 4446 curarant
1631 4377 2003 4460 Caecilianum,

441 4491 581 4528 nunc
614 4461 729 4529 non
751 4477 982 4530 evocari.
1028 4477 1083 4531 ln
1117 4481 1265 4535 Actis
1307 4483 1565 4554 scriptum
1597 4494 1677 4539 est
1711 4485 1847 4540 hanc
1881 4484 2006 4540 Col-

2103 3299 2187 3345 tcr
2210 3305 2332 3345 sese
2358 3289 2590 3353 fuerant,
2616 3299 2670 3343 et
2691 3299 2805 3344 erat
2834 3291 2886 3343 itt
2911 3305 3007 3343 suo
3035 3291 3264 3359 quisque
3295 3288 3484 3361 ordine
3535 3301 3656 3356 pra:-

2103 3382 2485 3436 stantissimus.
2517 3381 2582 3436 Et
2622 3382 2916 3435 Petilianus
2944 3382 3035 3451 qui
3065 3382 3356 3451 aliquando
3381 3381 3657 3435 causidicus

2105 3473 2316 3540 fuerat,
2343 3474 2547 3545 jactare
2579 3473 2791 3528 solebat
2828 3489 2978 3526 suam
3009 3473 3278 3542 quondam
3310 3474 3586 3543 potentiam
3612 3472 3656 3524 in

2106 3569 2456 3624 advocatione
2521 3568 2767 3632 forensi,
2830 3575 2890 3621 ut
2941 3568 3012 3620 ait
3082 3566 3218 3635 Aug.
3261 3567 3358 3621 lib.
3388 3584 3444 3621 ιιι
3495 3572 3654 3620 contra

2106 3659 2262 3714 Petit.
2287 3675 2406 3730 cap.
2437 3661 2523 3715 l7.
2557 3657 2660 3715 Sed
2686 3676 2772 3714 res
2806 3660 2916 3729 ipsa
2940 3659 3176 3714 ostendit
3202 3658 3337 3712 nihil
3364 3658 3501 3711 aliud
3521 3672 3654 3722 quam

2107 3751 2345 3821 ineptum
2400 3752 2638 3807 rabulam
2699 3751 2901 3815 fuisse,
2929 3749 3051 3820 qui,
3091 3759 3251 3819 quam
3290 3749 3344 3802 in
3385 3747 3656 3803 Collationc

2105 3857 2320 3896 causam
2344 3843 2410 3896 de
2434 3843 2669 3897 Ecclesia
2701 3844 3024 3912 impotenter
3047 3851 3251 3910 ageret,
3272 3856 3341 3896 ne
3364 3840 3656 3908 intelligeret

2106 3934 2362 4000 quidem:
2396 3945 2454 3988 ut
2487 3934 2823 4002 impudentes
2863 3942 2916 3987 et
2942 3933 3141 4001 garruli
3179 3931 3440 3986 causidici
3471 3932 3517 3985 in
3555 3928 3656 3982 foro

2108 4021 2315 4077 educati
2347 4032 2549 4077 temere
2580 4033 2631 4078 et
2657 4023 2902 4093 imperite
2939 4032 2994 4076 et
3020 4021 3248 4077 confuse
3298 4021 3554 4077 balbutire
3581 4033 3656 4074 so-

2109 4115 2222 4170 lent
2244 4116 2308 4169 de
2336 4115 2612 4186 religione.

2182 4209 2354 4264 Porro
2378 4212 2499 4280 quia
2530 4209 2788 4265 Catholici
2821 4210 2888 4265 ab
2918 4210 3247 4279 imperatore
3279 4211 3531 4280 petierant
3552 4205 3658 4260 Col-

2108 4303 2386 4364 lationem,
2405 4302 2696 4357 Donatistre
2723 4302 2972 4357 volebant
2992 4302 3145 4356 initio
3166 4301 3268 4356 sibi
3293 4301 3380 4356 edi
3399 4309 3452 4356 et
3473 4298 3656 4355 nomina

2111 4396 2410 4466 legatorum
2443 4405 2499 4449 et
2541 4409 2749 4466 preces.
2784 4395 3107 4463 Querebant
3150 4395 3318 4461 enim,
3370 4392 3505 4463 quod
3536 4393 3658 4445 ineo

2119 4505 2330 4559 quoque
2358 4506 2559 4560 genere
2588 4489 2922 4544 arrodercnt.
2956 4487 3302 4542 Marcellinus
3333 4486 3460 4540 nihil
3493 4485 3582 4538 hoc
3603 4479 3658 4534 ad

437 4568 694 4622 lationem
738 4568 972 4622 habitam
1025 4584 1148 4624 esse
1197 4571 1248 4625 in
1299 4567 1604 4630 Secretario
1653 4576 2005 4632 Thermarum
2037 4578 2226 4639 Drem
2276 4582 2552 4652 pertinere
2597 4582 2944 4651 pronuntiat:
2975 4588 3030 4636 et
3058 4579 3392 4650 respondet,
3432 4575 3659 4644 rescripto

437 4661 887 4729 Gargilianarnm,
917 4661 1056 4731 quod
1087 4663 1140 4716 in
1172 4665 1304 4719 urbe
1337 4665 1759 4736 Carlhagineusi
1800 4669 2013 4725 videtur

439 4754 606 4807 fuisse
636 4753 1198 4823 auditoriumaliqnod
1225 4754 1423 4810 nobile.
1462 4735 1760 4826 Cyprianus
1781 4778 1904 4816 reus
1933 4763 2013 4816 di-

439 4844 580 4899 citur
606 4846 670 4898 ad
703 4856 983 4913 paternum
1011 4845 1392 4901 Proconsulem
1425 4848 1898 4919 Carthaginensent
1920 4854 2013 4908 ad-

440 4934 634 4990 ductus
663 4936 827 4990 fuisse
857 4936 908 5011 in
932 4936 1198 5005 quoddam
1228 4936 1613 4992 Secretarium.
1648 4941 1715 4994 Et
1737 4941 1788 4994 in
1829 4942 2013 4998 codice

439 5025 896 5083 Constitutionum
941 5041 1085 5096 saepe
1113 5037 1332 5082 vocatur
1365 5029 1720 5085 Secretarium
1750 5034 2012 5102 judicum,

443 5131 498 5175 ut
530 5120 921 5176 Consistorium
948 5120 1229 5187 Principis.
1261 5121 1617 5175 Secretarium
1647 5123 1886 5180 Praetorii
1924 5143 2017 5180 vo-

441 5222 532 5268 cat
577 5216 904 5283 Augustinus
934 5213 1070 5266 libro
1096 5229 1152 5266 ιιι
1179 5225 1362 5268 contra
1386 5215 1642 5270 Crescon.
1684 5233 1803 5287 cap.
1839 5221 1922 5275 56.
1958 5222 2012 5276 In

443 5307 770 5376 llipponensi
804 5305 1005 5360 Balneo
1043 5305 1200 5359 Sosn.
1226 5306 1324 5359 sub
1353 5309 1633 5374 prmsentia
1667 5313 1847 5379 populi
1895 5329 2014 5368 sese

445 5401 739 5454 contulisse
762 5413 884 5453 cum
916 5396 1218 5459 Fortunato
1243 5397 1536 5452 Manichmo
1575 5401 1761 5455 scribit
1795 5403 1844 5457 in
1877 5403 2015 5459 libro

443 5502 628 5547 contra
656 5491 878 5546 Fortun.
916 5491 971 5546 ln
995 5489 1181 5544 Trullo
1205 5489 1383 5559 palatii
1410 5492 1726 5547 convenisse
1749 5495 2008 5565 synodum

445 5583 857 5654 Constantinop.
926 5600 1031 5639 non
1087 5593 1170 5638 est
1218 5586 1474 5652 ignotum.
1525 5583 1675 5649 Quod
1723 5585 1846 5639 dico
1881 5628 1894 5650 ,
1947 5603 2014 5643 ne

453 5675 572 5741 quis
610 5676 695 5731 hic
741 5677 1047 5734 offendatur
1102 5677 1351 5734 Thermis
1392 5675 1704 5748 Gagilianis.
1750 5677 1904 5734 Nunc
1949 5679 2014 5734 ad

447 5778 584 5818 rem.

2116 4673 2446 4742 pragmatico
2470 4688 2655 4741 preces
2678 4674 2839 4727 inseri
2869 4688 2972 4727 non
3003 4673 3200 4726 solere.
3240 4671 3467 4725 Petitam
3495 4667 3555 4721 ab
3578 4665 3660 4719 im-

2115 4773 2367 4832 peratore
2418 4781 2539 4820 esse
2581 4755 2936 4820 Collationem
2986 4780 3093 4819 non
3153 4764 3378 4819 omnino
3424 4761 3660 4816 audebant

2118 4854 2410 4908 Donatista:
2455 4857 2853 4922 reprehendere
2894 4874 2906 4909 :
2955 4856 3078 4926 quia
3105 4866 3160 4910 et
3211 4855 3312 4924 ipsi
3345 4857 3544 4925 priores
3573 4850 3658 4905 ali-

2117 4945 2333 5014 quando
2365 4945 2413 4997 id
2448 4946 2747 5013 petiissent,
2777 4955 2830 5001 et
2880 4962 3094 5000 causam
3133 4946 3410 5001 Czcciliani
3456 4945 3572 4999 olim
3604 4939 3659 4994 ad

2119 5037 2527 5090 Constantinum
2577 5038 2912 5092 retulissent.
2972 5039 3076 5093 Sed
3114 5039 3252 5092 clam
3305 5050 3481 5093 tamen
3508 5033 3660 5090 nescio

2118 5127 2242 5196 qttid
2275 5127 2788 5181 submnrtnurabant
2817 5147 2828 5177 :
2865 5127 3021 5181 Nobis
3061 5130 3256 5199 (inquit
3286 5129 3598 5199 Augustinus
3616 5127 3659 5179 in

2117 5218 2254 5270 lihro
2285 5231 2402 5287 pOSt
2430 5215 2650 5288 Collat.)
2673 5219 2920 5271 invidiam
2950 5219 3222 5281 concitant,
3254 5221 3394 5289 quod
3423 5219 3554 5286 apud
3580 5219 3662 5269 inv

2119 5319 2403 5376 peratorem
2450 5325 2657 5362 causam
2713 5325 2924 5379 agamus
2969 5307 3234 5362 Ecclesia.
3268 5308 3404 5361 Hinc
3451 5309 3537 5362 illa
3565 5305 3664 5360 Pri-

2115 5401 2273 5454 miani
2315 5400 2598 5454 Donatistw
2645 5397 2890 5454 vox:llli
2920 5411 3118 5470 portant
3165 5402 3443 5454 multorum
3471 5400 3663 5464 impera-

2118 5501 2286 5545 torum
2306 5510 2475 5546 sacras
2501 5509 2519 5547 :
2549 5509 2638 5546 nos
2681 5493 2794 5546 solo
2850 5503 3111 5561 portamus
3141 5491 3444 5564 Evangelia.
3475 5491 3580 5546 Dixi
3606 5501 3659 5542 ea

2117 5584 2184 5638 de
2240 5600 2300 5638 te
2335 5584 2606 5654 quidpiam
2640 5584 2691 5637 in
2728 5593 2970 5637 annotat.
3001 5584 3065 5636 ad
3096 5582 3380 5652 Optatum,
3413 5583 3497 5638 ubi
3525 5591 3572 5635 et
3594 5577 3661 5633 al-

2119 5686 2288 5732 teram
2339 5693 2403 5732 ex
2454 5677 2751 5746 Augustino
2776 5676 2995 5732 recitavi
3038 5675 3508 5742 exprobrationem
3533 5673 3662 5728 Peti-

2129 5770 2255 5824 liani
2282 5788 2294 5823 :
2337 5768 2474 5833 Quid
2500 5769 2642 5823 nobis
2664 5784 2780 5821 cum
2810 5766 3014 5837 regibus
3038 5764 3237 5833 saeculi,
3266 5781 3396 5834 quos
3418 5775 3660 5833 tum
