3860 6212
200 273 343 332 M75

1135 273 1450 334 HISTORIA
1488 265 2075 330 CARTHAGINENSIS
2112 264 2577 324 COLLATIONIS.

3316 268 3457 325 1474

196 386 560 443 Cltt'istiattt'las
582 387 681 443 nisi
710 386 909 443 invidos
935 387 1140 443 sensit?
1166 387 1222 442 Si
1251 396 1305 442 et
1331 386 1541 443 doctior
1574 393 1629 441 et
1660 398 1785 440 acu-
1811 384 1862 446 Α
1887 380 2067 435 omnia
2110 379 2470 435 frustrationis
2500 378 2816 435 diverticula
2840 387 3110 449 captasse,
3139 393 3259 450 qua:
3294 396 3361 437 ne
3384 380 3463 435 to.

199 479 308 534 tior
336 478 527 535 fuisset
562 478 861 535 Petilianus
883 520 896 544 ,
927 479 1155 534 fortasse
1203 478 1465 549 potuisset
1510 478 1559 532 id
1592 477 1661 530 ita
1694 492 1783 529 nr-

196 585 360 639 gere,
392 580 451 626 ut
486 571 786 641 Augustino
815 571 1093 627 difficilior
1122 571 1313 627 fuisset
1358 571 1665 640 responsio.
1717 569 1783 623 Et

199 660 330 730 quid
353 661 398 715 si
425 676 488 716 ex
518 661 835 717 Tertulliani
866 660 979 716 Afri
999 662 1281 733 Apologet.
1310 654 1599 730 objeeisset
1629 658 1777 721 illud,

199 751 450 809 Caesares
470 754 835 809 credidissent
856 752 1096 820 Christo,
1121 754 1166 808 si
1192 760 1246 807 et
1264 751 1555 808 Christiani
1582 751 1786 819 potuis-

200 834 472 903 sent‘essc
502 845 779 902 Caesares?
808 846 914 902 Sed
940 846 1240 901 Donatista:
1272 846 1577 899 obtusiores
1617 842 1786 897 fuisse

201 938 477 1004 videntur,
495 953 653 1008 quam
684 946 741 994 ut
764 936 1037 1008 potuerint
1066 936 1223 992 valde
1244 949 1482 1005 pungere
1511 948 1786 1005 premere-

202 1045 311 1101 que
334 1029 728 1086 adversarium.
762 1030 963 1086 Saltem
1012 1027 1243 1083 fuissent
1292 1028 1469 1081 minus
1517 1025 1697 1089 aulici,
1730 1033 1788 1079 ut

202 1123 547 1180 adversarios
576 1165 591 1190 ,
644 1124 689 1179 si
717 1124 809 1194 qui
857 1122 1015 1177 nimis
1044 1120 1202 1175 aulici
1249 1127 1424 1185 erant,
1450 1118 1667 1188 justiori
1695 1132 1789 1172 ex-

201 1216 554 1286 probratione
589 1216 961 1285 castigasset”.
1007 1211 1185 1268 Fateri
1213 1210 1355 1283 enim
1398 1210 1663 1281 cogimur,
1691 1225 1789 1279 op-

206 1311 429 1363 tandum
453 1322 575 1362 esse
596 1317 652 1361 ut
669 1305 863 1362 aulicis
885 1303 1120 1374 strophis
1139 1303 1328 1372 religio
1352 1317 1458 1357 non
1482 1302 1790 1367 involvatur

203 1416 270 1458 ac
302 1402 594 1472 polluatur,
620 1400 807 1470 quales
830 1397 1052 1452 nimium
1078 1396 1207 1472 ipsis
1232 1395 1529 1451 Donatistis
1555 1394 1788 1449 familia-

204 1510 298 1551 res
341 1494 509 1551 fuere.
566 1492 705 1561 Quid
737 1491 911 1547 dicam
953 1490 1261 1546 Africanam
1306 1489 1627 1554 Ecclesium,
1670 1503 1789 1559 quae

204 1597 369 1642 antea
390 1585 532 1641 domi
564 1600 677 1639 sum
706 1583 885 1638 nullos
913 1594 1006 1637 aut
1035 1582 1385 1651 imperatores
1415 1592 1508 1636 aut
1536 1597 1690 1652 reges
1712 1581 1791 1636 vi-

206 1678 403 1745 derat,
457 1676 621 1746 paulo
648 1684 769 1745 post
797 1675 1035 1730 sensisse
1059 1674 1188 1743 quid
1215 1674 1287 1728 sit
1311 1674 1446 1729 tales
1497 1673 1698 1729 habere
1736 1674 1788 1728 in

1893 472 2068 527 rensis
2098 470 2313 542 quidem
2340 471 2650 527 causidicus
2680 471 2731 525 in
2765 470 2906 527 mala
2942 487 3105 528 causa
3132 472 3465 528 invenisset?

1881 560 2058 616 Etiam
2091 570 2211 631 post
2240 577 2354 617 rem
2378 562 2673 631 judicatam
2701 562 3046 632 exceptiones
3073 562 3459 627 obtendebant,

1882 662 1938 709 et
1967 654 2182 723 quidem
2210 670 2275 709 ex
2304 654 2427 724 jure
2456 653 2602 709 civili
2636 655 2897 725 repetitas
2918 672 3041 711 esse
3066 656 3334 727 fingebant
3360 674 3371 709 :
3403 658 3470 711 de

1882 747 2079 816 quibus
2106 746 2306 817 aliquid
2343 758 2529 817 postea
2555 745 2755 802 dicam.
2786 748 3025 818 Denique
3062 748 3112 803 in
3146 750 3210 804 iis
3244 764 3360 819 quzc
3400 748 3465 802 ad

1886 852 1997 893 rem
2035 838 2392 909 principalem
2428 839 2630 909 alioqui
2682 855 2789 894 non
2834 840 3211 911 pertinebant,
3264 843 3382 910 plus
3416 851 3471 896 et

1887 922 2148 999 temporis
2180 940 2233 986 et
2263 932 2552 987 verborum
2587 940 2963 1003 consumptum
2990 932 3185 989 frustra
3219 932 3305 988 ltie
3337 932 3467 998 fuit,

1886 1035 2047 1091 quam
2086 1020 2140 1077 in
2175 1037 2237 1078 ea
2273 1024 2575 1094 quastione
2614 1022 2682 1078 de
2724 1038 2829 1094 qua
2858 1023 2973 1080 sola
3002 1023 3288 1079 collatores
3309 1039 3470 1094 agere

1888 1112 2180 1169 debebant.
3244 1166 3245 1169 η

1962 1205 2100 1277 Age,
2131 1221 2271 1262 nunc
2297 1206 2365 1263 de
2385 1222 2549 1264 causa
2577 1208 2852 1279 principali
2879 1209 3069 1263 iterum
3094 1214 3467 1287 cognoscatur,

1891 1307 1949 1354 et
1976 1300 2098 1370 quis
2127 1300 2245 1373 ejus
2272 1310 2443 1358 status
2468 1304 2648 1369 fuerit,
2675 1302 2969 1357 videamus.
3004 1302 3074 1357 Ut
3108 1302 3312 1358 duobus
3345 1317 3469 1357 ver-

1894 1393 1979 1449 bis
2007 1394 2210 1463 dicam,
2244 1396 2472 1466 quaestio
2500 1398 2596 1451 fuit.
2639 1376 2708 1451 de
2737 1396 2977 1451 Ecclesia
3005 1413 3016 1449 :
3050 1411 3116 1449 an
3165 1396 3279 1449 bare
3327 1404 3473 1450 esset.

1894 1476 2059 1555 penes
2085 1486 2414 1553 Catholicos,
2440 1505 2506 1543 an
2540 1504 2666 1543 vero
2702 1489 3027 1571 Donatistas.
3063 1488 3169 1545 Sed
3199 1499 3345 1543 tanto
3371 1488 3473 1545 dif-

1894 1579 2089 1637 ficilior
2118 1581 2429 1651 dijudicatio
2458 1580 2577 1647 fuit,
2603 1580 2743 1651 quod
2777 1580 3065 1652 utrobique
3095 1597 3262 1652 prope
3284 1582 3471 1637 cadent

1894 1674 2092 1745 alioqui
2116 1683 2335 1730 sonaret
2361 1674 2601 1729 doctrina
2621 1715 2634 1739 ,
2663 1683 2719 1729 et
2749 1674 2920 1729 forma
2955 1677 3145 1731 similis
3190 1677 3472 1746 conspice-

206 1784 313 1825 suo
342 1769 484 1834 sinu,
516 1767 702 1837 quales
725 1765 911 1820 habuit
941 1765 1250 1821 Vandalus?
1275 1766 1425 1821 Tunc
1459 1753 1638 1836 igitur,
1664 1774 1791 1821 tunc
1819 1760 1867 1819 B
1896 1777 2082 1822 retur:
2129 1768 2232 1819 imo
2268 1773 2321 1820 et
2344 1764 2547 1837 eaedem
2583 1764 2832 1822 formulte
2861 1758 3196 1835 audirentur,
3236 1769 3391 1833 sicuti
3423 1777 3478 1824 et

207 1860 277 1915 ad
313 1875 499 1915 eorum
530 1857 764 1913 tribunal
793 1856 1046 1922 eitata,in
1073 1872 1181 1928 quo
1205 1858 1385 1912 Ariani
1413 1857 1683 1914 antistites
1705 1873 1794 1914 re-

207 1953 452 2024 gnabant
482 1992 497 2017 ,
560 1951 970 2019 subscripsisset
1018 1952 1317 2007 Donatistis
1369 1952 1796 2007 exelamantibus

209 2044 355 2114 apud
401 2042 650 2113 Optatum
682 2083 696 2106 ,
730 2043 868 2109 Quid
896 2044 1151 2115 episc0pis
1199 2060 1314 2097 cum
1345 2042 1599 2098 Palatio?
1641 2043 1795 2098 Nunc

211 2134 451 2190 redirem
497 2132 563 2187 ad
607 2134 1007 2189 Donatistarum
1056 2135 1409 2191 Collationem
1454 2135 1794 2206 fugitantium

206 2224 566 2284 circuitiones
597 2236 755 2297 atque
800 2228 1294 2298 tergiversationes.
1324 2228 1430 2285 Sed
1463 2211 1583 2298 quis
1608 2242 1797 2283 omnes

209 2320 528 2377 enumeret?
561 2320 767 2375 [nterea
798 2320 969 2375 sedati
1012 2320 1208 2390 judicis
1233 2320 1354 2388 fuit,
1388 2319 1644 2391 quidquid
1673 2328 1789 2373 tan-

209 2414 339 2469 dum
373 2412 450 2468 illi
482 2412 746 2481 dicerent,
798 2415 1009 2469 tametsi
1057 2415 1253 2485 saepius
1284 2417 1456 2471 otiose
1504 2425 1559 2468 et
1600 2412 1795 2467 fruSIra
1838 2412 1848 2423 ’

211 2505 557 2561 inculcarent
577 2548 592 2573 ,
622 2506 889 2575 patienter
921 2506 969 2560 id
996 2506 1183 2561 audire
1210 2526 1221 2559 :
1255 2505 1397 2575 quod
1419 2505 1633 2575 quidem
1661 2502 1798 2556 Mar-

213 2596 479 2653 cellinum
513 2596 707 2653 fecisse
741 2599 877 2653 Acta
918 2608 1205 2655 testantur.
1242 2598 1386 2654 Sane
1414 2598 1548 2651 mira
1572 2595 1669 2649 fuit
1708 2594 1797 2649 illa

211 2704 407 2745 eorum
438 2688 922 2765 cavillatiozquod
970 2692 1058 2746 tibi
1104 2688 1499 2760 'proferebatur
1544 2685 1798 2741 ecclesia-

210 2780 414 2835 8tieum
437 2778 723 2835 concilium
746 2796 870 2836 cum
894 2796 993 2839 suo
1013 2781 1101 2849 die
1114 2789 1167 2834 et
1187 2779 1414 2834 consule
1436 2795 1448 2830 :
1474 2785 1689 2846 propter
1704 2775 1799 2827 atl—

206 2868 417 2941 jectam
438 2871 579 2926 lianc
595 2872 855 2942 temporis
872 2872 1225 2937 notationem,
1246 2868 1602 2924 causabantur
1614 2866 1794 2919 fictum

212 2979 342 3020 esse
387 2964 697 3019 concilium.
761 2965 990 3031 Rursus,
1048 2981 1169 3020 Clltll
1220 2961 1432 3031 aliquod
1466 2956 1799 3014 Constantini

212 3054 542 3126 rescriptum
584 3055 650 3111 iis
688 3055 1077 3126 objiciebatur,
1108 3054 1195 3109 cui
1246 3053 1380 3127 forte
1411 3050 1650 3119 adjectus
1692 3065 1793 3103 non

1898 1860 2139 1929 Optatos,
2184 1857 2354 1922 lib.t,
2399 1858 2685 1928 significat.
2717 1858 2903 1930 Neque
2945 1870 3147 1917 temere
3173 1871 3255 1917 est
3281 1903 3295 1927 ,
3335 1861 3476 1933 quod

1896 1951 2223 2021 Augustinus
2242 1951 2293 2003 in
2321 1949 2413 2005 lib.
2434 1950 2502 2005 de
2528 1966 2653 2007 vera
2678 1952 2848 2022 Relig.
2872 1967 2991 2023 cap.
3016 1955 3069 2018 5,
3097 1970 3202 2010 non
3231 1956 3392 2010 modo
3424 1956 3476 2011 in

1896 2040 2252 2097 schismaticis
2292 2040 2344 2095 id
2385 2040 2671 2106 observat,
2705 2043 2799 2097 sed
2831 2044 2993 2099 etiam
3050 2045 3102 2099 in
3156 2044 3477 2115 quibusdam

1898 2133 2184 2197 haereticis,
2216 2140 2273 2185 ut
2293 2131 2509 2187 Arianis
2530 2143 2583 2187 et
2612 2132 2966 2190 Photinianis.
2998 2135 3322 2192 Maniclneos
3350 2153 3480 2193 vero

1896 2235 1951 2281 et
1979 2225 2265 2280 nonnullos
2290 2225 2427 2279 alios
2456 2226 2531 2279 ait
2557 2224 2719 2289 etiam
2754 2229 2858 2282 ritu
2886 2242 3348 2287 sacramentorum
3371 2232 3481 2287 dis-

1899 2332 2055 2386 pares
2102 2331 2221 2373 esse
2262 2318 2523 2383 voluisse,
2574 2328 2633 2375 ut
2656 2321 2834 2375 minus
2862 2323 3165 2377 mirandum
3195 2324 3304 2391 sit,
3338 2326 3479 2395 quod

1897 2409 2015 2476 bos,
2050 2411 2228 2466 minus
2258 2426 2417 2481 quam
2461 2412 2586 2467 illos
2609 2457 2623 2481 ,
2654 2414 2892 2471 Ecclesia
2920 2416 3182 2472 catholica
3216 2417 3357 2473 ferre
3389 2436 3484 2488 pu-

1896 2502 2075 2558 tuerit.
2120 2501 2252 2556 Cum
2296 2517 2424 2572 ergo
2464 2503 2756 2560 Donatistae
2794 2522 2965 2579 pares
3017 2522 3137 2565 esse
3170 2509 3484 2565 viderentur

1897 2593 2137 2649 doctrina
2164 2604 2218 2647 et
2243 2592 2454 2661 ritibus,
2478 2593 2751 2651 difficilior
2777 2611 2910 2664 cum_
2931 2598 2993 2652 iis
3021 2598 3117 2654 fuit
3141 2601 3207 2656 de
3230 2602 3483 2657 Ecclesiae

1900 2685 2171 2755 agnitione
2196 2680 2425 2755 quatstio
2455 2704 2468 2741 :
2499 2695 2555 2742 et
2597 2687 2715 2742 aliis
2768 2689 2982 2745 indiciis
3011 2688 3111 2745 fuit
3152 2706 3288 2760 Opus
3323 2709 3482 2764 quam

1900 2776 2159 2831 doctrinae
2198 2786 2252 2831 et
2288 2770 2773 2834 sacramentorum.
2822 2781 2889 2836 Et
2931 2797 3061 2838 vero
3100 2784 3143 2839 si
3189 2784 3484 2840 Donatista:

1900 2885 2019 2925 cum
2053 2869 2289 2947 Ecclesia
2336 2871 2596 2929 catholica
2626 2877 3095 2933 communicarent
3119 2886 3225 2934 tam
3254 2880 3307 2935 in
3348 2880 3481 2937 duc-

1903 2964 2036 3018 trina
2066 2963 2219 3031 fidei,
2249 2980 2408 3035 quam
2456 2966 2508 3021 in
2555 2967 2749 3023 ritibus
2779 2978 2832 3024 et
2862 2973 3220 3042 caeremoniis,
3276 2974 3485 3029 tametsi

1902 3071 2021 3110 eum
2054 3056 2298 3126 personis
2330 3074 2433 3113 non
2478 3062 2984 3131 communicarent,
3034 3079 3166 3135 quas
3216 3076 3485 3137 tamquam

216 3155 341 3202 crat
382 3161 532 3203 cons.
565 3147 723 3203 index
759 3146 927 3219 ipsius
962 3146 1087 3200 anni
1116 3162 1127 3199 :
1159 3150 1444 3213 propterea
1475 3140 1797 3196 cavillaban-
1822 3132 1867 3195 C
1903 3147 2134 3216 pollutas
2162 3148 2531 3219 refugiebant,
2581 3168 2686 3207 non
2717 3154 2816 3208 nisi
2847 3132 3128 3224 cujusdam
3160 3132 3489 3215 morositatis

217 3250 311 3294 tur
340 3238 532 3293 falsum
561 3248 615 3295 et
642 3238 821 3293 fictum
852 3252 1068 3307 quoque
1095 3248 1236 3289 esse.
1261 3233 1395 3297 Quid
1424 3230 1801 3285 Marcellinus?

215 3332 292 3388 de
319 3332 567 3387 conciliis
599 3333 728 3386 nihil
754 3333 901 3386 dicit.
927 3329 1097 3383 Nimis
1120 3326 1263 3381 enim
1286 3336 1466 3380 notum
1492 3333 1803 3393 certumque

219 3433 365 3490 erat,
398 3422 540 3478 diem
569 3431 623 3478 et
647 3422 923 3478 consulem
952 3420 1013 3474 iis
1033 3418 1285 3481 adscribi,
1311 3424 1368 3470 ut
1396 3416 1515 3471 ficta
1550 3431 1653 3470 non
1683 3431 1804 3471 esse

220 3503 613 3585 intelligantur.
654 3515 757 3571 Sed
784 3515 1112 3583 pronuntiat,
1152 3526 1255 3565 non
1286 3524 1484 3564 nocere
1512 3518 1687 3563 tamen
1710 3525 1798 3564 ve-
1836 3558 1839 3559 ν

218 3609 375 3666 ritati
404 3610 585 3680 legum
614 3619 669 3664 et
697 3610 1101 3678 rescriptorum,
1135 3608 1176 3659 si
1210 3604 1406 3661 omissa
1438 3606 1508 3660 sit
1538 3605 1651 3662 haec
1675 3618 1805 3661 tem-

223 3702 377 3772 poris
404 3704 640 3757 notatio:
671 3700 935 3772 Cognitor,
980 3697 1152 3766 inquit
1195 3696 1552 3766 Augustinus,
1598 3699 1808 3777 interlo-

222 3804 377 3848 cutus
403 3803 497 3859 est,
524 3791 912 3847 euidentissimis
938 3789 1130 3859 legibus
1151 3789 1415 3859 deﬁnitum
1442 3805 1548 3843 esse
1570 3789 1808 3860 imperia-

226 3887 303 3940 lia
325 3887 603 3939 constituta
633 3924 649 3946 ,
704 3882 902 3936 etiamsi
945 3881 1178 3935 consules
1228 3898 1328 3936 non
1377 3884 1703 3952 legerentur,
1758 3882 1810 3934 in

226 3977 447 4031 dubium
474 3991 574 4027 non
598 3974 788 4028 vocari.
812 3973 937 4027 Scio
956 3971 1369 4027 Constantinum
1418 3972 1770 4043 rescripsisse
1791 4012 1807 4039 ,

226 4067 552 4123 auctoritate
580 4080 766 4121 carere
793 4066 1093 4134 personalia
1116 4064 1403 4130 beneficia,
1430 4081 1550 4136 quae
1580 4066 1696 4118 sine
1714 4064 1810 4121 die

226 4169 287 4216 et
318 4158 542 4215 consule
574 4157 992 4228 proferuntt'tr,l.
1022 4174 1074 4213 tv
1125 4155 1187 4211 C.
1218 4157 1285 4212 de
1310 4157 1511 4212 divers.
1546 4156 1810 4225 liescript.

226 4252 339 4307 Sed
368 4251 547 4305 talium
604 4249 987 4305 beneficiorum
1021 4250 1125 4304 alia
1153 4251 1287 4303 ratio
1322 4260 1404 4304 est
1431 4268 1442 4303 :
1474 4257 1530 4304 et
1561 4249 1674 4318 ipse
1722 4249 1814 4303 Ju-

229 4343 519 4407 stinianus,
551 4341 672 4396 licet
696 4342 796 4397 hoc
833 4342 1151 4411 rescriptum
1196 4340 1247 4394 in
1273 4356 1425 4395 suum
1456 4340 1707 4396 Codicem
1731 4357 1815 4397 re-

230 4434 445 4500 tulerit,
499 4442 674 4489 tamen
722 4432 973 4504 przefatus
1011 4444 1091 4488 est
1138 4432 1191 4486 id
1247 4432 1352 4487 diei
1398 4447 1503 4486 non
1547 4448 1705 4498 posse
1748 4433 1814 4489 de

1903 3237 2135 3293 schisma
2162 3240 2329 3295 fuisse
2357 3242 2587 3297 videtur.
2622 3244 2728 3299 Sed
2762 3245 2814 3299 itt
2852 3260 2947 3300 sua
2974 3247 3193 3306 aetione
3214 3249 3291 3306 sic
3313 3252 3487 3306 varia-

1902 3340 2051 3395 runt,
2071 3342 2127 3385 ut
2150 3331 2253 3385 sibi
2286 3332 2416 3402 ipsis
2466 3350 2571 3389 non
2604 3322 2998 3405 consentirent,
3026 3349 3081 3396 et
3110 3341 3166 3397 in
3194 3342 3491 3399 Collatione

1904 3423 2194 3478 miscerent
2214 3424 2582 3481 inconstanter
2603 3430 2845 3498 quaedam
2876 3436 3248 3504 repugnantia.
3278 3433 3489 3504 Alioqui

1904 3512 2141 3571 dicerem
2169 3532 2235 3571 eo
2268 3518 2524 3573 recidisse
2550 3529 2849 3587 certamen,
2875 3536 2929 3578 ut
2971 3527 3112 3595 quod
3148 3527 3199 3579 in
3247 3524 3491 3595 symbolo

1907 3620 2095 3661 omnes
2122 3607 2534 3677 profitebantur,
2582 3611 2879 3669 Ecclesium
2908 3592 3069 3671 unam
3102 3632 3221 3673 csse
3251 3625 3488 3670 sanctam

1906 3710 1959 3754 et
1989 3699 2330 3767 catholicam,
2359 3702 2409 3756 in
2440 3701 2741 3761 Collatione
2770 3708 3178 3780 Carthaginensi
3211 3709 3354 3763 varie
3378 3706 3486 3775 agi-

1911 3799 2078 3845 tatum
2126 3793 2232 3845 sit:
2264 3808 2387 3847 eum
2422 3798 2590 3850 nostri
2622 3809 2877 3869 urgerent
2911 3803 3155 3857 vaticinia
3200 3794 3489 3869 praplieta-

1910 3900 2050 3951 rum,
2102 3900 2223 3955 qua:
2275 3886 2595 3943 catholicam
2630 3894 2991 3959 promittunt:
3024 3894 3310 3947 Donatista:
3360 3906 3489 3946 vero

1910 3990 2245 4049 opponerent
2272 3980 2541 4049 vaticinia,
2565 4000 2684 4054 qua:
2707 3998 2942 4043 sanctam
2971 3986 3276 4043 describunt
3305 3983 3489 4039 Eccle—

1912 4070 2068 4123 siam.
2104 4070 2295 4126 Fateor
2321 4086 2540 4129 causam
2590 4076 2729 4132 hanc
2771 4077 3027 4133 adversus
3054 4075 3365 4131 Petilianutn
3393 4114 3407 4138 ,
3435 4083 3491 4128 et

1915 4159 2196 4215 nervosius
2218 4170 2273 4216 et
2302 4162 2513 4231 planius
2534 4168 2708 4237 egisse
2744 4169 3093 4239 Augustinum
3126 4165 3217 4219 lib.
3248 4164 3314 4218 de
3338 4162 3486 4219 Unit.

1916 4267 2073 4321 quam
2100 4253 2150 4307 in
2186 4252 2299 4322 ipsa
2325 4255 2669 4315 Collatione:
2701 4260 2823 4328 quia
2853 4240 3196 4327 scriptionum
3246 4269 3352 4309 non
3405 4257 3491 4308 in-

1917 4344 2286 4413 terrumpebat
2312 4346 2653 4404 adversarius
2674 4391 2689 4414 ,
2730 4350 3139 4411 utorationem;
3181 4344 3273 4399 sed
3302 4344 3489 4400 eadem

1918 4449 2133 4505 semper
2172 4451 2332 4492 causa
2377 4439 2497 4494 fuit.
2525 4441 2887 4497 Observemus
2936 4449 3144 4502 autem,
3186 4436 3495 4494 Catholicos

230 4527 748 4583 Constitutionibus.
806 4527 940 4583 Nam
977 4518 1188 4581 nullam
1237 4526 1625 4582 dubitationem
1690 4528 1814 4584 inde
1840 4500 1893 4560 D
1919 4527 2079 4581 aliam
2113 4544 2219 4584 non
2250 4530 2639 4601 admiscuisse,
2670 4549 2789 4605 quae
2833 4533 3126 4587 institutam
3173 4530 3491 4601 disputatio-

231 4633 519 4688 cmergere
562 4618 713 4683 vult,
761 4618 901 4687 quod
942 4616 1183 4687 quaedam
1232 4618 1349 4672 sine
1379 4617 1466 4672 die
1510 4627 1564 4673 et
1592 4620 1816 4675 consule

231 4709 557 4776 compositae
585 4708 848 4778 legantur.
878 4708 1019 4765 Sane
1058 4715 1177 4761 cum
1207 4694 1543 4778 quaereretur
1574 4711 1639 4765 de
1681 4728 1816 4781 qua-

136 4804 141 4807 ’
232 4802 363 4856 dam
405 4800 628 4869 epistola
659 4800 769 4855 sive
791 4800 1373 4879 cautionehrespondit
1422 4810 1604 4857 noster
1636 4803 1819 4857 (.‘ervi-

234 4892 363 4946 dius
390 4890 627 4946 Sezevola
655 4930 669 4953 ,
694 4907 798 4945 non
832 4891 952 4946 ideo
978 4892 1175 4949 nuUius
1218 4908 1340 4949 esse
1392 4896 1648 4951 momenti
1676 4896 1816 4966 quod

236 4981 469 5038 sine‘die
495 4990 547 5036 et
578 4981 799 5035 consule
826 4983 926 5048 sit,
982 4982 1019 5035 l.
1054 4983 1123 5038 54
1171 4985 1238 5039 de
1285 4985 1502 5057 Pignor.
1564 4987 1632 5040 Et
1676 4987 1818 5057 quod

240 5074 299 5130 in
334 5070 617 5126 Pandectis
672 5086 775 5126 non
806 5082 1018 5139 exstat,
1069 5074 1335 5130 inVenitur
1358 5077 1627 5146 quoddam
1676 5078 1819 5146 frag-

219 5153 487 5223 Irnentum
526 5178 591 5218 ex
638 5164 788 5218 libris
832 5166 1137 5235 regularum
1164 5169 1330 5222 nostri
1360 5168 1666 5234 Modestini,
1690 5168 1822 5222 nihil

241 5261 456 5315 nocere
476 5264 818 5321 testamento,
842 5259 884 5311 si
908 5258 1021 5312 dies
1046 5269 1099 5313 et
1120 5260 1305 5313 consul
1338 5260 1531 5341 adjecti
1567 5275 1671 5313 non
1695 5261 1823 5313 sint.

242 5350 426 5420 Adjici
452 5360 629 5406 tamen
657 5351 855 5420 sacpius
880 5352 1155 5406 solebant:
1179 5352 1303 5406 licet
1330 5352 1415 5405 ubi
1442 5360 1819 5406 testamentum

245 5444 611 5515 aperiebatur,
646 5444 785 5498 diem
816 5453 870 5498 et
890 5444 1184 5509 consulem,
1220 5444 1387 5513 inquit
1423 5454 1605 5497 noster
1650 5442 1828 5510 Ulpia-

248 5552 379 5602 nus,
428 5551 534 5591 non
576 5536 878 5606 patiebatur
907 5535 1113 5588 Praetor
1136 5534 1367 5589 describi
1392 5534 1473 5588 vel
1503 5533 1725 5603 inspici,
1763 5550 1829 5589 ne

247 5629 381 5701 qttid
432 5628 548 5683 falsi
592 5629 701 5690 liat,
738 5626 827 5680 lib.
872 5642 929 5690 ll,
955 5607 1416 5689 Quemadmodum
1452 5634 1826 5679 testamentum

253 5732 409 5790 aper.
460 5716 564 5773 Sed
612 5715 733 5785 quis
778 5714 1056 5769 mirabitur
1100 5713 1408 5769 Donatistas
1450 5714 1503 5768 in
1529 5714 1826 5771 Collationc

1921 4633 2043 4673 nem
2079 4621 2471 4688 perturhasset.

1995 4710 2248 4765 Poterant
2303 4711 2533 4771 fortasse
2581 4714 2874 4769 Donatistis
2909 4710 3093 4766 odiose
3126 4711 3363 4782 objicere
3395 4716 3496 4771 ali-

1920 4801 2045 4869 quid
2064 4800 2223 4873 355
2236 4802 2542 4859 Arianismi.
2560 4806 2662 4861 Sed
2679 4802 2981 4859 noluntalio
2994 4817 3297 4870 excurrere,
3318 4818 3371 4861 et
3386 4825 3498 4864 ma-

1924 4892 2042 4946 lunt
2066 4895 2236 4949 amice
2266 4894 2544 4962 confiteri,
2578 4896 2678 4950 sibi
2708 4909 2824 4948 cum
2864 4893 2928 4947 iis
2956 4908 3067 4947 rem
3096 4909 3248 4962 esse,
3296 4914 3400 4953 non
3431 4902 3500 4958 de

1924 4984 2122 5052 capite,
2156 4985 2207 5039 id
2236 4995 2339 5052 est,
2375 4986 2611 5053 Christo,
2643 4984 2737 5039 sed
2767 4983 2834 5038 de
2870 4997 3117 5053 corpore,
3160 4987 3211 5042 id
3250 5000 3352 5056 est,
3397 4992 3500 5048 Ec-

1928 5075 2113 5131 clesia.
2156 5076 2409 5143 Quinimo
2436 5078 2784 5149 qumstionem
2817 5073 2884 5129 de
2913 5076 3283 5147 anabaptismo
3304 5123 3319 5147 ,
3346 5085 3501 5153 cujus

1930 5175 2083 5220 erant
2114 5168 2192 5220 rei
2220 5169 2530 5233 Donatistae,
2562 5169 2646 5221 hic
2675 5167 2835 5220 etiam
2867 5168 3155 5225 omittunt:
3192 5181 3244 5227 et
3276 5188 3395 5227 eum
3434 5176 3500 5229 iis

1930 5266 2094 5326 agunt
2123 5259 2363 5328 “perinde
2405 5271 2563 5327 atque
2601 5272 2720 5311 cum
2758 5256 3135 5327 Luciferianis,
3180 5264 3499 5332 quieodem

1932 5354 2173 5415 tempore
2208 5348 2261 5402 in
2304 5351 2413 5419 ipsa
2441 5350 2600 5404 etiam
2638 5346 2813 5399 Africa
2852 5360 3132 5419 separatos
3164 5353 3229 5407 ab
3261 5354 3499 5408 Ecclesia

1931 5438 2195 5494 catholica
2223 5456 2349 5495 suos
2380 5448 2545 5494 coetus
2572 5438 2842 5494 habebant
2862 5482 2877 5506 ,
2918 5459 3094 5512 neque
3126 5454 3301 5499 tamen
3330 5445 3501 5501 licere-

1931 5532 2040 5597 tici,
2073 5530 2167 5585 sed
2199 5533 2373 5599 potius
2390 5530 2713 5585 seltismatiei
2738 5544 2925 5587 erant:
2953 5536 3120 5590 multo
3140 5544 3314 5591 tamen
3336 5552 3499 5603 quam

1933 5622 2222 5676 Donatistae
2254 5621 2625 5675 modestiores.
2657 5623 2954 5686 Quamdam
2990 5641 3110 5682 cum
3144 5627 3225 5681 his
3259 5628 3505 5683 collatio-

1929 5729 2049 5770 netn
2093 5711 2324 5782 quodam
2359 5710 2792 5783 Carthaginiensis
2836 5729 2956 5770 cum
3008 5716 3300 5774 Donatistis
3333 5715 3505 5773 colla-
