  <div class='ocr_page' id='page_1' title='image "/cluster/home/n/w/nwhite01/storage/ocr_20150623/11/uva.x000826576/748.png"; bbox 0 0 3860 6212; ppageno 0'>
   <div class='ocr_carea' id='block_1_1' title="bbox 143 282 277 347">
    <p class='ocr_par' dir='ltr' id='par_1_1' title="bbox 143 282 277 347">
     <span class='ocr_line' id='line_1_1' title="bbox 143 282 277 347; baseline -0.007 0"><span class='ocrx_word' id='word_1_1' title='bbox 143 282 277 347; x_wconf 72' lang='lat' dir='ltr'><strong>H77</strong></span> 
     </span>
    </p>
   </div>
   <div class='ocr_carea' id='block_1_2' title="bbox 1039 278 2496 362">
    <p class='ocr_par' dir='ltr' id='par_1_2' title="bbox 1039 278 2496 362">
     <span class='ocr_line' id='line_1_2' title="bbox 1039 278 2496 362; baseline 0.003 -7"><span class='ocrx_word' id='word_1_2' title='bbox 1039 296 1358 357; x_wconf 80' lang='lat' dir='ltr'><strong>HISTORIA</strong></span> <span class='ocrx_word' id='word_1_3' title='bbox 1394 296 1991 359; x_wconf 60' lang='lat' dir='ltr'><strong>caurusmueusrs</strong></span> <span class='ocrx_word' id='word_1_4' title='bbox 2029 278 2496 362; x_wconf 12' lang='lat' dir='ltr'><strong>COLLATleNlS.</strong></span> 
     </span>
    </p>
   </div>
   <div class='ocr_carea' id='block_1_3' title="bbox 3264 309 3402 367">
    <p class='ocr_par' dir='ltr' id='par_1_3' title="bbox 3264 309 3402 367">
     <span class='ocr_line' id='line_1_3' title="bbox 3264 309 3402 367; baseline 0.022 -3"><span class='ocrx_word' id='word_1_5' title='bbox 3264 309 3402 367; x_wconf 70' lang='lat' dir='ltr'><strong>H78</strong></span> 
     </span>
    </p>
   </div>
   <div class='ocr_carea' id='block_1_4' title="bbox 138 410 3406 495">
    <p class='ocr_par' dir='ltr' id='par_1_4' title="bbox 138 410 3406 495">
     <span class='ocr_line' id='line_1_4' title="bbox 138 410 3406 495; baseline 0.005 -31"><span class='ocrx_word' id='word_1_6' title='bbox 138 418 473 466; x_wconf 77' lang='lat' dir='ltr'><strong>ostentarent</strong></span> <span class='ocrx_word' id='word_1_7' title='bbox 499 410 726 481; x_wconf 79' lang='lat' dir='ltr'><strong>alicujus</strong></span> <span class='ocrx_word' id='word_1_8' title='bbox 748 413 1014 485; x_wconf 90' lang='lat' dir='ltr'><strong>corporis,</strong></span> <span class='ocrx_word' id='word_1_9' title='bbox 1046 416 1147 471; x_wconf 90' lang='lat' dir='ltr'><strong>hoc</strong></span> <span class='ocrx_word' id='word_1_10' title='bbox 1170 427 1273 482; x_wconf 91' lang='lat' dir='ltr'><strong>est,</strong></span> <span class='ocrx_word' id='word_1_11' title='bbox 1299 431 1411 471; x_wconf 87' lang='lat' dir='ltr'><strong>suae</strong></span> <span class='ocrx_word' id='word_1_12' title='bbox 1440 418 1714 473; x_wconf 73' lang='lat' dir='ltr'><strong>societatis</strong></span> <span class='ocrx_word' id='word_1_13' title='bbox 1742 420 1794 482; x_wconf 81' lang='grc' dir='ltr'><strong>Α</strong></span> <span class='ocrx_word' id='word_1_14' title='bbox 1817 418 2028 491; x_wconf 90' lang='lat' dir='ltr'><strong>pothesi</strong></span> <span class='ocrx_word' id='word_1_15' title='bbox 2073 420 2340 477; x_wconf 72' lang='lat' dir='ltr'><strong>dissensio</strong></span> <span class='ocrx_word' id='word_1_16' title='bbox 2387 430 2538 488; x_wconf 91' lang='lat' dir='ltr'><strong>erat;</strong></span> <span class='ocrx_word' id='word_1_17' title='bbox 2571 431 2626 478; x_wconf 90' lang='lat' dir='ltr'><strong>et</strong></span> <span class='ocrx_word' id='word_1_18' title='bbox 2670 437 2791 478; x_wconf 86' lang='lat' dir='ltr'><strong>cum</strong></span> <span class='ocrx_word' id='word_1_19' title='bbox 2834 426 3045 495; x_wconf 77' lang='lat' dir='ltr'><strong>utrique</strong></span> <span class='ocrx_word' id='word_1_20' title='bbox 3076 438 3199 481; x_wconf 91' lang='lat' dir='ltr'><strong>suas</strong></span> <span class='ocrx_word' id='word_1_21' title='bbox 3245 426 3406 481; x_wconf 89' lang='lat' dir='ltr'><strong>veluti</strong></span> 
     </span>
    </p>
   </div>
   <div class='ocr_carea' id='block_1_5' title="bbox 139 502 1717 575">
    <p class='ocr_par' dir='ltr' id='par_1_5' title="bbox 139 502 1717 575">
     <span class='ocr_line' id='line_1_5' title="bbox 139 502 1717 575; baseline 0.008 -21"><span class='ocrx_word' id='word_1_22' title='bbox 139 508 194 554; x_wconf 86' lang='lat' dir='ltr'><strong>et</strong></span> <span class='ocrx_word' id='word_1_23' title='bbox 216 502 631 571; x_wconf 77' lang='lat' dir='ltr'><strong>conSpirationis</strong></span> <span class='ocrx_word' id='word_1_24' title='bbox 658 506 1041 575; x_wconf 69' lang='lat' dir='ltr'><strong>speciosiorem</strong></span> <span class='ocrx_word' id='word_1_25' title='bbox 1073 510 1185 564; x_wconf 78' lang='lat' dir='ltr'><strong>sive</strong></span> <span class='ocrx_word' id='word_1_26' title='bbox 1220 509 1405 565; x_wconf 69' lang='lat' dir='ltr'><strong>faciem</strong></span> <span class='ocrx_word' id='word_1_27' title='bbox 1434 512 1545 565; x_wconf 86' lang='lat' dir='ltr'><strong>sive</strong></span> <span class='ocrx_word' id='word_1_28' title='bbox 1575 512 1717 567; x_wconf 74' lang='lat' dir='ltr'><strong>eulo-</strong></span> 
     </span>
    </p>
   </div>
   <div class='ocr_carea' id='block_1_6' title="bbox 140 593 1721 662">
    <p class='ocr_par' dir='ltr' id='par_1_6' title="bbox 140 593 1721 662">
     <span class='ocr_line' id='line_1_6' title="bbox 140 593 1721 662; baseline 0.008 -15"><span class='ocrx_word' id='word_1_29' title='bbox 140 608 279 659; x_wconf 90' lang='lat' dir='ltr'><strong>rem,</strong></span> <span class='ocrx_word' id='word_1_30' title='bbox 312 593 415 653; x_wconf 78' lang='lat' dir='ltr'><strong>hoc,</strong></span> <span class='ocrx_word' id='word_1_31' title='bbox 442 604 545 662; x_wconf 88' lang='lat' dir='ltr'><strong>est,</strong></span> <span class='ocrx_word' id='word_1_32' title='bbox 587 595 723 652; x_wconf 89' lang='lat' dir='ltr'><strong>ritus</strong></span> <span class='ocrx_word' id='word_1_33' title='bbox 752 608 805 652; x_wconf 89' lang='lat' dir='ltr'><strong>et</strong></span> <span class='ocrx_word' id='word_1_34' title='bbox 833 614 1011 655; x_wconf 85' lang='lat' dir='ltr'><strong>mores</strong></span> <span class='ocrx_word' id='word_1_35' title='bbox 1040 602 1218 656; x_wconf 88' lang='lat' dir='ltr'><strong>minus</strong></span> <span class='ocrx_word' id='word_1_36' title='bbox 1243 602 1469 657; x_wconf 86' lang='lat' dir='ltr'><strong>vitiosos</strong></span> <span class='ocrx_word' id='word_1_37' title='bbox 1494 621 1507 657; x_wconf 90' lang='lat'><strong>:</strong></span> <span class='ocrx_word' id='word_1_38' title='bbox 1543 613 1721 659; x_wconf 90' lang='lat' dir='ltr'><strong>tamen</strong></span> 
     </span>
    </p>
   </div>
   <div class='ocr_carea' id='block_1_7' title="bbox 143 686 1724 766">
    <p class='ocr_par' dir='ltr' id='par_1_7' title="bbox 143 686 1724 766">
     <span class='ocr_line' id='line_1_7' title="bbox 143 686 1724 766; baseline 0.013 -31"><span class='ocrx_word' id='word_1_39' title='bbox 143 686 421 753; x_wconf 66' lang='lat' dir='ltr'><strong>praevaluit</strong></span> <span class='ocrx_word' id='word_1_40' title='bbox 458 687 622 744; x_wconf 89' lang='lat' dir='ltr'><strong>altera</strong></span> <span class='ocrx_word' id='word_1_41' title='bbox 659 687 1057 747; x_wconf 89' lang='lat' dir='ltr'><strong>Catholicorum</strong></span> <span class='ocrx_word' id='word_1_42' title='bbox 1097 695 1375 764; x_wconf 88' lang='lat' dir='ltr'><strong>probatio,</strong></span> <span class='ocrx_word' id='word_1_43' title='bbox 1415 713 1517 766; x_wconf 87' lang='lat' dir='ltr'><strong>qua</strong></span> <span class='ocrx_word' id='word_1_44' title='bbox 1557 713 1724 766; x_wconf 91' lang='lat' dir='ltr'><strong>penes</strong></span> 
     </span>
    </p>
   </div>
   <div class='ocr_carea' id='block_1_8' title="bbox 140 775 1718 852">
    <p class='ocr_par' dir='ltr' id='par_1_8' title="bbox 140 775 1718 852">
     <span class='ocr_line' id='line_1_8' title="bbox 140 775 1718 852; baseline 0.009 -23"><span class='ocrx_word' id='word_1_45' title='bbox 140 789 223 841; x_wconf 87' lang='lat' dir='ltr'><strong>se,</strong></span> <span class='ocrx_word' id='word_1_46' title='bbox 248 775 445 831; x_wconf 83' lang='lat' dir='ltr'><strong>Christi</strong></span> <span class='ocrx_word' id='word_1_47' title='bbox 471 793 688 849; x_wconf 85' lang='lat' dir='ltr'><strong>corpus,</strong></span> <span class='ocrx_word' id='word_1_48' title='bbox 722 780 771 835; x_wconf 91' lang='lat' dir='ltr'><strong>id</strong></span> <span class='ocrx_word' id='word_1_49' title='bbox 798 792 901 847; x_wconf 90' lang='lat' dir='ltr'><strong>est,</strong></span> <span class='ocrx_word' id='word_1_50' title='bbox 929 783 1243 852; x_wconf 89' lang='lat' dir='ltr'><strong>Ecclesiam,</strong></span> <span class='ocrx_word' id='word_1_51' title='bbox 1265 802 1385 842; x_wconf 90' lang='lat' dir='ltr'><strong>esse</strong></span> <span class='ocrx_word' id='word_1_52' title='bbox 1408 788 1718 843; x_wconf 80' lang='lat' dir='ltr'><strong>evicerunt:</strong></span> 
     </span>
    </p>
   </div>
   <div class='ocr_carea' id='block_1_9' title="bbox 143 867 1724 939">
    <p class='ocr_par' dir='ltr' id='par_1_9' title="bbox 143 867 1724 939">
     <span class='ocr_line' id='line_1_9' title="bbox 143 867 1724 939; baseline 0.009 -19"><span class='ocrx_word' id='word_1_53' title='bbox 143 875 199 920; x_wconf 90' lang='lat' dir='ltr'><strong>et</strong></span> <span class='ocrx_word' id='word_1_54' title='bbox 228 867 390 921; x_wconf 85' lang='lat' dir='ltr'><strong>simul</strong></span> <span class='ocrx_word' id='word_1_55' title='bbox 411 870 547 939; x_wconf 87' lang='lat' dir='ltr'><strong>apud</strong></span> <span class='ocrx_word' id='word_1_56' title='bbox 580 871 882 928; x_wconf 88' lang='lat' dir='ltr'><strong>Donatistas</strong></span> <span class='ocrx_word' id='word_1_57' title='bbox 912 891 1015 929; x_wconf 92' lang='lat' dir='ltr'><strong>non</strong></span> <span class='ocrx_word' id='word_1_58' title='bbox 1038 890 1160 931; x_wconf 87' lang='lat' dir='ltr'><strong>esse</strong></span> <span class='ocrx_word' id='word_1_59' title='bbox 1188 878 1559 932; x_wconf 84' lang='lat' dir='ltr'><strong>ostenderunt.</strong></span> <span class='ocrx_word' id='word_1_60' title='bbox 1590 880 1724 935; x_wconf 85' lang='lat' dir='ltr'><strong>Nam</strong></span> 
     </span>
    </p>
   </div>
   <div class='ocr_carea' id='block_1_10' title="bbox 141 960 1724 1041">
    <p class='ocr_par' dir='ltr' id='par_1_10' title="bbox 141 960 1724 1041">
     <span class='ocr_line' id='line_1_10' title="bbox 141 960 1724 1041; baseline 0.009 -29"><span class='ocrx_word' id='word_1_61' title='bbox 141 966 195 1012; x_wconf 92' lang='lat' dir='ltr'><strong>ct</strong></span> <span class='ocrx_word' id='word_1_62' title='bbox 222 971 343 1015; x_wconf 90' lang='lat' dir='ltr'><strong>esse</strong></span> <span class='ocrx_word' id='word_1_63' title='bbox 375 960 583 1014; x_wconf 90' lang='lat' dir='ltr'><strong>unicam</strong></span> <span class='ocrx_word' id='word_1_64' title='bbox 607 973 837 1017; x_wconf 77' lang='lat' dir='ltr'><strong>constat.</strong></span> <span class='ocrx_word' id='word_1_65' title='bbox 867 962 1089 1020; x_wconf 87' lang='lat' dir='ltr'><strong>Frustra</strong></span> <span class='ocrx_word' id='word_1_66' title='bbox 1112 975 1290 1023; x_wconf 91' lang='lat' dir='ltr'><strong>autem</strong></span> <span class='ocrx_word' id='word_1_67' title='bbox 1317 968 1383 1023; x_wconf 91' lang='lat' dir='ltr'><strong>de</strong></span> <span class='ocrx_word' id='word_1_68' title='bbox 1405 970 1578 1039; x_wconf 81' lang='lat' dir='ltr'><strong>capite</strong></span> <span class='ocrx_word' id='word_1_69' title='bbox 1607 968 1724 1041; x_wconf 90' lang='lat' dir='ltr'><strong>glo-</strong></span> 
     </span>
    </p>
   </div>
   <div class='ocr_carea' id='block_1_11' title="bbox 139 1053 1723 1135">
    <p class='ocr_par' dir='ltr' id='par_1_11' title="bbox 139 1053 1723 1135">
     <span class='ocr_line' id='line_1_11' title="bbox 139 1053 1723 1135; baseline 0.009 -30"><span class='ocrx_word' id='word_1_70' title='bbox 139 1053 349 1106; x_wconf 89' lang='lat' dir='ltr'><strong>riantur</strong></span> <span class='ocrx_word' id='word_1_71' title='bbox 370 1092 385 1117; x_wconf 96' lang='lat'><strong>,</strong></span> <span class='ocrx_word' id='word_1_72' title='bbox 420 1055 509 1124; x_wconf 87' lang='lat' dir='ltr'><strong>qui</strong></span> <span class='ocrx_word' id='word_1_73' title='bbox 536 1054 601 1111; x_wconf 88' lang='lat' dir='ltr'><strong>de</strong></span> <span class='ocrx_word' id='word_1_74' title='bbox 629 1071 855 1135; x_wconf 82' lang='lat' dir='ltr'><strong>corpore</strong></span> <span class='ocrx_word' id='word_1_75' title='bbox 879 1073 986 1114; x_wconf 91' lang='lat' dir='ltr'><strong>non</strong></span> <span class='ocrx_word' id='word_1_76' title='bbox 1017 1068 1163 1115; x_wconf 91' lang='lat' dir='ltr'><strong>sunt.</strong></span> <span class='ocrx_word' id='word_1_77' title='bbox 1212 1060 1344 1116; x_wconf 88' lang='lat' dir='ltr'><strong>Nam</strong></span> <span class='ocrx_word' id='word_1_78' title='bbox 1376 1062 1463 1117; x_wconf 90' lang='lat' dir='ltr'><strong>ubi</strong></span> <span class='ocrx_word' id='word_1_79' title='bbox 1494 1064 1723 1119; x_wconf 89' lang='lat' dir='ltr'><strong>alterum</strong></span> 
     </span>
    </p>
   </div>
   <div class='ocr_carea' id='block_1_12' title="bbox 140 1153 1727 1226">
    <p class='ocr_par' dir='ltr' id='par_1_12' title="bbox 140 1153 1727 1226">
     <span class='ocr_line' id='line_1_12' title="bbox 140 1153 1727 1226; baseline 0.009 -29"><span class='ocrx_word' id='word_1_80' title='bbox 140 1158 251 1198; x_wconf 89' lang='lat' dir='ltr'><strong>non</strong></span> <span class='ocrx_word' id='word_1_81' title='bbox 280 1153 398 1213; x_wconf 87' lang='lat' dir='ltr'><strong>est,</strong></span> <span class='ocrx_word' id='word_1_82' title='bbox 428 1157 673 1205; x_wconf 89' lang='lat' dir='ltr'><strong>neutrum</strong></span> <span class='ocrx_word' id='word_1_83' title='bbox 697 1157 780 1205; x_wconf 86' lang='lat' dir='ltr'><strong>est</strong></span> <span class='ocrx_word' id='word_1_84' title='bbox 800 1192 814 1217; x_wconf 95' lang='lat'><strong>,</strong></span> <span class='ocrx_word' id='word_1_85' title='bbox 866 1165 986 1206; x_wconf 92' lang='lat' dir='ltr'><strong>cum</strong></span> <span class='ocrx_word' id='word_1_86' title='bbox 1018 1162 1071 1207; x_wconf 91' lang='lat' dir='ltr'><strong>et</strong></span> <span class='ocrx_word' id='word_1_87' title='bbox 1104 1160 1245 1209; x_wconf 87' lang='lat' dir='ltr'><strong>totus</strong></span> <span class='ocrx_word' id='word_1_88' title='bbox 1272 1155 1519 1211; x_wconf 79' lang='lat' dir='ltr'><strong>Christus</strong></span> <span class='ocrx_word' id='word_1_89' title='bbox 1568 1164 1727 1226; x_wconf 86' lang='lat' dir='ltr'><strong>caput</strong></span> 
     </span>
    </p>
   </div>
   <div class='ocr_carea' id='block_1_13' title="bbox 140 1241 1724 1319">
    <p class='ocr_par' dir='ltr' id='par_1_13' title="bbox 140 1241 1724 1319">
     <span class='ocr_line' id='line_1_13' title="bbox 140 1241 1724 1319; baseline 0.008 -26"><span class='ocrx_word' id='word_1_90' title='bbox 140 1247 196 1293; x_wconf 90' lang='lat' dir='ltr'><strong>et</strong></span> <span class='ocrx_word' id='word_1_91' title='bbox 222 1254 418 1308; x_wconf 83' lang='lat' dir='ltr'><strong>corpus</strong></span> <span class='ocrx_word' id='word_1_92' title='bbox 440 1241 529 1308; x_wconf 86' lang='lat' dir='ltr'><strong>sit,</strong></span> <span class='ocrx_word' id='word_1_93' title='bbox 554 1250 611 1299; x_wconf 90' lang='lat' dir='ltr'><strong>ut</strong></span> <span class='ocrx_word' id='word_1_94' title='bbox 630 1244 704 1297; x_wconf 89' lang='lat' dir='ltr'><strong>ait</strong></span> <span class='ocrx_word' id='word_1_95' title='bbox 727 1245 1075 1316; x_wconf 76' lang='lat' dir='ltr'><strong>Augustinus.</strong></span> <span class='ocrx_word' id='word_1_96' title='bbox 1100 1246 1262 1319; x_wconf 76' lang='lat'><strong>356</strong></span> <span class='ocrx_word' id='word_1_97' title='bbox 1284 1248 1415 1303; x_wconf 90' lang='lat' dir='ltr'><strong>Hinc</strong></span> <span class='ocrx_word' id='word_1_98' title='bbox 1441 1250 1724 1317; x_wconf 87' lang='lat' dir='ltr'><strong>protritum</strong></span> 
     </span>
    </p>
   </div>
   <div class='ocr_carea' id='block_1_14' title="bbox 141 1333 1726 1407">
    <p class='ocr_par' dir='ltr' id='par_1_14' title="bbox 141 1333 1726 1407">
     <span class='ocr_line' id='line_1_14' title="bbox 141 1333 1726 1407; baseline 0.006 -20"><span class='ocrx_word' id='word_1_99' title='bbox 141 1333 272 1388; x_wconf 87' lang='lat' dir='ltr'><strong>illud</strong></span> <span class='ocrx_word' id='word_1_100' title='bbox 315 1334 555 1404; x_wconf 82' lang='lat' dir='ltr'><strong>ejusdem</strong></span> <span class='ocrx_word' id='word_1_101' title='bbox 601 1346 786 1395; x_wconf 90' lang='lat' dir='ltr'><strong>contra</strong></span> <span class='ocrx_word' id='word_1_102' title='bbox 831 1338 1181 1407; x_wconf 82' lang='lat' dir='ltr'><strong>Donatistas:</strong></span> <span class='ocrx_word' id='word_1_103' title='bbox 1234 1340 1397 1396; x_wconf 78' lang='lat' dir='ltr'><strong>Extra</strong></span> <span class='ocrx_word' id='word_1_104' title='bbox 1440 1340 1726 1396; x_wconf 82' lang='lat' dir='ltr'><strong>Ecclesium</strong></span> 
     </span>
    </p>
   </div>
   <div class='ocr_carea' id='block_1_15' title="bbox 141 1429 1725 1504">
    <p class='ocr_par' dir='ltr' id='par_1_15' title="bbox 141 1429 1725 1504">
     <span class='ocr_line' id='line_1_15' title="bbox 141 1429 1725 1504; baseline 0.006 -25"><span class='ocrx_word' id='word_1_105' title='bbox 141 1442 245 1481; x_wconf 83' lang='lat' dir='ltr'><strong>non</strong></span> <span class='ocrx_word' id='word_1_106' title='bbox 284 1437 356 1481; x_wconf 79' lang='lat' dir='ltr'><strong>est</strong></span> <span class='ocrx_word' id='word_1_107' title='bbox 391 1430 551 1484; x_wconf 80' lang='lat' dir='ltr'><strong>salus.</strong></span> <span class='ocrx_word' id='word_1_108' title='bbox 584 1429 724 1486; x_wconf 90' lang='lat' dir='ltr'><strong>Sane</strong></span> <span class='ocrx_word' id='word_1_109' title='bbox 755 1432 948 1487; x_wconf 90' lang='lat' dir='ltr'><strong>Paulus</strong></span> <span class='ocrx_word' id='word_1_110' title='bbox 984 1433 1278 1490; x_wconf 89' lang='lat' dir='ltr'><strong>Ecclesiam</strong></span> <span class='ocrx_word' id='word_1_111' title='bbox 1313 1434 1544 1504; x_wconf 89' lang='lat' dir='ltr'><strong>appellat</strong></span> <span class='ocrx_word' id='word_1_112' title='bbox 1570 1432 1725 1488; x_wconf 78' lang='lat' dir='ltr'><strong>Chri-</strong></span> 
     </span>
    </p>
   </div>
   <div class='ocr_carea' id='block_1_16' title="bbox 138 1516 1725 1596">
    <p class='ocr_par' dir='ltr' id='par_1_16' title="bbox 138 1516 1725 1596">
     <span class='ocr_line' id='line_1_16' title="bbox 138 1516 1725 1596; baseline 0.004 -22"><span class='ocrx_word' id='word_1_113' title='bbox 138 1529 306 1574; x_wconf 92' lang='lat' dir='ltr'><strong>stum.</strong></span> <span class='ocrx_word' id='word_1_114' title='bbox 336 1516 574 1590; x_wconf 86' lang='lat' dir='ltr'><strong>Cumque</strong></span> <span class='ocrx_word' id='word_1_115' title='bbox 600 1521 803 1577; x_wconf 81' lang='lat' dir='ltr'><strong>Jehova</strong></span> <span class='ocrx_word' id='word_1_116' title='bbox 840 1525 910 1579; x_wconf 91' lang='lat' dir='ltr'><strong>sit</strong></span> <span class='ocrx_word' id='word_1_117' title='bbox 947 1526 1217 1596; x_wconf 89' lang='lat' dir='ltr'><strong>pr0prium</strong></span> <span class='ocrx_word' id='word_1_118' title='bbox 1252 1541 1446 1579; x_wconf 90' lang='lat' dir='ltr'><strong>nomen</strong></span> <span class='ocrx_word' id='word_1_119' title='bbox 1478 1526 1568 1580; x_wconf 89' lang='lat' dir='ltr'><strong>Dei</strong></span> <span class='ocrx_word' id='word_1_120' title='bbox 1592 1568 1604 1587; x_wconf 88' lang='lat'><strong>.</strong></span> <span class='ocrx_word' id='word_1_121' title='bbox 1646 1535 1725 1580; x_wconf 90' lang='lat' dir='ltr'><strong>ta-</strong></span> 
     </span>
    </p>
   </div>
   <div class='ocr_carea' id='block_1_17' title="bbox 144 1611 1723 1686">
    <p class='ocr_par' dir='ltr' id='par_1_17' title="bbox 144 1611 1723 1686">
     <span class='ocr_line' id='line_1_17' title="bbox 144 1611 1723 1686; baseline 0.003 -21"><span class='ocrx_word' id='word_1_122' title='bbox 144 1625 273 1665; x_wconf 89' lang='lat' dir='ltr'><strong>men</strong></span> <span class='ocrx_word' id='word_1_123' title='bbox 305 1611 463 1665; x_wconf 90' lang='lat' dir='ltr'><strong>etiam</strong></span> <span class='ocrx_word' id='word_1_124' title='bbox 496 1613 805 1670; x_wconf 83' lang='lat' dir='ltr'><strong>attribuitur</strong></span> <span class='ocrx_word' id='word_1_125' title='bbox 830 1630 935 1670; x_wconf 91' lang='lat' dir='ltr'><strong>non</strong></span> <span class='ocrx_word' id='word_1_126' title='bbox 966 1615 1126 1670; x_wconf 92' lang='lat' dir='ltr'><strong>modo</strong></span> <span class='ocrx_word' id='word_1_127' title='bbox 1155 1614 1305 1669; x_wconf 85' lang='lat' dir='ltr'><strong>altari</strong></span> <span class='ocrx_word' id='word_1_128' title='bbox 1335 1614 1723 1686; x_wconf 85' lang='lat' dir='ltr'><strong>Hierosolymi-</strong></span> 
     </span>
    </p>
   </div>
   <div class='ocr_carea' id='block_1_18' title="bbox 142 1703 1723 1772">
    <p class='ocr_par' dir='ltr' id='par_1_18' title="bbox 142 1703 1723 1772">
     <span class='ocr_line' id='line_1_18' title="bbox 142 1703 1723 1772; baseline 0.003 -15"><span class='ocrx_word' id='word_1_129' title='bbox 142 1710 289 1767; x_wconf 91' lang='lat' dir='ltr'><strong>tano,</strong></span> <span class='ocrx_word' id='word_1_130' title='bbox 323 1703 415 1757; x_wconf 90' lang='lat' dir='ltr'><strong>sed</strong></span> <span class='ocrx_word' id='word_1_131' title='bbox 440 1714 493 1758; x_wconf 89' lang='lat' dir='ltr'><strong>et</strong></span> <span class='ocrx_word' id='word_1_132' title='bbox 523 1720 678 1760; x_wconf 72' lang='lat' dir='ltr'><strong>novae</strong></span> <span class='ocrx_word' id='word_1_133' title='bbox 698 1706 1052 1772; x_wconf 85' lang='lat' dir='ltr'><strong>Hierusalem,</strong></span> <span class='ocrx_word' id='word_1_134' title='bbox 1080 1707 1128 1761; x_wconf 88' lang='lat' dir='ltr'><strong>id</strong></span> <span class='ocrx_word' id='word_1_135' title='bbox 1152 1715 1253 1771; x_wconf 91' lang='lat' dir='ltr'><strong>est,</strong></span> <span class='ocrx_word' id='word_1_136' title='bbox 1286 1705 1567 1762; x_wconf 68' lang='lat' dir='ltr'><strong>Ecclesim.</strong></span> <span class='ocrx_word' id='word_1_137' title='bbox 1597 1707 1723 1762; x_wconf 68' lang='lat' dir='ltr'><strong>Hmc</strong></span> 
     </span>
    </p>
   </div>
   <div class='ocr_carea' id='block_1_19' title="bbox 140 1796 1721 1872">
    <p class='ocr_par' dir='ltr' id='par_1_19' title="bbox 140 1796 1721 1872">
     <span class='ocr_line' id='line_1_19' title="bbox 140 1796 1721 1872; baseline 0.003 -23"><span class='ocrx_word' id='word_1_138' title='bbox 140 1805 323 1849; x_wconf 88' lang='lat' dir='ltr'><strong>autem</strong></span> <span class='ocrx_word' id='word_1_139' title='bbox 351 1796 525 1851; x_wconf 90' lang='lat' dir='ltr'><strong>obiter</strong></span> <span class='ocrx_word' id='word_1_140' title='bbox 550 1796 691 1864; x_wconf 90' lang='lat' dir='ltr'><strong>dico,</strong></span> <span class='ocrx_word' id='word_1_141' title='bbox 723 1807 779 1853; x_wconf 91' lang='lat' dir='ltr'><strong>ut</strong></span> <span class='ocrx_word' id='word_1_142' title='bbox 816 1801 982 1872; x_wconf 84' lang='lat' dir='ltr'><strong>magis</strong></span> <span class='ocrx_word' id='word_1_143' title='bbox 1012 1798 1397 1869; x_wconf 82' lang='lat' dir='ltr'><strong>intelligamus,</strong></span> <span class='ocrx_word' id='word_1_144' title='bbox 1426 1811 1623 1869; x_wconf 88' lang='lat' dir='ltr'><strong>quanta</strong></span> <span class='ocrx_word' id='word_1_145' title='bbox 1655 1798 1721 1854; x_wconf 89' lang='lat' dir='ltr'><strong>de</strong></span> 
     </span>
    </p>
   </div>
   <div class='ocr_carea' id='block_1_20' title="bbox 140 1890 1729 1961">
    <p class='ocr_par' dir='ltr' id='par_1_20' title="bbox 140 1890 1729 1961">
     <span class='ocr_line' id='line_1_20' title="bbox 140 1890 1729 1961; baseline 0.004 -22"><span class='ocrx_word' id='word_1_146' title='bbox 140 1900 205 1939; x_wconf 81' lang='lat' dir='ltr'><strong>re</strong></span> <span class='ocrx_word' id='word_1_147' title='bbox 244 1895 535 1954; x_wconf 71' lang='lat' dir='ltr'><strong>qumratur,</strong></span> <span class='ocrx_word' id='word_1_148' title='bbox 572 1904 692 1944; x_wconf 90' lang='lat' dir='ltr'><strong>cum</strong></span> <span class='ocrx_word' id='word_1_149' title='bbox 731 1890 796 1945; x_wconf 91' lang='lat' dir='ltr'><strong>de</strong></span> <span class='ocrx_word' id='word_1_150' title='bbox 825 1891 1063 1946; x_wconf 86' lang='lat' dir='ltr'><strong>Ecclesia</strong></span> <span class='ocrx_word' id='word_1_151' title='bbox 1093 1892 1351 1961; x_wconf 75' lang='lat' dir='ltr'><strong>qtueritnr</strong></span> <span class='ocrx_word' id='word_1_152' title='bbox 1381 1901 1433 1946; x_wconf 93' lang='lat' dir='ltr'><strong>et</strong></span> <span class='ocrx_word' id='word_1_153' title='bbox 1462 1907 1583 1946; x_wconf 90' lang='lat' dir='ltr'><strong>cum</strong></span> <span class='ocrx_word' id='word_1_154' title='bbox 1626 1892 1729 1945; x_wconf 89' lang='lat' dir='ltr'><strong>Do-</strong></span> 
     </span>
    </p>
   </div>
   <div class='ocr_carea' id='block_1_21' title="bbox 139 1974 1727 2054">
    <p class='ocr_par' dir='ltr' id='par_1_21' title="bbox 139 1974 1727 2054">
     <span class='ocr_line' id='line_1_21' title="bbox 139 1974 1727 2054; baseline 0.004 -25"><span class='ocrx_word' id='word_1_155' title='bbox 139 1974 356 2031; x_wconf 86' lang='lat' dir='ltr'><strong>natistis</strong></span> <span class='ocrx_word' id='word_1_156' title='bbox 390 1979 471 2047; x_wconf 89' lang='lat' dir='ltr'><strong>agi</strong></span> <span class='ocrx_word' id='word_1_157' title='bbox 503 1979 569 2048; x_wconf 82' lang='lat' dir='ltr'><strong>de</strong></span> <span class='ocrx_word' id='word_1_158' title='bbox 610 1996 667 2037; x_wconf 84' lang='lat' dir='ltr'><strong>re</strong></span> <span class='ocrx_word' id='word_1_159' title='bbox 702 1996 889 2054; x_wconf 85' lang='lat' dir='ltr'><strong>magna</strong></span> <span class='ocrx_word' id='word_1_160' title='bbox 918 1984 1261 2053; x_wconf 89' lang='lat' dir='ltr'><strong>omniumque</strong></span> <span class='ocrx_word' id='word_1_161' title='bbox 1288 1983 1421 2037; x_wconf 88' lang='lat' dir='ltr'><strong>adeo</strong></span> <span class='ocrx_word' id='word_1_162' title='bbox 1456 1982 1727 2050; x_wconf 80' lang='lat' dir='ltr'><strong>maxima,</strong></span> 
     </span>
    </p>
   </div>
   <div class='ocr_carea' id='block_1_22' title="bbox 138 2067 565 2126">
    <p class='ocr_par' dir='ltr' id='par_1_22' title="bbox 138 2067 565 2126">
     <span class='ocr_line' id='line_1_22' title="bbox 138 2067 565 2126; baseline 0.012 -5"><span class='ocrx_word' id='word_1_163' title='bbox 138 2067 565 2126; x_wconf 89' lang='lat' dir='ltr'><strong>meminerimus.</strong></span> 
     </span>
    </p>
   </div>
   <div class='ocr_carea' id='block_1_23' title="bbox 213 2145 1724 2237">
    <p class='ocr_par' dir='ltr' id='par_1_23' title="bbox 213 2145 1724 2237">
     <span class='ocr_line' id='line_1_23' title="bbox 213 2145 1724 2237; baseline 0.003 -23"><span class='ocrx_word' id='word_1_164' title='bbox 213 2160 568 2233; x_wconf 87' lang='lat' dir='ltr'><strong>Posteaquam</strong></span> <span class='ocrx_word' id='word_1_165' title='bbox 588 2145 890 2233; x_wconf 81' lang='lat' dir='ltr'><strong>autemjam</strong></span> <span class='ocrx_word' id='word_1_166' title='bbox 922 2165 1266 2235; x_wconf 83' lang='lat' dir='ltr'><strong>intelligimus</strong></span> <span class='ocrx_word' id='word_1_167' title='bbox 1291 2166 1349 2220; x_wconf 87' lang='grc' dir='ltr'>τὸ</span> <span class='ocrx_word' id='word_1_168' title='bbox 1379 2165 1724 2237; x_wconf 56' lang='lat' dir='ltr'><strong>aptae-ipsae»,</strong></span> 
     </span>
    </p>
   </div>
   <div class='ocr_carea' id='block_1_24' title="bbox 136 2257 1729 2335">
    <p class='ocr_par' dir='ltr' id='par_1_24' title="bbox 136 2257 1729 2335">
     <span class='ocr_line' id='line_1_24' title="bbox 136 2257 1729 2335; baseline 0.004 -31"><span class='ocrx_word' id='word_1_169' title='bbox 136 2266 444 2319; x_wconf 63' lang='lat' dir='ltr'><strong>qumramus</strong></span> <span class='ocrx_word' id='word_1_170' title='bbox 472 2258 528 2312; x_wconf 86' lang='grc' dir='ltr'><strong>τὸ</strong></span> <span class='ocrx_word' id='word_1_171' title='bbox 556 2263 824 2335; x_wconf 77' lang='grc' dir='ltr'><strong>κριτήριον·</strong></span> <span class='ocrx_word' id='word_1_172' title='bbox 860 2259 1067 2311; x_wconf 88' lang='lat' dir='ltr'><strong>tametsi</strong></span> <span class='ocrx_word' id='word_1_173' title='bbox 1101 2267 1153 2311; x_wconf 88' lang='lat' dir='ltr'><strong>et</strong></span> <span class='ocrx_word' id='word_1_174' title='bbox 1180 2257 1279 2311; x_wconf 93' lang='lat' dir='ltr'><strong>hoc</strong></span> <span class='ocrx_word' id='word_1_175' title='bbox 1306 2257 1418 2326; x_wconf 89' lang='lat' dir='ltr'><strong>jam</strong></span> <span class='ocrx_word' id='word_1_176' title='bbox 1454 2257 1729 2326; x_wconf 84' lang='lat' dir='ltr'><strong>judicave-</strong></span> 
     </span>
    </p>
   </div>
   <div class='ocr_carea' id='block_1_25' title="bbox 136 2343 1727 2420">
    <p class='ocr_par' dir='ltr' id='par_1_25' title="bbox 136 2343 1727 2420">
     <span class='ocr_line' id='line_1_25' title="bbox 136 2343 1727 2420; baseline 0.002 -23"><span class='ocrx_word' id='word_1_177' title='bbox 136 2343 342 2415; x_wconf 87' lang='lat' dir='ltr'><strong>rimus,</strong></span> <span class='ocrx_word' id='word_1_178' title='bbox 386 2349 514 2404; x_wconf 91' lang='lat' dir='ltr'><strong>illud</strong></span> <span class='ocrx_word' id='word_1_179' title='bbox 556 2352 679 2406; x_wconf 92' lang='lat' dir='ltr'><strong>nolo</strong></span> <span class='ocrx_word' id='word_1_180' title='bbox 718 2349 993 2420; x_wconf 82' lang='lat' dir='ltr'><strong>praeterire</strong></span> <span class='ocrx_word' id='word_1_181' title='bbox 1038 2348 1177 2417; x_wconf 92' lang='lat' dir='ltr'><strong>quod</strong></span> <span class='ocrx_word' id='word_1_182' title='bbox 1216 2347 1635 2418; x_wconf 82' lang='lat' dir='ltr'><strong>Chrysostomus</strong></span> <span class='ocrx_word' id='word_1_183' title='bbox 1671 2350 1727 2401; x_wconf 90' lang='lat' dir='ltr'><strong>in</strong></span> 
     </span>
    </p>
   </div>
   <div class='ocr_carea' id='block_1_26' title="bbox 137 2435 1728 2509">
    <p class='ocr_par' dir='ltr' id='par_1_26' title="bbox 137 2435 1728 2509">
     <span class='ocr_line' id='line_1_26' title="bbox 137 2435 1728 2509; baseline 0.002 -20"><span class='ocrx_word' id='word_1_184' title='bbox 137 2435 331 2493; x_wconf 90' lang='lat' dir='ltr'><strong>homil.</strong></span> <span class='ocrx_word' id='word_1_185' title='bbox 366 2439 435 2493; x_wconf 65' lang='lat' dir='ltr'><strong>t9</strong></span> <span class='ocrx_word' id='word_1_186' title='bbox 474 2442 526 2494; x_wconf 92' lang='lat' dir='ltr'><strong>in</strong></span> <span class='ocrx_word' id='word_1_187' title='bbox 554 2456 677 2495; x_wconf 74' lang='lat' dir='ltr'><strong>xxxv</strong></span> <span class='ocrx_word' id='word_1_188' title='bbox 702 2454 816 2509; x_wconf 88' lang='lat' dir='ltr'><strong>cap.</strong></span> <span class='ocrx_word' id='word_1_189' title='bbox 854 2438 1064 2503; x_wconf 84' lang='lat' dir='ltr'><strong>Matth.,</strong></span> <span class='ocrx_word' id='word_1_190' title='bbox 1114 2437 1310 2491; x_wconf 88' lang='lat' dir='ltr'><strong>fatetur</strong></span> <span class='ocrx_word' id='word_1_191' title='bbox 1349 2452 1445 2491; x_wconf 80' lang='lat' dir='ltr'><strong>suo</strong></span> <span class='ocrx_word' id='word_1_192' title='bbox 1488 2449 1728 2506; x_wconf 88' lang='lat' dir='ltr'><strong>tempore</strong></span> 
     </span>
    </p>
   </div>
   <div class='ocr_carea' id='block_1_27' title="bbox 135 2526 1728 2598">
    <p class='ocr_par' dir='ltr' id='par_1_27' title="bbox 135 2526 1728 2598">
     <span class='ocr_line' id='line_1_27' title="bbox 135 2526 1728 2598; baseline 0 -17"><span class='ocrx_word' id='word_1_193' title='bbox 135 2526 310 2585; x_wconf 87' lang='lat' dir='ltr'><strong>fuisse</strong></span> <span class='ocrx_word' id='word_1_194' title='bbox 334 2530 706 2585; x_wconf 84' lang='lat' dir='ltr'><strong>difﬁcillimum</strong></span> <span class='ocrx_word' id='word_1_195' title='bbox 742 2542 1068 2598; x_wconf 88' lang='lat' dir='ltr'><strong>cognoscere</strong></span> <span class='ocrx_word' id='word_1_196' title='bbox 1102 2534 1157 2583; x_wconf 88' lang='lat' dir='ltr'><strong>et</strong></span> <span class='ocrx_word' id='word_1_197' title='bbox 1194 2527 1403 2582; x_wconf 85' lang='lat' dir='ltr'><strong>discere</strong></span> <span class='ocrx_word' id='word_1_198' title='bbox 1437 2536 1490 2581; x_wconf 88' lang='lat' dir='ltr'><strong>et</strong></span> <span class='ocrx_word' id='word_1_199' title='bbox 1525 2527 1728 2581; x_wconf 89' lang='lat' dir='ltr'><strong>discer-</strong></span> 
     </span>
    </p>
   </div>
   <div class='ocr_carea' id='block_1_28' title="bbox 138 2610 1723 2685">
    <p class='ocr_par' dir='ltr' id='par_1_28' title="bbox 138 2610 1723 2685">
     <span class='ocr_line' id='line_1_28' title="bbox 138 2610 1723 2685; baseline -0.001 -10"><span class='ocrx_word' id='word_1_200' title='bbox 138 2637 273 2678; x_wconf 87' lang='lat' dir='ltr'><strong>nere</strong></span> <span class='ocrx_word' id='word_1_201' title='bbox 294 2623 587 2678; x_wconf 86' lang='lat' dir='ltr'><strong>Ecclesiam</strong></span> <span class='ocrx_word' id='word_1_202' title='bbox 612 2623 661 2675; x_wconf 88' lang='lat' dir='ltr'><strong>in</strong></span> <span class='ocrx_word' id='word_1_203' title='bbox 687 2630 827 2675; x_wconf 90' lang='lat' dir='ltr'><strong>tanta</strong></span> <span class='ocrx_word' id='word_1_204' title='bbox 848 2619 1165 2675; x_wconf 80' lang='lat' dir='ltr'><strong>confusione</strong></span> <span class='ocrx_word' id='word_1_205' title='bbox 1186 2610 1574 2685; x_wconf 88' lang='lat' dir='ltr'><strong>similitudinis,</strong></span> <span class='ocrx_word' id='word_1_206' title='bbox 1600 2635 1723 2674; x_wconf 89' lang='lat' dir='ltr'><strong>cum</strong></span> 
     </span>
    </p>
   </div>
   <div class='ocr_carea' id='block_1_29' title="bbox 138 2708 1726 2782">
    <p class='ocr_par' dir='ltr' id='par_1_29' title="bbox 138 2708 1726 2782">
     <span class='ocr_line' id='line_1_29' title="bbox 138 2708 1726 2782; baseline -0.001 -15"><span class='ocrx_word' id='word_1_207' title='bbox 138 2714 382 2770; x_wconf 64' lang='lat' dir='ltr'><strong>hmretici</strong></span> <span class='ocrx_word' id='word_1_208' title='bbox 406 2721 737 2767; x_wconf 68' lang='lat' dir='ltr'><strong>ostentarent</strong></span> <span class='ocrx_word' id='word_1_209' title='bbox 757 2727 875 2782; x_wconf 67' lang='lat' dir='ltr'><strong>quae</strong></span> <span class='ocrx_word' id='word_1_210' title='bbox 896 2708 1160 2765; x_wconf 84' lang='lat' dir='ltr'><strong>Catholici</strong></span> <span class='ocrx_word' id='word_1_211' title='bbox 1187 2710 1566 2765; x_wconf 87' lang='lat' dir='ltr'><strong>ostendebant.</strong></span> <span class='ocrx_word' id='word_1_212' title='bbox 1594 2710 1726 2766; x_wconf 88' lang='lat' dir='ltr'><strong>Uni-</strong></span> 
     </span>
    </p>
   </div>
   <div class='ocr_carea' id='block_1_30' title="bbox 133 2801 1723 2873">
    <p class='ocr_par' dir='ltr' id='par_1_30' title="bbox 133 2801 1723 2873">
     <span class='ocr_line' id='line_1_30' title="bbox 133 2801 1723 2873; baseline -0.002 -13"><span class='ocrx_word' id='word_1_213' title='bbox 133 2820 264 2861; x_wconf 88' lang='lat' dir='ltr'><strong>cum</strong></span> <span class='ocrx_word' id='word_1_214' title='bbox 310 2820 438 2859; x_wconf 89' lang='lat' dir='ltr'><strong>vcro</strong></span> <span class='ocrx_word' id='word_1_215' title='bbox 483 2804 745 2873; x_wconf 88' lang='lat' dir='ltr'><strong>reliquum</strong></span> <span class='ocrx_word' id='word_1_216' title='bbox 799 2802 961 2857; x_wconf 88' lang='lat' dir='ltr'><strong>fuisse</strong></span> <span class='ocrx_word' id='word_1_217' title='bbox 1007 2801 1261 2857; x_wconf 89' lang='lat' dir='ltr'><strong>indicium</strong></span> <span class='ocrx_word' id='word_1_218' title='bbox 1304 2817 1367 2856; x_wconf 84' lang='lat' dir='ltr'><strong>ex</strong></span> <span class='ocrx_word' id='word_1_219' title='bbox 1412 2801 1723 2872; x_wconf 89' lang='lat' dir='ltr'><strong>Scripturis.</strong></span> 
     </span>
    </p>
   </div>
   <div class='ocr_carea' id='block_1_31' title="bbox 136 2895 1300 2965">
    <p class='ocr_par' dir='ltr' id='par_1_31' title="bbox 136 2895 1300 2965">
     <span class='ocr_line' id='line_1_31' title="bbox 136 2895 1300 2965; baseline -0.004 -12"><span class='ocrx_word' id='word_1_220' title='bbox 136 2897 250 2953; x_wconf 92' lang='lat' dir='ltr'><strong>Sed</strong></span> <span class='ocrx_word' id='word_1_221' title='bbox 280 2895 592 2965; x_wconf 78' lang='lat' dir='ltr'><strong>quomodo?</strong></span> <span class='ocrx_word' id='word_1_222' title='bbox 621 2896 947 2965; x_wconf 78' lang='lat' dir='ltr'><strong>Augustinus</strong></span> <span class='ocrx_word' id='word_1_223' title='bbox 978 2896 1028 2949; x_wconf 89' lang='lat' dir='ltr'><strong>id</strong></span> <span class='ocrx_word' id='word_1_224' title='bbox 1050 2895 1300 2965; x_wconf 82' lang='lat' dir='ltr'><strong>explicat.</strong></span> 
     </span>
    </p>
   </div>
   <div class='ocr_carea' id='block_1_32' title="bbox 216 2985 1733 3064">
    <p class='ocr_par' dir='ltr' id='par_1_32' title="bbox 216 2985 1733 3064">
     <span class='ocr_line' id='line_1_32' title="bbox 216 2985 1733 3064; baseline 0.003 -25"><span class='ocrx_word' id='word_1_225' title='bbox 216 2986 504 3064; x_wconf 75' lang='lat' dir='ltr'><strong>Donatistae</strong></span> <span class='ocrx_word' id='word_1_226' title='bbox 536 2985 585 3040; x_wconf 93' lang='lat' dir='ltr'><strong>in</strong></span> <span class='ocrx_word' id='word_1_227' title='bbox 620 2986 918 3041; x_wconf 88' lang='lat' dir='ltr'><strong>Collatione</strong></span> <span class='ocrx_word' id='word_1_228' title='bbox 948 2986 1231 3055; x_wconf 82' lang='lat' dir='ltr'><strong>rogabant.</strong></span> <span class='ocrx_word' id='word_1_229' title='bbox 1267 2987 1457 3056; x_wconf 87' lang='lat' dir='ltr'><strong>quibus</strong></span> <span class='ocrx_word' id='word_1_230' title='bbox 1485 2987 1733 3043; x_wconf 85' lang='lat' dir='ltr'><strong>tesﬁmo-</strong></span> 
     </span>
    </p>
   </div>
   <div class='ocr_carea' id='block_1_33' title="bbox 133 3078 1729 3148">
    <p class='ocr_par' dir='ltr' id='par_1_33' title="bbox 133 3078 1729 3148">
     <span class='ocr_line' id='line_1_33' title="bbox 133 3078 1729 3148; baseline 0 -15"><span class='ocrx_word' id='word_1_231' title='bbox 133 3078 280 3144; x_wconf 88' lang='lat' dir='ltr'><strong>niis,</strong></span> <span class='ocrx_word' id='word_1_232' title='bbox 308 3078 501 3133; x_wconf 86' lang='lat' dir='ltr'><strong>divinis</strong></span> <span class='ocrx_word' id='word_1_233' title='bbox 529 3094 597 3133; x_wconf 90' lang='lat' dir='ltr'><strong>an</strong></span> <span class='ocrx_word' id='word_1_234' title='bbox 629 3079 874 3134; x_wconf 86' lang='lat' dir='ltr'><strong>humanis</strong></span> <span class='ocrx_word' id='word_1_235' title='bbox 901 3089 1151 3148; x_wconf 79' lang='lat' dir='ltr'><strong>ageretur</strong></span> <span class='ocrx_word' id='word_1_236' title='bbox 1170 3120 1183 3141; x_wconf 91' lang='lat'><strong>,</strong></span> <span class='ocrx_word' id='word_1_237' title='bbox 1216 3088 1267 3132; x_wconf 88' lang='lat' dir='ltr'><strong>ct</strong></span> <span class='ocrx_word' id='word_1_238' title='bbox 1294 3093 1397 3147; x_wconf 91' lang='lat' dir='ltr'><strong>quo</strong></span> <span class='ocrx_word' id='word_1_239' title='bbox 1422 3078 1625 3147; x_wconf 85' lang='lat' dir='ltr'><strong>judicio</strong></span> <span class='ocrx_word' id='word_1_240' title='bbox 1658 3079 1729 3134; x_wconf 90' lang='lat' dir='ltr'><strong>lis</strong></span> 
     </span>
    </p>
   </div>
   <div class='ocr_carea' id='block_1_34' title="bbox 1826 510 3407 585">
    <p class='ocr_par' dir='ltr' id='par_1_34' title="bbox 1826 510 3407 585">
     <span class='ocr_line' id='line_1_34' title="bbox 1826 510 3407 585; baseline 0.007 -23"><span class='ocrx_word' id='word_1_241' title='bbox 1826 510 2003 567; x_wconf 88' lang='lat' dir='ltr'><strong>theses</strong></span> <span class='ocrx_word' id='word_1_242' title='bbox 2046 528 2110 567; x_wconf 83' lang='lat' dir='ltr'><strong>ex</strong></span> <span class='ocrx_word' id='word_1_243' title='bbox 2140 515 2308 569; x_wconf 86' lang='lat' dir='ltr'><strong>sacris</strong></span> <span class='ocrx_word' id='word_1_244' title='bbox 2349 515 2540 570; x_wconf 90' lang='lat' dir='ltr'><strong>litteris</strong></span> <span class='ocrx_word' id='word_1_245' title='bbox 2572 526 2910 585; x_wconf 85' lang='lat' dir='ltr'><strong>repeterent,</strong></span> <span class='ocrx_word' id='word_1_246' title='bbox 2962 519 3177 573; x_wconf 89' lang='lat' dir='ltr'><strong>minime</strong></span> <span class='ocrx_word' id='word_1_247' title='bbox 3212 534 3407 573; x_wconf 83' lang='lat' dir='ltr'><strong>convc-</strong></span> 
     </span>
    </p>
   </div>
   <div class='ocr_carea' id='block_1_35' title="bbox 1826 602 3404 676">
    <p class='ocr_par' dir='ltr' id='par_1_35' title="bbox 1826 602 3404 676">
     <span class='ocr_line' id='line_1_35' title="bbox 1826 602 3404 676; baseline 0.006 -21"><span class='ocrx_word' id='word_1_248' title='bbox 1826 602 2041 657; x_wconf 89' lang='lat' dir='ltr'><strong>niebant</strong></span> <span class='ocrx_word' id='word_1_249' title='bbox 2083 605 2130 656; x_wconf 91' lang='lat' dir='ltr'><strong>in</strong></span> <span class='ocrx_word' id='word_1_250' title='bbox 2166 604 2290 671; x_wconf 83' lang='lat' dir='ltr'><strong>ﬁne,</strong></span> <span class='ocrx_word' id='word_1_251' title='bbox 2314 602 2441 671; x_wconf 77' lang='lat' dir='ltr'><strong>usu,</strong></span> <span class='ocrx_word' id='word_1_252' title='bbox 2476 608 2934 676; x_wconf 88' lang='lat' dir='ltr'><strong>interpretatione.</strong></span> <span class='ocrx_word' id='word_1_253' title='bbox 2976 607 3234 663; x_wconf 83' lang='lat' dir='ltr'><strong>Catholici</strong></span> <span class='ocrx_word' id='word_1_254' title='bbox 3261 610 3404 664; x_wconf 88' lang='lat' dir='ltr'><strong>enim</strong></span> 
     </span>
    </p>
   </div>
   <div class='ocr_carea' id='block_1_36' title="bbox 1825 697 3409 767">
    <p class='ocr_par' dir='ltr' id='par_1_36' title="bbox 1825 697 3409 767">
     <span class='ocr_line' id='line_1_36' title="bbox 1825 697 3409 767; baseline 0.005 -18"><span class='ocrx_word' id='word_1_255' title='bbox 1825 708 1943 749; x_wconf 91' lang='lat' dir='ltr'><strong>cum</strong></span> <span class='ocrx_word' id='word_1_256' title='bbox 1975 710 2127 754; x_wconf 81' lang='lat' dir='ltr'><strong>suam</strong></span> <span class='ocrx_word' id='word_1_257' title='bbox 2172 697 2463 752; x_wconf 79' lang='lat' dir='ltr'><strong>Ecclesiam</strong></span> <span class='ocrx_word' id='word_1_258' title='bbox 2492 713 2614 754; x_wconf 89' lang='lat' dir='ltr'><strong>esse</strong></span> <span class='ocrx_word' id='word_1_259' title='bbox 2643 701 2985 767; x_wconf 86' lang='lat' dir='ltr'><strong>catholicam,</strong></span> <span class='ocrx_word' id='word_1_260' title='bbox 3033 701 3133 755; x_wconf 91' lang='lat' dir='ltr'><strong>hoc</strong></span> <span class='ocrx_word' id='word_1_261' title='bbox 3161 710 3261 766; x_wconf 88' lang='lat' dir='ltr'><strong>est,</strong></span> <span class='ocrx_word' id='word_1_262' title='bbox 3296 710 3409 757; x_wconf 90' lang='lat' dir='ltr'><strong>toto</strong></span> 
     </span>
    </p>
   </div>
   <div class='ocr_carea' id='block_1_37' title="bbox 1825 784 3405 859">
    <p class='ocr_par' dir='ltr' id='par_1_37' title="bbox 1825 784 3405 859">
     <span class='ocr_line' id='line_1_37' title="bbox 1825 784 3405 859; baseline 0.004 -20"><span class='ocrx_word' id='word_1_263' title='bbox 1825 785 1956 840; x_wconf 93' lang='lat' dir='ltr'><strong>orbe</strong></span> <span class='ocrx_word' id='word_1_264' title='bbox 1977 784 2466 858; x_wconf 77' lang='lat' dir='ltr'><strong>diffusam,liquere</strong></span> <span class='ocrx_word' id='word_1_265' title='bbox 2495 804 2597 844; x_wconf 93' lang='lat' dir='ltr'><strong>non</strong></span> <span class='ocrx_word' id='word_1_266' title='bbox 2626 789 2952 856; x_wconf 85' lang='lat' dir='ltr'><strong>dubitarent,</strong></span> <span class='ocrx_word' id='word_1_267' title='bbox 2983 791 3111 845; x_wconf 84' lang='lat' dir='ltr'><strong>satis</strong></span> <span class='ocrx_word' id='word_1_268' title='bbox 3138 805 3405 859; x_wconf 87' lang='lat' dir='ltr'><strong>superque</strong></span> 
     </span>
    </p>
   </div>
   <div class='ocr_carea' id='block_1_38' title="bbox 1828 880 3403 949">
    <p class='ocr_par' dir='ltr' id='par_1_38' title="bbox 1828 880 3403 949">
     <span class='ocr_line' id='line_1_38' title="bbox 1828 880 3403 949; baseline 0.004 -19"><span class='ocrx_word' id='word_1_269' title='bbox 1828 890 1947 931; x_wconf 87' lang='lat' dir='ltr'><strong>esse</strong></span> <span class='ocrx_word' id='word_1_270' title='bbox 1982 886 2255 943; x_wconf 82' lang='lat' dir='ltr'><strong>statuunt,</strong></span> <span class='ocrx_word' id='word_1_271' title='bbox 2307 881 2351 933; x_wconf 91' lang='lat' dir='ltr'><strong>si</strong></span> <span class='ocrx_word' id='word_1_272' title='bbox 2399 880 2627 949; x_wconf 90' lang='lat' dir='ltr'><strong>probent</strong></span> <span class='ocrx_word' id='word_1_273' title='bbox 2658 882 2821 935; x_wconf 86' lang='lat' dir='ltr'><strong>sacris</strong></span> <span class='ocrx_word' id='word_1_274' title='bbox 2855 881 3043 935; x_wconf 87' lang='lat' dir='ltr'><strong>litteris</strong></span> <span class='ocrx_word' id='word_1_275' title='bbox 3084 881 3403 936; x_wconf 77' lang='lat' dir='ltr'><strong>catholicam</strong></span> 
     </span>
    </p>
   </div>
   <div class='ocr_carea' id='block_1_39' title="bbox 1828 970 3407 1027">
    <p class='ocr_par' dir='ltr' id='par_1_39' title="bbox 1828 970 3407 1027">
     <span class='ocr_line' id='line_1_39' title="bbox 1828 970 3407 1027; baseline 0.003 -5"><span class='ocrx_word' id='word_1_276' title='bbox 1828 970 2212 1025; x_wconf 89' lang='lat' dir='ltr'><strong>commendari.</strong></span> <span class='ocrx_word' id='word_1_277' title='bbox 2248 971 2539 1026; x_wconf 91' lang='lat' dir='ltr'><strong>Ordiuntur</strong></span> <span class='ocrx_word' id='word_1_278' title='bbox 2567 982 2743 1027; x_wconf 89' lang='lat' dir='ltr'><strong>autem</strong></span> <span class='ocrx_word' id='word_1_279' title='bbox 2773 987 2801 1025; x_wconf 90' lang='lat' dir='ltr'><strong>a</strong></span> <span class='ocrx_word' id='word_1_280' title='bbox 2831 971 3039 1025; x_wconf 85' lang='lat' dir='ltr'><strong>Veteris</strong></span> <span class='ocrx_word' id='word_1_281' title='bbox 3079 971 3407 1027; x_wconf 88' lang='lat' dir='ltr'><strong>Testamenti</strong></span> 
     </span>
    </p>
   </div>
   <div class='ocr_carea' id='block_1_40' title="bbox 1828 1061 3406 1132">
    <p class='ocr_par' dir='ltr' id='par_1_40' title="bbox 1828 1061 3406 1132">
     <span class='ocr_line' id='line_1_40' title="bbox 1828 1061 3406 1132; baseline 0.001 -18"><span class='ocrx_word' id='word_1_282' title='bbox 1828 1061 1998 1118; x_wconf 87' lang='lat' dir='ltr'><strong>libris.</strong></span> <span class='ocrx_word' id='word_1_283' title='bbox 2030 1062 2145 1117; x_wconf 80' lang='lat' dir='ltr'><strong>Non</strong></span> <span class='ocrx_word' id='word_1_284' title='bbox 2171 1064 2311 1116; x_wconf 90' lang='lat' dir='ltr'><strong>enim</strong></span> <span class='ocrx_word' id='word_1_285' title='bbox 2343 1062 2443 1117; x_wconf 87' lang='lat' dir='ltr'><strong>hos</strong></span> <span class='ocrx_word' id='word_1_286' title='bbox 2467 1062 2820 1132; x_wconf 85' lang='lat' dir='ltr'><strong>repudiabant</strong></span> <span class='ocrx_word' id='word_1_287' title='bbox 2850 1061 3171 1128; x_wconf 64' lang='lat' dir='ltr'><strong>Donatistae,</strong></span> <span class='ocrx_word' id='word_1_288' title='bbox 3214 1073 3267 1116; x_wconf 92' lang='lat' dir='ltr'><strong>ut</strong></span> <span class='ocrx_word' id='word_1_289' title='bbox 3296 1063 3406 1117; x_wconf 86' lang='lat' dir='ltr'><strong>Ma-</strong></span> 
     </span>
    </p>
   </div>
   <div class='ocr_carea' id='block_1_41' title="bbox 1832 1153 3408 1224">
    <p class='ocr_par' dir='ltr' id='par_1_41' title="bbox 1832 1153 3408 1224">
     <span class='ocr_line' id='line_1_41' title="bbox 1832 1153 3408 1224; baseline 0.002 -18"><span class='ocrx_word' id='word_1_290' title='bbox 1832 1153 2041 1207; x_wconf 82' lang='lat' dir='ltr'><strong>nicha-i.</strong></span> <span class='ocrx_word' id='word_1_291' title='bbox 2090 1154 2154 1208; x_wconf 88' lang='lat' dir='ltr'><strong>Et</strong></span> <span class='ocrx_word' id='word_1_292' title='bbox 2185 1162 2241 1208; x_wconf 92' lang='lat' dir='ltr'><strong>ut</strong></span> <span class='ocrx_word' id='word_1_293' title='bbox 2280 1168 2307 1206; x_wconf 88' lang='lat' dir='ltr'><strong>a</strong></span> <span class='ocrx_word' id='word_1_294' title='bbox 2351 1154 2613 1222; x_wconf 90' lang='lat' dir='ltr'><strong>principio</strong></span> <span class='ocrx_word' id='word_1_295' title='bbox 2654 1167 2739 1208; x_wconf 91' lang='lat' dir='ltr'><strong>res</strong></span> <span class='ocrx_word' id='word_1_296' title='bbox 2788 1161 3081 1222; x_wconf 86' lang='lat' dir='ltr'><strong>repetatur,</strong></span> <span class='ocrx_word' id='word_1_297' title='bbox 3124 1155 3408 1224; x_wconf 88' lang='lat' dir='ltr'><strong>promissio</strong></span> 
     </span>
    </p>
   </div>
   <div class='ocr_carea' id='block_1_42' title="bbox 1828 1243 3407 1316">
    <p class='ocr_par' dir='ltr' id='par_1_42' title="bbox 1828 1243 3407 1316">
     <span class='ocr_line' id='line_1_42' title="bbox 1828 1243 3407 1316; baseline 0.003 -20"><span class='ocrx_word' id='word_1_298' title='bbox 1828 1244 1964 1297; x_wconf 90' lang='lat' dir='ltr'><strong>facta</strong></span> <span class='ocrx_word' id='word_1_299' title='bbox 2005 1245 2233 1299; x_wconf 70' lang='lat' dir='ltr'><strong>Abrahae</strong></span> <span class='ocrx_word' id='word_1_300' title='bbox 2272 1243 2533 1313; x_wconf 88' lang='lat' dir='ltr'><strong>imprimis</strong></span> <span class='ocrx_word' id='word_1_301' title='bbox 2573 1244 2889 1311; x_wconf 89' lang='lat' dir='ltr'><strong>proponitur</strong></span> <span class='ocrx_word' id='word_1_302' title='bbox 2936 1244 3095 1316; x_wconf 89' lang='lat' dir='ltr'><strong>(nam</strong></span> <span class='ocrx_word' id='word_1_303' title='bbox 3135 1253 3191 1300; x_wconf 89' lang='lat' dir='ltr'><strong>et</strong></span> <span class='ocrx_word' id='word_1_304' title='bbox 3218 1261 3282 1300; x_wconf 83' lang='lat' dir='ltr'><strong>ex</strong></span> <span class='ocrx_word' id='word_1_305' title='bbox 3316 1246 3407 1301; x_wconf 92' lang='lat' dir='ltr'><strong>illo</strong></span> 
     </span>
    </p>
   </div>
   <div class='ocr_carea' id='block_1_43' title="bbox 1830 1335 3407 1406">
    <p class='ocr_par' dir='ltr' id='par_1_43' title="bbox 1830 1335 3407 1406">
     <span class='ocr_line' id='line_1_43' title="bbox 1830 1335 3407 1406; baseline 0.003 -17"><span class='ocrx_word' id='word_1_306' title='bbox 1830 1336 2029 1391; x_wconf 67' lang='lat' dir='ltr'><strong>foedere</strong></span> <span class='ocrx_word' id='word_1_307' title='bbox 2054 1336 2313 1406; x_wconf 88' lang='lat' dir='ltr'><strong>dependet</strong></span> <span class='ocrx_word' id='word_1_308' title='bbox 2353 1335 2602 1406; x_wconf 90' lang='lat' dir='ltr'><strong>quicquid</strong></span> <span class='ocrx_word' id='word_1_309' title='bbox 2635 1336 2826 1392; x_wconf 88' lang='lat' dir='ltr'><strong>deinde</strong></span> <span class='ocrx_word' id='word_1_310' title='bbox 2858 1339 2909 1393; x_wconf 90' lang='lat' dir='ltr'><strong>in</strong></span> <span class='ocrx_word' id='word_1_311' title='bbox 2939 1340 3190 1394; x_wconf 89' lang='lat' dir='ltr'><strong>universa</strong></span> <span class='ocrx_word' id='word_1_312' title='bbox 3217 1340 3407 1395; x_wconf 81' lang='lat' dir='ltr'><strong>Eccle-</strong></span> 
     </span>
    </p>
   </div>
   <div class='ocr_carea' id='block_1_44' title="bbox 1827 1424 3411 1500">
    <p class='ocr_par' dir='ltr' id='par_1_44' title="bbox 1827 1424 3411 1500">
     <span class='ocr_line' id='line_1_44' title="bbox 1827 1424 3411 1500; baseline 0.004 -22"><span class='ocrx_word' id='word_1_313' title='bbox 1827 1424 1906 1478; x_wconf 89' lang='lat' dir='ltr'><strong>sia</strong></span> <span class='ocrx_word' id='word_1_314' title='bbox 1954 1426 2326 1496; x_wconf 81' lang='lat' dir='ltr'><strong>admiramur).</strong></span> <span class='ocrx_word' id='word_1_315' title='bbox 2374 1426 2581 1482; x_wconf 88' lang='lat' dir='ltr'><strong>Deinde</strong></span> <span class='ocrx_word' id='word_1_316' title='bbox 2618 1429 2867 1483; x_wconf 88' lang='lat' dir='ltr'><strong>vaticinia</strong></span> <span class='ocrx_word' id='word_1_317' title='bbox 2915 1430 3305 1500; x_wconf 84' lang='lat' dir='ltr'><strong>Prophetarum</strong></span> <span class='ocrx_word' id='word_1_318' title='bbox 3343 1431 3411 1486; x_wconf 92' lang='lat' dir='ltr'><strong>de</strong></span> 
     </span>
    </p>
   </div>
   <div class='ocr_carea' id='block_1_45' title="bbox 1828 1516 3410 1589">
    <p class='ocr_par' dir='ltr' id='par_1_45' title="bbox 1828 1516 3410 1589">
     <span class='ocr_line' id='line_1_45' title="bbox 1828 1516 3410 1589; baseline 0.005 -20"><span class='ocrx_word' id='word_1_319' title='bbox 1828 1516 2110 1571; x_wconf 90' lang='lat' dir='ltr'><strong>vocatione</strong></span> <span class='ocrx_word' id='word_1_320' title='bbox 2136 1519 2395 1587; x_wconf 90' lang='lat' dir='ltr'><strong>gentium,</strong></span> <span class='ocrx_word' id='word_1_321' title='bbox 2435 1533 2552 1589; x_wconf 67' lang='grc' dir='ltr'><strong>(ιιιιη</strong></span> <span class='ocrx_word' id='word_1_322' title='bbox 2579 1519 2797 1575; x_wconf 89' lang='lat' dir='ltr'><strong>Christo</strong></span> <span class='ocrx_word' id='word_1_323' title='bbox 2832 1520 3071 1576; x_wconf 79' lang='lat' dir='ltr'><strong>exhibito</strong></span> <span class='ocrx_word' id='word_1_324' title='bbox 3100 1521 3276 1577; x_wconf 90' lang='lat' dir='ltr'><strong>futura</strong></span> <span class='ocrx_word' id='word_1_325' title='bbox 3305 1533 3410 1589; x_wconf 91' lang='lat' dir='ltr'><strong>est,</strong></span> 
     </span>
    </p>
   </div>
   <div class='ocr_carea' id='block_1_46' title="bbox 1827 1610 3417 1685">
    <p class='ocr_par' dir='ltr' id='par_1_46' title="bbox 1827 1610 3417 1685">
     <span class='ocr_line' id='line_1_46' title="bbox 1827 1610 3417 1685; baseline 0.006 -23"><span class='ocrx_word' id='word_1_326' title='bbox 1827 1612 2187 1665; x_wconf 84' lang='lat' dir='ltr'><strong>accumulant.</strong></span> <span class='ocrx_word' id='word_1_327' title='bbox 2221 1610 2352 1666; x_wconf 87' lang='lat' dir='ltr'><strong>Nam</strong></span> <span class='ocrx_word' id='word_1_328' title='bbox 2385 1619 2438 1665; x_wconf 90' lang='lat' dir='ltr'><strong>et</strong></span> <span class='ocrx_word' id='word_1_329' title='bbox 2462 1626 2522 1667; x_wconf 89' lang='lat' dir='ltr'><strong>ea</strong></span> <span class='ocrx_word' id='word_1_330' title='bbox 2552 1615 2880 1670; x_wconf 89' lang='lat' dir='ltr'><strong>conveniunt</strong></span> <span class='ocrx_word' id='word_1_331' title='bbox 2905 1630 3023 1670; x_wconf 92' lang='lat' dir='ltr'><strong>cum</strong></span> <span class='ocrx_word' id='word_1_332' title='bbox 3053 1615 3417 1685; x_wconf 80' lang='lat' dir='ltr'><strong>promissione</strong></span> 
     </span>
    </p>
   </div>
   <div class='ocr_carea' id='block_1_47' title="bbox 1825 1696 2246 1754">
    <p class='ocr_par' dir='ltr' id='par_1_47' title="bbox 1825 1696 2246 1754">
     <span class='ocr_line' id='line_1_47' title="bbox 1825 1696 2246 1754; baseline 0.007 -4"><span class='ocrx_word' id='word_1_333' title='bbox 1825 1696 1961 1752; x_wconf 89' lang='lat' dir='ltr'><strong>facta</strong></span> <span class='ocrx_word' id='word_1_334' title='bbox 1993 1696 2246 1754; x_wconf 74' lang='lat' dir='ltr'><strong>Abrah’m.</strong></span> 
     </span>
    </p>
   </div>
   <div class='ocr_carea' id='block_1_48' title="bbox 1750 1792 3417 1868">
    <p class='ocr_par' dir='ltr' id='par_1_48' title="bbox 1750 1792 3417 1868">
     <span class='ocr_line' id='line_1_48' title="bbox 1750 1792 3417 1868; baseline 0.006 -24"><span class='ocrx_word' id='word_1_335' title='bbox 1750 1807 1797 1868; x_wconf 77' lang='grc' dir='ltr'><strong>Β</strong></span> <span class='ocrx_word' id='word_1_336' title='bbox 1899 1792 1993 1847; x_wconf 90' lang='lat' dir='ltr'><strong>Est</strong></span> <span class='ocrx_word' id='word_1_337' title='bbox 2022 1801 2198 1847; x_wconf 86' lang='lat' dir='ltr'><strong>autem</strong></span> <span class='ocrx_word' id='word_1_338' title='bbox 2230 1793 2515 1864; x_wconf 85' lang='lat' dir='ltr'><strong>diligenter</strong></span> <span class='ocrx_word' id='word_1_339' title='bbox 2545 1795 2962 1859; x_wconf 86' lang='lat' dir='ltr'><strong>observandum,</strong></span> <span class='ocrx_word' id='word_1_340' title='bbox 2994 1796 3134 1867; x_wconf 87' lang='lat' dir='ltr'><strong>quod</strong></span> <span class='ocrx_word' id='word_1_341' title='bbox 3158 1798 3417 1866; x_wconf 84' lang='lat' dir='ltr'><strong>Augusti-</strong></span> 
     </span>
    </p>
   </div>
   <div class='ocr_carea' id='block_1_49' title="bbox 1837 1885 3420 1956">
    <p class='ocr_par' dir='ltr' id='par_1_49' title="bbox 1837 1885 3420 1956">
     <span class='ocr_line' id='line_1_49' title="bbox 1837 1885 3420 1956; baseline 0.006 -20"><span class='ocrx_word' id='word_1_342' title='bbox 1837 1899 1936 1937; x_wconf 86' lang='lat' dir='ltr'><strong>nus</strong></span> <span class='ocrx_word' id='word_1_343' title='bbox 1960 1885 2195 1953; x_wconf 84' lang='lat' dir='ltr'><strong>graviter</strong></span> <span class='ocrx_word' id='word_1_344' title='bbox 2225 1886 2533 1940; x_wconf 86' lang='lat' dir='ltr'><strong>observavit</strong></span> <span class='ocrx_word' id='word_1_345' title='bbox 2563 1896 2617 1941; x_wconf 91' lang='lat' dir='ltr'><strong>et</strong></span> <span class='ocrx_word' id='word_1_346' title='bbox 2648 1888 2895 1956; x_wconf 83' lang='lat' dir='ltr'><strong>religiose</strong></span> <span class='ocrx_word' id='word_1_347' title='bbox 2938 1898 3121 1943; x_wconf 88' lang='lat' dir='ltr'><strong>monet</strong></span> <span class='ocrx_word' id='word_1_348' title='bbox 3157 1890 3420 1945; x_wconf 85' lang='lat' dir='ltr'><strong>concione</strong></span> 
     </span>
    </p>
   </div>
   <div class='ocr_carea' id='block_1_50' title="bbox 1832 1977 3425 2050">
    <p class='ocr_par' dir='ltr' id='par_1_50' title="bbox 1832 1977 3425 2050">
     <span class='ocr_line' id='line_1_50' title="bbox 1832 1977 3425 2050; baseline 0.004 -21"><span class='ocrx_word' id='word_1_349' title='bbox 1832 1977 2070 2030; x_wconf 87' lang='lat' dir='ltr'><strong>secunda</strong></span> <span class='ocrx_word' id='word_1_350' title='bbox 2100 1977 2153 2030; x_wconf 87' lang='lat' dir='ltr'><strong>in</strong></span> <span class='ocrx_word' id='word_1_351' title='bbox 2177 1977 2367 2045; x_wconf 88' lang='lat' dir='ltr'><strong>psalm.</strong></span> <span class='ocrx_word' id='word_1_352' title='bbox 2412 1993 2564 2041; x_wconf 80' lang='lat' dir='ltr'><strong>xxx;</strong></span> <span class='ocrx_word' id='word_1_353' title='bbox 2596 1994 2822 2046; x_wconf 89' lang='lat' dir='ltr'><strong>nempe,</strong></span> <span class='ocrx_word' id='word_1_354' title='bbox 2862 1980 3151 2048; x_wconf 88' lang='lat' dir='ltr'><strong>prophetas</strong></span> <span class='ocrx_word' id='word_1_355' title='bbox 3186 1981 3425 2050; x_wconf 86' lang='lat' dir='ltr'><strong>apertius</strong></span> 
     </span>
    </p>
   </div>
   <div class='ocr_carea' id='block_1_51' title="bbox 1832 2066 3422 2141">
    <p class='ocr_par' dir='ltr' id='par_1_51' title="bbox 1832 2066 3422 2141">
     <span class='ocr_line' id='line_1_51' title="bbox 1832 2066 3422 2141; baseline 0.005 -23"><span class='ocrx_word' id='word_1_356' title='bbox 1832 2066 1898 2119; x_wconf 88' lang='lat' dir='ltr'><strong>de</strong></span> <span class='ocrx_word' id='word_1_357' title='bbox 1926 2066 2167 2121; x_wconf 88' lang='lat' dir='ltr'><strong>Ecclesia</strong></span> <span class='ocrx_word' id='word_1_358' title='bbox 2189 2082 2344 2135; x_wconf 91' lang='lat' dir='ltr'><strong>quam</strong></span> <span class='ocrx_word' id='word_1_359' title='bbox 2370 2068 2437 2122; x_wconf 89' lang='lat' dir='ltr'><strong>de</strong></span> <span class='ocrx_word' id='word_1_360' title='bbox 2464 2068 2676 2123; x_wconf 89' lang='lat' dir='ltr'><strong>Christo</strong></span> <span class='ocrx_word' id='word_1_361' title='bbox 2704 2069 2909 2124; x_wconf 88' lang='lat' dir='ltr'><strong>locutos</strong></span> <span class='ocrx_word' id='word_1_362' title='bbox 2931 2086 3081 2125; x_wconf 90' lang='lat' dir='ltr'><strong>esse:</strong></span> <span class='ocrx_word' id='word_1_363' title='bbox 3112 2070 3270 2141; x_wconf 88' lang='lat' dir='ltr'><strong>idque</strong></span> <span class='ocrx_word' id='word_1_364' title='bbox 3299 2087 3422 2140; x_wconf 80' lang='lat' dir='ltr'><strong>pro-</strong></span> 
     </span>
    </p>
   </div>
   <div class='ocr_carea' id='block_1_52' title="bbox 1798 2158 3423 2230">
    <p class='ocr_par' dir='ltr' id='par_1_52' title="bbox 1798 2158 3423 2230">
     <span class='ocr_line' id='line_1_52' title="bbox 1798 2158 3423 2230; baseline 0.006 -21"><span class='ocrx_word' id='word_1_365' title='bbox 1798 2165 2063 2225; x_wconf 24' lang='lat' dir='ltr'><strong>,pterea,.</strong></span> <span class='ocrx_word' id='word_1_366' title='bbox 2092 2158 2235 2226; x_wconf 79' lang='lat' dir='ltr'><strong>quod</strong></span> <span class='ocrx_word' id='word_1_367' title='bbox 2287 2158 2532 2213; x_wconf 90' lang='lat' dir='ltr'><strong>viderent</strong></span> <span class='ocrx_word' id='word_1_368' title='bbox 2576 2160 2629 2213; x_wconf 92' lang='lat' dir='ltr'><strong>in</strong></span> <span class='ocrx_word' id='word_1_369' title='bbox 2680 2160 2872 2225; x_wconf 83' lang='lat' dir='ltr'><strong>spiritu</strong></span> <span class='ocrx_word' id='word_1_370' title='bbox 2914 2159 2995 2230; x_wconf 89' lang='lat' dir='ltr'><strong>(ut</strong></span> <span class='ocrx_word' id='word_1_371' title='bbox 3034 2158 3132 2230; x_wconf 87' lang='lat' dir='ltr'><strong>ait)</strong></span> <span class='ocrx_word' id='word_1_372' title='bbox 3178 2160 3423 2217; x_wconf 86' lang='lat' dir='ltr'><strong>homines</strong></span> 
     </span>
    </p>
   </div>
   <div class='ocr_carea' id='block_1_53' title="bbox 1831 2249 3425 2324">
    <p class='ocr_par' dir='ltr' id='par_1_53' title="bbox 1831 2249 3425 2324">
     <span class='ocr_line' id='line_1_53' title="bbox 1831 2249 3425 2324; baseline 0.004 -21"><span class='ocrx_word' id='word_1_373' title='bbox 1831 2257 2022 2303; x_wconf 86' lang='lat' dir='ltr'><strong>contra</strong></span> <span class='ocrx_word' id='word_1_374' title='bbox 2063 2249 2356 2305; x_wconf 84' lang='lat' dir='ltr'><strong>Ecclesiam</strong></span> <span class='ocrx_word' id='word_1_375' title='bbox 2401 2251 2637 2308; x_wconf 89' lang='lat' dir='ltr'><strong>facturos</strong></span> <span class='ocrx_word' id='word_1_376' title='bbox 2689 2270 2809 2309; x_wconf 86' lang='lat' dir='ltr'><strong>esse</strong></span> <span class='ocrx_word' id='word_1_377' title='bbox 2875 2255 3199 2324; x_wconf 88' lang='lat' dir='ltr'><strong>particulas,</strong></span> <span class='ocrx_word' id='word_1_378' title='bbox 3259 2268 3310 2311; x_wconf 92' lang='lat' dir='ltr'><strong>et</strong></span> <span class='ocrx_word' id='word_1_379' title='bbox 3359 2257 3425 2311; x_wconf 83' lang='lat' dir='ltr'><strong>de</strong></span> 
     </span>
    </p>
   </div>
   <div class='ocr_carea' id='block_1_54' title="bbox 1833 2340 3419 2410">
    <p class='ocr_par' dir='ltr' id='par_1_54' title="bbox 1833 2340 3419 2410">
     <span class='ocr_line' id='line_1_54' title="bbox 1833 2340 3419 2410; baseline 0.006 -17"><span class='ocrx_word' id='word_1_380' title='bbox 1833 2340 2047 2395; x_wconf 80' lang='lat' dir='ltr'><strong>Chrism</strong></span> <span class='ocrx_word' id='word_1_381' title='bbox 2075 2358 2179 2395; x_wconf 91' lang='lat' dir='ltr'><strong>non</strong></span> <span class='ocrx_word' id='word_1_382' title='bbox 2209 2350 2412 2396; x_wconf 88' lang='lat' dir='ltr'><strong>tantum</strong></span> <span class='ocrx_word' id='word_1_383' title='bbox 2443 2343 2588 2397; x_wconf 85' lang='lat' dir='ltr'><strong>litem</strong></span> <span class='ocrx_word' id='word_1_384' title='bbox 2617 2343 2897 2400; x_wconf 85' lang='lat' dir='ltr'><strong>habituros</strong></span> <span class='ocrx_word' id='word_1_385' title='bbox 2918 2387 2930 2410; x_wconf 94' lang='lat'><strong>,</strong></span> <span class='ocrx_word' id='word_1_386' title='bbox 2956 2346 3050 2401; x_wconf 88' lang='lat' dir='ltr'><strong>sed</strong></span> <span class='ocrx_word' id='word_1_387' title='bbox 3084 2346 3149 2401; x_wconf 91' lang='lat' dir='ltr'><strong>de</strong></span> <span class='ocrx_word' id='word_1_388' title='bbox 3181 2348 3419 2403; x_wconf 79' lang='lat' dir='ltr'><strong>Ecclesia</strong></span> 
     </span>
    </p>
   </div>
   <div class='ocr_carea' id='block_1_55' title="bbox 1834 2435 3427 2509">
    <p class='ocr_par' dir='ltr' id='par_1_55' title="bbox 1834 2435 3427 2509">
     <span class='ocr_line' id='line_1_55' title="bbox 1834 2435 3427 2509; baseline 0.005 -23"><span class='ocrx_word' id='word_1_389' title='bbox 1834 2447 2053 2501; x_wconf 84' lang='lat' dir='ltr'><strong>magnas</strong></span> <span class='ocrx_word' id='word_1_390' title='bbox 2076 2435 2453 2489; x_wconf 89' lang='lat' dir='ltr'><strong>contentiones</strong></span> <span class='ocrx_word' id='word_1_391' title='bbox 2479 2436 2832 2491; x_wconf 78' lang='lat' dir='ltr'><strong>exeitaturos.</strong></span> <span class='ocrx_word' id='word_1_392' title='bbox 2864 2438 3005 2508; x_wconf 86' lang='lat' dir='ltr'><strong>Ergo</strong></span> <span class='ocrx_word' id='word_1_393' title='bbox 3034 2438 3160 2493; x_wconf 91' lang='lat' dir='ltr'><strong>illud</strong></span> <span class='ocrx_word' id='word_1_394' title='bbox 3179 2483 3192 2506; x_wconf 91' lang='lat'><strong>,</strong></span> <span class='ocrx_word' id='word_1_395' title='bbox 3225 2439 3291 2494; x_wconf 90' lang='lat' dir='ltr'><strong>de</strong></span> <span class='ocrx_word' id='word_1_396' title='bbox 3320 2456 3427 2509; x_wconf 85' lang='lat' dir='ltr'><strong>quo</strong></span> 
     </span>
    </p>
   </div>
   <div class='ocr_carea' id='block_1_56' title="bbox 1835 2523 3424 2600">
    <p class='ocr_par' dir='ltr' id='par_1_56' title="bbox 1835 2523 3424 2600">
     <span class='ocr_line' id='line_1_56' title="bbox 1835 2523 3424 2600; baseline 0.004 -23"><span class='ocrx_word' id='word_1_397' title='bbox 1835 2523 2065 2593; x_wconf 87' lang='lat' dir='ltr'><strong>majores</strong></span> <span class='ocrx_word' id='word_1_398' title='bbox 2087 2524 2207 2580; x_wconf 88' lang='lat' dir='ltr'><strong>lites</strong></span> <span class='ocrx_word' id='word_1_399' title='bbox 2229 2524 2429 2581; x_wconf 66' lang='lat' dir='ltr'><strong>futura)</strong></span> <span class='ocrx_word' id='word_1_400' title='bbox 2450 2534 2624 2593; x_wconf 88' lang='lat' dir='ltr'><strong>erant,</strong></span> <span class='ocrx_word' id='word_1_401' title='bbox 2651 2528 2862 2597; x_wconf 82' lang='lat' dir='ltr'><strong>planius</strong></span> <span class='ocrx_word' id='word_1_402' title='bbox 2888 2540 2940 2583; x_wconf 92' lang='lat' dir='ltr'><strong>et</strong></span> <span class='ocrx_word' id='word_1_403' title='bbox 2961 2530 3201 2599; x_wconf 88' lang='lat' dir='ltr'><strong>apertius</strong></span> <span class='ocrx_word' id='word_1_404' title='bbox 3224 2530 3424 2600; x_wconf 84' lang='lat' dir='ltr'><strong>praedi-</strong></span> 
     </span>
    </p>
   </div>
   <div class='ocr_carea' id='block_1_57' title="bbox 1833 2617 3430 2690">
    <p class='ocr_par' dir='ltr' id='par_1_57' title="bbox 1833 2617 3430 2690">
     <span class='ocr_line' id='line_1_57' title="bbox 1833 2617 3430 2690; baseline 0.005 -21"><span class='ocrx_word' id='word_1_405' title='bbox 1833 2624 1975 2669; x_wconf 91' lang='lat' dir='ltr'><strong>ctum</strong></span> <span class='ocrx_word' id='word_1_406' title='bbox 2013 2631 2152 2670; x_wconf 91' lang='lat' dir='ltr'><strong>esse.</strong></span> <span class='ocrx_word' id='word_1_407' title='bbox 2198 2618 2455 2686; x_wconf 82' lang='lat' dir='ltr'><strong>PrOponit</strong></span> <span class='ocrx_word' id='word_1_408' title='bbox 2496 2617 2653 2688; x_wconf 80' lang='lat' dir='ltr'><strong>hujus</strong></span> <span class='ocrx_word' id='word_1_409' title='bbox 2693 2618 2771 2673; x_wconf 89' lang='lat' dir='ltr'><strong>rei</strong></span> <span class='ocrx_word' id='word_1_410' title='bbox 2807 2620 3112 2690; x_wconf 84' lang='lat' dir='ltr'><strong>exemplum</strong></span> <span class='ocrx_word' id='word_1_411' title='bbox 3154 2636 3217 2676; x_wconf 75' lang='lat' dir='ltr'><strong>ex</strong></span> <span class='ocrx_word' id='word_1_412' title='bbox 3250 2622 3430 2678; x_wconf 84' lang='lat' dir='ltr'><strong>Gene-</strong></span> 
     </span>
    </p>
   </div>
   <div class='ocr_carea' id='block_1_58' title="bbox 1834 2709 3429 2784">
    <p class='ocr_par' dir='ltr' id='par_1_58' title="bbox 1834 2709 3429 2784">
     <span class='ocr_line' id='line_1_58' title="bbox 1834 2709 3429 2784; baseline 0.006 -23"><span class='ocrx_word' id='word_1_413' title='bbox 1834 2721 1957 2761; x_wconf 89' lang='lat' dir='ltr'><strong>scos</strong></span> <span class='ocrx_word' id='word_1_414' title='bbox 1995 2722 2111 2777; x_wconf 88' lang='lat' dir='ltr'><strong>cap.</strong></span> <span class='ocrx_word' id='word_1_415' title='bbox 2139 2723 2266 2775; x_wconf 73' lang='grc' dir='ltr'>χχιι,</span> <span class='ocrx_word' id='word_1_416' title='bbox 2296 2709 2387 2763; x_wconf 80' lang='lat' dir='ltr'><strong>ubi</strong></span> <span class='ocrx_word' id='word_1_417' title='bbox 2435 2718 2557 2779; x_wconf 88' lang='lat' dir='ltr'><strong>post</strong></span> <span class='ocrx_word' id='word_1_418' title='bbox 2596 2711 2835 2766; x_wconf 88' lang='lat' dir='ltr'><strong>lsaacum</strong></span> <span class='ocrx_word' id='word_1_419' title='bbox 2884 2728 2914 2768; x_wconf 93' lang='lat' dir='ltr'><strong>e</strong></span> <span class='ocrx_word' id='word_1_420' title='bbox 2964 2722 3136 2779; x_wconf 82' lang='lat' dir='ltr'><strong>morte</strong></span> <span class='ocrx_word' id='word_1_421' title='bbox 3184 2724 3429 2784; x_wconf 89' lang='lat' dir='ltr'><strong>ereptum</strong></span> 
     </span>
    </p>
   </div>
   <div class='ocr_carea' id='block_1_59' title="bbox 1837 2800 3429 2877">
    <p class='ocr_par' dir='ltr' id='par_1_59' title="bbox 1837 2800 3429 2877">
     <span class='ocr_line' id='line_1_59' title="bbox 1837 2800 3429 2877; baseline 0.009 -27"><span class='ocrx_word' id='word_1_422' title='bbox 1837 2800 2162 2869; x_wconf 87' lang='lat' dir='ltr'><strong>promittitur</strong></span> <span class='ocrx_word' id='word_1_423' title='bbox 2191 2801 2419 2856; x_wconf 65' lang='lat' dir='ltr'><strong>Abrahae</strong></span> <span class='ocrx_word' id='word_1_424' title='bbox 2447 2818 2628 2858; x_wconf 90' lang='lat' dir='ltr'><strong>semen</strong></span> <span class='ocrx_word' id='word_1_425' title='bbox 2663 2804 2953 2870; x_wconf 89' lang='lat' dir='ltr'><strong>inﬁnitum,</strong></span> <span class='ocrx_word' id='word_1_426' title='bbox 2987 2810 3145 2877; x_wconf 86' lang='lat' dir='ltr'><strong>atque</strong></span> <span class='ocrx_word' id='word_1_427' title='bbox 3172 2823 3236 2863; x_wconf 89' lang='lat' dir='ltr'><strong>eo</strong></span> <span class='ocrx_word' id='word_1_428' title='bbox 3268 2808 3429 2865; x_wconf 93' lang='lat' dir='ltr'><strong>modo</strong></span> 
     </span>
    </p>
   </div>
   <div class='ocr_carea' id='block_1_60' title="bbox 1836 2894 3427 2967">
    <p class='ocr_par' dir='ltr' id='par_1_60' title="bbox 1836 2894 3427 2967">
     <span class='ocr_line' id='line_1_60' title="bbox 1836 2894 3427 2967; baseline 0.006 -19"><span class='ocrx_word' id='word_1_429' title='bbox 1836 2894 2071 2949; x_wconf 85' lang='lat' dir='ltr'><strong>Ecclesia</strong></span> <span class='ocrx_word' id='word_1_430' title='bbox 2121 2901 2304 2967; x_wconf 87' lang='lat' dir='ltr'><strong>aperte</strong></span> <span class='ocrx_word' id='word_1_431' title='bbox 2345 2896 2688 2967; x_wconf 86' lang='lat' dir='ltr'><strong>praedicatur,</strong></span> <span class='ocrx_word' id='word_1_432' title='bbox 2732 2913 2855 2954; x_wconf 92' lang='lat' dir='ltr'><strong>cum</strong></span> <span class='ocrx_word' id='word_1_433' title='bbox 2891 2899 3137 2956; x_wconf 88' lang='lat' dir='ltr'><strong>Christus</strong></span> <span class='ocrx_word' id='word_1_434' title='bbox 3177 2916 3283 2957; x_wconf 92' lang='lat' dir='ltr'><strong>non</strong></span> <span class='ocrx_word' id='word_1_435' title='bbox 3322 2904 3427 2958; x_wconf 91' lang='lat' dir='ltr'><strong>nisi</strong></span> 
     </span>
    </p>
   </div>
   <div class='ocr_carea' id='block_1_61' title="bbox 1837 2986 3424 3065">
    <p class='ocr_par' dir='ltr' id='par_1_61' title="bbox 1837 2986 3424 3065">
     <span class='ocr_line' id='line_1_61' title="bbox 1837 2986 3424 3065; baseline 0.007 -25"><span class='ocrx_word' id='word_1_436' title='bbox 1837 2986 2076 3058; x_wconf 90' lang='lat' dir='ltr'><strong>ﬁgurate.</strong></span> <span class='ocrx_word' id='word_1_437' title='bbox 2122 2988 2358 3044; x_wconf 88' lang='lat' dir='ltr'><strong>Tandem</strong></span> <span class='ocrx_word' id='word_1_438' title='bbox 2400 2992 2706 3058; x_wconf 87' lang='lat' dir='ltr'><strong>concludit,</strong></span> <span class='ocrx_word' id='word_1_439' title='bbox 2752 3009 2888 3063; x_wconf 89' lang='lat' dir='ltr'><strong>pene</strong></span> <span class='ocrx_word' id='word_1_440' title='bbox 2923 2995 3119 3065; x_wconf 89' lang='lat' dir='ltr'><strong>ubique</strong></span> <span class='ocrx_word' id='word_1_441' title='bbox 3149 2995 3424 3052; x_wconf 85' lang='lat' dir='ltr'><strong>Christum</strong></span> 
     </span>
    </p>
   </div>
   <div class='ocr_carea' id='block_1_62' title="bbox 1836 3079 3427 3154">
    <p class='ocr_par' dir='ltr' id='par_1_62' title="bbox 1836 3079 3427 3154">
     <span class='ocr_line' id='line_1_62' title="bbox 1836 3079 3427 3154; baseline 0.008 -23"><span class='ocrx_word' id='word_1_442' title='bbox 1836 3079 1889 3133; x_wconf 89' lang='lat' dir='ltr'><strong>in</strong></span> <span class='ocrx_word' id='word_1_443' title='bbox 1940 3081 2117 3148; x_wconf 78' lang='lat' dir='ltr'><strong>aliquo</strong></span> <span class='ocrx_word' id='word_1_444' title='bbox 2167 3081 2410 3136; x_wconf 86' lang='lat' dir='ltr'><strong>involuto</strong></span> <span class='ocrx_word' id='word_1_445' title='bbox 2451 3094 2792 3139; x_wconf 88' lang='lat' dir='ltr'><strong>sacramento</strong></span> <span class='ocrx_word' id='word_1_446' title='bbox 2836 3086 3182 3154; x_wconf 68' lang='lat' dir='ltr'><strong>praedicatum</strong></span> <span class='ocrx_word' id='word_1_447' title='bbox 3228 3103 3349 3142; x_wconf 89' lang='lat' dir='ltr'><strong>esse</strong></span> <span class='ocrx_word' id='word_1_448' title='bbox 3396 3103 3427 3143; x_wconf 90' lang='lat' dir='ltr'><strong>a</strong></span> 
     </span>
    </p>
   </div>
   <div class='ocr_carea' id='block_1_63' title="bbox 132 3170 3432 3245">
    <p class='ocr_par' dir='ltr' id='par_1_63' title="bbox 132 3170 3432 3245">
     <span class='ocr_line' id='line_1_63' title="bbox 132 3170 3432 3245; baseline 0.003 -20"><span class='ocrx_word' id='word_1_449' title='bbox 132 3170 492 3226; x_wconf 80' lang='lat' dir='ltr'><strong>deﬁniretnr?</strong></span> <span class='ocrx_word' id='word_1_450' title='bbox 525 3170 703 3227; x_wconf 89' lang='lat' dir='ltr'><strong>Nostri</strong></span> <span class='ocrx_word' id='word_1_451' title='bbox 741 3185 945 3225; x_wconf 82' lang='lat' dir='ltr'><strong>sacram</strong></span> <span class='ocrx_word' id='word_1_452' title='bbox 988 3172 1342 3239; x_wconf 88' lang='lat' dir='ltr'><strong>scripturam,</strong></span> <span class='ocrx_word' id='word_1_453' title='bbox 1375 3182 1427 3226; x_wconf 91' lang='lat' dir='ltr'><strong>et</strong></span> <span class='ocrx_word' id='word_1_454' title='bbox 1455 3182 1645 3227; x_wconf 90' lang='lat' dir='ltr'><strong>testem</strong></span> <span class='ocrx_word' id='word_1_455' title='bbox 1675 3182 1731 3228; x_wconf 86' lang='lat' dir='ltr'><strong>et</strong></span> <span class='ocrx_word' id='word_1_456' title='bbox 1760 3178 1806 3240; x_wconf 82' lang='lat' dir='ltr'><strong>C</strong></span> <span class='ocrx_word' id='word_1_457' title='bbox 1840 3170 2123 3239; x_wconf 86' lang='lat' dir='ltr'><strong>Prophetis</strong></span> <span class='ocrx_word' id='word_1_458' title='bbox 2152 3189 2163 3224; x_wconf 91' lang='lat'><strong>:</strong></span> <span class='ocrx_word' id='word_1_459' title='bbox 2200 3172 2497 3228; x_wconf 86' lang='lat' dir='ltr'><strong>Ecclesiam</strong></span> <span class='ocrx_word' id='word_1_460' title='bbox 2529 3190 2656 3229; x_wconf 89' lang='lat' dir='ltr'><strong>vero</strong></span> <span class='ocrx_word' id='word_1_461' title='bbox 2698 3187 2903 3245; x_wconf 89' lang='lat' dir='ltr'><strong>aperte,</strong></span> <span class='ocrx_word' id='word_1_462' title='bbox 2937 3186 2994 3231; x_wconf 89' lang='lat' dir='ltr'><strong>ut</strong></span> <span class='ocrx_word' id='word_1_463' title='bbox 3033 3194 3151 3233; x_wconf 92' lang='lat' dir='ltr'><strong>eam</strong></span> <span class='ocrx_word' id='word_1_464' title='bbox 3186 3179 3432 3235; x_wconf 83' lang='lat' dir='ltr'><strong>viderent</strong></span> 
     </span>
    </p>
   </div>
   <div class='ocr_carea' id='block_1_64' title="bbox 132 3253 1729 3335">
    <p class='ocr_par' dir='ltr' id='par_1_64' title="bbox 132 3253 1729 3335">
     <span class='ocr_line' id='line_1_64' title="bbox 132 3253 1729 3335; baseline 0 -17"><span class='ocrx_word' id='word_1_465' title='bbox 132 3265 373 3335; x_wconf 89' lang='lat' dir='ltr'><strong>judicem</strong></span> <span class='ocrx_word' id='word_1_466' title='bbox 401 3263 500 3320; x_wconf 91' lang='lat' dir='ltr'><strong>sibi</strong></span> <span class='ocrx_word' id='word_1_467' title='bbox 535 3265 644 3318; x_wconf 83' lang='lat' dir='ltr'><strong>fure</strong></span> <span class='ocrx_word' id='word_1_468' title='bbox 668 3263 1014 3333; x_wconf 86' lang='lat' dir='ltr'><strong>respondent.</strong></span> <span class='ocrx_word' id='word_1_469' title='bbox 1048 3263 1152 3318; x_wconf 85' lang='lat' dir='ltr'><strong>Sed</strong></span> <span class='ocrx_word' id='word_1_470' title='bbox 1182 3263 1451 3333; x_wconf 89' lang='lat' dir='ltr'><strong>quomodo</strong></span> <span class='ocrx_word' id='word_1_471' title='bbox 1479 3279 1540 3317; x_wconf 89' lang='lat' dir='ltr'><strong>ea</strong></span> <span class='ocrx_word' id='word_1_472' title='bbox 1574 3253 1729 3319; x_wconf 78' lang='lat' dir='ltr'><strong>utan-</strong></span> 
     </span>
    </p>
   </div>
   <div class='ocr_carea' id='block_1_65' title="bbox 135 3355 1725 3427">
    <p class='ocr_par' dir='ltr' id='par_1_65' title="bbox 135 3355 1725 3427">
     <span class='ocr_line' id='line_1_65' title="bbox 135 3355 1725 3427; baseline -0.001 -15"><span class='ocrx_word' id='word_1_473' title='bbox 135 3368 250 3425; x_wconf 89' lang='lat' dir='ltr'><strong>tur,</strong></span> <span class='ocrx_word' id='word_1_474' title='bbox 277 3367 330 3412; x_wconf 87' lang='lat' dir='ltr'><strong>et</strong></span> <span class='ocrx_word' id='word_1_475' title='bbox 354 3358 477 3426; x_wconf 91' lang='lat' dir='ltr'><strong>quid</strong></span> <span class='ocrx_word' id='word_1_476' title='bbox 508 3356 632 3411; x_wconf 90' lang='lat' dir='ltr'><strong>inde</strong></span> <span class='ocrx_word' id='word_1_477' title='bbox 663 3364 942 3426; x_wconf 85' lang='lat' dir='ltr'><strong>repetant,</strong></span> <span class='ocrx_word' id='word_1_478' title='bbox 977 3364 1034 3411; x_wconf 90' lang='lat' dir='ltr'><strong>ut</strong></span> <span class='ocrx_word' id='word_1_479' title='bbox 1062 3357 1310 3411; x_wconf 89' lang='lat' dir='ltr'><strong>evincant</strong></span> <span class='ocrx_word' id='word_1_480' title='bbox 1339 3355 1483 3427; x_wconf 85' lang='lat' dir='ltr'><strong>quod</strong></span> <span class='ocrx_word' id='word_1_481' title='bbox 1511 3357 1725 3425; x_wconf 90' lang='lat' dir='ltr'><strong>volunt,</strong></span> 
     </span>
    </p>
   </div>
   <div class='ocr_carea' id='block_1_66' title="bbox 131 3447 1731 3519">
    <p class='ocr_par' dir='ltr' id='par_1_66' title="bbox 131 3447 1731 3519">
     <span class='ocr_line' id='line_1_66' title="bbox 131 3447 1731 3519; baseline 0 -16"><span class='ocrx_word' id='word_1_482' title='bbox 131 3448 537 3504; x_wconf 87' lang='lat' dir='ltr'><strong>observandum</strong></span> <span class='ocrx_word' id='word_1_483' title='bbox 580 3447 869 3504; x_wconf 85' lang='lat' dir='ltr'><strong>etiam‘est.</strong></span> <span class='ocrx_word' id='word_1_484' title='bbox 897 3448 1028 3503; x_wconf 90' lang='lat' dir='ltr'><strong>Cum</strong></span> <span class='ocrx_word' id='word_1_485' title='bbox 1075 3450 1400 3518; x_wconf 84' lang='lat' dir='ltr'><strong>Augustinus</strong></span> <span class='ocrx_word' id='word_1_486' title='bbox 1426 3449 1493 3504; x_wconf 90' lang='lat' dir='ltr'><strong>de</strong></span> <span class='ocrx_word' id='word_1_487' title='bbox 1524 3450 1731 3519; x_wconf 79' lang='lat' dir='ltr'><strong>Baptis-</strong></span> 
     </span>
    </p>
   </div>
   <div class='ocr_carea' id='block_1_67' title="bbox 130 3539 1731 3608">
    <p class='ocr_par' dir='ltr' id='par_1_67' title="bbox 130 3539 1731 3608">
     <span class='ocr_line' id='line_1_67' title="bbox 130 3539 1731 3608; baseline 0.001 -14"><span class='ocrx_word' id='word_1_488' title='bbox 130 3556 230 3594; x_wconf 88' lang='lat' dir='ltr'><strong>mo</strong></span> <span class='ocrx_word' id='word_1_489' title='bbox 273 3539 337 3595; x_wconf 87' lang='lat' dir='ltr'><strong>ab</strong></span> <span class='ocrx_word' id='word_1_490' title='bbox 373 3539 670 3606; x_wconf 73' lang='lat' dir='ltr'><strong>haereticis,</strong></span> <span class='ocrx_word' id='word_1_491' title='bbox 713 3540 765 3595; x_wconf 89' lang='lat' dir='ltr'><strong>id</strong></span> <span class='ocrx_word' id='word_1_492' title='bbox 818 3551 940 3608; x_wconf 89' lang='lat' dir='ltr'><strong>est,</strong></span> <span class='ocrx_word' id='word_1_493' title='bbox 985 3552 1135 3596; x_wconf 87' lang='lat' dir='ltr'><strong>extra</strong></span> <span class='ocrx_word' id='word_1_494' title='bbox 1171 3540 1468 3596; x_wconf 75' lang='lat' dir='ltr'><strong>Ecclesium</strong></span> <span class='ocrx_word' id='word_1_495' title='bbox 1500 3540 1731 3595; x_wconf 89' lang='lat' dir='ltr'><strong>admini-</strong></span> 
     </span>
    </p>
   </div>
   <div class='ocr_carea' id='block_1_68' title="bbox 130 3632 1729 3708">
    <p class='ocr_par' dir='ltr' id='par_1_68' title="bbox 130 3632 1729 3708">
     <span class='ocr_line' id='line_1_68' title="bbox 130 3632 1729 3708; baseline 0.001 -23"><span class='ocrx_word' id='word_1_496' title='bbox 130 3639 337 3699; x_wconf 84' lang='lat' dir='ltr'><strong>strato,</strong></span> <span class='ocrx_word' id='word_1_497' title='bbox 369 3632 625 3708; x_wconf 85' lang='lat' dir='ltr'><strong>adversus</strong></span> <span class='ocrx_word' id='word_1_498' title='bbox 654 3634 958 3688; x_wconf 85' lang='lat' dir='ltr'><strong>Donatistas</strong></span> <span class='ocrx_word' id='word_1_499' title='bbox 987 3633 1255 3703; x_wconf 87' lang='lat' dir='ltr'><strong>disputat,</strong></span> <span class='ocrx_word' id='word_1_500' title='bbox 1284 3649 1387 3687; x_wconf 91' lang='lat' dir='ltr'><strong>non</strong></span> <span class='ocrx_word' id='word_1_501' title='bbox 1414 3641 1616 3687; x_wconf 90' lang='lat' dir='ltr'><strong>tantum</strong></span> <span class='ocrx_word' id='word_1_502' title='bbox 1644 3633 1729 3687; x_wconf 83' lang='lat' dir='ltr'><strong>al-</strong></span> 
     </span>
    </p>
   </div>
   <div class='ocr_carea' id='block_1_69' title="bbox 131 3724 1730 3796">
    <p class='ocr_par' dir='ltr' id='par_1_69' title="bbox 131 3724 1730 3796">
     <span class='ocr_line' id='line_1_69' title="bbox 131 3724 1730 3796; baseline 0.001 -18"><span class='ocrx_word' id='word_1_503' title='bbox 131 3724 282 3796; x_wconf 83' lang='lat' dir='ltr'><strong>legat</strong></span> <span class='ocrx_word' id='word_1_504' title='bbox 323 3725 643 3796; x_wconf 87' lang='lat' dir='ltr'><strong>scripturam</strong></span> <span class='ocrx_word' id='word_1_505' title='bbox 672 3768 712 3793; x_wconf 87' lang='lat'><strong>,.</strong></span> <span class='ocrx_word' id='word_1_506' title='bbox 746 3725 841 3781; x_wconf 88' lang='lat' dir='ltr'><strong>sed</strong></span> <span class='ocrx_word' id='word_1_507' title='bbox 883 3727 1249 3795; x_wconf 76' lang='lat' dir='ltr'><strong>apostolicam’</strong></span> <span class='ocrx_word' id='word_1_508' title='bbox 1282 3726 1627 3780; x_wconf 86' lang='lat' dir='ltr'><strong>traditionem</strong></span> <span class='ocrx_word' id='word_1_509' title='bbox 1676 3734 1730 3779; x_wconf 88' lang='lat' dir='ltr'><strong>et</strong></span> 
     </span>
    </p>
   </div>
   <div class='ocr_carea' id='block_1_70' title="bbox 131 3816 1731 3883">
    <p class='ocr_par' dir='ltr' id='par_1_70' title="bbox 131 3816 1731 3883">
     <span class='ocr_line' id='line_1_70' title="bbox 131 3816 1731 3883; baseline -0.001 -12"><span class='ocrx_word' id='word_1_510' title='bbox 131 3816 401 3871; x_wconf 69' lang='lat' dir='ltr'><strong>Ecclesiae</strong></span> <span class='ocrx_word' id='word_1_511' title='bbox 431 3832 605 3883; x_wconf 91' lang='lat' dir='ltr'><strong>usum,</strong></span> <span class='ocrx_word' id='word_1_512' title='bbox 632 3817 1093 3879; x_wconf 86' lang='lat' dir='ltr'><strong>consuetudinem,</strong></span> <span class='ocrx_word' id='word_1_513' title='bbox 1124 3816 1511 3879; x_wconf 89' lang='lat' dir='ltr'><strong>testimonium,</strong></span> <span class='ocrx_word' id='word_1_514' title='bbox 1537 3826 1731 3869; x_wconf 89' lang='lat' dir='ltr'><strong>aucto-</strong></span> 
     </span>
    </p>
   </div>
   <div class='ocr_carea' id='block_1_71' title="bbox 133 3907 1726 3978">
    <p class='ocr_par' dir='ltr' id='par_1_71' title="bbox 133 3907 1726 3978">
     <span class='ocr_line' id='line_1_71' title="bbox 133 3907 1726 3978; baseline -0.001 -15"><span class='ocrx_word' id='word_1_515' title='bbox 133 3909 357 3963; x_wconf 88' lang='lat' dir='ltr'><strong>ritatem</strong></span> <span class='ocrx_word' id='word_1_516' title='bbox 384 3946 398 3973; x_wconf 91' lang='lat'><strong>,</strong></span> <span class='ocrx_word' id='word_1_517' title='bbox 428 3916 480 3961; x_wconf 90' lang='lat' dir='ltr'><strong>ut</strong></span> <span class='ocrx_word' id='word_1_518' title='bbox 530 3907 568 3960; x_wconf 92' lang='lat' dir='ltr'><strong>l.</strong></span> <span class='ocrx_word' id='word_1_519' title='bbox 628 3924 664 3962; x_wconf 86' lang='grc' dir='ltr'><strong>ιι</strong></span> <span class='ocrx_word' id='word_1_520' title='bbox 691 3909 756 3963; x_wconf 89' lang='lat' dir='ltr'><strong>de</strong></span> <span class='ocrx_word' id='word_1_521' title='bbox 783 3908 1051 3978; x_wconf 87' lang='lat' dir='ltr'><strong>Baptismo</strong></span> <span class='ocrx_word' id='word_1_522' title='bbox 1097 3923 1215 3977; x_wconf 89' lang='lat' dir='ltr'><strong>cap.</strong></span> <span class='ocrx_word' id='word_1_523' title='bbox 1246 3908 1305 3975; x_wconf 89' lang='lat'><strong>7,</strong></span> <span class='ocrx_word' id='word_1_524' title='bbox 1340 3919 1393 3961; x_wconf 90' lang='lat' dir='ltr'><strong>et</strong></span> <span class='ocrx_word' id='word_1_525' title='bbox 1426 3908 1463 3960; x_wconf 90' lang='lat' dir='ltr'><strong>l.</strong></span> <span class='ocrx_word' id='word_1_526' title='bbox 1497 3922 1547 3960; x_wconf 80' lang='lat' dir='ltr'><strong>tv</strong></span> <span class='ocrx_word' id='word_1_527' title='bbox 1582 3922 1629 3961; x_wconf 92' lang='lat' dir='ltr'><strong>c.</strong></span> <span class='ocrx_word' id='word_1_528' title='bbox 1661 3907 1726 3973; x_wconf 84' lang='lat'><strong>6,</strong></span> 
     </span>
    </p>
   </div>
   <div class='ocr_carea' id='block_1_72' title="bbox 134 3996 1767 4067">
    <p class='ocr_par' dir='ltr' id='par_1_72' title="bbox 134 3996 1767 4067">
     <span class='ocr_line' id='line_1_72' title="bbox 134 3996 1767 4067; baseline -0.004 -14"><span class='ocrx_word' id='word_1_529' title='bbox 134 4008 194 4053; x_wconf 87' lang='lat' dir='ltr'><strong>et</strong></span> <span class='ocrx_word' id='word_1_530' title='bbox 236 3998 275 4052; x_wconf 89' lang='grc' dir='ltr'><strong>ι.</strong></span> <span class='ocrx_word' id='word_1_531' title='bbox 308 4013 343 4052; x_wconf 83' lang='lat' dir='ltr'><strong>v</strong></span> <span class='ocrx_word' id='word_1_532' title='bbox 389 4012 509 4067; x_wconf 88' lang='lat' dir='ltr'><strong>cap.</strong></span> <span class='ocrx_word' id='word_1_533' title='bbox 537 3998 626 4064; x_wconf 71' lang='lat'><strong>9.5,</strong></span> <span class='ocrx_word' id='word_1_534' title='bbox 662 4008 715 4053; x_wconf 88' lang='lat' dir='ltr'><strong>et</strong></span> <span class='ocrx_word' id='word_1_535' title='bbox 741 3998 778 4052; x_wconf 95' lang='lat' dir='ltr'><strong>l.</strong></span> <span class='ocrx_word' id='word_1_536' title='bbox 813 4014 830 4052; x_wconf 78' lang='grc' dir='ltr'><strong>ι</strong></span> <span class='ocrx_word' id='word_1_537' title='bbox 864 4009 1051 4053; x_wconf 88' lang='lat' dir='ltr'><strong>contra</strong></span> <span class='ocrx_word' id='word_1_538' title='bbox 1079 3997 1336 4053; x_wconf 86' lang='lat' dir='ltr'><strong>Crescon.</strong></span> <span class='ocrx_word' id='word_1_539' title='bbox 1365 4012 1482 4067; x_wconf 90' lang='lat' dir='ltr'><strong>cap.</strong></span> <span class='ocrx_word' id='word_1_540' title='bbox 1514 3997 1603 4059; x_wconf 80' lang='grc'><strong>51,</strong></span> <span class='ocrx_word' id='word_1_541' title='bbox 1632 3996 1724 4062; x_wconf 75' lang='lat'><strong>52,</strong></span> <span class='ocrx_word' id='word_1_542' title='bbox 1766 4042 1767 4045; x_wconf 45' lang='grc' dir='ltr'><strong>η</strong></span> 
     </span>
    </p>
   </div>
   <div class='ocr_carea' id='block_1_73' title="bbox 132 4087 1727 4159">
    <p class='ocr_par' dir='ltr' id='par_1_73' title="bbox 132 4087 1727 4159">
     <span class='ocr_line' id='line_1_73' title="bbox 132 4087 1727 4159; baseline -0.003 -14"><span class='ocrx_word' id='word_1_543' title='bbox 132 4090 231 4145; x_wconf 77' lang='grc'><strong>55.</strong></span> <span class='ocrx_word' id='word_1_544' title='bbox 268 4087 487 4143; x_wconf 87' lang='lat' dir='ltr'><strong>Sciebat</strong></span> <span class='ocrx_word' id='word_1_545' title='bbox 514 4089 763 4159; x_wconf 85' lang='lat' dir='ltr'><strong>Optatum</strong></span> <span class='ocrx_word' id='word_1_546' title='bbox 794 4091 1140 4159; x_wconf 73' lang='lat' dir='ltr'><strong>quaestionem</strong></span> <span class='ocrx_word' id='word_1_547' title='bbox 1171 4090 1238 4144; x_wconf 92' lang='lat' dir='ltr'><strong>de</strong></span> <span class='ocrx_word' id='word_1_548' title='bbox 1270 4089 1424 4143; x_wconf 91' lang='lat' dir='ltr'><strong>unico</strong></span> <span class='ocrx_word' id='word_1_549' title='bbox 1451 4088 1727 4157; x_wconf 86' lang='lat' dir='ltr'><strong>Baptismo</strong></span> 
     </span>
    </p>
   </div>
   <div class='ocr_carea' id='block_1_74' title="bbox 131 4177 1731 4250">
    <p class='ocr_par' dir='ltr' id='par_1_74' title="bbox 131 4177 1731 4250">
     <span class='ocr_line' id='line_1_74' title="bbox 131 4177 1731 4250; baseline -0.004 -15"><span class='ocrx_word' id='word_1_550' title='bbox 131 4190 331 4235; x_wconf 87' lang='lat' dir='ltr'><strong>contra</strong></span> <span class='ocrx_word' id='word_1_551' title='bbox 364 4179 680 4250; x_wconf 30' lang='lat' dir='ltr'><strong>.Donatistas</strong></span> <span class='ocrx_word' id='word_1_552' title='bbox 720 4180 952 4235; x_wconf 90' lang='lat' dir='ltr'><strong>voluisse</strong></span> <span class='ocrx_word' id='word_1_553' title='bbox 991 4179 1213 4235; x_wconf 84' lang='lat' dir='ltr'><strong>deﬁnire</strong></span> <span class='ocrx_word' id='word_1_554' title='bbox 1253 4194 1317 4233; x_wconf 77' lang='lat' dir='ltr'><strong>ex</strong></span> <span class='ocrx_word' id='word_1_555' title='bbox 1360 4177 1517 4232; x_wconf 90' lang='lat' dir='ltr'><strong>nudis</strong></span> <span class='ocrx_word' id='word_1_556' title='bbox 1555 4177 1731 4230; x_wconf 89' lang='lat' dir='ltr'><strong>sacris</strong></span> 
     </span>
    </p>
   </div>
   <div class='ocr_carea' id='block_1_75' title="bbox 132 4268 1726 4335">
    <p class='ocr_par' dir='ltr' id='par_1_75' title="bbox 132 4268 1726 4335">
     <span class='ocr_line' id='line_1_75' title="bbox 132 4268 1726 4335; baseline -0.003 -10"><span class='ocrx_word' id='word_1_557' title='bbox 132 4270 358 4327; x_wconf 86' lang='lat' dir='ltr'><strong>litteris.</strong></span> <span class='ocrx_word' id='word_1_558' title='bbox 399 4271 504 4327; x_wconf 89' lang='lat' dir='ltr'><strong>Sed</strong></span> <span class='ocrx_word' id='word_1_559' title='bbox 539 4272 823 4328; x_wconf 78' lang='lat' dir='ltr'><strong>infeliciter</strong></span> <span class='ocrx_word' id='word_1_560' title='bbox 856 4273 905 4325; x_wconf 89' lang='lat' dir='ltr'><strong>id</strong></span> <span class='ocrx_word' id='word_1_561' title='bbox 941 4286 1064 4327; x_wconf 89' lang='lat' dir='ltr'><strong>eum</strong></span> <span class='ocrx_word' id='word_1_562' title='bbox 1098 4279 1332 4325; x_wconf 88' lang='lat' dir='ltr'><strong>tentasse</strong></span> <span class='ocrx_word' id='word_1_563' title='bbox 1364 4268 1726 4335; x_wconf 79' lang='lat' dir='ltr'><strong>agnoscebat:</strong></span> 
     </span>
    </p>
   </div>
   <div class='ocr_carea' id='block_1_76' title="bbox 114 4346 1731 4433">
    <p class='ocr_par' dir='ltr' id='par_1_76' title="bbox 114 4346 1731 4433">
     <span class='ocr_line' id='line_1_76' title="bbox 114 4346 1731 4433; baseline -0.003 -16"><span class='ocrx_word' id='word_1_564' title='bbox 114 4346 321 4432; x_wconf 27' lang='lat' dir='ltr'><strong>lneque</strong></span> <span class='ocrx_word' id='word_1_565' title='bbox 350 4362 636 4433; x_wconf 87' lang='lat' dir='ltr'><strong>ingenuum</strong></span> <span class='ocrx_word' id='word_1_566' title='bbox 665 4379 783 4419; x_wconf 90' lang='lat' dir='ltr'><strong>esse</strong></span> <span class='ocrx_word' id='word_1_567' title='bbox 803 4363 1062 4433; x_wconf 88' lang='lat' dir='ltr'><strong>judicavit</strong></span> <span class='ocrx_word' id='word_1_568' title='bbox 1085 4403 1098 4427; x_wconf 91' lang='lat'><strong>,</strong></span> <span class='ocrx_word' id='word_1_569' title='bbox 1148 4362 1296 4415; x_wconf 93' lang='lat' dir='ltr'><strong>locos</strong></span> <span class='ocrx_word' id='word_1_570' title='bbox 1330 4362 1609 4428; x_wconf 70' lang='lat' dir='ltr'><strong>scripturae</strong></span> <span class='ocrx_word' id='word_1_571' title='bbox 1634 4359 1731 4412; x_wconf 83' lang='lat' dir='ltr'><strong>de-</strong></span> 
     </span>
    </p>
   </div>
   <div class='ocr_carea' id='block_1_77' title="bbox 132 4450 1732 4526">
    <p class='ocr_par' dir='ltr' id='par_1_77' title="bbox 132 4450 1732 4526">
     <span class='ocr_line' id='line_1_77' title="bbox 132 4450 1732 4526; baseline -0.004 -18"><span class='ocrx_word' id='word_1_572' title='bbox 132 4464 418 4524; x_wconf 86' lang='lat' dir='ltr'><strong>torquere.</strong></span> <span class='ocrx_word' id='word_1_573' title='bbox 468 4456 607 4526; x_wconf 87' lang='lat' dir='ltr'><strong>Ergo</strong></span> <span class='ocrx_word' id='word_1_574' title='bbox 650 4456 791 4525; x_wconf 87' lang='lat' dir='ltr'><strong>quod</strong></span> <span class='ocrx_word' id='word_1_575' title='bbox 831 4456 1053 4523; x_wconf 90' lang='lat' dir='ltr'><strong>Optatus</strong></span> <span class='ocrx_word' id='word_1_576' title='bbox 1086 4452 1152 4506; x_wconf 90' lang='lat' dir='ltr'><strong>de</strong></span> <span class='ocrx_word' id='word_1_577' title='bbox 1182 4451 1455 4519; x_wconf 83' lang='lat' dir='ltr'><strong>Baptistno</strong></span> <span class='ocrx_word' id='word_1_578' title='bbox 1486 4450 1732 4503; x_wconf 81' lang='lat' dir='ltr'><strong>dicturus</strong></span> 
     </span>
    </p>
   </div>
   <div class='ocr_carea' id='block_1_78' title="bbox 1840 3262 2784 3330">
    <p class='ocr_par' dir='ltr' id='par_1_78' title="bbox 1840 3262 2784 3330">
     <span class='ocr_line' id='line_1_78' title="bbox 1840 3262 2784 3330; baseline 0.004 -15"><span class='ocrx_word' id='word_1_579' title='bbox 1840 3271 1891 3315; x_wconf 89' lang='lat' dir='ltr'><strong>et</strong></span> <span class='ocrx_word' id='word_1_580' title='bbox 1920 3263 2008 3330; x_wconf 88' lang='lat' dir='ltr'><strong>qui</strong></span> <span class='ocrx_word' id='word_1_581' title='bbox 2033 3262 2189 3316; x_wconf 88' lang='lat' dir='ltr'><strong>futuri</strong></span> <span class='ocrx_word' id='word_1_582' title='bbox 2218 3272 2373 3317; x_wconf 88' lang='lat' dir='ltr'><strong>erant</strong></span> <span class='ocrx_word' id='word_1_583' title='bbox 2402 3276 2589 3319; x_wconf 91' lang='lat' dir='ltr'><strong>contra</strong></span> <span class='ocrx_word' id='word_1_584' title='bbox 2618 3266 2784 3319; x_wconf 88' lang='lat' dir='ltr'><strong>illam.</strong></span> 
     </span>
    </p>
   </div>
   <div class='ocr_carea' id='block_1_79' title="bbox 1910 3340 3429 3429">
    <p class='ocr_par' dir='ltr' id='par_1_79' title="bbox 1910 3340 3429 3429">
     <span class='ocr_line' id='line_1_79' title="bbox 1910 3340 3429 3429; baseline 0.008 -24"><span class='ocrx_word' id='word_1_585' title='bbox 1910 3340 2045 3420; x_wconf 87' lang='lat' dir='ltr'><strong>Quid</strong></span> <span class='ocrx_word' id='word_1_586' title='bbox 2085 3353 2405 3409; x_wconf 73' lang='lat' dir='ltr'><strong>Donatistze?</strong></span> <span class='ocrx_word' id='word_1_587' title='bbox 2436 3357 2786 3425; x_wconf 82' lang='lat' dir='ltr'><strong>Augustinus,</strong></span> <span class='ocrx_word' id='word_1_588' title='bbox 2819 3357 2871 3413; x_wconf 91' lang='lat' dir='ltr'><strong>in</strong></span> <span class='ocrx_word' id='word_1_589' title='bbox 2902 3358 2992 3412; x_wconf 89' lang='lat' dir='ltr'><strong>lib.</strong></span> <span class='ocrx_word' id='word_1_590' title='bbox 3026 3358 3093 3415; x_wconf 88' lang='lat' dir='ltr'><strong>de</strong></span> <span class='ocrx_word' id='word_1_591' title='bbox 3122 3359 3266 3416; x_wconf 87' lang='lat' dir='ltr'><strong>Unit.</strong></span> <span class='ocrx_word' id='word_1_592' title='bbox 3293 3376 3341 3416; x_wconf 92' lang='lat' dir='ltr'><strong>c.</strong></span> <span class='ocrx_word' id='word_1_593' title='bbox 3374 3361 3429 3429; x_wconf 88' lang='lat'><strong>9,</strong></span> 
     </span>
    </p>
   </div>
   <div class='ocr_carea' id='block_1_80' title="bbox 1840 3447 3425 3521">
    <p class='ocr_par' dir='ltr' id='par_1_80' title="bbox 1840 3447 3425 3521">
     <span class='ocr_line' id='line_1_80' title="bbox 1840 3447 3425 3521; baseline 0.006 -22"><span class='ocrx_word' id='word_1_594' title='bbox 1840 3447 1915 3500; x_wconf 91' lang='lat' dir='ltr'><strong>ait</strong></span> <span class='ocrx_word' id='word_1_595' title='bbox 1960 3462 2054 3502; x_wconf 91' lang='lat' dir='ltr'><strong>eos</strong></span> <span class='ocrx_word' id='word_1_596' title='bbox 2096 3464 2201 3502; x_wconf 92' lang='lat' dir='ltr'><strong>non</strong></span> <span class='ocrx_word' id='word_1_597' title='bbox 2248 3462 2407 3503; x_wconf 87' lang='lat' dir='ltr'><strong>ausos</strong></span> <span class='ocrx_word' id='word_1_598' title='bbox 2447 3450 2660 3519; x_wconf 87' lang='lat' dir='ltr'><strong>quidem</strong></span> <span class='ocrx_word' id='word_1_599' title='bbox 2700 3468 2821 3507; x_wconf 87' lang='lat' dir='ltr'><strong>esse</strong></span> <span class='ocrx_word' id='word_1_600' title='bbox 2866 3452 3021 3521; x_wconf 85' lang='lat' dir='ltr'><strong>plane</strong></span> <span class='ocrx_word' id='word_1_601' title='bbox 3065 3454 3243 3509; x_wconf 88' lang='lat' dir='ltr'><strong>dicere</strong></span> <span class='ocrx_word' id='word_1_602' title='bbox 3290 3454 3425 3508; x_wconf 84' lang='lat' dir='ltr'><strong>falsa</strong></span> 
     </span>
    </p>
   </div>
   <div class='ocr_carea' id='block_1_81' title="bbox 1840 3542 3433 3610">
    <p class='ocr_par' dir='ltr' id='par_1_81' title="bbox 1840 3542 3433 3610">
     <span class='ocr_line' id='line_1_81' title="bbox 1840 3542 3433 3610; baseline 0.004 -19"><span class='ocrx_word' id='word_1_603' title='bbox 1840 3555 1961 3594; x_wconf 53' lang='lat' dir='ltr'><strong>esse</strong></span> <span class='ocrx_word' id='word_1_604' title='bbox 1984 3582 1996 3603; x_wconf 90' lang='lat'><strong>,</strong></span> <span class='ocrx_word' id='word_1_605' title='bbox 2027 3556 2141 3610; x_wconf 62' lang='lat' dir='ltr'><strong>qua:</strong></span> <span class='ocrx_word' id='word_1_606' title='bbox 2173 3557 2236 3595; x_wconf 77' lang='lat' dir='ltr'><strong>ex</strong></span> <span class='ocrx_word' id='word_1_607' title='bbox 2270 3542 2545 3610; x_wconf 84' lang='lat' dir='ltr'><strong>prophetis</strong></span> <span class='ocrx_word' id='word_1_608' title='bbox 2575 3543 2940 3597; x_wconf 84' lang='lat' dir='ltr'><strong>recitabantur</strong></span> <span class='ocrx_word' id='word_1_609' title='bbox 2971 3544 3216 3596; x_wconf 79' lang='lat' dir='ltr'><strong>vaticinia</strong></span> <span class='ocrx_word' id='word_1_610' title='bbox 3257 3545 3321 3597; x_wconf 89' lang='lat' dir='ltr'><strong>de</strong></span> <span class='ocrx_word' id='word_1_611' title='bbox 3350 3544 3433 3598; x_wconf 81' lang='lat' dir='ltr'><strong>fu-</strong></span> 
     </span>
    </p>
   </div>
   <div class='ocr_carea' id='block_1_82' title="bbox 1844 3630 3433 3697">
    <p class='ocr_par' dir='ltr' id='par_1_82' title="bbox 1844 3630 3433 3697">
     <span class='ocr_line' id='line_1_82' title="bbox 1844 3630 3433 3697; baseline 0.003 -14"><span class='ocrx_word' id='word_1_612' title='bbox 1844 3642 1959 3683; x_wconf 89' lang='lat' dir='ltr'><strong>tura</strong></span> <span class='ocrx_word' id='word_1_613' title='bbox 1993 3630 2344 3697; x_wconf 89' lang='lat' dir='ltr'><strong>amplitudine</strong></span> <span class='ocrx_word' id='word_1_614' title='bbox 2379 3630 2637 3683; x_wconf 76' lang='lat' dir='ltr'><strong>Ecclesia:</strong></span> <span class='ocrx_word' id='word_1_615' title='bbox 2666 3631 2975 3684; x_wconf 68' lang='lat' dir='ltr'><strong>christiana:</strong></span> <span class='ocrx_word' id='word_1_616' title='bbox 3018 3640 3128 3684; x_wconf 81' lang='lat' dir='ltr'><strong>toto</strong></span> <span class='ocrx_word' id='word_1_617' title='bbox 3169 3634 3297 3686; x_wconf 88' lang='lat' dir='ltr'><strong>orbe</strong></span> <span class='ocrx_word' id='word_1_618' title='bbox 3327 3634 3433 3687; x_wconf 85' lang='lat' dir='ltr'><strong>dif-</strong></span> 
     </span>
    </p>
   </div>
   <div class='ocr_carea' id='block_1_83' title="bbox 1840 3705 3433 3787">
    <p class='ocr_par' dir='ltr' id='par_1_83' title="bbox 1840 3705 3433 3787">
     <span class='ocr_line' id='line_1_83' title="bbox 1840 3705 3433 3787; baseline 0.005 -15"><span class='ocrx_word' id='word_1_619' title='bbox 1840 3719 1995 3785; x_wconf 63' lang='lat' dir='ltr'><strong>fusae,</strong></span> <span class='ocrx_word' id='word_1_620' title='bbox 2030 3720 2129 3773; x_wconf 91' lang='lat' dir='ltr'><strong>hoc</strong></span> <span class='ocrx_word' id='word_1_621' title='bbox 2159 3728 2258 3781; x_wconf 89' lang='lat' dir='ltr'><strong>est,</strong></span> <span class='ocrx_word' id='word_1_622' title='bbox 2290 3705 2609 3773; x_wconf 83' lang='lat' dir='ltr'><strong>catholicae:</strong></span> <span class='ocrx_word' id='word_1_623' title='bbox 2668 3720 2762 3773; x_wconf 89' lang='lat' dir='ltr'><strong>sed</strong></span> <span class='ocrx_word' id='word_1_624' title='bbox 2786 3722 3065 3787; x_wconf 86' lang='lat' dir='ltr'><strong>excepisse</strong></span> <span class='ocrx_word' id='word_1_625' title='bbox 3092 3730 3290 3786; x_wconf 89' lang='lat' dir='ltr'><strong>tamen,</strong></span> <span class='ocrx_word' id='word_1_626' title='bbox 3325 3740 3433 3779; x_wconf 86' lang='lat' dir='ltr'><strong>non</strong></span> 
     </span>
    </p>
   </div>
   <div class='ocr_carea' id='block_1_84' title="bbox 1839 3810 3427 3881">
    <p class='ocr_par' dir='ltr' id='par_1_84' title="bbox 1839 3810 3427 3881">
     <span class='ocr_line' id='line_1_84' title="bbox 1839 3810 3427 3881; baseline 0.003 -14"><span class='ocrx_word' id='word_1_627' title='bbox 1839 3826 1963 3867; x_wconf 87' lang='lat' dir='ltr'><strong>esse</strong></span> <span class='ocrx_word' id='word_1_628' title='bbox 1996 3826 2056 3865; x_wconf 90' lang='lat' dir='ltr'><strong>ea</strong></span> <span class='ocrx_word' id='word_1_629' title='bbox 2096 3811 2311 3879; x_wconf 90' lang='lat' dir='ltr'><strong>impleta</strong></span> <span class='ocrx_word' id='word_1_630' title='bbox 2339 3850 2355 3876; x_wconf 91' lang='lat'><strong>,</strong></span> <span class='ocrx_word' id='word_1_631' title='bbox 2402 3812 2525 3881; x_wconf 90' lang='lat' dir='ltr'><strong>quia</strong></span> <span class='ocrx_word' id='word_1_632' title='bbox 2557 3810 2801 3867; x_wconf 84' lang='lat' dir='ltr'><strong>homines</strong></span> <span class='ocrx_word' id='word_1_633' title='bbox 2840 3813 3131 3868; x_wconf 90' lang='lat' dir='ltr'><strong>noluerint.</strong></span> <span class='ocrx_word' id='word_1_634' title='bbox 3173 3815 3269 3870; x_wconf 84' lang='lat' dir='ltr'><strong>Hic</strong></span> <span class='ocrx_word' id='word_1_635' title='bbox 3299 3832 3427 3872; x_wconf 89' lang='lat' dir='ltr'><strong>vero</strong></span> 
     </span>
    </p>
   </div>
   <div class='ocr_carea' id='block_1_85' title="bbox 1845 3901 3429 3972">
    <p class='ocr_par' dir='ltr' id='par_1_85' title="bbox 1845 3901 3429 3972">
     <span class='ocr_line' id='line_1_85' title="bbox 1845 3901 3429 3972; baseline 0.004 -17"><span class='ocrx_word' id='word_1_636' title='bbox 1845 3903 2013 3955; x_wconf 85' lang='lat' dir='ltr'><strong>multo</strong></span> <span class='ocrx_word' id='word_1_637' title='bbox 2036 3902 2202 3970; x_wconf 87' lang='lat' dir='ltr'><strong>magis</strong></span> <span class='ocrx_word' id='word_1_638' title='bbox 2238 3901 2463 3970; x_wconf 85' lang='lat' dir='ltr'><strong>insurgit</strong></span> <span class='ocrx_word' id='word_1_639' title='bbox 2486 3910 2541 3955; x_wconf 88' lang='lat' dir='ltr'><strong>et</strong></span> <span class='ocrx_word' id='word_1_640' title='bbox 2560 3902 2756 3956; x_wconf 86' lang='lat' dir='ltr'><strong>clamat</strong></span> <span class='ocrx_word' id='word_1_641' title='bbox 2784 3902 3135 3972; x_wconf 85' lang='lat' dir='ltr'><strong>Augustinus,</strong></span> <span class='ocrx_word' id='word_1_642' title='bbox 3167 3906 3297 3959; x_wconf 91' lang='lat' dir='ltr'><strong>nihil</strong></span> <span class='ocrx_word' id='word_1_643' title='bbox 3324 3906 3429 3963; x_wconf 87' lang='lat' dir='ltr'><strong>hoc</strong></span> 
     </span>
    </p>
   </div>
   <div class='ocr_carea' id='block_1_86' title="bbox 1839 3992 3433 4064">
    <p class='ocr_par' dir='ltr' id='par_1_86' title="bbox 1839 3992 3433 4064">
     <span class='ocr_line' id='line_1_86' title="bbox 1839 3992 3433 4064; baseline 0.006 -19"><span class='ocrx_word' id='word_1_644' title='bbox 1839 3992 1983 4045; x_wconf 89' lang='lat' dir='ltr'><strong>aliud</strong></span> <span class='ocrx_word' id='word_1_645' title='bbox 2014 4008 2154 4054; x_wconf 86' lang='lat' dir='ltr'><strong>esse,</strong></span> <span class='ocrx_word' id='word_1_646' title='bbox 2186 4007 2344 4061; x_wconf 89' lang='lat' dir='ltr'><strong>quam</strong></span> <span class='ocrx_word' id='word_1_647' title='bbox 2379 3992 2579 4058; x_wconf 84' lang='lat' dir='ltr'><strong>dicere,</strong></span> <span class='ocrx_word' id='word_1_648' title='bbox 2608 3994 2945 4064; x_wconf 88' lang='lat' dir='ltr'><strong>prophetiam</strong></span> <span class='ocrx_word' id='word_1_649' title='bbox 2978 4012 3097 4050; x_wconf 80' lang='lat' dir='ltr'><strong>esse</strong></span> <span class='ocrx_word' id='word_1_650' title='bbox 3128 3996 3341 4063; x_wconf 84' lang='lat' dir='ltr'><strong>falsam,</strong></span> <span class='ocrx_word' id='word_1_651' title='bbox 3371 4010 3433 4055; x_wconf 87' lang='lat' dir='ltr'><strong>et</strong></span> 
     </span>
    </p>
   </div>
   <div class='ocr_carea' id='block_1_87' title="bbox 1840 4080 3431 4155">
    <p class='ocr_par' dir='ltr' id='par_1_87' title="bbox 1840 4080 3431 4155">
     <span class='ocr_line' id='line_1_87' title="bbox 1840 4080 3431 4155; baseline 0.006 -21"><span class='ocrx_word' id='word_1_652' title='bbox 1840 4083 2130 4151; x_wconf 82' lang='lat' dir='ltr'><strong>prOphetas</strong></span> <span class='ocrx_word' id='word_1_653' title='bbox 2157 4080 2317 4136; x_wconf 87' lang='lat' dir='ltr'><strong>fuisse</strong></span> <span class='ocrx_word' id='word_1_654' title='bbox 2353 4083 2869 4153; x_wconf 85' lang='lat' dir='ltr'><strong>pseudoprOphetas.</strong></span> <span class='ocrx_word' id='word_1_655' title='bbox 2928 4085 3122 4140; x_wconf 87' lang='lat' dir='ltr'><strong>Fateor</strong></span> <span class='ocrx_word' id='word_1_656' title='bbox 3156 4084 3431 4155; x_wconf 84' lang='lat' dir='ltr'><strong>perversi-</strong></span> 
     </span>
    </p>
   </div>
   <div class='ocr_carea' id='block_1_88' title="bbox 1842 4171 3437 4243">
    <p class='ocr_par' dir='ltr' id='par_1_88' title="bbox 1842 4171 3437 4243">
     <span class='ocr_line' id='line_1_88' title="bbox 1842 4171 3437 4243; baseline 0.009 -19"><span class='ocrx_word' id='word_1_657' title='bbox 1842 4180 1950 4225; x_wconf 86' lang='lat' dir='ltr'><strong>tate</strong></span> <span class='ocrx_word' id='word_1_658' title='bbox 1974 4173 2299 4241; x_wconf 87' lang='lat' dir='ltr'><strong>ingratorum</strong></span> <span class='ocrx_word' id='word_1_659' title='bbox 2332 4171 2610 4228; x_wconf 90' lang='lat' dir='ltr'><strong>hominum</strong></span> <span class='ocrx_word' id='word_1_660' title='bbox 2644 4175 2841 4231; x_wconf 84' lang='lat' dir='ltr'><strong>factum</strong></span> <span class='ocrx_word' id='word_1_661' title='bbox 2868 4192 3009 4243; x_wconf 86' lang='lat' dir='ltr'><strong>esse,</strong></span> <span class='ocrx_word' id='word_1_662' title='bbox 3040 4187 3095 4232; x_wconf 90' lang='lat' dir='ltr'><strong>ut</strong></span> <span class='ocrx_word' id='word_1_663' title='bbox 3122 4182 3305 4233; x_wconf 68' lang='lat' dir='ltr'><strong>multa-</strong></span> <span class='ocrx_word' id='word_1_664' title='bbox 3338 4182 3437 4237; x_wconf 89' lang='lat' dir='ltr'><strong>Dei</strong></span> 
     </span>
    </p>
   </div>
   <div class='ocr_carea' id='block_1_89' title="bbox 1844 4264 3435 4335">
    <p class='ocr_par' dir='ltr' id='par_1_89' title="bbox 1844 4264 3435 4335">
     <span class='ocr_line' id='line_1_89' title="bbox 1844 4264 3435 4335; baseline 0.008 -18"><span class='ocrx_word' id='word_1_665' title='bbox 1844 4264 2258 4332; x_wconf 89' lang='lat' dir='ltr'><strong>promissiones,</strong></span> <span class='ocrx_word' id='word_1_666' title='bbox 2306 4279 2412 4319; x_wconf 89' lang='lat' dir='ltr'><strong>non</strong></span> <span class='ocrx_word' id='word_1_667' title='bbox 2456 4265 2579 4320; x_wconf 92' lang='lat' dir='ltr'><strong>dico</strong></span> <span class='ocrx_word' id='word_1_668' title='bbox 2620 4268 2785 4322; x_wconf 83' lang='lat' dir='ltr'><strong>irritae</strong></span> <span class='ocrx_word' id='word_1_669' title='bbox 2828 4268 3048 4335; x_wconf 83' lang='lat' dir='ltr'><strong>fuerint,</strong></span> <span class='ocrx_word' id='word_1_670' title='bbox 3095 4271 3187 4325; x_wconf 83' lang='lat' dir='ltr'><strong>sed</strong></span> <span class='ocrx_word' id='word_1_671' title='bbox 3234 4271 3435 4329; x_wconf 82' lang='lat' dir='ltr'><strong>fuerint</strong></span> 
     </span>
    </p>
   </div>
   <div class='ocr_carea' id='block_1_90' title="bbox 1840 4354 3435 4430">
    <p class='ocr_par' dir='ltr' id='par_1_90' title="bbox 1840 4354 3435 4430">
     <span class='ocr_line' id='line_1_90' title="bbox 1840 4354 3435 4430; baseline 0.009 -25"><span class='ocrx_word' id='word_1_672' title='bbox 1840 4354 2239 4423; x_wconf 88' lang='lat' dir='ltr'><strong>quodammodo</strong></span> <span class='ocrx_word' id='word_1_673' title='bbox 2262 4354 2555 4426; x_wconf 63' lang='lat' dir='ltr'><strong>impedita},</strong></span> <span class='ocrx_word' id='word_1_674' title='bbox 2574 4370 2836 4430; x_wconf 89' lang='lat' dir='ltr'><strong>quatenus</strong></span> <span class='ocrx_word' id='word_1_675' title='bbox 2861 4371 3012 4415; x_wconf 88' lang='lat' dir='ltr'><strong>erant</strong></span> <span class='ocrx_word' id='word_1_676' title='bbox 3038 4363 3435 4421; x_wconf 88' lang='lat' dir='ltr'><strong>eonditionales</strong></span> 
     </span>
    </p>
   </div>
   <div class='ocr_carea' id='block_1_91' title="bbox 1838 4444 3436 4524">
    <p class='ocr_par' dir='ltr' id='par_1_91' title="bbox 1838 4444 3436 4524">
     <span class='ocr_line' id='line_1_91' title="bbox 1838 4444 3436 4524; baseline 0.01 -29"><span class='ocrx_word' id='word_1_677' title='bbox 1838 4445 2161 4513; x_wconf 86' lang='lat' dir='ltr'><strong>appendices</strong></span> <span class='ocrx_word' id='word_1_678' title='bbox 2187 4444 2423 4502; x_wconf 83' lang='lat' dir='ltr'><strong>foederis.</strong></span> <span class='ocrx_word' id='word_1_679' title='bbox 2456 4446 2560 4504; x_wconf 89' lang='lat' dir='ltr'><strong>Sed</strong></span> <span class='ocrx_word' id='word_1_680' title='bbox 2584 4452 2722 4520; x_wconf 90' lang='lat' dir='ltr'><strong>quod</strong></span> <span class='ocrx_word' id='word_1_681' title='bbox 2747 4454 2935 4507; x_wconf 89' lang='lat' dir='ltr'><strong>attinet</strong></span> <span class='ocrx_word' id='word_1_682' title='bbox 2958 4453 3022 4507; x_wconf 91' lang='lat' dir='ltr'><strong>ad</strong></span> <span class='ocrx_word' id='word_1_683' title='bbox 3052 4455 3399 4524; x_wconf 87' lang='lat' dir='ltr'><strong>principalctu</strong></span> <span class='ocrx_word' id='word_1_684' title='bbox 3422 4498 3436 4522; x_wconf 89' lang='lat'><strong>,</strong></span> 
     </span>
    </p>
   </div>
   <div class='ocr_carea' id='block_1_92' title="bbox 131 4536 3423 4613">
    <p class='ocr_par' dir='ltr' id='par_1_92' title="bbox 131 4536 3423 4613">
     <span class='ocr_line' id='line_1_92' title="bbox 131 4536 3423 4613; baseline 0 -13"><span class='ocrx_word' id='word_1_685' title='bbox 131 4555 333 4601; x_wconf 89' lang='lat' dir='ltr'><strong>contra</strong></span> <span class='ocrx_word' id='word_1_686' title='bbox 375 4547 676 4600; x_wconf 88' lang='lat' dir='ltr'><strong>Donatistas</strong></span> <span class='ocrx_word' id='word_1_687' title='bbox 716 4550 1101 4613; x_wconf 80' lang='lat' dir='ltr'><strong>provocaverat</strong></span> <span class='ocrx_word' id='word_1_688' title='bbox 1148 4556 1327 4595; x_wconf 88' lang='lat' dir='ltr'><strong>sacras</strong></span> <span class='ocrx_word' id='word_1_689' title='bbox 1370 4541 1575 4594; x_wconf 85' lang='lat' dir='ltr'><strong>litteras</strong></span> <span class='ocrx_word' id='word_1_690' title='bbox 1601 4579 1616 4603; x_wconf 88' lang='lat'><strong>,</strong></span> <span class='ocrx_word' id='word_1_691' title='bbox 1668 4548 1727 4593; x_wconf 87' lang='lat' dir='ltr'><strong>et</strong></span> <span class='ocrx_word' id='word_1_692' title='bbox 1752 4547 1809 4607; x_wconf 78' lang='lat'><strong>1)</strong></span> <span class='ocrx_word' id='word_1_693' title='bbox 1834 4550 1957 4602; x_wconf 70' lang='lat' dir='ltr'><strong>quze</strong></span> <span class='ocrx_word' id='word_1_694' title='bbox 1995 4552 2124 4605; x_wconf 88' lang='lat' dir='ltr'><strong>pura</strong></span> <span class='ocrx_word' id='word_1_695' title='bbox 2158 4536 2275 4601; x_wconf 90' lang='lat' dir='ltr'><strong>fuit,</strong></span> <span class='ocrx_word' id='word_1_696' title='bbox 2308 4541 2746 4607; x_wconf 85' lang='lat' dir='ltr'><strong>promissionem,</strong></span> <span class='ocrx_word' id='word_1_697' title='bbox 2773 4544 2935 4598; x_wconf 89' lang='lat' dir='ltr'><strong>veluti</strong></span> <span class='ocrx_word' id='word_1_698' title='bbox 2958 4545 3021 4599; x_wconf 92' lang='lat' dir='ltr'><strong>de</strong></span> <span class='ocrx_word' id='word_1_699' title='bbox 3050 4547 3238 4599; x_wconf 81' lang='lat' dir='ltr'><strong>Mcssia</strong></span> <span class='ocrx_word' id='word_1_700' title='bbox 3264 4547 3423 4603; x_wconf 81' lang='lat' dir='ltr'><strong>exhi-</strong></span> 
     </span>
    </p>
   </div>
   <div class='ocr_carea' id='block_1_93' title="bbox 131 4631 1733 4709">
    <p class='ocr_par' dir='ltr' id='par_1_93' title="bbox 131 4631 1733 4709">
     <span class='ocr_line' id='line_1_93' title="bbox 131 4631 1733 4709; baseline -0.002 -18"><span class='ocrx_word' id='word_1_701' title='bbox 131 4637 286 4709; x_wconf 87' lang='lat' dir='ltr'><strong>quod</strong></span> <span class='ocrx_word' id='word_1_702' title='bbox 330 4647 398 4691; x_wconf 81' lang='lat' dir='ltr'><strong>ex</strong></span> <span class='ocrx_word' id='word_1_703' title='bbox 443 4635 745 4690; x_wconf 87' lang='lat' dir='ltr'><strong>testamenti</strong></span> <span class='ocrx_word' id='word_1_704' title='bbox 784 4634 974 4688; x_wconf 86' lang='lat' dir='ltr'><strong>tabulis</strong></span> <span class='ocrx_word' id='word_1_705' title='bbox 1019 4633 1085 4686; x_wconf 84' lang='lat' dir='ltr'><strong>de</strong></span> <span class='ocrx_word' id='word_1_706' title='bbox 1130 4632 1405 4707; x_wconf 78' lang='lat' dir='ltr'><strong>Voluptate</strong></span> <span class='ocrx_word' id='word_1_707' title='bbox 1455 4631 1733 4687; x_wconf 85' lang='lat' dir='ltr'><strong>testatoris</strong></span> 
     </span>
    </p>
   </div>
   <div class='ocr_carea' id='block_1_94' title="bbox 127 4723 1728 4808">
    <p class='ocr_par' dir='ltr' id='par_1_94' title="bbox 127 4723 1728 4808">
     <span class='ocr_line' id='line_1_94' title="bbox 127 4723 1728 4808; baseline -0.006 -23"><span class='ocrx_word' id='word_1_708' title='bbox 127 4730 489 4802; x_wconf 89' lang='lat' dir='ltr'><strong>judicandum</strong></span> <span class='ocrx_word' id='word_1_709' title='bbox 533 4742 653 4783; x_wconf 89' lang='lat' dir='ltr'><strong>esse</strong></span> <span class='ocrx_word' id='word_1_710' title='bbox 681 4726 1051 4797; x_wconf 84' lang='lat' dir='ltr'><strong>jurisconsulti</strong></span> <span class='ocrx_word' id='word_1_711' title='bbox 1092 4724 1270 4790; x_wconf 87' lang='lat' dir='ltr'><strong>aiunt,</strong></span> <span class='ocrx_word' id='word_1_712' title='bbox 1302 4724 1406 4778; x_wconf 89' lang='lat' dir='ltr'><strong>huc</strong></span> <span class='ocrx_word' id='word_1_713' title='bbox 1437 4723 1728 4808; x_wconf 85' lang='lat' dir='ltr'><strong>retulerat;</strong></span> 
     </span>
    </p>
   </div>
   <div class='ocr_carea' id='block_1_95' title="bbox 132 4818 1728 4889">
    <p class='ocr_par' dir='ltr' id='par_1_95' title="bbox 132 4818 1728 4889">
     <span class='ocr_line' id='line_1_95' title="bbox 132 4818 1728 4889; baseline -0.004 -12"><span class='ocrx_word' id='word_1_714' title='bbox 132 4822 192 4877; x_wconf 89' lang='lat' dir='ltr'><strong>id</strong></span> <span class='ocrx_word' id='word_1_715' title='bbox 225 4820 581 4889; x_wconf 83' lang='lat' dir='ltr'><strong>Augustinus,</strong></span> <span class='ocrx_word' id='word_1_716' title='bbox 614 4821 665 4872; x_wconf 90' lang='lat' dir='ltr'><strong>in</strong></span> <span class='ocrx_word' id='word_1_717' title='bbox 698 4820 887 4887; x_wconf 90' lang='lat' dir='ltr'><strong>psalm.</strong></span> <span class='ocrx_word' id='word_1_718' title='bbox 925 4835 1034 4885; x_wconf 71' lang='grc' dir='ltr'><strong>χχι,</strong></span> <span class='ocrx_word' id='word_1_719' title='bbox 1069 4818 1136 4871; x_wconf 87' lang='lat' dir='ltr'><strong>ita</strong></span> <span class='ocrx_word' id='word_1_720' title='bbox 1166 4818 1401 4871; x_wconf 86' lang='lat' dir='ltr'><strong>imitatus</strong></span> <span class='ocrx_word' id='word_1_721' title='bbox 1432 4824 1534 4878; x_wconf 90' lang='lat' dir='ltr'><strong>est,</strong></span> <span class='ocrx_word' id='word_1_722' title='bbox 1556 4824 1615 4868; x_wconf 92' lang='lat' dir='ltr'><strong>ut</strong></span> <span class='ocrx_word' id='word_1_723' title='bbox 1644 4823 1728 4870; x_wconf 87' lang='lat' dir='ltr'><strong>ta-</strong></span> 
     </span>
    </p>
   </div>
   <div class='ocr_carea' id='block_1_96' title="bbox 135 4906 1727 4978">
    <p class='ocr_par' dir='ltr' id='par_1_96' title="bbox 135 4906 1727 4978">
     <span class='ocr_line' id='line_1_96' title="bbox 135 4906 1727 4978; baseline -0.004 -11"><span class='ocrx_word' id='word_1_724' title='bbox 135 4926 272 4967; x_wconf 91' lang='lat' dir='ltr'><strong>men</strong></span> <span class='ocrx_word' id='word_1_725' title='bbox 321 4910 372 4962; x_wconf 92' lang='lat' dir='ltr'><strong>in</strong></span> <span class='ocrx_word' id='word_1_726' title='bbox 412 4908 705 4973; x_wconf 68' lang='lat' dir='ltr'><strong>quaistione</strong></span> <span class='ocrx_word' id='word_1_727' title='bbox 748 4908 816 4963; x_wconf 88' lang='lat' dir='ltr'><strong>de</strong></span> <span class='ocrx_word' id='word_1_728' title='bbox 862 4908 1095 4964; x_wconf 88' lang='lat' dir='ltr'><strong>Ecclesia</strong></span> <span class='ocrx_word' id='word_1_729' title='bbox 1135 4909 1309 4978; x_wconf 89' lang='lat' dir='ltr'><strong>potius</strong></span> <span class='ocrx_word' id='word_1_730' title='bbox 1352 4908 1453 4961; x_wconf 92' lang='lat' dir='ltr'><strong>hoc</strong></span> <span class='ocrx_word' id='word_1_731' title='bbox 1501 4906 1727 4961; x_wconf 88' lang='lat' dir='ltr'><strong>diceret.</strong></span> 
     </span>
    </p>
   </div>
   <div class='ocr_carea' id='block_1_97' title="bbox 134 4997 1732 5070">
    <p class='ocr_par' dir='ltr' id='par_1_97' title="bbox 134 4997 1732 5070">
     <span class='ocr_line' id='line_1_97' title="bbox 134 4997 1732 5070; baseline -0.007 -10"><span class='ocrx_word' id='word_1_732' title='bbox 134 5005 280 5060; x_wconf 82' lang='lat' dir='ltr'><strong>Nam</strong></span> <span class='ocrx_word' id='word_1_733' title='bbox 316 5001 367 5055; x_wconf 90' lang='lat' dir='ltr'><strong>in</strong></span> <span class='ocrx_word' id='word_1_734' title='bbox 397 5000 632 5070; x_wconf 86' lang='lat' dir='ltr'><strong>graviori</strong></span> <span class='ocrx_word' id='word_1_735' title='bbox 676 4999 772 5053; x_wconf 88' lang='lat' dir='ltr'><strong>hac</strong></span> <span class='ocrx_word' id='word_1_736' title='bbox 811 5014 971 5055; x_wconf 91' lang='lat' dir='ltr'><strong>causa</strong></span> <span class='ocrx_word' id='word_1_737' title='bbox 1010 5002 1272 5056; x_wconf 89' lang='lat' dir='ltr'><strong>sentiebat</strong></span> <span class='ocrx_word' id='word_1_738' title='bbox 1314 5000 1630 5067; x_wconf 87' lang='lat' dir='ltr'><strong>scripturam</strong></span> <span class='ocrx_word' id='word_1_739' title='bbox 1662 4997 1732 5049; x_wconf 85' lang='lat' dir='ltr'><strong>li-</strong></span> 
     </span>
    </p>
   </div>
   <div class='ocr_carea' id='block_1_98' title="bbox 135 5089 1795 5165">
    <p class='ocr_par' dir='ltr' id='par_1_98' title="bbox 135 5089 1795 5165">
     <span class='ocr_line' id='line_1_98' title="bbox 135 5089 1795 5165; baseline -0.005 -16"><span class='ocrx_word' id='word_1_740' title='bbox 135 5093 367 5165; x_wconf 83' lang='lat' dir='ltr'><strong>quidius</strong></span> <span class='ocrx_word' id='word_1_741' title='bbox 397 5093 619 5161; x_wconf 82' lang='lat' dir='ltr'><strong>probare</strong></span> <span class='ocrx_word' id='word_1_742' title='bbox 646 5090 786 5160; x_wconf 89' lang='lat' dir='ltr'><strong>quod</strong></span> <span class='ocrx_word' id='word_1_743' title='bbox 817 5091 1011 5146; x_wconf 89' lang='lat' dir='ltr'><strong>aiebat.</strong></span> <span class='ocrx_word' id='word_1_744' title='bbox 1042 5095 1211 5161; x_wconf 88' lang='lat' dir='ltr'><strong>Atque</strong></span> <span class='ocrx_word' id='word_1_745' title='bbox 1236 5093 1305 5146; x_wconf 88' lang='lat' dir='ltr'><strong>ita</strong></span> <span class='ocrx_word' id='word_1_746' title='bbox 1330 5093 1487 5147; x_wconf 89' lang='lat' dir='ltr'><strong>etiam</strong></span> <span class='ocrx_word' id='word_1_747' title='bbox 1514 5091 1565 5144; x_wconf 91' lang='lat' dir='ltr'><strong>in</strong></span> <span class='ocrx_word' id='word_1_748' title='bbox 1592 5089 1735 5143; x_wconf 87' lang='lat' dir='ltr'><strong>libro</strong></span> <span class='ocrx_word' id='word_1_749' title='bbox 1794 5158 1795 5161; x_wconf 16' lang='grc' dir='ltr'><strong>η</strong></span> 
     </span>
    </p>
   </div>
   <div class='ocr_carea' id='block_1_99' title="bbox 136 5182 1726 5247">
    <p class='ocr_par' dir='ltr' id='par_1_99' title="bbox 136 5182 1726 5247">
     <span class='ocr_line' id='line_1_99' title="bbox 136 5182 1726 5247; baseline -0.005 -6"><span class='ocrx_word' id='word_1_750' title='bbox 136 5186 215 5241; x_wconf 85' lang='lat' dir='ltr'><strong>de</strong></span> <span class='ocrx_word' id='word_1_751' title='bbox 233 5184 448 5240; x_wconf 88' lang='lat' dir='ltr'><strong>Unitate</strong></span> <span class='ocrx_word' id='word_1_752' title='bbox 478 5182 681 5237; x_wconf 86' lang='lat' dir='ltr'><strong>Ecclcs.</strong></span> <span class='ocrx_word' id='word_1_753' title='bbox 700 5192 885 5237; x_wconf 82' lang='lat' dir='ltr'><strong>contra</strong></span> <span class='ocrx_word' id='word_1_754' title='bbox 914 5183 1226 5239; x_wconf 89' lang='lat' dir='ltr'><strong>Petilianum</strong></span> <span class='ocrx_word' id='word_1_755' title='bbox 1250 5204 1261 5238; x_wconf 89' lang='lat'><strong>:</strong></span> <span class='ocrx_word' id='word_1_756' title='bbox 1291 5183 1412 5237; x_wconf 86' lang='lat' dir='ltr'><strong>Non</strong></span> <span class='ocrx_word' id='word_1_757' title='bbox 1436 5184 1726 5247; x_wconf 83' lang='lat' dir='ltr'><strong>audiamus,</strong></span> 
     </span>
    </p>
   </div>
   <div class='ocr_carea' id='block_1_100' title="bbox 136 5275 1737 5349">
    <p class='ocr_par' dir='ltr' id='par_1_100' title="bbox 136 5275 1737 5349">
     <span class='ocr_line' id='line_1_100' title="bbox 136 5275 1737 5349; baseline -0.005 -12"><span class='ocrx_word' id='word_1_758' title='bbox 136 5278 350 5349; x_wconf 85' lang='lat' dir='ltr'><strong>inquit,</strong></span> <span class='ocrx_word' id='word_1_759' title='bbox 384 5278 508 5333; x_wconf 71' lang='lat' dir='ltr'><strong>&quot;me</strong></span> <span class='ocrx_word' id='word_1_760' title='bbox 533 5277 675 5341; x_wconf 91' lang='lat' dir='ltr'><strong>dico,</strong></span> <span class='ocrx_word' id='word_1_761' title='bbox 714 5276 828 5331; x_wconf 66' lang='lat' dir='ltr'><strong>hcce</strong></span> <span class='ocrx_word' id='word_1_762' title='bbox 855 5276 1019 5349; x_wconf 82' lang='lat' dir='ltr'><strong>dicis;</strong></span> <span class='ocrx_word' id='word_1_763' title='bbox 1052 5280 1139 5332; x_wconf 79' lang='lat' dir='ltr'><strong>sed</strong></span> <span class='ocrx_word' id='word_1_764' title='bbox 1175 5281 1468 5342; x_wconf 82' lang='lat' dir='ltr'><strong>audiamus,</strong></span> <span class='ocrx_word' id='word_1_765' title='bbox 1500 5276 1617 5331; x_wconf 64' lang='lat' dir='ltr'><strong>haec</strong></span> <span class='ocrx_word' id='word_1_766' title='bbox 1645 5275 1737 5329; x_wconf 92' lang='lat' dir='ltr'><strong>di-</strong></span> 
     </span>
    </p>
   </div>
   <div class='ocr_carea' id='block_1_101' title="bbox 138 5368 1741 5440">
    <p class='ocr_par' dir='ltr' id='par_1_101' title="bbox 138 5368 1741 5440">
     <span class='ocr_line' id='line_1_101' title="bbox 138 5368 1741 5440; baseline -0.006 -11"><span class='ocrx_word' id='word_1_767' title='bbox 138 5375 223 5429; x_wconf 81' lang='lat' dir='ltr'><strong>cit</strong></span> <span class='ocrx_word' id='word_1_768' title='bbox 254 5372 530 5425; x_wconf 88' lang='lat' dir='ltr'><strong>Dominus.</strong></span> <span class='ocrx_word' id='word_1_769' title='bbox 556 5369 689 5426; x_wconf 83' lang='lat' dir='ltr'><strong>Sunt</strong></span> <span class='ocrx_word' id='word_1_770' title='bbox 715 5379 846 5423; x_wconf 82' lang='lat' dir='ltr'><strong>certe</strong></span> <span class='ocrx_word' id='word_1_771' title='bbox 872 5369 985 5422; x_wconf 80' lang='lat' dir='ltr'><strong>libri</strong></span> <span class='ocrx_word' id='word_1_772' title='bbox 1011 5368 1288 5433; x_wconf 87' lang='lat' dir='ltr'><strong>Dominici,</strong></span> <span class='ocrx_word' id='word_1_773' title='bbox 1314 5384 1530 5440; x_wconf 85' lang='lat' dir='ltr'><strong>quorum</strong></span> <span class='ocrx_word' id='word_1_774' title='bbox 1554 5376 1741 5420; x_wconf 84' lang='lat' dir='ltr'><strong>aucto-</strong></span> 
     </span>
    </p>
   </div>
   <div class='ocr_carea' id='block_1_102' title="bbox 140 5459 1741 5533">
    <p class='ocr_par' dir='ltr' id='par_1_102' title="bbox 140 5459 1741 5533">
     <span class='ocr_line' id='line_1_102' title="bbox 140 5459 1741 5533; baseline -0.005 -14"><span class='ocrx_word' id='word_1_775' title='bbox 140 5464 291 5519; x_wconf 87' lang='lat' dir='ltr'><strong>ritati</strong></span> <span class='ocrx_word' id='word_1_776' title='bbox 325 5464 523 5533; x_wconf 83' lang='lat' dir='ltr'><strong>utrique</strong></span> <span class='ocrx_word' id='word_1_777' title='bbox 557 5461 894 5517; x_wconf 80' lang='lat' dir='ltr'><strong>consentimus</strong></span> <span class='ocrx_word' id='word_1_778' title='bbox 918 5500 934 5525; x_wconf 89' lang='lat'><strong>,</strong></span> <span class='ocrx_word' id='word_1_779' title='bbox 972 5462 1167 5531; x_wconf 80' lang='lat' dir='ltr'><strong>utrique</strong></span> <span class='ocrx_word' id='word_1_780' title='bbox 1205 5461 1460 5516; x_wconf 84' lang='lat' dir='ltr'><strong>credimus</strong></span> <span class='ocrx_word' id='word_1_781' title='bbox 1486 5500 1498 5523; x_wconf 90' lang='lat'><strong>,</strong></span> <span class='ocrx_word' id='word_1_782' title='bbox 1538 5459 1741 5527; x_wconf 83' lang='lat' dir='ltr'><strong>utrique</strong></span> 
     </span>
    </p>
   </div>
   <div class='ocr_carea' id='block_1_103' title="bbox 141 5550 1741 5624">
    <p class='ocr_par' dir='ltr' id='par_1_103' title="bbox 141 5550 1741 5624">
     <span class='ocr_line' id='line_1_103' title="bbox 141 5550 1741 5624; baseline -0.005 -13"><span class='ocrx_word' id='word_1_783' title='bbox 141 5556 424 5611; x_wconf 76' lang='lat' dir='ltr'><strong>servimus.</strong></span> <span class='ocrx_word' id='word_1_784' title='bbox 473 5553 555 5608; x_wconf 86' lang='lat' dir='ltr'><strong>lbi</strong></span> <span class='ocrx_word' id='word_1_785' title='bbox 601 5567 884 5624; x_wconf 62' lang='lat' dir='ltr'><strong>quaeramus</strong></span> <span class='ocrx_word' id='word_1_786' title='bbox 924 5550 1235 5619; x_wconf 78' lang='lat' dir='ltr'><strong>Ecclesium,</strong></span> <span class='ocrx_word' id='word_1_787' title='bbox 1283 5550 1353 5606; x_wconf 85' lang='lat' dir='ltr'><strong>ibi</strong></span> <span class='ocrx_word' id='word_1_788' title='bbox 1398 5550 1741 5605; x_wconf 74' lang='lat' dir='ltr'><strong>discutiamus</strong></span> 
     </span>
    </p>
   </div>
   <div class='ocr_carea' id='block_1_104' title="bbox 145 5654 657 5703">
    <p class='ocr_par' dir='ltr' id='par_1_104' title="bbox 145 5654 657 5703">
     <span class='ocr_line' id='line_1_104' title="bbox 145 5654 657 5703; baseline -0.014 0"><span class='ocrx_word' id='word_1_789' title='bbox 145 5661 365 5703; x_wconf 82' lang='lat' dir='ltr'><strong>causam</strong></span> <span class='ocrx_word' id='word_1_790' title='bbox 409 5654 657 5699; x_wconf 78' lang='lat' dir='ltr'><strong>nostram.</strong></span> 
     </span>
    </p>
   </div>
   <div class='ocr_carea' id='block_1_105' title="bbox 227 5729 1739 5804">
    <p class='ocr_par' dir='ltr' id='par_1_105' title="bbox 227 5729 1739 5804">
     <span class='ocr_line' id='line_1_105' title="bbox 227 5729 1739 5804; baseline -0.005 -14"><span class='ocrx_word' id='word_1_791' title='bbox 227 5734 350 5790; x_wconf 85' lang='lat' dir='ltr'><strong>Non</strong></span> <span class='ocrx_word' id='word_1_792' title='bbox 380 5739 700 5790; x_wconf 86' lang='lat' dir='ltr'><strong>recusarunt</strong></span> <span class='ocrx_word' id='word_1_793' title='bbox 723 5730 861 5788; x_wconf 88' lang='lat' dir='ltr'><strong>banc</strong></span> <span class='ocrx_word' id='word_1_794' title='bbox 885 5731 1055 5804; x_wconf 85' lang='lat' dir='ltr'><strong>legem</strong></span> <span class='ocrx_word' id='word_1_795' title='bbox 1086 5731 1401 5789; x_wconf 75' lang='lat' dir='ltr'><strong>Donatistae:</strong></span> <span class='ocrx_word' id='word_1_796' title='bbox 1438 5730 1531 5786; x_wconf 87' lang='lat' dir='ltr'><strong>sed</strong></span> <span class='ocrx_word' id='word_1_797' title='bbox 1558 5730 1609 5785; x_wconf 91' lang='lat' dir='ltr'><strong>in</strong></span> <span class='ocrx_word' id='word_1_798' title='bbox 1638 5729 1739 5801; x_wconf 84' lang='lat' dir='ltr'><strong>hy-</strong></span> 
     </span>
    </p>
   </div>
   <div class='ocr_carea' id='block_1_106' title="bbox 1841 4626 3425 4707">
    <p class='ocr_par' dir='ltr' id='par_1_106' title="bbox 1841 4626 3425 4707">
     <span class='ocr_line' id='line_1_106' title="bbox 1841 4626 3425 4707; baseline 0.009 -29"><span class='ocrx_word' id='word_1_799' title='bbox 1841 4626 2039 4692; x_wconf 84' lang='lat' dir='ltr'><strong>bendo,</strong></span> <span class='ocrx_word' id='word_1_800' title='bbox 2072 4638 2121 4681; x_wconf 89' lang='lat' dir='ltr'><strong>et</strong></span> <span class='ocrx_word' id='word_1_801' title='bbox 2160 4627 2275 4697; x_wconf 90' lang='lat' dir='ltr'><strong>ejus</strong></span> <span class='ocrx_word' id='word_1_802' title='bbox 2292 4645 2456 4699; x_wconf 89' lang='lat' dir='ltr'><strong>regno</strong></span> <span class='ocrx_word' id='word_1_803' title='bbox 2483 4631 2828 4688; x_wconf 89' lang='lat' dir='ltr'><strong>instaurando</strong></span> <span class='ocrx_word' id='word_1_804' title='bbox 2870 4645 3027 4705; x_wconf 87' lang='lat' dir='ltr'><strong>atque</strong></span> <span class='ocrx_word' id='word_1_805' title='bbox 3057 4638 3425 4707; x_wconf 84' lang='lat' dir='ltr'><strong>propagando,</strong></span> 
     </span>
    </p>
   </div>
   <div class='ocr_carea' id='block_1_107' title="bbox 1842 4717 3429 4796">
    <p class='ocr_par' dir='ltr' id='par_1_107' title="bbox 1842 4717 3429 4796">
     <span class='ocr_line' id='line_1_107' title="bbox 1842 4717 3429 4796; baseline 0.01 -27"><span class='ocrx_word' id='word_1_806' title='bbox 1842 4717 2134 4784; x_wconf 88' lang='lat' dir='ltr'><strong>Apostolus</strong></span> <span class='ocrx_word' id='word_1_807' title='bbox 2162 4720 2442 4788; x_wconf 90' lang='lat' dir='ltr'><strong>proﬁtetur</strong></span> <span class='ocrx_word' id='word_1_808' title='bbox 2470 4738 2588 4777; x_wconf 90' lang='lat' dir='ltr'><strong>eam</strong></span> <span class='ocrx_word' id='word_1_809' title='bbox 2634 4740 2736 4779; x_wconf 92' lang='lat' dir='ltr'><strong>non</strong></span> <span class='ocrx_word' id='word_1_810' title='bbox 2782 4726 3017 4795; x_wconf 90' lang='lat' dir='ltr'><strong>potuisse</strong></span> <span class='ocrx_word' id='word_1_811' title='bbox 3054 4727 3301 4796; x_wconf 87' lang='lat' dir='ltr'><strong>impediri</strong></span> <span class='ocrx_word' id='word_1_812' title='bbox 3332 4729 3429 4785; x_wconf 87' lang='lat' dir='ltr'><strong>ho-</strong></span> 
     </span>
    </p>
   </div>
   <div class='ocr_carea' id='block_1_108' title="bbox 1845 4810 3432 4882">
    <p class='ocr_par' dir='ltr' id='par_1_108' title="bbox 1845 4810 3432 4882">
     <span class='ocr_line' id='line_1_108' title="bbox 1845 4810 3432 4882; baseline 0.008 -20"><span class='ocrx_word' id='word_1_813' title='bbox 1845 4810 2048 4865; x_wconf 90' lang='lat' dir='ltr'><strong>minum</strong></span> <span class='ocrx_word' id='word_1_814' title='bbox 2081 4811 2411 4882; x_wconf 83' lang='lat' dir='ltr'><strong>indignitate.</strong></span> <span class='ocrx_word' id='word_1_815' title='bbox 2461 4815 2655 4871; x_wconf 83' lang='lat' dir='ltr'><strong>Fateor</strong></span> <span class='ocrx_word' id='word_1_816' title='bbox 2694 4818 2855 4871; x_wconf 87' lang='lat' dir='ltr'><strong>etiam</strong></span> <span class='ocrx_word' id='word_1_817' title='bbox 2886 4819 3049 4872; x_wconf 86' lang='lat' dir='ltr'><strong>multa</strong></span> <span class='ocrx_word' id='word_1_818' title='bbox 3078 4819 3144 4873; x_wconf 87' lang='lat' dir='ltr'><strong>de</strong></span> <span class='ocrx_word' id='word_1_819' title='bbox 3174 4820 3432 4875; x_wconf 65' lang='lat' dir='ltr'><strong>Ecclesiae</strong></span> 
     </span>
    </p>
   </div>
   <div class='ocr_carea' id='block_1_109' title="bbox 1841 4903 3431 4981">
    <p class='ocr_par' dir='ltr' id='par_1_109' title="bbox 1841 4903 3431 4981">
     <span class='ocr_line' id='line_1_109' title="bbox 1841 4903 3431 4981; baseline 0.009 -28"><span class='ocrx_word' id='word_1_820' title='bbox 1841 4903 2169 4957; x_wconf 79' lang='lat' dir='ltr'><strong>excellentia</strong></span> <span class='ocrx_word' id='word_1_821' title='bbox 2207 4914 2259 4959; x_wconf 86' lang='lat' dir='ltr'><strong>et</strong></span> <span class='ocrx_word' id='word_1_822' title='bbox 2296 4906 2579 4975; x_wconf 90' lang='lat' dir='ltr'><strong>majestate</strong></span> <span class='ocrx_word' id='word_1_823' title='bbox 2614 4909 2900 4977; x_wconf 88' lang='lat' dir='ltr'><strong>prophetas</strong></span> <span class='ocrx_word' id='word_1_824' title='bbox 2930 4910 3239 4978; x_wconf 65' lang='lat' dir='ltr'><strong>praedixisse</strong></span> <span class='ocrx_word' id='word_1_825' title='bbox 3264 4952 3279 4977; x_wconf 95' lang='lat'><strong>,</strong></span> <span class='ocrx_word' id='word_1_826' title='bbox 3312 4928 3431 4981; x_wconf 76' lang='lat' dir='ltr'><strong>qua:</strong></span> 
     </span>
    </p>
   </div>
   <div class='ocr_carea' id='block_1_110' title="bbox 1845 4994 3437 5065">
    <p class='ocr_par' dir='ltr' id='par_1_110' title="bbox 1845 4994 3437 5065">
     <span class='ocr_line' id='line_1_110' title="bbox 1845 4994 3437 5065; baseline 0.008 -18"><span class='ocrx_word' id='word_1_827' title='bbox 1845 4994 1899 5048; x_wconf 90' lang='lat' dir='ltr'><strong>in</strong></span> <span class='ocrx_word' id='word_1_828' title='bbox 1940 4997 2089 5051; x_wconf 82' lang='lat' dir='ltr'><strong>caelis</strong></span> <span class='ocrx_word' id='word_1_829' title='bbox 2132 4997 2474 5065; x_wconf 86' lang='lat' dir='ltr'><strong>impleantur.</strong></span> <span class='ocrx_word' id='word_1_830' title='bbox 2517 4999 2621 5055; x_wconf 89' lang='lat' dir='ltr'><strong>Sed</strong></span> <span class='ocrx_word' id='word_1_831' title='bbox 2666 5001 2716 5053; x_wconf 91' lang='lat' dir='ltr'><strong>in</strong></span> <span class='ocrx_word' id='word_1_832' title='bbox 2767 5002 2922 5055; x_wconf 87' lang='lat' dir='ltr'><strong>terris</strong></span> <span class='ocrx_word' id='word_1_833' title='bbox 2961 5003 3148 5057; x_wconf 83' lang='lat' dir='ltr'><strong>saltem</strong></span> <span class='ocrx_word' id='word_1_834' title='bbox 3193 5004 3437 5060; x_wconf 88' lang='lat' dir='ltr'><strong>inchoari</strong></span> 
     </span>
    </p>
   </div>
   <div class='ocr_carea' id='block_1_111' title="bbox 1845 5090 3429 5163">
    <p class='ocr_par' dir='ltr' id='par_1_111' title="bbox 1845 5090 3429 5163">
     <span class='ocr_line' id='line_1_111' title="bbox 1845 5090 3429 5163; baseline 0.005 -24"><span class='ocrx_word' id='word_1_835' title='bbox 1845 5100 2005 5140; x_wconf 91' lang='lat' dir='ltr'><strong>nemo</strong></span> <span class='ocrx_word' id='word_1_836' title='bbox 2043 5090 2333 5163; x_wconf 88' lang='lat' dir='ltr'><strong>negaverit.</strong></span> <span class='ocrx_word' id='word_1_837' title='bbox 2379 5090 2535 5161; x_wconf 88' lang='lat' dir='ltr'><strong>Apud</strong></span> <span class='ocrx_word' id='word_1_838' title='bbox 2569 5090 2760 5145; x_wconf 83' lang='lat' dir='ltr'><strong>lsaiam</strong></span> <span class='ocrx_word' id='word_1_839' title='bbox 2795 5090 2932 5147; x_wconf 89' lang='lat' dir='ltr'><strong>Deus</strong></span> <span class='ocrx_word' id='word_1_840' title='bbox 2966 5092 3190 5163; x_wconf 82' lang='lat' dir='ltr'><strong>loquens</strong></span> <span class='ocrx_word' id='word_1_841' title='bbox 3221 5095 3289 5149; x_wconf 92' lang='lat' dir='ltr'><strong>de</strong></span> <span class='ocrx_word' id='word_1_842' title='bbox 3324 5094 3429 5147; x_wconf 78' lang='lat' dir='ltr'><strong>Ec-</strong></span> 
     </span>
    </p>
   </div>
   <div class='ocr_carea' id='block_1_112' title="bbox 1844 5174 3437 5251">
    <p class='ocr_par' dir='ltr' id='par_1_112' title="bbox 1844 5174 3437 5251">
     <span class='ocr_line' id='line_1_112' title="bbox 1844 5174 3437 5251; baseline 0.004 -22"><span class='ocrx_word' id='word_1_843' title='bbox 1844 5174 2023 5229; x_wconf 87' lang='lat' dir='ltr'><strong>clesiae</strong></span> <span class='ocrx_word' id='word_1_844' title='bbox 2067 5178 2519 5245; x_wconf 86' lang='lat' dir='ltr'><strong>ampliﬁcatione,</strong></span> <span class='ocrx_word' id='word_1_845' title='bbox 2567 5197 2689 5237; x_wconf 91' lang='lat' dir='ltr'><strong>cum</strong></span> <span class='ocrx_word' id='word_1_846' title='bbox 2734 5183 3085 5251; x_wconf 87' lang='lat' dir='ltr'><strong>jurejurando</strong></span> <span class='ocrx_word' id='word_1_847' title='bbox 3140 5186 3249 5239; x_wconf 88' lang='lat' dir='ltr'><strong>ait:</strong></span> <span class='ocrx_word' id='word_1_848' title='bbox 3300 5182 3437 5237; x_wconf 69' lang='lat' dir='ltr'><strong>dli/ti</strong></span> 
     </span>
    </p>
   </div>
   <div class='ocr_carea' id='block_1_113' title="bbox 1848 5265 3430 5339">
    <p class='ocr_par' dir='ltr' id='par_1_113' title="bbox 1848 5265 3430 5339">
     <span class='ocr_line' id='line_1_113' title="bbox 1848 5265 3430 5339; baseline 0.006 -23"><span class='ocrx_word' id='word_1_849' title='bbox 1848 5265 2078 5333; x_wconf 80' lang='lat' dir='ltr'><strong>ﬂectetur</strong></span> <span class='ocrx_word' id='word_1_850' title='bbox 2102 5282 2247 5319; x_wconf 86' lang='lat' dir='ltr'><strong>omne</strong></span> <span class='ocrx_word' id='word_1_851' title='bbox 2273 5285 2425 5339; x_wconf 85' lang='lat' dir='ltr'><strong>genu.</strong></span> <span class='ocrx_word' id='word_1_852' title='bbox 2472 5270 2529 5324; x_wconf 91' lang='lat' dir='ltr'><strong>Id</strong></span> <span class='ocrx_word' id='word_1_853' title='bbox 2563 5282 2739 5327; x_wconf 88' lang='lat' dir='ltr'><strong>autem</strong></span> <span class='ocrx_word' id='word_1_854' title='bbox 2769 5273 2963 5327; x_wconf 88' lang='lat' dir='ltr'><strong>Paulus</strong></span> <span class='ocrx_word' id='word_1_855' title='bbox 2995 5273 3156 5329; x_wconf 83' lang='lat' dir='ltr'><strong>refert</strong></span> <span class='ocrx_word' id='word_1_856' title='bbox 3178 5274 3243 5328; x_wconf 89' lang='lat' dir='ltr'><strong>ad</strong></span> <span class='ocrx_word' id='word_1_857' title='bbox 3272 5272 3430 5326; x_wconf 85' lang='lat' dir='ltr'><strong>ﬁnem</strong></span> 
     </span>
    </p>
   </div>
   <div class='ocr_carea' id='block_1_114' title="bbox 1856 5356 3433 5436">
    <p class='ocr_par' dir='ltr' id='par_1_114' title="bbox 1856 5356 3433 5436">
     <span class='ocr_line' id='line_1_114' title="bbox 1856 5356 3433 5436; baseline 0.004 -26"><span class='ocrx_word' id='word_1_858' title='bbox 1856 5356 2057 5421; x_wconf 90' lang='lat' dir='ltr'><strong>mundi,</strong></span> <span class='ocrx_word' id='word_1_859' title='bbox 2101 5366 2154 5411; x_wconf 88' lang='lat' dir='ltr'><strong>et</strong></span> <span class='ocrx_word' id='word_1_860' title='bbox 2199 5371 2527 5427; x_wconf 89' lang='lat' dir='ltr'><strong>postremum</strong></span> <span class='ocrx_word' id='word_1_861' title='bbox 2576 5356 2675 5435; x_wconf 18' lang='lat' dir='ltr'><strong>(ut.</strong></span> <span class='ocrx_word' id='word_1_862' title='bbox 2705 5366 2948 5436; x_wconf 82' lang='lat' dir='ltr'><strong>vocatur)</strong></span> <span class='ocrx_word' id='word_1_863' title='bbox 2996 5366 3279 5435; x_wconf 88' lang='lat' dir='ltr'><strong>judicium.</strong></span> <span class='ocrx_word' id='word_1_864' title='bbox 3327 5362 3433 5417; x_wconf 86' lang='lat' dir='ltr'><strong>Sed</strong></span> 
     </span>
    </p>
   </div>
   <div class='ocr_carea' id='block_1_115' title="bbox 1856 5441 3431 5527">
    <p class='ocr_par' dir='ltr' id='par_1_115' title="bbox 1856 5441 3431 5527">
     <span class='ocr_line' id='line_1_115' title="bbox 1856 5441 3431 5527; baseline 0.004 -25"><span class='ocrx_word' id='word_1_865' title='bbox 1856 5451 2059 5504; x_wconf 85' lang='lat' dir='ltr'><strong>interea</strong></span> <span class='ocrx_word' id='word_1_866' title='bbox 2087 5493 2101 5518; x_wconf 95' lang='lat'><strong>,</strong></span> <span class='ocrx_word' id='word_1_867' title='bbox 2132 5467 2235 5506; x_wconf 89' lang='lat' dir='ltr'><strong>non</strong></span> <span class='ocrx_word' id='word_1_868' title='bbox 2264 5464 2418 5523; x_wconf 91' lang='lat' dir='ltr'><strong>negat</strong></span> <span class='ocrx_word' id='word_1_869' title='bbox 2449 5456 2577 5523; x_wconf 89' lang='lat' dir='ltr'><strong>quin</strong></span> <span class='ocrx_word' id='word_1_870' title='bbox 2609 5471 2706 5511; x_wconf 92' lang='lat' dir='ltr'><strong>suo</strong></span> <span class='ocrx_word' id='word_1_871' title='bbox 2737 5459 2897 5512; x_wconf 88' lang='lat' dir='ltr'><strong>etiam</strong></span> <span class='ocrx_word' id='word_1_872' title='bbox 2924 5441 3153 5527; x_wconf 85' lang='lat' dir='ltr'><strong>quodam</strong></span> <span class='ocrx_word' id='word_1_873' title='bbox 3188 5456 3345 5514; x_wconf 90' lang='lat' dir='ltr'><strong>modo</strong></span> <span class='ocrx_word' id='word_1_874' title='bbox 3379 5454 3431 5510; x_wconf 90' lang='lat' dir='ltr'><strong>id</strong></span> 
     </span>
    </p>
   </div>
   <div class='ocr_carea' id='block_1_116' title="bbox 1858 5540 2639 5599">
    <p class='ocr_par' dir='ltr' id='par_1_116' title="bbox 1858 5540 2639 5599">
     <span class='ocr_line' id='line_1_116' title="bbox 1858 5540 2639 5599; baseline 0.006 -5"><span class='ocrx_word' id='word_1_875' title='bbox 1858 5540 1953 5595; x_wconf 85' lang='lat' dir='ltr'><strong>fiat</strong></span> <span class='ocrx_word' id='word_1_876' title='bbox 1978 5542 2029 5595; x_wconf 93' lang='lat' dir='ltr'><strong>in</strong></span> <span class='ocrx_word' id='word_1_877' title='bbox 2058 5541 2296 5598; x_wconf 89' lang='lat' dir='ltr'><strong>Ecclesia</strong></span> <span class='ocrx_word' id='word_1_878' title='bbox 2329 5543 2639 5599; x_wconf 88' lang='lat' dir='ltr'><strong>christiana.</strong></span> 
     </span>
    </p>
   </div>
   <div class='ocr_carea' id='block_1_117' title="bbox 1930 5636 3439 5708">
    <p class='ocr_par' dir='ltr' id='par_1_117' title="bbox 1930 5636 3439 5708">
     <span class='ocr_line' id='line_1_117' title="bbox 1930 5636 3439 5708; baseline 0.001 -17"><span class='ocrx_word' id='word_1_879' title='bbox 1930 5636 2060 5691; x_wconf 91' lang='lat' dir='ltr'><strong>Cum</strong></span> <span class='ocrx_word' id='word_1_880' title='bbox 2092 5636 2381 5691; x_wconf 84' lang='lat' dir='ltr'><strong>Donatistae</strong></span> <span class='ocrx_word' id='word_1_881' title='bbox 2405 5651 2599 5707; x_wconf 85' lang='lat' dir='ltr'><strong>negare</strong></span> <span class='ocrx_word' id='word_1_882' title='bbox 2621 5653 2728 5694; x_wconf 93' lang='lat' dir='ltr'><strong>non</strong></span> <span class='ocrx_word' id='word_1_883' title='bbox 2753 5646 2971 5708; x_wconf 89' lang='lat' dir='ltr'><strong>possent</strong></span> <span class='ocrx_word' id='word_1_884' title='bbox 2993 5638 3225 5703; x_wconf 86' lang='lat' dir='ltr'><strong>aliquam</strong></span> <span class='ocrx_word' id='word_1_885' title='bbox 3251 5638 3439 5693; x_wconf 83' lang='lat' dir='ltr'><strong>catho-</strong></span> 
     </span>
    </p>
   </div>
   <div class='ocr_carea' id='block_1_118' title="bbox 1857 5724 3437 5795">
    <p class='ocr_par' dir='ltr' id='par_1_118' title="bbox 1857 5724 3437 5795">
     <span class='ocr_line' id='line_1_118' title="bbox 1857 5724 3437 5795; baseline -0.001 -12"><span class='ocrx_word' id='word_1_886' title='bbox 1857 5727 2018 5784; x_wconf 88' lang='lat' dir='ltr'><strong>licam</strong></span> <span class='ocrx_word' id='word_1_887' title='bbox 2040 5724 2336 5783; x_wconf 85' lang='lat' dir='ltr'><strong>Ecclesiam</strong></span> <span class='ocrx_word' id='word_1_888' title='bbox 2362 5732 2573 5782; x_wconf 79' lang='lat' dir='ltr'><strong>exstare</strong></span> <span class='ocrx_word' id='word_1_889' title='bbox 2594 5767 2610 5795; x_wconf 93' lang='lat'><strong>,</strong></span> <span class='ocrx_word' id='word_1_890' title='bbox 2641 5741 2753 5783; x_wconf 85' lang='lat' dir='ltr'><strong>suae</strong></span> <span class='ocrx_word' id='word_1_891' title='bbox 2776 5725 3030 5782; x_wconf 81' lang='lat' dir='ltr'><strong>Ecclesiae</strong></span> <span class='ocrx_word' id='word_1_892' title='bbox 3052 5724 3197 5781; x_wconf 86' lang='lat' dir='ltr'><strong>hunc</strong></span> <span class='ocrx_word' id='word_1_893' title='bbox 3224 5728 3437 5783; x_wconf 87' lang='lat' dir='ltr'><strong>titulum</strong></span> 
     </span>
    </p>
   </div>
  </div>
