3860 6212
429 267 567 324 1479

1859 256 1899 307 Α
1910 248 2201 308 PPENDIX
2210 291 2223 303 .

3557 235 3685 292 H80

426 388 776 449 arrogaront:
804 384 995 432 etcum
1026 375 1362 431 adversarios
1394 371 1657 441 negabam
1684 382 1822 433 esse,
1847 366 1990 437 quod
2020 361 2256 434 Αιοιιίο
2296 366 2480 413 contra
2508 353 2792 420 Crescon.,
2836 366 2955 422 cap.
2980 352 3081 416 65,
3131 347 3347 449 arripit,
3385 344 3529 418 quod

424 473 771 545 dicebantur,
804 470 1144 525 Catholicos:
1180 478 1289 523 tum
1321 482 1451 522 vero
1478 467 1531 521 in
1556 463 1855 519 Collatione
1879 475 2001 515 sese

427 571 797 632 nuncuparunt
832 564 1112 633 episcopos
1152 568 1207 617 et
1251 560 1569 616 defensores
1596 556 1872 612 catholicae
1902 554 2004 607 Ec-

426 657 603 711 clesia:
627 664 681 711 et
705 656 959 711 veritatis.
990 652 1087 708 Hic
1117 669 1246 709 vero
1269 651 1431 722 coepit
1460 664 1581 705 esse
1608 649 1833 720 quaestio
1856 646 1999 706 facti,

426 748 602 816 potius
631 761 786 816 quam
827 746 963 815 juris
998 762 1010 797 :
1042 756 1097 801 et
1139 742 1303 799 tanto
1327 759 1511 798 rursus
1538 740 1829 803 difﬁcilior,
1861 736 2003 806 quod

426 831 714 891 Donatista:
742 835 1038 891 doctrinam
1072 834 1197 889 fidei
1227 832 1549 888 catholicam
1583 830 1814 884 retinere
1844 826 2024 881 etiam-

424 928 762 991 videbantor,
794 942 962 996 neque
983 926 1267 995 apostasia:
1300 926 1349 978 in
1373 939 1438 979 eo
1466 938 1661 993 genere
1682 907 2007 974 accusaban-

427 1031 530 1075 tur.
574 1020 846 1075 Adversus
889 1019 1022 1073 alios
1065 1016 1349 1072 haereticos
1392 1015 1559 1070 veluti
1610 1021 1797 1068 contra
1843 1009 2009 1064 Mani-

426 1114 690 1168 clneoset
715 1112 947 1167 Arianos
977 1109 1187 1165 facilior
1213 1109 1310 1163 fuit
1348 1108 1504 1177 hujus
1530 1105 1839 1175 quaestionis
1870 1102 2009 1173 diju-

428 1206 646 1261 dicatio.
696 1205 838 1260 Sane
878 1204 1207 1267 Lactantius,
1235 1201 1327 1255 lib.
1382 1216 1453 1263 iv,
1496 1213 1615 1266 cap.
1666 1198 1755 1263 50,
1802 1196 2008 1263 scribit,

428 1296 668 1365 singulos
706 1304 876 1350 cmtos
919 1293 1295 1349 haereticorum
1332 1290 1669 1345 existimasse
1711 1303 1860 1342 suam
1890 1302 2012 1343 esse

431 1387 720 1442 Ecclesiam
751 1385 1092 1441 catholicam.
1123 1384 1324 1439 Saltem
1358 1383 1409 1436 id
1433 1383 1706 1450 jactarunt
1729 1420 1745 1447 ,
1785 1396 1906 1435 cum
1933 1380 2013 1433 vi-

430 1479 622 1533 derent
641 1478 866 1545 primam
897 1476 1035 1529 hanc
1064 1489 1184 1529 esse
1214 1473 1470 1529 Ecclesiae
1498 1472 1801 1527 christiana:
1831 1470 2015 1526 condi-

438 1570 658 1623 tionem.
683 1567 789 1623 Sed
810 1582 932 1621 com
961 1566 1025 1620 ad
1050 1564 1421 1635 probationem
1453 1575 1669 1618 ventum
1696 1572 1829 1626 erat,
1862 1570 2017 1618 erant

432 1661 663 1717 ridiculi.
718 1658 829 1713 [mo
881 1659 1043 1713 etiam
1090 1655 1408 1721 eveniebat,
1463 1665 1517 1708 ut
1562 1656 1757 1709 nostris
1801 1653 2013 1709 tandem

2104 450 2427 505 Cresconius
2476 447 2753 502 confessus
2782 452 2918 510 erat,
2950 452 3119 498 totum
3161 439 3407 513 quotidie
3436 434 3687 491 mundum

2105 543 2243 597 verti
2275 543 2325 595 in
2355 554 2549 593 nomen
2576 537 2938 592 Christianum
2969 553 2982 588 :
3025 545 3080 591 et
3131 530 3447 603 respondet,
3508 526 3689 582 Eccle-

2103 633 2238 688 siam
2268 632 2333 685 ad
2366 630 2580 685 residua
2609 628 2913 698 occupanda
2949 624 3189 697 quotidie
3220 620 3469 678 dill'undi.

2178 725 2469 780 Fortonius
2498 721 2778 777 Donatista
2816 718 3043 774 audiens
3073 717 3218 771 illam
3258 714 3481 769 demum
3514 710 3690 765 Eccle-

2106 818 2240 873 siam
2269 831 2390 871 esse
2419 814 2771 880 catholicam,
2819 828 2939 882 quae
2986 819 3101 865 toto
3141 824 3201 864 se
3247 817 3517 863 terrarum
3566 804 3689 858 orbe

2106 908 2448 968 dill'underet.
2478 921 2636 959 ausus
2666 915 2749 960 est
2774 904 2979 969 dicere,
3017 917 3170 957 suam
3199 899 3400 970 ubique
3430 906 3691 952 terrarum

2110 1015 2230 1056 esse
2259 998 2713 1054 communionem.
2765 995 3115 1066 Augustinus,
3156 993 3317 1062 epist.
3392 988 3532 1051 165,
3570 987 3693 1041 utei

2110 1091 2455 1162 respondeat,
2500 1098 2675 1159 rogat,
2704 1104 2830 1142 num
2870 1088 3062 1156 possit,
3102 1084 3361 1154 epistolas
3396 1081 3691 1140 Formatas,

2112 1199 2218 1255 quo
2246 1184 2400 1250 velit,
2447 1182 2596 1237 dare.
2628 1181 2720 1236 Sic
2762 1182 2904 1237 enim
2950 1179 3206 1234 facillime
3239 1174 3516 1231 terminari
3544 1186 3695 1243 posse

2114 1274 2253 1329 hanc
2276 1274 2657 1344 quaestionem.
2684 1273 2855 1327 Erant
2888 1272 2970 1326 Iun
3006 1271 3246 1341 epistolae
3276 1266 3693 1324 communicato-

2113 1366 2241 1431 rize,
2276 1374 2425 1420 certa
2470 1363 2695 1419 formula
2748 1372 3057 1433 conceptzc,
3107 1375 3241 1431 quas
3289 1358 3433 1413 ultro
3458 1357 3695 1424 citroque

2114 1458 2398 1513 mittebant
2442 1457 2707 1527 episcopi,
2739 1468 2796 1510 ut
2839 1465 3001 1510 testes
3027 1463 3081 1508 et
3108 1450 3275 1508 veluti
3319 1459 3555 1505 tesseras
3591 1461 3697 1502 sua:

2116 1551 2491 1607 confessionis.
2523 1551 2613 1606 Sic
2639 1551 2888 1619 Optatos,
2921 1548 3014 1602 lib.
3048 1562 3085 1601 ιι
3141 1553 3333 1601 contra
3364 1539 3693 1605 Donatistas,

2116 1646 2188 1697 ait
2214 1659 2339 1699 suos
2380 1658 2497 1697 cum
2528 1643 2757 1696 Damaso
2782 1621 3221 1703 communicare,
3248 1650 3371 1690 cum
3414 1649 3523 1701 quo
3565 1640 3697 1686 totus

433 1754 826 1814 concederent,
854 1749 995 1818 quod
1029 1759 1233 1803 temere
1270 1746 1637 1817 imprudentes
1660 1789 1673 1812 ,
1708 1746 1773 1800 iis
1799 1747 2013 1815 eripere
2045 1747 2090 1805 B
2117 1737 2264 1790 orbis
2288 1734 2633 1790 commercio
2654 1733 3026 1788 Formalarum
3055 1727 3374 1784 concordat.
3422 1724 3698 1779 Donnlisw

434 1842 733 1897 voluerant.
761 1840 897 1909 Aug.
928 1848 1114 1894 contra
1139 1853 1227 1907 ep.
1255 1837 1628 1910 Manich.;cap.
1659 1838 1690 1892 4
1715 1852 1727 1887 :
1755 1836 1820 1889 In
1846 1838 2024 1889 catho-

434 1933 579 1997 licw,
614 1932 785 1999 inquit
812 1972 825 1997 ,
867 1929 1109 1985 Ecclesia:
1149 1932 1337 2001 gremio
1368 1946 1443 1984 me
1473 1940 1601 1983 tenet
1632 1930 1799 1998 ipsum
1839 1942 2022 1981 nomen

434 2024 737 2078 catholicas:
779 2023 915 2095 quod
958 2039 1055 2075 non
1086 2024 1194 2077 sine
1216 2039 1372 2076 causa
1402 2023 1533 2077 inter
1572 2032 1677 2075 tam
1701 2021 1887 2075 multas
1919 2022 2021 2075 haz-

436 2134 567 2171 rescs
595 2117 667 2171 sic
692 2118 791 2169 ista
817 2115 1046 2170 Ecclesia
1073 2115 1185 2169 sola
1209 2115 1424 2169 obtinuit
1448 2156 1461 2180 ,
1494 2125 1545 2167 ut
1572 2131 1682 2167 cum
1714 2130 1886 2167 omnes
1914 2114 2021 2167 hce-

437 2208 579 2261 retici
602 2223 653 2260 se
674 2204 947 2260 catholicos
968 2206 1069 2259 dici
1090 2207 1243 2260 velint
1264 2246 1278 2271 ,
1304 2207 1546 2275 qumrenti
1570 2216 1735 2258 tamen
1757 2205 2023 2275 peregrino

438 2298 612 2363 alicui,
644 2298 728 2349 ubi
756 2296 824 2349 ad
848 2294 1151 2350 catholicam
1177 2298 1523 2362 conveniatur,
1554 2296 1723 2362 nullus
1755 2296 2020 2349 han'etico-

441 2406 576 2454 rum,
601 2390 675 2442 vel
703 2389 963 2443 basilicam
990 2405 1155 2456 suam,
1196 2385 1272 2443 ὕει
1300 2390 1507 2443 domum
1528 2389 1713 2443 audeat
1741 2387 2022 2442 ostendere.

440 2480 582 2535 idem
601 2481 947 2549 Augustinus,
974 2481 1024 2534 in
1043 2481 1133 2535 lib.
1156 2481 1221 2535 de
1241 2496 1364 2536 vera
1383 2480 1551 2549 Relig.
1569 2496 1687 2551 cap.
1708 2482 1758 2534 7:
1788 2479 2025 2535 Tenenda

443 2581 536 2639 est,
565 2572 757 2641 inquit,
789 2575 900 2644 ejus
943 2571 1186 2625 Ecclesia:
1216 2572 1604 2625 communicatio
1630 2586 1743 2640 qua:
1773 2571 2027 2624 catholica

441 2676 534 2730 est,
568 2676 612 2719 et
653 2664 903 2719 catholica
940 2666 1253 2729 nominatur,
1295 2680 1395 2717 non
1422 2665 1586 2717 solum
1615 2681 1646 2716 a
1675 2666 1807 2730 suis,
1854 2678 2027 2716 verum

440 2758 593 2810 etiam
636 2758 697 2809 ab
743 2756 973 2808 omnibus
1015 2755 1255 2809 inimicis.
1310 2755 1475 2808 Velint
1516 2756 1670 2819 enim,
1716 2752 2027 2820 nolint,ipsi

444 2864 639 2917 quoque
660 2848 879 2901 Ittcretici
904 2857 949 2900 et
970 2847 1297 2901 schismatum
1322 2847 1539 2910 alumni,
1564 2844 1765 2915 quando
1787 2861 1888 2897 non
1912 2859 2027 2895 cum

444 2940 582 3005 suis,
622 2938 709 2991 sed
749 2954 864 2991 cum
905 2937 1156 2991 extraneis
1196 2939 1492 3002 loquuntur,
1542 2935 1848 2988 catholicam
1902 2932 2029 2985 nihil

446 3028 588 3081 aliud
614 3044 763 3096 quant
784 3028 1089 3080 catholicam
1112 3036 1311 3079 vocant.
1340 3025 1460 3078 Non
1484 3026 1617 3077 enim
1644 3031 1852 3095 possunt
1883 3022 2031 3075 intel-

2120 1828 2395 1899 jactabant
2439 1828 2631 1880 saltem
2683 1840 2927 1895 magnam
2974 1838 3094 1877 esse
3145 1818 3549 1876 multitudinem
3596 1830 3697 1869 sua:

2125 1930 2307 1985 sectae,
2356 1927 2494 1973 etut
2539 1932 2656 1972 eam
2708 1924 3078 1979 ostentarent,
3131 1922 3239 1966 tam
3282 1906 3439 1963 multi
3467 1906 3696 1962 certatim

2124 2009 2519 2079 confertimque
2568 2014 2957 2081 concurrerant
2994 2002 3376 2072 Carthaginem
3422 1999 3487 2053 ad
3534 1996 3699 2052 Colla—

2126 2104 2324 2160 tionem
2355 2103 2788 2172 :.conquestique
2816 2103 2978 2155 etiam
3001 2107 3147 2163 sunt,
3172 2096 3434 2163 iniuriam
3466 2092 3568 2147 sibi
3596 2090 3701 2144 ﬁeri

2123 2198 2191 2252 ab
2222 2198 2308 2260 iis,
2340 2196 2431 2266 qui
2462 2211 2554 2251 eos
2585 2209 2688 2248 non
2739 2207 2858 2248 csse
2886 2192 3083 2246 multos
3104 2189 3375 2244 dixerant.
3400 2184 3509 2241 Sed
3533 2194 3696 2239 tamen

2126 2303 2246 2342 cum
2268 2303 2379 2357 pra:
2400 2286 2680 2340 catholicis
2706 2283 2859 2353 pauci
2890 2296 3011 2337 esse
3033 2280 3366 2344 viderentur,
3393 2276 3697 2347 paucitatem

2128 2376 2478 2431 nihilominus
2509 2390 2659 2429 suam
2684 2374 2971 2429 voluerunt
2997 2386 3118 2426 esse
3150 2370 3410 2425 indicium
3438 2367 3699 2427 Ecclesia,

2127 2467 2252 2537 quia
2282 2465 2364 2538 (ut
2390 2481 2575 2521 eorum
2606 2474 2863 2535 patronus
2891 2462 3219 2518 Cresconius
3247 2459 3487 2528 dicebat)
3516 2459 3566 2511 in
3593 2472 3707 2527 pau-

2128 2561 2205 2615 cis
2235 2560 2543 2630 frequenter
2585 2560 2658 2613 sit
2694 2558 2897 2613 veritas
2929 2573 2941 2609 :
2974 2570 3161 2610 errare
3201 2561 3386 2608 autem
3435 2551 3706 2606 multorum

2127 2652 2217 2705 sit.
2247 2650 2599 2719 Augustinus,
2652 2648 2748 2703 lib.
2784 2660 2842 2701 ιιι
2897 2654 3086 2700 contra
3138 2642 3402 2698 Crescon.
3456 2655 3573 2708 cap.
3614 2639 3703 2703 66,

2128 2741 2415 2810 respondet
2443 2740 2611 2793 bonos
2640 2752 2906 2807 verosque
2934 2735 3291 2794 Christianos,
3325 2732 3417 2801 qui
3445 2746 3539 2799 per
3576 2730 3704 2799 scip-

2128 2846 2218 2884 sos
2250 2830 2401 2883 multi
2429 2842 2582 2894 sunt,
2618 2829 2669 2881 in
2699 2827 3104 2895 comparatione
3143 2824 3409 2877 malorum
3433 2821 3703 2876 falsorum-

2128 2936 2231 2990 que
2259 2921 2439 2975 itidem
2471 2934 2670 2990 paucos
2696 2933 2839 2974 esse.
2866 2918 3032 2983 Idem,
3066 2918 3159 2970 lib.
3208 2932 3244 2970 ιι
3276 2925 3464 2970 contra
3495 2915 3701 2969 Advers.

2131 3012 2233 3082 leg.
2269 3026 2388 3081 cap.
2426 3011 2529 3078 12,
2578 3025 2698 3064 eum
2740 3010 2981 3064 audisset
3029 3007 3319 3078 quemdam
3367 3006 3702 3061 Manicheum

448 3118 559 3191 ligi,
592 3118 690 3171 nisi
727 3117 819 3170 hoc
845 3132 953 3171 eam
984 3119 1185 3170 nomine
1214 3116 1523 3181 discernunt,
1558 3117 1693 3184 quod
1720 3116 1779 3168 ab
1802 3116 2032 3167 universo
2058 3111 2103 3173 C
2136 3106 2518 3161 commendare
2558 3119 2777 3159 suorum
2807 3105 3155 3174 paucitatem,
3206 3102 3331 3170 quia
3383 3103 3463 3170 (ut
3490 3097 3702 3166 dicebat)

448 3209 606 3280 357
629 3210 745 3264 orbe
772 3219 1112 3278 nuncupatur.
1156 3207 1259 3262 Sed
1298 3216 1353 3262 et
1382 3222 1562 3261 rursus
1593 3207 1644 3261 in
1685 3206 1779 3261 lib.
1812 3206 1876 3260 de
1909 3204 2035 3260 Util.

449 3302 665 3356 crcdcn.
698 3316 816 3369 cap.
841 3301 895 3366 7,
940 3300 1125 3355 scribit
1151 3300 1366 3370 quidem
1390 3316 1575 3355 omnes
1600 3300 1880 3354 haereticos
1903 3300 2040 3353 velle

450 3392 620 3445 videri
663 3401 717 3445 et
754 3392 856 3445 dici
904 3391 1234 3445 catholicos:
1278 3392 1371 3445 sed
1412 3407 1569 3444 unam
1610 3400 1787 3446 tamen
1814 3405 1932 3445 esse
1959 3392 2035 3459 (ut

450 3496 641 3537 omnes
660 3480 982 3551 concedunt)
1004 3481 1326 3535 catholicam
1350 3480 1671 3545 Eeclesiam,
1695 3480 2040 3534 multitudine

450 3574 787 3629 refertiorem
812 3614 828 3641 ,
871 3574 917 3628 si
951 3582 1117 3628 totum
1150 3573 1336 3628 orbem
1365 3572 1706 3635 consideres,
1732 3583 1787 3628 et
1814 3572 2040 3626 Veritate

458 3666 808 3722 sinceriorem
837 3666 1049 3721 caeteris
1078 3666 1348 3720 omnibus.
1382 3666 1459 3720 Ex
1488 3681 1591 3735 quo
1615 3666 1695 3735 (ut
1718 3666 1813 3735 ait)
1844 3664 2040 3733 liqueat

416 3766 422 3771 '
451 3758 813 3828 judicantibus
839 3758 1088 3823 arbitris,
1123 3773 1256 3828 quos
1292 3758 1435 3812 nulla
1476 3757 1697 3827 impedit
1722 3758 1889 3826 gratia
1914 3797 1926 3821 ,
1951 3758 2036 3811 cui

455 3851 525 3906 sit
552 3851 870 3907 catholicum
904 3865 1098 3905 nomen
1124 3850 1464 3904 tribuendum
1492 3890 1506 3916 ,
1548 3849 1687 3919 quod
1712 3865 1896 3903 onmes
1928 3863 2041 3901 am-

458 3941 625 3997 biunt.
666 3942 770 3997 Sed
809 3952 863 3996 et
902 3951 1085 4011 postea
1121 3942 1398 3995 audiemus
1428 3956 1496 3995 ex
1546 3941 1761 3994 Vtetore
1800 3939 2040 3995 Uticensi

458 4034 685 4091 Arianos
722 4036 773 4089 in
818 4034 1044 4103 quadam
1075 4033 1481 4103 Carthaginensi
1513 4030 1814 4087 Collatione
1854 4030 2040 4100 impri-

458 4128 558 4183 mis
586 4128 651 4182 de
678 4130 778 4181 hoc
806 4126 960 4181 titulo
988 4126 1133 4181 litem
1162 4106 1418 4181 movisse:

532 4219 672 4274 Sane
701 4217 1022 4271 Novatianos
1050 4217 1335 4287 aliquando
1378 4216 1429 4270 id
1460 4218 1691 4273 irrisisse
1713 4259 1726 4283 ,
1771 4218 1894 4288 quia
1941 4218 2042 4287 (ut

462 4307 700 4380 aiebant)
730 4308 830 4363 sub
860 4308 1131 4378 Apostolis
1174 4325 1329 4363 nemo
1375 4309 1667 4364 catholicus
1712 4310 2036 4376 vocabatur,

465 4402 744 4459 observavi
777 4404 826 4456 in
863 4402 1088 4471 quadam
1120 4404 1341 4471 epistola
1381 4402 1594 4457 Paciani
1626 4402 2039 4457 Barcinonensis

2140 3215 2430 3269 paucorum
2459 3200 2525 3253 sit
2555 3198 2814 3269 sapientia
2850 3216 2861 3251 :
2892 3195 3183 3266 respondet
3207 3194 3309 3249 hoc
3339 3193 3584 3247 omnibus
3608 3190 3705 3245 ha:-

2142 3296 2320 3349 reticis
2347 3293 2670 3349 adversariis
2702 3292 2963 3347 Ecclesia:
2986 3290 3294 3356 catholicae,
3337 3303 3460 3359 qua:
3489 3302 3578 3358 per
3601 3300 3703 3339 om-

2142 3401 2237 3441 nes
2269 3395 2440 3440 terras
2479 3386 2697 3455 copiosa
2728 3384 3000 3439 fertilitate
3040 3381 3377 3448 diﬂ‘unditur,
3417 3381 3469 3434 in
3496 3394 3585 3434 sua
3619 3392 3701 3431 cu-

2137 3478 2333 3546 jusque
2386 3478 2603 3546 propria
2646 3478 2879 3532 vanitate
2927 3489 3215 3530 commune
3260 3487 3405 3528 esse.
3436 3473 3623 3528 Omnes
3646 3469 3703 3523 de

2142 3584 2237 3623 sua
2267 3573 2533 3638 paucitate
2555 3570 2794 3639 gloriari,
2838 3580 2890 3623 et
2928 3567 3187 3622 seducere
3235 3558 3622 3618 multitudinem
3660 3560 3697 3614 si

2142 3662 2387 3731 possint,
2448 3663 2599 3716 velle.
2627 3661 2768 3717 Sane
2800 3662 3073 3724 Socrates,
3122 3658 3256 3711 llist.
3293 3655 3500 3711 Eccles.
3529 3654 3614 3707 lib.
3656 3668 3699 3713 ι,

2142 3773 2260 3827 cap.
2298 3757 2383 3822 lO,
2414 3768 2615 3821 narrat,
2663 3756 2893 3811 Arianos
2945 3756 3175 3823 primum
3221 3750 3487 3823 gloriatos
3516 3761 3623 3801 esse
3647 3744 3699 3797 dc

2142 3864 2234 3903 sua
2268 3847 2631 3903 multitudine.
2677 3847 2773 3902 Ubi
2806 3860 2932 3901 vero
2960 3846 3055 3898 abs
3079 3842 3395 3898 Theodosio
3418 3837 3631 3909 repressi
3658 3843 3701 3887 et

2143 3942 2448 3996 civitatibus
2474 3940 2631 4009 ejecti
2656 3946 2855 4003 essent,
2880 3938 3114 4006 iactasse
3134 3936 3185 3988 in
3204 3934 3439 3989 desertis
3464 3930 3569 3986 suis
3593 3942 3700 3997 syn-

2143 4034 2323 4103 agogis
2360 4032 2510 4097 illud,
2543 4029 2699 4083 Multi
2727 4029 2914 4092 uocati,
2944 4027 3095 4097 pauci
3118 4024 3285 4080 electi.

2212 4126 2347 4180 Cum
2378 4125 2641 4180 sentirent
2670 4120 2963 4175 Donatistze
2998 4132 3119 4173 sese
3146 4129 3375 4170 numero
3404 4126 3458 4169 et
3490 4112 3701 4167 multitu-

2141 4217 2265 4272 dine
2288 4232 2391 4271 non
2416 4228 2573 4285 posse
2601 4212 2849 4267 evincere
2872 4224 3066 4265 nomen
3089 4207 3515 4268 Catholicorom,
3540 4200 3701 4255 Conlu-

2142 4311 2295 4377 ginnt
2333 4307 2398 4362 ad
2430 4306 2585 4360 aliam
2627 4303 3049 4358 cavillationem.
3100 4299 3233 4351 Nam
3262 4306 3381 4351 aeta
3419 4292 3699 4349 Collatiuuis

2144 4406 2388 4463 narrant,
2440 4396 2797 4452 Gaudentium
2840 4392 3065 4453 dixisse,
3115 4388 3219 4441 hoc
3254 4401 3377 4441 esse
3408 4385 3696 4438 catholicum

465 4497 529 4550 ad
561 4496 1010 4566 Sympronianum
1052 4492 1422 4548 Novatianum.
1456 4494 1591 4561 Quid
1636 4506 1812 4549 autem
1845 4502 1905 4546 ut
1936 4493 2034 4546 hoc
2066 4492 2111 4549 D
2138 4492 2278 4562 quod
2303 4488 2657 4545 sacramentis
2688 4488 2903 4555 plenum
2924 4492 3026 4547 est,
3051 4478 3193 4549 quod
3222 4477 3552 4547 perfectura,
3581 4476 3696 4546 quod

473 4603 667 4642 nomen
693 4597 951 4652 tueretur,
975 4586 1313 4655 restiondcrit
1338 4584 1620 4648 Paciauus,
1654 4598 1879 4653 magnus
1908 4582 2033 4637 olim

466 4680 517 4733 in
543 4678 777 4733 Ecclesia
796 4678 1037 4741 antistes,
1061 4676 1246 4730 eadem
1267 4677 1491 4744 epistola
1519 4677 1787 4742 suggerit:
1809 4689 1968 4742 quam
1988 4681 2041 4725 et

467 4770 755 4825 Donatista:
775 4769 963 4839 legisse
977 4775 1281 4836 potuerunt.
1308 4765 1567 4817 Praeterea
1589 4765 1711 4831 quid
1738 4765 1892 4830 paulo
1918 4773 2041 4816 ante

466 4865 818 4935 Augustinum
836 4862 947 4929 ipse
966 4860 1093 4928 imp.
1119 4856 1453 4912 ΤΙιθοιΙοειιιδ
1477 4854 1592 4920 lege
1613 4856 1714 4905 lata
1739 4848 2040 4908 edixerit'ea

468 4956 535 5010 de
566 4972 622 5009 re
663 4955 753 5006 lib.
790 4969 840 5017 ι,
879 4965 995 5018 cap.
1020 4948 1087 5002 de
1116 4959 1322 5001 summa
1361 4942 1551 4996 Trinit.
1582 4942 1733 4996 Nunc
1763 4942 2040 4997 videamus

468 5030 597 5114 quid
628 5040 913 5095 DOItﬂllSl‘d}
942 5036 1326 5097 obtenderent,
1362 5041 1415 5083 ot
1438 5030 1575 5084 hunc
1595 5032 1803 5084 titulum
1830 5031 1930 5085 sibi
1958 5048 2042 5085 ar.

464 5143 711 5204 rogarent
725 5128 941 5195 ,nostris
957 5133 1135 5178 autem
1154 5122 1846 5178 dctrahcrent.Cresc0nius
1868 5124 2009 5177 Dona
2025 5155 2041 5163 -

473 5228 593 5278 tista
624 5216 951 5277 clamitabat,
988 5211 1311 5277 Ecclesium,
1347 5216 1429 5265 cui
1451 5212 1778 5283 Augustinus
1801 5230 2046 5269 coturno—

474 5312 709 5369 nicabat,
736 5319 975 5357 nonesse
1000 5302 1343 5367 catholicam,
1372 5304 1491 5371 quia
1515 5313 1656 5358 totus
1687 5309 1734 5359 ei
1767 5306 1913 5361 orbis
1940 5321 2043 5359 non

475 5396 927 5457 communicaret,
988 5409 1106 5447 eum
1155 5393 1366 5462 quidem
1414 5396 1593 5448 multae
1649 5396 1821 5450 adhuc
1856 5406 2045 5464 gentes

476 5490 739 5550 barbarae,
774 5501 889 5554 qua:
918 5486 967 5539 in
999 5486 1268 5540 Christum
1299 5488 1532 5541 nondum
1575 5489 1917 5543 crediderant
1947 5531 1960 5553 ,
1993 5499 2045 5539 et

476 5581 655 5633 multa:
686 5578 914 5632 haereses
933 5580 1032 5633 sub
1062 5578 1274 5633 nomine
1292 5578 1710 5646 Cbristi,alienm
1740 5597 1767 5635 a
1792 5582 2049 5635 societate

478 5671 868 5725 communionis
931 5671 1211 5741 Augustini
1262 5681 1463 5727 essent.
1535 5674 1861 5744 Augustinus
1908 5672 2050 5725 libro

2145 4584 2567 4645 immaculatum.
2595 4578 2684 4633 Sic
2712 4587 2765 4631 et
2784 4574 3134 4643 Augustinus,
3168 4571 3221 4623 in
3247 4569 3488 4633 Brevic.,
3512 4568 3695 4629 scribit,

2150 4674 2450 4729 Donatistas
2482 4667 2845 4738 respondisse,
2891 4662 3231 4715 Catholicum
3276 4675 3480 4715 nomen
3521 4674 3615 4713 non
3649 4673 3698 4711 cs

2149 4767 2493 4822 universitate
2524 4761 2796 4819 Gentium,
2832 4754 2925 4809 sed
2966 4768 3030 4807 ex
3060 4753 3395 4823 plenitudine
3425 4766 3699 4808 sacramento

2148 4870 2322 4915 torum
2357 4871 2476 4910 esse
2513 4851 2835 4906 institutum.
2876 4847 3072 4901 Verum
3107 4848 3287 4918 inepta
3327 4854 3382 4901 et
3419 4848 3584 4901 inanis
3608 4842 3731 4896 crat‘

2152 4952 2263 5003 lure
2293 4944 2552 5014 argutiola
2583 4957 2595 4993 :
2631 4942 2847 4993 Acutum
2869 4938 3067 5009 aliquid
3098 4940 3196 4992 sibi
3220 4941 3389 4994 dicere
3410 4938 3697 4995 uidebantur,

2152 5037 2321 5105 inquit
2346 5035 2572 5101 August.
2606 5030 2764 5098 epist.
2789 5027 2877 5092 49,
2902 5045 3017 5081 cum
3039 5030 3320 5084 Catholica
3335 5045 3516 5083 nomen
3540 5043 3630 5080 non
3648 5040 3697 5077 es

2152 5128 2304 5183 totius
2339 5123 2473 5177 orbis
2506 5122 2855 5174 communione
2892 5122 3331 5190 interpretantur,
3363 5123 3452 5175 sed
3476 5135 3535 5175 at:
3559 5117 3698 5171 obser-

2150 5218 2367 5274 vatione.
2392 5222 2755 5282 prmeeptorum
2785 5213 3005 5265 omnium
3045 5224 3090 5267 et
3129 5224 3576 5269 sacramentorum.
3608 5207 3699 5263 Ao-

2152 5306 2393 5375 gustinus
2414 5304 2722 5373 respondet,
2756 5305 2911 5357 aliam
2944 5320 3065 5359 esse
3098 5306 3256 5375 hujus
3282 5307 3435 5361 vocis
3464 5300 3697 5373 signiﬁca-

2153 5398 2350 5451 tionem
2384 5439 2398 5463 ,
2432 5406 2487 5451 et
2520 5404 2697 5451 tamen
2726 5410 2783 5450 se
2808 5411 2913 5450 non
2946 5397 2998 5450 in
3029 5410 3091 5451 ea
3134 5396 3379 5465 harrere,
3406 5396 3499 5451 sed
3533 5389 3699 5448 divinis

2154 5488 2383 5542 oraculis
2414 5485 2567 5541 inniti
2608 5485 3043 5556 promittentibus
3091 5486 3395 5542 Ecclesiam
3447 5494 3553 5540 toto
3592 5480 3697 5535 orbe

2154 5577 2417 5632 diffusam.
2443 5578 2509 5631 Et
2528 5592 2657 5655 vero
2679 5578 2765 5632 ille
2794 5577 2931 5632 idem
2958 5577 3293 5633 Gaudentius
3317 5577 3526 5632 tandem
3551 5589 3609 5628 eo
3628 5583 3697 5625 re.

2156 5670 2303 5735 cidit,
2335 5682 2389 5725 ut
2414 5686 2534 5725 cum
2566 5673 2739 5739 urgeri
2785 5686 2841 5725 se
2864 5672 3127 5757 ‘scntirct,
3163 5667 3585 5744 indignabundus
3622 5674 3695 5719 ει·
