3860 6212
491 303 633 358 1ἰ85

485 415 860 483 episcOpatum
890 411 1122 482 gessisse
1162 429 1172 461 :

484 505 682 560 fuisse:
710 516 909 575 quoset
935 499 1340 556 incredibilibus
1363 499 1652 553 calumniis
1669 498 1917 552 insectati
1940 507 2090 563 sunt,

489 611 548 652 ιιι
579 600 650 652 ait
693 597 1019 666 Augustinus
1050 595 1100 647 in
1133 593 1270 648 libro
1298 590 1362 645 de
1393 591 1552 644 unico
1596 590 1892 659 Baptismo.
1932 589 2093 645 Deni-

490 707 594 762 que
622 688 965 745 clamitarunt
982 684 1376 750 Marcellinum,
1402 683 1719 750 Miltiadem,
1739 682 2088 748 Silvesmtm,

489 799 596 838 non
620 782 795 836 mintts
813 779 1099 834 traditores
1116 778 1280 832 fuisse
1301 793 1461 847 quam
1490 777 1860 832 Creeilianum.
1897 776 2091 832 Mirum

488 889 640 939 vero,
667 873 848 942 potius
869 886 974 926 non
1000 859 1269 939 obiecisse
1291 869 1492 931 Liberii
1515 870 1804 939 quamdam
1825 867 2096 924 desertio-

463 981 636 1030 nem,
670 975 725 1019 et
753 963 963 1018 Damasi
988 961 1079 1033 qui
1111 961 1161 1015 ei
1189 962 1478 1027 successit,
1521 960 1835 1017 seditiosam
1874 961 2094 1016 ordina-

486 1059 715 1123 tionem,
763 1072 922 1127 quam
967 1065 1023 1110 et
1070 1054 1348 1124 Pelagiani
1393 1054 1677 1124 propterea
1727 1054 2089 1124 ert-agitaram.

485 1147 621 1204 Nam
651 1149 702 1203 id
732 1148 1063 1219 Augustinus
1088 1147 1377 1216 significat,
1408 1162 1529 1201 cum
1560 1146 1701 1200 libro
1725 1155 1881 1201 sexto
1904 1157 2091 1200 contra

487 1240 691 1298 Julian.
727 1242 932 1312 inquit:
965 1240 1044 1294 De
1071 1241 1430 1294 constituendo
1461 1243 1698 1313 episcopo
1726 1240 2095 1294 dissensionem

489 1335 674 1405 populi
699 1334 846 1388 Rom.
873 1334 1272 1388 insaltabundus
1305 1335 1548 1407 objectas.
1578 1333 1770 1388 Notum
1805 1345 1982 1389 autem
2012 1343 2094 1388 est

491 1443 559 1483 ex
602 1427 908 1494 Ammiano,
955 1426 1132 1497 qualis
1163 1438 1218 1483 et
1247 1443 1406 1497 quam
1446 1438 1669 1482 cruenta
1701 1427 1863 1486 fuerit
1888 1442 1952 1482 ea
1982 1425 2096 1481 dis-

491 1520 676 1577 sensio
701 1565 715 1588 ,
758 1536 881 1576 cum
913 1522 1182 1576 Damasus
1211 1532 1488 1576 crearetur
1527 1524 1835 1593 episcopus.
1887 1520 1993 1576 Sed
2041 1530 2096 1575 ct

488 1614 736 1670 Julianus
763 1613 1110 1684 Pelagianus,
1145 1629 1267 1669 cum
1293 1615 1441 1668 sedis
1480 1614 1737 1667 ltutnanae
1773 1612 2094 1667 auctoritate

489 1719 859 1776 premeretur,
887 1707 1048 1760 etiam
1086 1707 1261 1775 ipsum
1294 1706 1376 1776 (ut
1415 1705 1487 1757 ait
1515 1705 1706 1763 eodem
1742 1704 1862 1759 loco
1883 1705 2096 1773 Augus-

1956 284 2301 343 APPENDIX
2312 328 2324 341 .

1226 408 1318 461 sed
1366 407 1501 460 alios
1549 404 1748 459 deinde
1796 404 2092 459 dissimiles
2118 403 2172 461 A
2197 400 2335 452 rium
2370 400 2526 454 Rom.
2559 407 2614 455 et
2646 398 2887 454 Ecclesia
2916 398 3226 454 Christiana
3267 391 3512 449 maxime
3539 392 3774 454 ﬂorebat,

3658 277 3770 332 “84

2193 491 2297 562 ipsi
2320 492 2649 548 defecissent
2677 493 2743 547 ab
2776 491 3036 546 Ecclesia.
3069 490 3259 556 Neque
3288 486 3624 556 Augustinus
3656 501 3776 542 nunc

2193 585 2425 652 laborat,
2462 595 2520 640 ut
2551 586 2702 640 illum
2732 585 2879 640 Pauli
2909 584 2976 640 ad
3003 582 3528 638 Thessalonicenses
3549 578 3615 632 de
3645 578 3780 632 Anti-

2193 677 2403 734 christo
2430 679 2606 734 locum
2638 687 2873 747 exponat
2903 675 3078 747 :quod
3114 682 3303 744 postea
3331 672 3462 726 fecit
3481 672 3547 724 ad
3577 670 3777 742 Marcel-

2194 773 2364 829 linum
2397 784 2643 829 nostrum
2681 775 2818 828 libro
2847 788 2940 839 xx,
2973 770 3150 841 capite
3182 769 3274 834 19',
3306 766 3376 822 de
3404 766 3630 820 Civitate
3679 765 3775 818 Dei.

2194 867 2427 926 Tantum
2461 881 2604 922 nunc
2630 865 2810 931 diluit,
2839 865 2982 936 quod
3021 880 3088 918 ex
3134 861 3342 917 Hilario
3378 857 3674 914 Donatista:
3699 859 3780 912 ob-

2191 960 2454 1032 iecerant.
2487 959 2674 1014 Hilarii
2706 957 2868 1013 verba
2911 958 2963 1011 in
3008 957 3101 1010 lib.
3127 956 3195 1010 de
3218 953 3427 1026 Synod.
3476 952 3592 1005 hrcc
3633 961 3778 1004 sunt:

2195 1056 2382 1110 Audivi
2409 1065 2455 1108 et
2480 1055 2583 1108 vitli
2609 1052 2729 1107 vitia
2756 1051 3087 1122 prwsentium
3115 1066 3217 1104 non.
3247 1049 3525 1108 faicoram,
3554 1045 3644 1098 sed
3665 1046 3780 1114 cpis-

2196 1166 2458 1220 c0porttm.
2514 1147 2653 1200 Nam
2681 1147 2869 1214 absque
2896 1145 3139 1212 episcopo
3158 1141 3379 1210 Eleasio
3407 1151 3457 1194 et
3477 1139 3656 1208 paucis
3680 1155 3779 1191 cam

2196 1259 2276 1307 co,
2307 1258 2370 1296 ea:
2397 1242 2583 1312 majori
2611 1248 2756 1311 parte
2775 1237 2982 1292 Asiana:
3009 1237 3183 1290 decem
3203 1234 3488 1307 provincia:
3506 1230 3780 1284 Datames.

2195 1334 2355 1386 ciunt.
2389 1333 2553 1399 Atque
2586 1332 2786 1384 utinam
2840 1345 2955 1384 eum
2999 1329 3273 1382 nescirent.
3325 1324 3458 1379 Cum
3510 1323 3782 1393 proclitiori

2196 1428 2330 1481 enim
2360 1427 2517 1480 venia'
2542 1427 2841 1498 ignorarent
2869 1439 3023 1492 quam
3068 1421 3426 1474 obtrectarent.
3461 1418 3521 1472 Si
3550 1417 3780 1471 Donatis-

2196 1511 2264 1572 tae
2289 1520 2411 1572 hinc
2438 1517 2667 1587 probare
2692 1515 2945 1570 volebant
2963 1511 3391 1580 Ecclesiamjam
3419 1520 3533 1563 tttm
3561 1510 3614 1563 in
3644 1509 3786 1581 359

2195 1614 2325 1669 orbe
2362 1612 2623 1682 periisse,
2657 1610 2838 1680 inepte
2884 1609 3066 1662 Asiam
3108 1621 3206 1675 pro
3238 1613 3353 1657 toto
3393 1603 3528 1660 orbe
3575 1602 3783 1670 accipie—

2196 1707 2344 1762 bant.
2358 1707 2610 1775 Quinimo
2625 1705 2677 1758 in
2698 1702 2889 1758 eodem
2903 1701 3040 1755 libro
3054 1699 3292 1755 Hilarius
3309 1696 3602 1752 confitetur
3613 1694 3783 1750 saltem

491 1798 665 1867 tinus)
698 1799 872 1853 beata:
916 1799 1196 1852 memoria:
1225 1796 1506 1850 Zozimum
1528 1838 1540 1860 ,
1586 1797 1898 1864 apostolicae
1945 1794 2091 1848 sedis
2122 1797 2170 1856 B
2195 1799 2382 1856 Gallia;
2416 1807 2470 1853 et
2497 1796 2789 1852 Britannia:
2820 1795 3094 1869 Ecclesias
3127 1793 3179 1846 in
3213 1792 3318 1846 ﬁde
3351 1792 3569 1846 sincera
3617 1787 3785 1858 persti-

492 1891 811 1961 episcopum
831 1932 844 1954 ,
871 1888 1332 1960 przevaricationis
1353 1889 1643 1942 accusavit.
1679 1887 1875 1942 Verum
1906 1887 1995 1941 ubi
2023 1895 2099 1939 ta-

496 1985 570 2039 lia
596 1985 1014 2054 objiciebantur.
1051 1983 1313 2039 Catholici
1340 1983 1738 2049 restiondebant
1758 1996 1878 2036 esse
1899 1980 2104 2034 calum-

493 2078 615 2133 nias
647 2095 657 2128 :
689 2085 743 2131 et
769 2078 891 2130 licet
924 2092 1046 2130 vera
1071 2075 1296 2128 crimina
1330 2083 1531 2138 essent,
1574 2085 1748 2128 tamen
1777 2073 1985 2142 privata
2017 2074 2100 2127 vi-

497 2170 570 2225 tia
604 2184 964 2240 personarum
1008 2168 1256 2237 religioni
1285 2176 1340 2222 et
1385 2167 1663 2233 Ecclesia),
1715 2182 1835 2237 qua:
1877 2175 1932 2221 et
1976 2167 2100 2220 talia

495 2273 719 2333 peceata
753 2261 972 2315 damnat
1003 2276 1108 2314 non
1147 2261 1361 2315 obesse.
1398 2260 1524 2314 Plus
1558 2259 1836 2314 habuisset
1879 2259 2100 2326 coloris,

498 2355 546 2409 si
575 2354 872 2408 Donatista:
900 2353 1248 2421 objccissent,
1272 2351 1414 2421 quod
1444 2352 1561 2420 ipse
1587 2353 1714 2406 olim
1740 2352 2103 2406 Tertullianus

501 2446 634 2502 Afer
658 2447 708 2499 in
741 2447 881 2498 libro
907 2455 1094 2499 contra
1120 2445 1382 2498 Praxeam
1413 2453 1715 2509 notaverat,
1745 2444 1862 2513 ejus
1895 2453 2105 2512 tempo-

506 2539 586 2593 ris
617 2537 912 2591 antistitem
951 2535 1255 2589 Romanum
1289 2550 1456 2605 prope
1500 2534 1877 2588 Moritauistam
1913 2535 2100 2599 fuisse,

507 2640 565 2686 et
593 2629 800 2699 reliqua
844 2629 1248 2695 cumulasscnt,
1288 2643 1407 2697 qum
1439 2629 1554 2697 ipse
1594 2628 1961 2682 Tertullianus
2005 2642 2106 2682 suo

502 2720 782 2776 schismati
813 2720 1060 2775 obtendit
1078 2720 1132 2773 in
1153 2718 1293 2772 libro
1313 2719 1380 2773 de
1405 2719 1590 2774 Pudic.
1611 2732 1663 2775 et
1687 2729 1876 2776 contra
1905 2719 2100 2789 Psyclt.

500 2813 608 2870 Sed
639 2815 722 2868 usi
745 2822 872 2869 sunt
911 2823 1140 2882 patrono
1165 2809 1454 2880 Petiliano,
1475 2812 1563 2881 qui
1597 2823 1702 2866 tam
1733 2811 1831 2866 fuit
1860 2810 2104 2880 ineptus,

502 2923 662 2978 quam
693 2907 869 2960 fuerat
890 2908 1020 2961 olim
1050 2922 1176 2963 acer
1211 2917 1266 2963 et
1308 2907 1603 2962 vehemens
1629 2906 2016 2962 Tcrtulliauus.
2048 2906 2105 2960 Si

504 2999 904 3055 Tertulliauntu
957 3001 1189 3055 alterum
1232 3000 1549 3054 habuissent
1603 3016 1820 3054 suarum
1874 2998 2105 3068 partium

507 3092 562 3148 in
595 3092 920 3157 Collatione,
956 3094 1127 3162 magis
1158 3092 1410 3146 sudasset
1439 3093 1789 3160 AuguSIinns.
1820 3090 1971 3145 Nunc
1993 3091 2108 3146 Ian-

2207 1894 2356 1948 tisse.
2390 1892 2572 1962 Neque
2597 1905 2728 1946 vero
2757 1890 2936 1944 minus
2956 1887 3224 1942 Africana:
3264 1885 3532 1940 Ecclesiae
3561 1881 3782 1943 Asianis-

2203 2003 2350 2040 mnm
2400 1985 2727 2054 rejecerant.
2781 1981 2886 2038 Sed
2956 1980 3289 2051 Augustinus
3333 1980 3440 2033 alia
3486 1977 3783 2034 defensione

2203 2079 2392 2132 utitur.
2426 2075 2708 2143 Quanam?
2760 2075 2847 2128 Ait
2873 2073 3134 2130 Hilarium
3189 2071 3379 2126 decem
3413 2069 3782 2138 provinciarum

2206 2170 2526 2224 Asianarum
2578 2167 2783 2222 zizania
2833 2166 3101 2237 arguisse,
3154 2180 3262 2220 non
3307 2165 3484 2232 ipsum
3538 2163 3781 2229 triticum:

2204 2273 2296 2318 aut
2322 2264 2485 2318 etiam
2527 2263 2701 2333 ipsum
2729 2262 2986 2327 triticum,
3011 2259 3152 2331 quod
3186 2260 3404 2314 defectu
3437 2257 3668 2335 quodam
3711 2273 3783 2327 pe-

2205 2356 2497 2419 riclitatur,
2526 2365 2730 2424 quanto
2759 2353 3162 2416 vehementius.
3199 2361 3348 2407 tanto
3376 2352 3564 2410 utilius
3588 2367 3783 2421 arguen-

2205 2447 2333 2502 dum
2373 2462 2494 2502 esse
2539 2457 2776 2516 putasse.
2813 2447 2903 2514 Ait
2948 2447 3257 2500 Donatistas
3306 2444 3629 2500 calumniari
3651 2443 3783 2498 docto

2207 2543 2346 2607 viro,
2393 2540 2481 2610 qui
2507 2541 2748 2611 graviter
2777 2541 3110 2610 increpabat,
3143 2554 3251 2609 quo
3303 2540 3501 2595 iterum
3549 2540 3782 2609 parturie

2205 2635 2334 2689 bat:
2367 2645 2421 2690 et
2449 2635 2640 2690 eodem
2671 2634 2833 2690 modo
2864 2635 3106 2705 potuisse
3131 2633 3340 2698 dicere,
3392 2649 3491 2689 nec
3525 2643 3604 2688 tot
3629 2633 3785 2687 Eccle-

2206 2728 2314 2782 sias
2354 2726 2578 2783 Galatia:
2607 2738 2733 2782 tunc
2764 2727 2947 2790 fuisse.
2979 2726 3194 2796 quando
3239 2726 3462 2780 dicebat
3497 2725 3782 2794 Apostolus.

2211 2817 2257 2871 0
2283 2820 2427 2872 stulti
2451 2818 2673 2885 Galatia,
2699 2829 2803 2872 etc.
2837 2819 2926 2871 Ait
2957 2819 3250 2874 Ecclesiam
3296 2817 3590 2887 aliquando
3617 2817 3784 2871 obscu-

2209 2914 2350 2976 rari,
2385 2923 2438 2967 et
2477 2921 2751 2978 tamquam
2792 2910 3100 2965 obnubilari
3155 2909 3505 2977 multitudine
3533 2910 3786 2964 scandala-

2208 3024 2328 3068 rum
2361 3028 2373 3062 :
2403 3008 2497 3063 sed
2522 3009 2684 3071 etiam
2717 3018 2842 3061 tunc
2869 3007 2921 3060 iu
2953 3008 3068 3060 suis
3091 3004 3417 3059 firmissimis
3441 3006 3678 3060 eminere
3705 3023 3716 3057 :
3745 3014 3787 3058 et

2210 3098 2501 3168 aliquando
2525 3097 2924 3153 multitudinem
2957 3096 3352 3166 tranquillitate
3375 3098 3634 3165 temporis
3659 3098 3786 3166 quieo

508 3185 702 3256 guidos
741 3192 796 3238 et
825 3185 1017 3238 molles
1056 3185 1276 3238 vincere
1311 3183 1466 3259 facile
1497 3182 1614 3236 fuit.
1646 3181 1778 3236 Nam
1812 3191 1867 3238 et
1906 3181 1950 3236 si
1981 3181 2106 3252 quid

2213 3199 2262 3245 ta
2296 3200 2347 3245 et
2378 3191 2544 3244 libera
2575 3205 2835 3260 apparere
2869 3207 2882 3241 :
2915 3188 3207 3259 aliquando
3247 3190 3608 3247 tentationum
3636 3201 3682 3246 ei
3709 3190 3788 3242 tri-

514 3283 801 3349 objiciunt,
836 3281 962 3350 quid
991 3281 1136 3335 aliud
1181 3296 1363 3349 quam,
1398 3290 1456 3333 ut
1500 3279 1572 3333 ait
1598 3280 1784 3346 Poeta,
1812 3281 1976 3333 telum
2011 3281 2108 3332 im—

510 3372 650 3428 belle
670 3374 788 3428 sine
815 3374 923 3427 ictu
947 3382 1346 3442 contorquent,
1375 3371 1460 3426 vel
1494 3372 1656 3441 (quod
1685 3371 1906 3441 dicitur)
1937 3372 2110 3441 plum-

511 3467 672 3522 beum
698 3477 752 3521 et
792 3468 1044 3521 obtusum
1088 3466 1374 3535 pugiunem
1408 3464 1716 3518 intentant?
1745 3464 1885 3519 Ecce
1925 3479 1993 3518 ne
2022 3480 2112 3518 va-

512 3559 625 3629 gari
670 3559 724 3611 in
757 3572 882 3612 aere
907 3557 1241 3621 viderentur,
1274 3566 1327 3610 et
1354 3571 1515 3624 agere
1535 3596 1550 3618 ,
1589 3557 1706 3610 sine
1735 3557 1844 3610 ullo
1872 3557 2114 3610 testimo-

512 3651 627 3714 nio,
676 3648 966 3719 aliquando
1008 3647 1205 3718 (inquit
1232 3649 1562 3716 Augustinus
1605 3648 1762 3716 epist.
1797 3646 1888 3720 48)
1941 3649 2104 3702 veluti

508 3740 836 3800 insidiantes
868 3739 1192 3795 testimoniis
1221 3738 1438 3802 divinis,
1471 3747 1742 3809 tamquam
1782 3739 1892 3807 jam
1921 3740 2112 3808 periis-

521 3845 604 3890 set
637 3834 879 3888 Ecclesia
917 3832 985 3887 de
1015 3833 1147 3886 urbe
1197 3841 1461 3886 terrarum
1487 3875 1500 3896 ,
1550 3831 1880 3899 objicit-baut.
1926 3831 2114 3885 Hilarii

518 3919 807 3996 quamdam
837 3924 1237 3994 querimoniam
1266 3922 1332 3975 de
1374 3922 1664 3991 provinciis
1690 3921 1963 3986 Asiaticis,
1995 3936 2114 3991 qua:

517 4014 708 4072 Arium
735 4013 1119 4084 sequebantur.
1153 4013 1431 4078 Poterant,
1471 4013 1516 4065 si
1547 4012 1825 4066 doctiores
1851 4013 2116 4066 acriores-

513 4127 618 4181 que
652 4109 910 4174 fuissent,
941 4109 1106 4162 talem
1136 4107 1422 4175 apostasia:
1450 4106 1923 4174 exprobrationem
1956 4119 2117 4174 exag-

517 4219 731 4272 gerarc.
764 4200 896 4255 Nam
947 4201 1062 4266 ipse
1110 4198 1468 4267 Hieronymus
1498 4205 1683 4251 contra
1732 4211 1905 4250 error.
1953 4194 2112 4250 Joan.

519 4296 716 4352 Hicros
743 4313 755 4347 :
788 4293 968 4347 Totum
1001 4291 1218 4364 (inquit)
1253 4291 1533 4355 Orientem,
1582 4303 1788 4362 excepto
1834 4292 2117 4346 Athanasio

524 4399 570 4444 et
604 4388 861 4449 Paulino,
907 4386 1220 4440 Arianorum
1249 4386 1457 4451 haeresis
1482 4385 1793 4455 possidebat.
1838 4384 1951 4438 luto
1989 4401 2118 4439 vero

523 4492 574 4536 et
597 4481 942 4535 Occidentem
976 4487 1322 4548 pervaserat,
1353 4487 1409 4531 et
1450 4478 1624 4546 ipsum
1653 4478 1962 4546 episeopum
2005 4477 2114 4530 Ro-

2208 3281 2544 3336 bulatiunum
2589 3281 2842 3336 ﬂuctibus
2880 3281 3084 3350 operiri
3113 3290 3275 3350 atque
3317 3282 3644 3351 perturbari.
3678 3282 3787 3336 Tale

2209 3385 2389 3429 autem
2421 3383 2635 3444 tempus
2663 3372 2845 3436 fuisse,
2872 3374 2938 3440 de
2966 3389 3074 3444 quo
3095 3374 3318 3442 scripsit
3344 3373 3603 3441 Hilarius.
3631 3374 3784 3436 Addo,

2212 3468 2375 3538 paulo
2403 3477 2544 3537 post,
2574 3475 2818 3534 tempore
2859 3465 3172 3528 Theodosii,
3214 3466 3515 3522 Ecclesiam
3547 3467 3684 3524 illam
3718 3477 3785 3520 ut-

2210 3575 2439 3630 cumque
2463 3560 2743 3614 liberatam
2778 3559 2964 3624 fuisse,
2993 3571 3051 3614 ttt
3084 3577 3270 3615 rursus
3300 3572 3468 3626 esset,
3495 3561 3666 3628 qM'is
3693 3561 3785 3614 fue-

2212 3662 2296 3706 rat
2340 3663 2581 3722 tempore
2609 3652 2968 3708 Constantini.
3014 3654 3187 3719 Addo,
3236 3670 3343 3708 non
3378 3654 3693 3714 dissimilem
3721 3656 3783 3705 ti-

2214 3742 2586 3796 cissitudinem
2615 3745 2746 3797 olim
2789 3743 2960 3797 visam
2998 3758 3118 3798 esse
3157 3752 3210 3797 et
3256 3745 3308 3798 in
3357 3759 3526 3814 regno
3568 3742 3778 3797 Daridis.

2213 3833 2320 3888 Sed
2365 3832 2710 3904 interruptio,
2743 3849 2863 3904 qua:
2891 3834 3101 3889 videtur
3130 3836 3546 3891 continuitatem
3594 3837 3780 3890 abrum-

2215 3939 2368 3994 pere,
2402 3941 2506 3979 non
2535 3925 2672 3980 tollit
2692 3926 3120 3995 perpetuitatem.
3148 3924 3442 3993 Creterum,
3466 3938 3525 3982 ut
3548 3927 3612 3983 ad
3641 3929 3782 3982 Dona-

2215 4020 2367 4072 tistas
2396 4018 2639 4082 redeam,
2674 4019 2720 4073 si
2764 4034 2830 4073 ex
2882 4019 3082 4080 Hilario
3133 4019 3335 4089 aliquid
3379 4019 3618 4088 proferre
3654 4020 3779 4074 vole-

2216 4113 2366 4179 bant,
2405 4113 2547 4182 quod
2587 4115 2886 4183 Augustino
2915 4114 3212 4183 objicerent
3250 4117 3304 4169 in
3354 4115 3461 4169 hac
3487 4130 3666 4181 causa,
3702 4129 3778 4168 car

2217 4220 2326 4259 non
2365 4207 2540 4274 potius
2568 4207 2908 4274 protulerunt
2936 4205 3078 4273 quod
3108 4205 3344 4260 Hilarius
3380 4206 3595 4274 scripsit
3621 4215 3775 4263 contra

2217 4298 2542 4352 Auxentium
2575 4297 2642 4352 de
2673 4297 2948 4352 Ecclesia?
2970 4295 3079 4350 Cur
3107 4312 3212 4351 non
3246 4309 3437 4368 urgent
3470 4296 3615 4366 quod
3637 4295 3777 4363 scrip-

2217 4389 2287 4443 sit
2315 4389 2559 4453 Rulinus,
2593 4389 2851 4444 Ecclesia:
2879 4387 3070 4445 faciem
3093 4389 3205 4457 jam
3232 4404 3300 4443 eo
3337 4397 3583 4457 tempore
3610 4387 3773 4443 ftetlaln

2219 4481 2509 4535 admodum
2541 4480 2743 4535 fuisse?
2777 4481 2894 4534 lmo
2917 4495 3050 4534 vero
3095 4495 3193 4533 cur
3237 4495 3344 4533 non
3390 4479 3652 4546 objiciunt
3674 4492 3772 4545 gra-

524 4587 741 4627 manum
762 4571 1070 4640 iufregerat.
1094 4569 1232 4637 Quid
1249 4569 1469 4622 multis?
1493 4568 1720 4622 Basilius
1743 4570 1900 4638 epist.
1922 4571 2008 4633 60,
2037 4568 2112 4622 ftl-
2142 4559 2190 4619 Ι)
2215 4575 2419 4628 viorem
2468 4574 2860 4642 querimoniam
2912 4573 3091 4627 Basilii
3136 4582 3195 4626 et,
3248 4572 3592 4638 horribilem,
3643 4585 3773 4639 quam

526 4676 670 4721 tetur
695 4681 815 4720 sese
857 4666 1130 4734 cogitasse
1182 4662 1442 4731 principia
1483 4678 1604 4717 esse
1637 4662 1780 4716 illius
1827 4663 2112 4730 apostasia:

523 4760 678 4828 cujus
710 4758 953 4814 meminit
997 4757 1193 4810 Paulus
1218 4757 1284 4810 ad
1327 4756 1518 4810 Thess.
1552 4755 1735 4825 Neque
1767 4772 1871 4809 non
1907 4757 1956 4807 in
1989 4755 2114 4809 Col-

525 4851 726 4906 latione
757 4851 1046 4904 Donatistm
1077 4848 1314 4916 ohjieere
1343 4854 1624 4915 poterant,
1667 4848 1852 4901 urbem
1885 4848 2110 4900 Ruinam

524 4957 552 4994 a
583 4942 831 4996 Barbarie
853 4951 1062 5010 captam
1089 4954 1230 4998 esse.
1265 4949 1319 4992 et
1350 4940 1635 5007 imperium
1674 4939 1978 4991 Romanum
2001 4939 2112 5006 jam

526 5033 829 5101 pessumire
862 5049 874 5084 :
900 5032 1056 5085 sicuti
1082 5046 1148 5085 co
1175 5041 1417 5097 tempore
1451 5029 1811 5099 Hieronymus
1842 5031 1953 5097 ipse
1981 5029 2117 5082 allu-

528 5125 664 5180 dens
695 5126 760 5180 ad
788 5125 932 5178 illum
963 5126 1112 5179 Pauli
1149 5126 1322 5178 locum
1365 5123 1430 5176 ad
1473 5122 1789 5178 TheSsalon.
1821 5135 1871 5177 et
1907 5123 2114 5178 ruinant

533 5216 761 5271 Rutuani
797 5217 1023 5284 imperii,
1055 5231 1175 5284 qua:
1211 5216 1495 5283 apostasia:
1529 5231 1750 5283 regnum
1786 5230 2116 5282 przecessura

524 5309 868 5374 credebatur,
911 5309 1198 5378 deplorans
1231 5307 1282 5358 in
1323 5307 1546 5371 cpistola
1586 5307 1654 5360 all
1694 5306 2009 5360 Gerontium
2051 5308 2119 5361 de

529 5401 743 5471 Monog.
776 5399 940 5469 inquit
976 5418 987 5452 :
1025 5399 1125 5464 Qui
1150 5398 1385 5461 tenebat,
1416 5399 1479 5450 de
1507 5401 1672 5451 medio
1695 5400 1750 5467 ﬁt
1779 5416 1798 5452 :
1829 5410 1873 5452 et
1906 5418 2006 5454 non
2037 5402 2118 5454 in-

524 5496 798 5566 telligimus
827 5494 1195 5546 Antichristum
1229 5494 1680 5562 appropinquare?
1699 5492 1803 5547 Sed
1831 5494 2119 5547 Donatista:

525 5596 692 5655 agunt
739 5586 895 5654 paulo
947 5586 1246 5640 remissius.
1281 5585 1460 5653 Neque
1507 5600 1634 5639 sane
1686 5586 1767 5638 sui
1815 5586 2119 5640 schismatis

527 5678 930 5731 excusationem
973 5675 1308 5745 probabilem
1357 5676 1484 5728 inde
1527 5684 1774 5744 poterant
1829 5687 2111 5745 repetere,

526 5785 649 5823 cum
677 5770 1022 5839 quidemJam
1057 5781 1298 5838 tempore
1327 5769 1664 5823 Constantini
1683 5811 1696 5834 ,
1726 5786 1832 5839 quo
1860 5779 1914 5825 et
1942 5770 2115 5840 impe-

2221 4667 2334 4722 edit
2375 4667 2635 4735 picturam
2668 4666 2922 4720 Ecclesia:
2949 4663 3033 4737 (ιιι
3070 4663 3144 4717 ita
3173 4663 3351 4727 dicam
3397 4664 3639 4731 euufuse)
3672 4676 3777 4716 con-

2220 4760 2390 4816 fusas?
2426 4760 2536 4816 Cur
2563 4775 2669 4814 non
2699 4760 2936 4814 clamant
2973 4759 3362 4829 Hieronymum
3405 4758 3664 4822 conﬁteri,
3691 4755 3777 4810 Ec-

2221 4853 2402 4906 clesia
2427 4854 2611 4908 faecem
2640 4868 2738 4922 pro
2766 4853 3004 4909 Ecclesia
3033 4853 3366 4920 superfuisse
3389 4861 3626 4920 tempore
3645 4850 3778 4917 hujus

2220 4942 2577 4998 Collatiunis?
2603 4944 2712 4999 Cur
2738 4959 2843 4997 non
2875 4945 3041 5012 ipsius
3070 4944 3351 5013 Augustini
3374 4941 3440 4998 ad
3464 4945 3631 5012 ipsum
3658 4942 3776 4995 lar-

2218 5040 2475 5093 celliuum
2515 5039 2678 5092 verba
2705 5053 2770 5091 ex
2799 5036 3027 5107 epistola
3056 5036 3090 5091 5
3127 5045 3414 5105 repetunt,
3451 5035 3518 5089 In
3556 5038 3649 5089 ista
3695 5035 3781 5103 (in-

2219 5131 2356 5201 quit)
2391 5131 2604 5184 coflavie
2633 5146 2830 5182 moram
2859 5129 3192 5200 pessimorum
3239 5138 3288 5182 ct
3317 5129 3500 5182 ueteris
3521 5127 3777 5194 disciplina

2222 5227 2524 5294 deperditaz,
2547 5234 2652 5280 etc.
2690 5225 2883 5280 Verum
2924 5225 3228 5294 simplicem
3275 5220 3780 5279 historiamactiouis

2221 5319 2533 5372 Donatiana:
2560 5332 2966 5386 persequamur.

2294 5412 2428 5465 Cum
2449 5410 2742 5463 Dtmatistae
2767 5409 3110 5474 clamitarent
3153 5406 3457 5465 Ecclesiam
3485 5405 3776 5462 catholicam

2224 5513 2558 5569 apostatasse
2582 5501 2663 5569 (ut
2699 5498 3080 5569 loquebantur)
3105 5509 3271 5567 atque
3299 5497 3528 5567 periisse
3548 5538 3564 5563 ,
3606 5507 3658 5551 et
3697 5495 3776 5547 hoc

2221 5594 2458 5648 clamore
2505 5592 2724 5646 eludere
2768 5592 2970 5646 vellent
3016 5591 3406 5660 prophetarum
3449 5590 3690 5643 Vaticinia
3724 5586 3776 5638 de

2221 5684 2480 5738 Ecclesia:
2519 5683 2691 5751 gloria
2712 5723 2729 5747 ,
2768 5680 3161 5751 amplitudine,
3201 5681 3564 5749 perpetuitate
3591 5696 3608 5730 :
3643 5691 3772 5745 roga-

2219 5783 2346 5829 runt
2371 5771 2636 5831 Catholici
2659 5772 2717 5826 in
2736 5769 3061 5835 Collatione,
3109 5769 3332 5822 ubinam
3356 5768 3612 5837 scripturn
3659 5771 3776 5822 ωτι
