3860 6212
503 335 638 395 1487

1943 325 2303 386 APPENDIX.
2359 335 2362 338 '

3620 334 3732 393 1488

574 448 712 517 Quid
742 445 935 503 deinde
960 444 1273 514 replicariut
1311 441 1570 500 Catholici
1594 484 1609 509 ,
1642 444 1876 501 breviter
1904 457 2071 511 expo-
2099 441 2152 501 A
2177 443 2574 501 communicare
2609 445 2865 502 debuisse
2890 465 2903 491 ε
2933 460 3052 501 cum
3094 448 3313 518 quidem
3350 461 3463 502 non
3501 457 3637 503 esset
3673 451 3735 504 le-

511 543 590 597 nit
635 539 958 607 Augustinus
991 537 1040 589 in
1077 537 1352 591 Breviculo
1387 535 1700 592 Collationis
1733 537 1906 590 tertiac
1935 535 2073 599 diei,

508 632 590 686 his
625 630 818 685 verbis.
854 627 930 682 De
959 627 1253 699 prophetis,
1284 628 1402 697 quia
1437 628 1668 681 dixerant
1702 627 1988 680 Donatistae
2024 625 2076 678 in

507 722 685 778 litteris
712 721 815 774 suis
842 761 856 785 ,
889 736 992 773 non
1032 735 1116 772 eos
1154 719 1530 772 communicare
1566 718 1671 771 illis
1709 719 1761 772 in
1787 735 1914 788 quos
1943 716 2080 770 ntala

505 822 646 868 tanta
689 811 923 865 dixerunt
949 851 963 874 ,
1007 809 1376 878 responderunt
1425 806 1706 872 Catholici,
1752 808 1890 878 quod
1925 823 2080 862 unum

507 905 747 974 templum
791 902 980 973 fuerit,
1012 918 1108 969 quo
1152 901 1374 954 universi
1414 901 1682 954 utebantur
1713 917 1732 956 :
1776 917 1868 955 nec
1905 916 2081 969 quem-

506 1013 658 1066 quam
686 995 1079 1065 prophetarum,
1110 994 1197 1062 qui
1227 1001 1368 1046 tanta
1396 994 1635 1047 dixerunt
1669 995 1722 1048 in
1750 996 1912 1049 malos
1957 1010 2080 1047 con-

502 1089 724 1142 stituisse
770 1086 889 1140 sibi
919 1085 1063 1138 aliud
1113 1085 1396 1155 temﬂum,
1444 1087 1719 1156 sacriﬁcia,
1770 1089 2075 1142 sacerdotes.

504 1179 648 1235 Idem
672 1177 999 1246 Augustinus
1024 1175 1076 1230 in
1100 1176 1192 1230 lib.
1221 1189 1403 1231 contra
1445 1178 1703 1232 Donatist.
1733 1186 1852 1248 post
1882 1179 2078 1234 Collat.

505 1285 624 1339 cap.
662 1268 765 1323 20:
799 1266 976 1320 Adhuc
998 1307 1012 1329 ,
1046 1267 1247 1335 inquit,
1288 1267 1472 1322 audent
1516 1285 1908 1324 commemorare
1958 1287 2078 1339 pro-

507 1361 707 1431 phetica
742 1369 790 1413 et
821 1359 1100 1427 apostolica
1129 1360 1413 1414 testimonia
1438 1400 1452 1424 ,
1482 1361 1665 1430 quibus
1692 1378 1783 1416 nos
1811 1363 2074 1417 universa-

505 1453 621 1506 liter
653 1453 705 1505 in
738 1451 832 1504 illa
861 1448 1146 1503 Collatione
1175 1452 1527 1522 respondimus
1548 1494 1562 1517 ,
1591 1454 1908 1508 ostendentes
1937 1456 2076 1523 ipsos

504 1542 776 1612 prophetas
815 1551 1015 1595 sanctos
1040 1558 1155 1595 cum
1183 1541 1365 1610 iniquis
1394 1544 1447 1597 in
1488 1560 1587 1598 uno
1616 1547 1802 1617 templo
1820 1588 1834 1612 ,
1869 1547 1960 1600 sub
1987 1548 2076 1601 iis-

505 1633 619 1688 dem
643 1633 981 1688 sacerdotibus
1001 1633 1130 1686 inter
1159 1634 1331 1687 eadem
1361 1645 1676 1689 sacramenta
1702 1647 1923 1691 versatos
1941 1679 1953 1701 ,
1984 1653 2075 1692 nec

504 1733 668 1777 tamen
711 1740 742 1775 a
784 1724 931 1776 malis
974 1723 1130 1789 [uisse
1157 1723 1414 1793 pollutos,
1459 1727 1578 1790 quia
1611 1735 1892 1793 noverant,
1944 1727 2074 1780 inter

2177 535 2420 605 gitimam
2454 537 2624 592 altare
2663 546 2812 593 extra
2844 539 3093 606 templum
3127 557 3142 593 :
3173 540 3390 595 tametsi
3420 540 3732 594 sacerdotum

2178 636 2231 680 et
2263 628 2442 697 populi
2475 629 2579 682 vita
2612 627 2802 684 fuisset
2833 630 3055 684 minime
3097 631 3315 686 vitiosa.
3357 631 3430 686 Et
3470 646 3596 687 vero
3629 647 3735 702 pro-

2134 720 2136 724 ’
2182 719 2355 786 pheta:
2383 719 2538 774 aliter
2559 720 2957 790 reprehendunt
2991 723 3250 777 sacriﬁcia
3279 722 3470 790 Iuda,
3499 724 3646 778 aliter
3671 723 3736 780 ls-

2180 813 2356 868 raelis.
2390 812 2444 866 In
2489 813 2590 868 illis
2615 815 2756 868 enim
2796 815 3197 885 reprehendunt
3228 817 3556 888 hypocrisim
3576 824 3629 874 et
3655 818 3736 872 im-

2180 904 2431 974 pietatem
2461 920 2862 974 persouarum:
2893 907 2944 961 in
2985 907 3069 961 his
3109 924 3240 963 vero
3277 908 3509 962 formam
3549 923 3736 978 quoque

2179 1007 2233 1053 et
2261 998 2610 1054 substantiam
2643 999 2878 1068 ipsorum
2903 1001 3310 1056 sacriﬁciorum.
3346 1002 3672 1072 Augustinus
3693 1002 3735 1057 in

2178 1083 2314 1143 libro
2337 1100 2457 1158 post
2475 1089 2672 1145 Collat.
2696 1089 2798 1144 ait:
2824 1091 3188 1159 Quaestionem
3215 1090 3354 1145 hanc
3376 1092 3431 1145 in
3458 1091 3737 1147 Collatioue

2177 1180 2341 1236 fuisse
2365 1181 2641 1237 evidenter
2670 1182 2921 1237 solutam.
2951 1182 3062 1252 Ego
3084 1197 3211 1236 vero
3237 1182 3320 1254 (ut
3346 1181 3482 1236 nihil
3512 1181 3739 1236 dissimu-

2178 1271 2308 1343 lem)
2333 1288 2496 1344 cogor
2524 1274 2705 1330 dicere
2743 1273 2912 1330 fuisse
2944 1273 3248 1329 evidentem
3277 1272 3564 1344 utriusque
3593 1273 3739 1342 partis

2178 1367 2460 1435 quemdam
2488 1383 2762 1436 errorem,
2791 1377 2844 1424 et
2871 1369 3085 1438 quidem
3109 1368 3250 1438 juris
3275 1378 3328 1423 et
3361 1367 3489 1423 iacti
3523 1383 3736 1422 ermrem

2178 1457 2429 1525 quamdiu
2461 1473 2567 1513 non
2590 1458 2879 1513 adhibetur
2899 1459 3170 1513 distinctio
3188 1501 3202 1524 ,
3234 1473 3398 1529 quam
3423 1458 3555 1511 dixi.
3577 1456 3737 1534 Itaque

2178 1547 2347 1601 miror
2371 1563 2492 1601 eum
2525 1549 2577 1601 iu
2603 1548 2894 1604 collatione
2921 1546 3334 1618 Carthaginiensi
3365 1547 3621 1604 adessent
3650 1557 3736 1602 tam

2179 1639 2329 1694 multi
2353 1640 2594 1709 przeclari
2620 1640 2907 1703 antitistes,
2935 1640 3203 1695 neminem
3232 1640 3558 1695 observasse
3577 1639 3738 1693 discri-

2179 1744 2298 1784 men
2347 1729 2509 1795 illud,
2547 1729 2688 1799 quod
2722 1729 2883 1784 toties
2923 1736 2979 1784 et
3023 1737 3127 1782 tam
3159 1728 3445 1784 evidenter
3485 1729 3736 1799 proiibetze

502 1822 731 1866 sanctum
761 1823 808 1864 et
838 1814 1153 1864 immundum
1171 1852 1188 1878 ,
1219 1829 1320 1865 non
1355 1814 1507 1866 sicuti
1533 1815 1615 1866 isti
1646 1817 1865 1869 sentiunt
1893 1833 2074 1883 corpo-
2103 1808 2150 1866 B
2179 1799 2469 1853 ίηοηιοδηιο

500 1904 675 1956 raliter
702 1903 944 1972 pepulum
975 1902 1277 1966 dividendo,
1307 1905 1395 1957 sed
1425 1906 1546 1958 bene
1562 1907 1855 1977 judicaudo
1875 1916 1921 1961 et
1950 1908 2076 1962 bene

501 1993 740 2056 vivendo,
784 1993 1083 2046 discernere.
1113 1992 1256 2048 Idem
1298 1994 1463 2063 paulo
1497 2006 1616 2065 post
1659 1999 1876 2067 propius
1920 2015 2076 2056 acce-

499 2085 631 2140 dens
657 2084 722 2139 ad
757 2084 1148 2139 Donatistarum
1174 2085 1529 2153 objectionem
1549 2128 1563 2150 ,
1594 2088 1668 2143 ait
1694 2106 1706 2142 :
1736 2090 1870 2160 quod
1890 2095 2073 2160 jussus

496 2187 567 2230 est
597 2177 796 2244 quidem
840 2177 1087 2241 prOpheta
1130 2192 1219 2229 nec
1263 2194 1444 2246 panem
1487 2178 1797 2234 manducare
1820 2223 1834 2246 ,
1865 2199 1954 2236 nec
1992 2183 2074 2235 vi-

496 2282 617 2320 num
645 2265 808 2318 bibere
841 2265 894 2318 in
923 2265 1162 2319 Samaria
1185 2308 1199 2332 ,
1227 2284 1325 2337 quo
1358 2268 1542 2322 missus
1571 2269 1738 2338 fuerat
1766 2312 1781 2338 ,
1822 2282 1874 2325 ut
1911 2275 2071 2328 corri-

500 2363 636 2426 peret
658 2373 741 2410 eos
762 2355 849 2424 qui
874 2372 1048 2410 vaccas
1074 2358 1439 2411 constituerant
1465 2358 1757 2415 adorandus
1780 2379 1922 2422 more
1955 2363 2072 2416 ido-

496 2447 659 2500 lorum
689 2444 1092 2520 ngyptiorum,
1135 2447 1230 2500 hoc
1258 2451 1465 2502 omnino
1506 2452 1674 2517 facere
1723 2453 1895 2507 debuit
1935 2455 2070 2525 quod

409 2534 417 2539 ’
495 2548 801 2609 praeceperat
831 2529 1102 2603 Dominus,
1136 2541 1217 2592 cui
1246 2550 1364 2594 tunc
1391 2557 1449 2596 eo
1480 2544 1628 2597 modo
1655 2544 1774 2600 illos
1815 2548 2071 2616 corripere

493 2634 686 2703 placuit
723 2643 778 2687 ut
819 2635 946 2687 nihil
986 2635 1054 2687 ibi
1093 2643 1317 2705 tangeret
1368 2636 1617 2706 propheta
1644 2653 1790 2701 quem
1837 2638 2062 2692 miserat.

495 2727 759 2796 Numquid
790 2730 921 2783 enim
950 2731 1002 2783 in
1048 2730 1273 2784 Ecclesia
1326 2749 1426 2786 non
1467 2733 1525 2802 ﬁt
1566 2736 1791 2804 quotidie
1814 2778 1829 2802 ,
1866 2737 2068 2805 quando

494 2833 576 2871 eos
597 2858 611 2883 ,
637 2834 762 2887 quos
788 2820 955 2873 acrius
981 2821 1285 2890 corripimus
1302 2862 1316 2885 ,
1348 2823 1548 2876 etiamsi
1576 2825 1627 2877 in
1663 2841 1837 2878 eorum
1875 2842 2066 2894 posses-

489 2909 631 2963 sione
653 2927 859 2977 sumus,
891 2911 1018 2964 nihil
1053 2911 1121 2964 ibi
1154 2913 1292 2980 apud
1318 2901 1405 2967 eos
1446 2917 1786 2985 contingimus
1806 2957 1820 2981 ,
1856 2925 1914 2969 ut
1953 2933 2070 2972 sen-

491 3002 618 3056 tiant
647 3014 888 3072 quantum
918 3021 1092 3058 eorum
1126 3018 1330 3072 peccata
1357 3007 1617 3061 doleamus
1636 3009 1661 3060 ?
1691 3009 1958 3078 Numquid
1987 3021 2067 3066 ta-

491 3108 604 3144 men
630 3092 742 3145 ideo
771 3091 928 3162 plebis
957 3094 1198 3147 discessio
1229 3097 1462 3162 facienda
1490 3108 1596 3163 est,
1633 3109 1688 3152 ut
1718 3101 1848 3154 sicut
1892 3103 2062 3157 mollis

2252 1889 2417 1944 Recte
2445 1889 2733 1945 Donatista:
2754 1889 2904 1942 aiunt
2924 1886 3092 1942 Eliam
3117 1898 3170 1944 et
3192 1887 3449 1943 Elismum
3475 1904 3734 1960 numquam

2175 1983 2611 2060 communicasse
2645 1982 2906 2060 altaribus
2942 1981 3197 2037 Samaria:
3219 2022 3235 2048 ,
3279 1992 3335 2036 et
3379 1994 3655 2053 propterea
3691 1985 3733 2040 in

2174 2055 2469 2129 solitudine
2505 2081 2745 2129 moratos
2784 2057 2924 2128 esse.
2962 2073 3143 2143 Itaque
3186 2075 3357 2130 miror
3399 2075 3731 2146 Augustinum

2173 2175 2534 2242 respondere,
2568 2174 2734 2228 Eliam
2761 2182 2814 2228 et
2849 2172 3095 2227 Elismum
3133 2186 3237 2227 n0n
3275 2171 3446 2228 fuisse
3485 2174 3539 2228 iu
3569 2174 3732 2230 solitu~

2172 2265 2298 2320 dine
2327 2264 2736 2320 devitandorum
2775 2263 3030 2318 Samaria:
3072 2272 3534 2320 sacramentorum
3570 2281 3727 2323 causa.

2173 2355 2492 2409 Habitarunt
2524 2355 2684 2408 etiam
2725 2353 2778 2408 in
2818 2353 3027 2408 Bethel.
3066 2353 3173 2410 Sed
3220 2371 3516 2428 numquam
3551 2367 3638 2412 aut
3668 2353 3728 2413 ibi

2171 2445 2572 2510 sacrificarunt,
2618 2455 2711 2500 aut
2753 2446 2871 2516 ejus
2897 2446 3013 2506 loci
3056 2447 3338 2503 sacriﬁciis
3385 2452 3728 2505 communica-

2171 2544 2312 2591 runt.
2341 2537 2580 2606 Denique
2610 2545 2664 2592 et
2698 2538 2966 2608 singulare
3000 2548 3054 2594 et
3091 2539 3581 2597 extraordinarium
3615 2542 3726 2611 fuit,

2170 2629 2311 2699 quod
2348 2629 2400 2683 in
2435 2637 2617 2683 monte
2642 2628 2891 2685 Carmelo
2939 2629 3086 2685 Elias
3130 2631 3301 2687 semel
3338 2633 3724 2690 sacriﬁcaverit.

2170 2723 2370 2778 Saltem
2411 2739 2531 2778 cum
2564 2723 2887 2792 Augustinus
2907 2724 2982 2779 ait
3022 2724 3192 2779 Eliam
3221 2733 3318 2780 aut
3350 2725 3603 2780 Elissam
3634 2742 3727 2780 non

2170 2816 2435 2872 devitasse
2461 2828 2791 2872 sacramenta
2821 2817 3104 2884 Samarize,
3133 2817 3575 2888 distinguendum
3600 2827 3730 2874 esset

2170 2913 2308 2963 inter
2347 2919 2677 2964 sacramenta
2725 2909 3151 2965 circumcisionis
3190 2918 3245 2965 et
3279 2921 3616 2967 sacramenta
3655 2926 3730 2967 sa.

2168 3002 2511 3057 eriﬁciorum.
2543 3000 2810 3057 Sacriﬁcia
2847 3010 2992 3057 certe
3026 3002 3076 3056 in
3115 3001 3363 3057 Samaria
3410 3004 3630 3058 omnino
3660 3003 3730 3055 vi-

2168 3095 2325 3148 tanda
2362 3104 2416 3149 et
2462 3093 2710 3165 fugienda
2757 3105 2953 3150 erant:
2995 3095 3116 3165 quia
3163 3110 3270 3149 non
3314 3096 3418 3151 nisi
3459 3097 3515 3151 in
3546 3095 3729 3165 templo

490 3184 644 3236 herba
663 3223 676 3245 ,
705 3182 976 3237 indiscrete
998 3185 1315 3238 eradicentur
1337 3187 1529 3255 infirmi
1551 3230 1564 3251 ,
1587 3191 1674 3259 qui
1697 3191 1757 3244 de
1777 3193 2060 3262 pectoribus

2169 3185 2647 3257 llierosolymitano
2666 3186 2746 3239 fas
2775 3197 2886 3241 erat
2914 3185 3239 3243 sacriﬁcare.
3261 3185 3369 3243 Sed
3404 3187 3728 3244 circumcisio

490 3274 748 3328 hominum
768 3315 781 3335 ,
805 3282 850 3329 et
879 3275 1064 3344 ignotis
1103 3275 1250 3344 factis
1269 3319 1284 3342 ,
1311 3279 1508 3334 etiamsi
1536 3281 1677 3335 nobis
1702 3283 1800 3337 sint
1824 3285 2024 3358 cegnita
2041 3327 2055 3352 ,

479 3367 717 3436 judicare
745 3385 845 3420 non
872 3371 1125 3434 possunt?
1154 3369 1292 3423 Nam
1317 3373 1371 3424 in
1396 3375 1509 3441 ipsa
1543 3375 1780 3431 Samaria
1811 3387 1857 3432 et
1883 3378 2059 3433 Helias

486 3467 534 3510 et
564 3457 812 3513 Helisaeus
842 3467 1011 3522 erant,
1045 3469 1091 3512 et
1127 3461 1170 3513 si
1211 3462 1308 3530 ipsi
1332 3463 1384 3514 in
1412 3463 1686 3520 solitudine
1705 3507 1720 3531 ,
1763 3486 1863 3523 non
1894 3479 2061 3524 tamen

488 3548 871 3602 devitandorum
908 3560 1339 3604 sacramentorum
1377 3569 1563 3619 causa,
1592 3556 1680 3609 sed
1727 3557 1846 3627 quia
1889 3575 2060 3629 perse-

485 3643 735 3695 cutionem
755 3641 817 3696 ab
839 3642 1006 3712 impiis
1034 3644 1234 3712 regibus
1257 3645 1592 3711 patiebantur.
1621 3646 1759 3701 Nam
1783 3649 1891 3704 illic
1916 3659 2060 3704 erant

485 3749 585 3786 non
606 3734 774 3802 utique
802 3734 854 3787 in
880 3734 1181 3800 solitudine,
1211 3745 1442 3801 separata
1459 3779 1473 3801 ,
1497 3754 1608 3806 quae
1634 3740 1742 3810 ipsé
1787 3742 2058 3811 ignorabat

484 3821 703 3888 Helias,
751 3833 935 3892 septem
981 3825 1145 3878 millia
1186 3823 1442 3892 uirorum,
1486 3829 1575 3898 qui
1633 3847 1736 3883 non
1783 3843 2056 3887 curvarum

482 3928 612 3982 genu
640 3923 756 3966 ante
801 3911 948 3967 Baal.
985 3913 1107 3968 Hmc
1147 3915 1253 3970 ille.
1291 3916 1385 3971 llic
1427 3932 1555 3972 vero
1583 3935 1802 3976 neceSse
1829 3931 1949 3988 est,
1997 3933 2055 3978 ut

486 4005 714 4074 ingenue
749 4004 921 4060 dicam
945 4047 958 4071 ,
1000 3990 1145 4075 quod
1186 4007 1378 4062 sentio.
1417 4009 1547 4064 Cum
1588 4010 1895 4082 diligentius
1923 4029 2053 4069 cou—

484 4097 661 4152 sidero
701 4113 818 4166 qua:
864 4097 972 4166 jam
1018 4097 1238 4152 recitata
1282 4107 1440 4164 sunt,
1485 4101 1732 4157 videntur
1770 4105 1898 4158 mihi
1946 4115 2051 4160 tam

483 4187 738 4243 Catholici
779 4202 935 4255 quam
976 4186 1262 4242 D'on'atistte
1297 4190 1690 4246 inconsiderate
1711 4195 2045 4252 confundere

484 4276 766 4332 discrimen
789 4276 927 4346 quod
951 4278 1076 4332 olim
1102 4276 1198 4332 fuit
1218 4279 1558 4334 interJudam
1583 4291 1635 4336 et
1661 4283 1907 4339 Israelem
1926 4328 1941 4350 ,
1973 4286 2054 4339 in-

483 4376 670 4438 terque
705 4367 1032 4422 Hierusalem
1069 4380 1122 4423 et
1156 4369 1471 4436 Samariam.
1515 4372 1643 4426 Nam
1676 4386 1731 4428 ut
1766 4375 2052 4432 Donatistae

483 4459 702 4515 confuse
721 4459 1053 4515 contendunt
1078 4461 1362 4530 pr0phetas
1385 4475 1598 4532 propter
1623 4464 1893 4521 hominum
1921 4469 2046 4523 vitia

2163 3277 2412 3331 similiter
2439 3277 2641 3344 templo
2671 3277 2882 3346 alligata
2905 3293 3019 3332 non
3042 3287 3178 3333 erat.

2233 3368 2398 3424 Recte
2424 3383 2607 3422 rursus
2627 3369 2918 3424 Donatistte
2940 3370 3008 3425 de
3037 3370 3313 3440 prophetis
3339 3369 3480 3427 Osca
3501 3365 3558 3427 et
3576 3371 3726 3428 Amos

2161 3456 2377 3524 dixere,
2420 3457 2560 3529 quod
2597 3459 2664 3513 de
2695 3458 2810 3513 Elia
2851 3468 2906 3514 et
2943 3460 3171 3527 Elismo,
3216 3464 3338 3531 quia
3373 3463 3619 3518 similiter
3655 3463 3724 3516 illi

2161 3550 2436 3618 prepheta:
2463 3551 2691 3625 agebant
2738 3566 2858 3605 cum
2899 3551 3156 3606 lsraelitis
3177 3593 3191 3616 ,
3223 3563 3278 3607 et
3324 3566 3506 3610 tamen
3540 3556 3724 3610 clama-

2161 3639 2287 3692 baut
2306 3681 2319 3704 ,
2355 3638 2436 3693 Ne
2460 3641 2584 3694 eatis
2613 3641 2665 3693 in
2696 3637 2897 3712 Gilgal,
2931 3657 2993 3694 ne
3023 3642 3316 3695 ascendatis
3345 3645 3400 3696 in
3426 3640 3687 3699 Bethaueut
3706 3661 3723 3696 :

2160 3728 2260 3784 hoc
2283 3739 2392 3794 est,
2422 3745 2490 3786 ne
2519 3732 2924 3787 communicetis
2952 3732 3232 3786 sacriﬁciis
3253 3731 3473 3788 Israelis
3499 3736 3608 3790 sive
3633 3736 3695 3790 Sa

2159 3822 2361 3876 marite.
2395 3821 2464 3877 At
2494 3838 2599 3877 non
2639 3821 2888 3878 similiter
2928 3822 3216 3887 dixissent,
3245 3821 3332 3877 Ne
3365 3824 3642 3878 ascendatis
3674 3825 3718 3876 iu

2158 3912 2505 3968 Hierusalem.
2533 3914 2675 3984 Ergo
2719 3915 2856 3969 male
2900 3914 3194 3969 Donatista
3239 3915 3576 3985 subjiciunt:
3609 3915 3719 3969 lant

2156 4021 2271 4058 vero
2309 4006 2363 4058 in
2395 4005 2518 4059 urbe
2550 4003 2908 4075 Hierosolyma
2933 4005 3187 4077 quomodo
3215 4016 3452 4075 poterant
3477 4008 3717 4077 propheta

2155 4096 2424 4162 sacriﬁciis
2474 4096 2786 4163 peccantium
2837 4096 3100 4148 hominum
3159 4098 3568 4164 communicare,
3616 4111 3717 4166 qua

2156 4183 2325 4244 divino
2351 4184 2531 4252 spiritu
2555 4185 2691 4254 pleni
2715 4182 3043 4238 damnabant.
3069 4183 3243 4254 Atque
3270 4187 3324 4240 in
3348 4187 3432 4241 his
3454 4185 3715 4255 Propheta:

2154 4274 2480 4329 damnabant
2516 4290 2623 4328 non
2661 4285 2766 4328 tam
2798 4273 3045 4328 sacriﬁcii
3079 4273 3338 4342 formam,
3373 4291 3531 4347 quam
3566 4275 3714 4330 sacri-

2155 4365 2363 4421 ﬁcantis
2393 4367 2684 4437 hypocrita:
2711 4379 3016 4436 personam.
3643 4441 3650 4447 .
3704 4356 3711 4364 ’

2225 4460 2331 4515 Sed
2373 4469 2427 4514 et
2456 4461 2541 4515 ubi
2578 4461 2869 4514 Donatista:
2898 4457 3294 4513 concludebant
3316 4498 3331 4519 ,
3365 4452 3710 4514 Commodis-

484 4567 590 4606 uon
619 4552 1041 4607 communicasse
1080 4552 1354 4608 sacriﬁciis
1393 4555 1504 4610 sive
1548 4556 2048 4629 Hierosolymitanis

2169 4552 2232 4605 iis
2259 4553 2435 4622 fuisse,
2468 4569 2572 4605 non
2612 4550 3010 4613 communionis,
3056 4548 3196 4618 quod
3227 4547 3503 4618 Propheta:
3540 4549 3708 4620 fuerint

480 4642 592 4696 sive
622 4642 968 4698 Samaritauis
997 4661 1010 4696 :
1044 4644 1120 4699 sic
1163 4643 1422 4700 Catholici
1466 4662 1569 4701 non
1615 4649 1788 4705 minus
1827 4652 2050 4708 confuse

477 4741 660 4786 contra
693 4734 1017 4790 contendere
1043 4735 1296 4790 videntur
1320 4778 1335 4802 ,
1363 4745 1470 4791 tam
1510 4738 1593 4793 his
1620 4755 1778 4808 quam
1820 4741 1926 4795 illis
1955 4759 2041 4797 sa-

479 4823 690 4878 criﬁciis
719 4823 836 4879 illos
857 4825 1316 4891 communicasse,
1344 4835 1399 4881 et
1421 4829 1633 4882 tametsi
1661 4831 1900 4885 moribus
1927 4848 2048 4888 sese

477 4924 1020 4980 separarent,tamen
1065 4918 1323 4972 altaribus
1370 4918 1531 4973 fuisse
1573 4920 1911 4990 conjunctos.
1955 4922 2048 4976 At-

477 5006 563 5073 qui
585 5045 600 5068 ,
636 5015 694 5058 ut
720 5007 833 5074 ipse
863 5010 1185 5076 Augustinus
1207 5012 1299 5066 lib.
1336 5026 1444 5066 xvn
1477 5011 1544 5065 de
1568 5012 1729 5066 Civit.
1768 5014 1860 5068 Dei
1882 5055 1895 5077 ,
1922 5029 2039 5084 cap.

477 5093 547 5147 22
573 5136 585 5159 ,
629 5104 773 5149 recte
813 5095 1068 5160 dixerat,
1105 5099 1156 5153 in
1200 5099 1394 5155 Israele
1441 5115 1628 5155 omnes
1677 5117 1830 5172 reges
1877 5102 2041 5159 fuisse

473 5184 732 5251 reprobus
751 5224 766 5247 ,
806 5198 908 5236 non
949 5185 1111 5239 etiam
1151 5189 1200 5241 in
1240 5190 1374 5244 Juda
1401 5211 1414 5246 :
1443 5192 1521 5246 sic
1550 5191 1728 5248 dicere
1755 5194 1939 5248 debuit
1972 5195 2040 5249 de

472 5275 751 5330 sacriﬁciis
787 5292 800 5328 :
842 5284 894 5328 et
943 5276 1159 5344 quidem
1203 5281 1479 5336 sacriﬁciis
1533 5283 2037 5354 Hierosolymitanis

469 5365 895 5421 communicasse
941 5365 1228 5432 prophetas
1252 5379 1302 5423 et
1329 5373 1726 5426 communicare
1748 5374 2000 5429 debuisse
2017 5414 2032 5439 ,

470 5457 722 5527 quamdiu
763 5455 974 5510 illorum
1021 5456 1253 5520 legitima
1297 5471 1410 5515 erat
1449 5462 1614 5516 forma
1655 5482 1666 5516 :
1701 5467 1911 5518 tametsi
1945 5481 2031 5520 sa-

466 5550 737 5603 cerdotum
767 5556 821 5601 et
860 5547 1037 5616 populi
1083 5563 1268 5615 magna
1296 5547 1434 5606 esset
1479 5554 1676 5622 alioqui
1718 5558 2026 5626 corruptio,

466 5648 519 5690 et
544 5637 840 5690 damnanda
869 5636 1184 5706 hypocrisis.
1218 5638 1321 5693 Sed
1349 5644 1622 5698 sacriﬁciis
1661 5646 1875 5702 Israelis
1913 5649 2027 5703 sive

2150 4644 2282 4696 inter
2323 4659 2406 4696 eos
2429 4685 2441 4707 ,
2473 4659 2599 4711 quos
2646 4640 2956 4694 damnabant
2991 4654 3011 4692 :
3041 4638 3244 4693 llursus
3289 4639 3706 4712 distinguendum

2149 4736 2246 4789 fuit
2299 4736 2437 4788 inter
2473 4732 2675 4786 'Judam
2729 4739 2784 4784 et
2838 4730 3113 4783 Israelem.
3171 4729 3459 4806 Pr0plgetae
3509 4731 3704 4801 quidem

2149 4829 2309 4883 etiam
2345 4824 2558 4880 oriundi
2600 4836 2670 4877 ex
2699 4821 2864 4898 Juda,
2904 4821 3198 4890 migrarunt
3234 4823 3287 4876 iu
3334 4823 3584 4879 Israelem
3607 4864 3622 4890 ,
3657 4831 3708 4878 ut

2150 4921 2220 4974 ibi
2275 4926 2706 4976 commorautes,
2754 4930 2858 4967 non
2907 4913 3123 4982 quidem
3168 4917 3428 4972 altaribus
3469 4918 3705 4974 Samaria

2147 5008 2634 5067 communicarent;
2665 5003 2759 5058 sed
2786 5012 2844 5058 ut
2871 5018 2933 5058 ea
2962 5005 3286 5062 damnarent
3312 5025 3325 5062 :
3359 5009 3517 5064 sicuti
3545 5009 3705 5064 fecere

2147 5102 2312 5155 Amos
2354 5107 2408 5151 et
2443 5096 2629 5151 Oseas.
2663 5095 2861 5151 Levita:
2904 5106 3115 5163 autem,
3153 5099 3244 5168 qui
3286 5100 3337 5153 in
3375 5099 3583 5156 Israelis
3621 5098 3706 5153 tri-

2145 5189 2316 5241 bubus
2361 5186 2712 5250 habitabant,
2754 5185 2874 5240 inde
2916 5201 3106 5243 omnes
3146 5189 3399 5259 fugerunt
3443 5191 3498 5245 in
3528 5188 3701 5245 urbem

2141 5279 2594 5348 Hierosolymam,
2626 5277 2718 5331 ubi
2747 5287 2949 5331 tantum
2979 5279 3287 5336 sacriﬁcare
3316 5280 3398 5335 fas
3431 5290 3564 5336 erat.

2212 5371 2526 5435 Donatistm,
2564 5377 2622 5422 ut
2649 5368 2951 5424 refellerent
2979 5370 3120 5440 quod
3155 5370 3418 5426 Catholici
3446 5371 3512 5427 in.
3541 5369 3702 5437 Colla-

2132 5460 2332 5515 latione
2361 5460 2604 5514 dit-erant
2631 5501 2644 5524 ,
2677 5461 2934 5526 moribus,
2982 5477 3087 5516 non
3128 5462 3449 5532 corporibus
3473 5467 3636 5518 bonos
3665 5475 3696 5515 a

2134 5552 2288 5606 malis
2317 5551 2553 5621 separari
2582 5552 2802 5616 debere,
2832 5553 3133 5622 allegarunt
3156 5554 3289 5609 illud
3323 5555 3504 5610 Isaiae:
3532 5553 3696 5608 Disce-

2132 5645 2236 5698 dite
2259 5687 2272 5711 ,
2306 5645 2547 5699 discedite
2574 5687 2588 5712 ,
2627 5645 2755 5699 exite
2796 5645 2857 5698 de
2897 5646 3064 5699 medio
3111 5645 3690 5710 comminuam.

468 5725 721 5783 Santarite
742 5767 758 5796 ,
798 5743 968 5797 neque
1007 5727 1293 5798 prophetas
1336 5736 1757 5792 communicasse
1785 5777 1800 5806 ,
1853 5754 2024 5808 neque
2128 5745 2264 5816 etc,
2294 5736 2450 5807 361
2479 5738 2600 5806 quia
2631 5745 2684 5790 et
2715 5735 2907 5790 Paulus
2930 5735 2982 5790 id
3013 5738 3209 5805 repetit
3238 5737 3293 5792 in
3315 5738 3474 5809 epist.
3505 5735 3564 5791 ad
3589 5732 3685 5789 Co-
