  <div class='ocr_page' id='page_1' title='image "/cluster/home/n/w/nwhite01/storage/ocr_20150623/11/uva.x000826576/755.png"; bbox 0 0 3860 6212; ppageno 0'>
   <div class='ocr_carea' id='block_1_1' title="bbox 354 411 482 466">
    <p class='ocr_par' dir='ltr' id='par_1_1' title="bbox 354 411 482 466">
     <span class='ocr_line' id='line_1_1' title="bbox 354 411 482 466; baseline -0.016 0"><span class='ocrx_word' id='word_1_1' title='bbox 354 411 482 466; x_wconf 70' lang='grc'><strong>1491</strong></span> 
     </span>
    </p>
   </div>
   <div class='ocr_carea' id='block_1_2' title="bbox 1799 397 2169 454">
    <p class='ocr_par' dir='ltr' id='par_1_2' title="bbox 1799 397 2169 454">
     <span class='ocr_line' id='line_1_2' title="bbox 1799 397 2169 454; baseline 0.003 -1"><span class='ocrx_word' id='word_1_2' title='bbox 1799 397 2169 454; x_wconf 72' lang='grc' dir='ltr'><strong>ΑΡΡΕΝΟΙΧ.</strong></span> 
     </span>
    </p>
   </div>
   <div class='ocr_carea' id='block_1_3' title="bbox 3509 395 3662 451">
    <p class='ocr_par' dir='ltr' id='par_1_3' title="bbox 3509 395 3662 451">
     <span class='ocr_line' id='line_1_3' title="bbox 3509 395 3662 451; baseline -0.007 0"><span class='ocrx_word' id='word_1_3' title='bbox 3509 395 3662 451; x_wconf 65' lang='lat'><strong>“93&quot;</strong></span> 
     </span>
    </p>
   </div>
   <div class='ocr_carea' id='block_1_4' title="bbox 352 501 3644 589">
    <p class='ocr_par' dir='ltr' id='par_1_4' title="bbox 352 501 3644 589">
     <span class='ocr_line' id='line_1_4' title="bbox 352 501 3644 589; baseline -0.005 -12"><span class='ocrx_word' id='word_1_4' title='bbox 352 521 615 587; x_wconf 81' lang='lat' dir='ltr'><strong>Ecclesia,</strong></span> <span class='ocrx_word' id='word_1_5' title='bbox 643 501 824 589; x_wconf 87' lang='lat' dir='ltr'><strong>sicque</strong></span> <span class='ocrx_word' id='word_1_6' title='bbox 854 532 975 571; x_wconf 90' lang='lat' dir='ltr'><strong>eum</strong></span> <span class='ocrx_word' id='word_1_7' title='bbox 1025 530 1091 570; x_wconf 93' lang='lat' dir='ltr'><strong>eo</strong></span> <span class='ocrx_word' id='word_1_8' title='bbox 1117 513 1427 585; x_wconf 79' lang='lat' dir='ltr'><strong>conjuncta,</strong></span> <span class='ocrx_word' id='word_1_9' title='bbox 1460 519 1517 566; x_wconf 93' lang='lat' dir='ltr'><strong>ut</strong></span> <span class='ocrx_word' id='word_1_10' title='bbox 1566 526 1671 566; x_wconf 89' lang='lat' dir='ltr'><strong>non</strong></span> <span class='ocrx_word' id='word_1_11' title='bbox 1706 510 1940 581; x_wconf 91' lang='lat' dir='ltr'><strong>potuerit</strong></span> <span class='ocrx_word' id='word_1_12' title='bbox 1967 515 2018 573; x_wconf 72' lang='grc' dir='ltr'>Α</span> <span class='ocrx_word' id='word_1_13' title='bbox 2044 510 2382 580; x_wconf 80' lang='lat' dir='ltr'><strong>querimonia</strong></span> <span class='ocrx_word' id='word_1_14' title='bbox 2431 511 2636 580; x_wconf 83' lang='lat' dir='ltr'><strong>liquere</strong></span> <span class='ocrx_word' id='word_1_15' title='bbox 2691 511 3016 581; x_wconf 81' lang='lat' dir='ltr'><strong>generaliter</strong></span> <span class='ocrx_word' id='word_1_16' title='bbox 3064 509 3389 572; x_wconf 90' lang='lat' dir='ltr'><strong>contendit,</strong></span> <span class='ocrx_word' id='word_1_17' title='bbox 3442 509 3644 562; x_wconf 86' lang='lat' dir='ltr'><strong>nullam</strong></span> 
     </span>
    </p>
   </div>
   <div class='ocr_carea' id='block_1_5' title="bbox 350 603 1941 683">
    <p class='ocr_par' dir='ltr' id='par_1_5' title="bbox 350 603 1941 683">
     <span class='ocr_line' id='line_1_5' title="bbox 350 603 1941 683; baseline -0.006 -14"><span class='ocrx_word' id='word_1_18' title='bbox 350 615 537 674; x_wconf 78' lang='lat' dir='ltr'><strong>dividi.</strong></span> <span class='ocrx_word' id='word_1_19' title='bbox 561 614 685 683; x_wconf 91' lang='lat' dir='ltr'><strong>quin</strong></span> <span class='ocrx_word' id='word_1_20' title='bbox 716 610 910 680; x_wconf 80' lang='lat' dir='ltr'><strong>religio</strong></span> <span class='ocrx_word' id='word_1_21' title='bbox 936 609 1290 672; x_wconf 90' lang='lat' dir='ltr'><strong>divideretur,</strong></span> <span class='ocrx_word' id='word_1_22' title='bbox 1326 607 1427 662; x_wconf 88' lang='lat' dir='ltr'><strong>hoc</strong></span> <span class='ocrx_word' id='word_1_23' title='bbox 1456 615 1559 672; x_wconf 89' lang='lat' dir='ltr'><strong>cst,</strong></span> <span class='ocrx_word' id='word_1_24' title='bbox 1591 604 1721 674; x_wconf 89' lang='lat' dir='ltr'><strong>quin</strong></span> <span class='ocrx_word' id='word_1_25' title='bbox 1747 604 1837 674; x_wconf 91' lang='lat' dir='ltr'><strong>qui</strong></span> <span class='ocrx_word' id='word_1_26' title='bbox 1873 603 1941 659; x_wconf 90' lang='lat' dir='ltr'><strong>ab</strong></span> 
     </span>
    </p>
   </div>
   <div class='ocr_carea' id='block_1_6' title="bbox 352 697 1943 768">
    <p class='ocr_par' dir='ltr' id='par_1_6' title="bbox 352 697 1943 768">
     <span class='ocr_line' id='line_1_6' title="bbox 352 697 1943 768; baseline -0.008 -4"><span class='ocrx_word' id='word_1_27' title='bbox 352 726 418 764; x_wconf 87' lang='lat' dir='ltr'><strong>eo</strong></span> <span class='ocrx_word' id='word_1_28' title='bbox 447 707 792 768; x_wconf 81' lang='lat' dir='ltr'><strong>descisceret,</strong></span> <span class='ocrx_word' id='word_1_29' title='bbox 827 703 1132 759; x_wconf 85' lang='lat' dir='ltr'><strong>scliismatis</strong></span> <span class='ocrx_word' id='word_1_30' title='bbox 1154 716 1276 756; x_wconf 86' lang='lat' dir='ltr'><strong>reus</strong></span> <span class='ocrx_word' id='word_1_31' title='bbox 1303 709 1466 755; x_wconf 91' lang='lat' dir='ltr'><strong>esset.</strong></span> <span class='ocrx_word' id='word_1_32' title='bbox 1501 699 1631 753; x_wconf 83' lang='lat' dir='ltr'><strong>Nam</strong></span> <span class='ocrx_word' id='word_1_33' title='bbox 1661 698 1753 768; x_wconf 89' lang='lat' dir='ltr'><strong>qui</strong></span> <span class='ocrx_word' id='word_1_34' title='bbox 1783 697 1851 752; x_wconf 90' lang='lat' dir='ltr'><strong>ab</strong></span> <span class='ocrx_word' id='word_1_35' title='bbox 1876 713 1943 752; x_wconf 89' lang='lat' dir='ltr'><strong>eo</strong></span> 
     </span>
    </p>
   </div>
   <div class='ocr_carea' id='block_1_7' title="bbox 353 789 1945 867">
    <p class='ocr_par' dir='ltr' id='par_1_7' title="bbox 353 789 1945 867">
     <span class='ocr_line' id='line_1_7' title="bbox 353 789 1945 867; baseline -0.007 -10"><span class='ocrx_word' id='word_1_36' title='bbox 353 799 654 865; x_wconf 86' lang='lat' dir='ltr'><strong>deficiebat,</strong></span> <span class='ocrx_word' id='word_1_37' title='bbox 689 799 756 853; x_wconf 89' lang='lat' dir='ltr'><strong>ab</strong></span> <span class='ocrx_word' id='word_1_38' title='bbox 787 797 1033 852; x_wconf 80' lang='lat' dir='ltr'><strong>Ecclesia</strong></span> <span class='ocrx_word' id='word_1_39' title='bbox 1060 811 1276 867; x_wconf 87' lang='lat' dir='ltr'><strong>quoque</strong></span> <span class='ocrx_word' id='word_1_40' title='bbox 1303 795 1415 864; x_wconf 88' lang='lat' dir='ltr'><strong>ipsa</strong></span> <span class='ocrx_word' id='word_1_41' title='bbox 1443 792 1752 848; x_wconf 88' lang='lat' dir='ltr'><strong>deliciebat.</strong></span> <span class='ocrx_word' id='word_1_42' title='bbox 1782 789 1945 846; x_wconf 82' lang='lat' dir='ltr'><strong>Certe</strong></span> 
     </span>
    </p>
   </div>
   <div class='ocr_carea' id='block_1_8' title="bbox 353 886 1943 964">
    <p class='ocr_par' dir='ltr' id='par_1_8' title="bbox 353 886 1943 964">
     <span class='ocr_line' id='line_1_8' title="bbox 353 886 1943 964; baseline -0.008 -12"><span class='ocrx_word' id='word_1_43' title='bbox 353 896 604 952; x_wconf 81' lang='lat' dir='ltr'><strong>orabaiur</strong></span> <span class='ocrx_word' id='word_1_44' title='bbox 627 910 721 963; x_wconf 89' lang='lat' dir='ltr'><strong>pro</strong></span> <span class='ocrx_word' id='word_1_45' title='bbox 743 893 844 947; x_wconf 84' lang='lat' dir='ltr'><strong>Iinc</strong></span> <span class='ocrx_word' id='word_1_46' title='bbox 862 907 1048 964; x_wconf 85' lang='lat' dir='ltr'><strong>regno,</strong></span> <span class='ocrx_word' id='word_1_47' title='bbox 1068 898 1127 946; x_wconf 92' lang='lat' dir='ltr'><strong>ut</strong></span> <span class='ocrx_word' id='word_1_48' title='bbox 1146 905 1241 960; x_wconf 92' lang='lat' dir='ltr'><strong>pro</strong></span> <span class='ocrx_word' id='word_1_49' title='bbox 1257 887 1523 953; x_wconf 84' lang='lat' dir='ltr'><strong>Ecclesia,</strong></span> <span class='ocrx_word' id='word_1_50' title='bbox 1542 886 1737 958; x_wconf 88' lang='lat' dir='ltr'><strong>psalm.</strong></span> <span class='ocrx_word' id='word_1_51' title='bbox 1755 899 1943 940; x_wconf 82' lang='lat' dir='ltr'><strong>Lxxvu</strong></span> 
     </span>
    </p>
   </div>
   <div class='ocr_carea' id='block_1_9' title="bbox 352 978 1947 1053">
    <p class='ocr_par' dir='ltr' id='par_1_9' title="bbox 352 978 1947 1053">
     <span class='ocr_line' id='line_1_9' title="bbox 352 978 1947 1053; baseline -0.008 -9"><span class='ocrx_word' id='word_1_52' title='bbox 352 997 407 1044; x_wconf 88' lang='lat' dir='ltr'><strong>et</strong></span> <span class='ocrx_word' id='word_1_53' title='bbox 432 1002 562 1042; x_wconf 85' lang='lat' dir='ltr'><strong>cvm</strong></span> <span class='ocrx_word' id='word_1_54' title='bbox 594 1002 606 1039; x_wconf 90' lang='lat'><strong>:</strong></span> <span class='ocrx_word' id='word_1_55' title='bbox 641 993 697 1040; x_wconf 93' lang='lat' dir='ltr'><strong>et</strong></span> <span class='ocrx_word' id='word_1_56' title='bbox 726 985 888 1038; x_wconf 89' lang='lat' dir='ltr'><strong>Da&#39;vid</strong></span> <span class='ocrx_word' id='word_1_57' title='bbox 921 991 1203 1053; x_wconf 83' lang='lat' dir='ltr'><strong>propterea</strong></span> <span class='ocrx_word' id='word_1_58' title='bbox 1243 980 1522 1035; x_wconf 84' lang='lat' dir='ltr'><strong>dicebatur</strong></span> <span class='ocrx_word' id='word_1_59' title='bbox 1553 978 1947 1050; x_wconf 87' lang='lat' dir='ltr'><strong>primogenitus</strong></span> 
     </span>
    </p>
   </div>
   <div class='ocr_carea' id='block_1_10' title="bbox 357 1071 1947 1148">
    <p class='ocr_par' dir='ltr' id='par_1_10' title="bbox 357 1071 1947 1148">
     <span class='ocr_line' id='line_1_10' title="bbox 357 1071 1947 1148; baseline -0.006 -15"><span class='ocrx_word' id='word_1_60' title='bbox 357 1082 498 1134; x_wconf 90' lang='lat' dir='ltr'><strong>inter</strong></span> <span class='ocrx_word' id='word_1_61' title='bbox 525 1093 701 1148; x_wconf 91' lang='lat' dir='ltr'><strong>reges,</strong></span> <span class='ocrx_word' id='word_1_62' title='bbox 741 1077 932 1147; x_wconf 88' lang='lat' dir='ltr'><strong>psalm.</strong></span> <span class='ocrx_word' id='word_1_63' title='bbox 963 1084 1180 1131; x_wconf 78' lang='lat' dir='ltr'><strong>LxXxix.</strong></span> <span class='ocrx_word' id='word_1_64' title='bbox 1210 1074 1300 1140; x_wconf 87' lang='lat' dir='ltr'><strong>At,</strong></span> <span class='ocrx_word' id='word_1_65' title='bbox 1328 1073 1559 1142; x_wconf 87' lang='lat' dir='ltr'><strong>inquies,</strong></span> <span class='ocrx_word' id='word_1_66' title='bbox 1592 1071 1736 1126; x_wconf 90' lang='lat' dir='ltr'><strong>Deus</strong></span> <span class='ocrx_word' id='word_1_67' title='bbox 1765 1080 1947 1125; x_wconf 85' lang='lat' dir='ltr'><strong>tamen</strong></span> 
     </span>
    </p>
   </div>
   <div class='ocr_carea' id='block_1_11' title="bbox 352 1161 1946 1238">
    <p class='ocr_par' dir='ltr' id='par_1_11' title="bbox 352 1161 1946 1238">
     <span class='ocr_line' id='line_1_11' title="bbox 352 1161 1946 1238; baseline -0.006 -14"><span class='ocrx_word' id='word_1_68' title='bbox 352 1172 547 1227; x_wconf 85' lang='lat' dir='ltr'><strong>dicitur</strong></span> <span class='ocrx_word' id='word_1_69' title='bbox 575 1168 823 1224; x_wconf 80' lang='lat' dir='ltr'><strong>divisisse</strong></span> <span class='ocrx_word' id='word_1_70' title='bbox 871 1184 1093 1238; x_wconf 89' lang='lat' dir='ltr'><strong>regnum</strong></span> <span class='ocrx_word' id='word_1_71' title='bbox 1126 1165 1365 1220; x_wconf 89' lang='lat' dir='ltr'><strong>Davidis.</strong></span> <span class='ocrx_word' id='word_1_72' title='bbox 1397 1163 1614 1228; x_wconf 82' lang='lat' dir='ltr'><strong>Fateor,</strong></span> <span class='ocrx_word' id='word_1_73' title='bbox 1657 1161 1754 1216; x_wconf 91' lang='lat' dir='ltr'><strong>sed</strong></span> <span class='ocrx_word' id='word_1_74' title='bbox 1786 1162 1946 1231; x_wconf 91' lang='lat' dir='ltr'><strong>longe</strong></span> 
     </span>
    </p>
   </div>
   <div class='ocr_carea' id='block_1_12' title="bbox 353 1256 1946 1332">
    <p class='ocr_par' dir='ltr' id='par_1_12' title="bbox 353 1256 1946 1332">
     <span class='ocr_line' id='line_1_12' title="bbox 353 1256 1946 1332; baseline -0.006 -14"><span class='ocrx_word' id='word_1_75' title='bbox 353 1265 461 1318; x_wconf 89' lang='lat' dir='ltr'><strong>alio</strong></span> <span class='ocrx_word' id='word_1_76' title='bbox 489 1263 617 1328; x_wconf 76' lang='lat' dir='ltr'><strong>ﬁne,</strong></span> <span class='ocrx_word' id='word_1_77' title='bbox 645 1278 803 1332; x_wconf 86' lang='lat' dir='ltr'><strong>quam</strong></span> <span class='ocrx_word' id='word_1_78' title='bbox 837 1262 952 1332; x_wconf 87' lang='lat' dir='ltr'><strong>ipse</strong></span> <span class='ocrx_word' id='word_1_79' title='bbox 981 1260 1267 1315; x_wconf 80' lang='lat' dir='ltr'><strong>Jerohoani</strong></span> <span class='ocrx_word' id='word_1_80' title='bbox 1299 1256 1674 1312; x_wconf 85' lang='lat' dir='ltr'><strong>schismaticus</strong></span> <span class='ocrx_word' id='word_1_81' title='bbox 1704 1262 1799 1308; x_wconf 87' lang='lat' dir='ltr'><strong>aut</strong></span> <span class='ocrx_word' id='word_1_82' title='bbox 1824 1269 1946 1323; x_wconf 62' lang='lat' dir='ltr'><strong>quae</strong></span> 
     </span>
    </p>
   </div>
   <div class='ocr_carea' id='block_1_13' title="bbox 354 1345 1946 1418">
    <p class='ocr_par' dir='ltr' id='par_1_13' title="bbox 354 1345 1946 1418">
     <span class='ocr_line' id='line_1_13' title="bbox 354 1345 1946 1418; baseline -0.008 -7"><span class='ocrx_word' id='word_1_83' title='bbox 354 1372 478 1412; x_wconf 90' lang='lat' dir='ltr'><strong>eum</strong></span> <span class='ocrx_word' id='word_1_84' title='bbox 524 1367 722 1410; x_wconf 69' lang='lat' dir='ltr'><strong>secuta:</strong></span> <span class='ocrx_word' id='word_1_85' title='bbox 749 1365 874 1410; x_wconf 91' lang='lat' dir='ltr'><strong>sunt</strong></span> <span class='ocrx_word' id='word_1_86' title='bbox 899 1353 1084 1408; x_wconf 90' lang='lat' dir='ltr'><strong>decem</strong></span> <span class='ocrx_word' id='word_1_87' title='bbox 1129 1351 1317 1416; x_wconf 90' lang='lat' dir='ltr'><strong>tribus,</strong></span> <span class='ocrx_word' id='word_1_88' title='bbox 1351 1363 1577 1418; x_wconf 85' lang='lat' dir='ltr'><strong>quarum</strong></span> <span class='ocrx_word' id='word_1_89' title='bbox 1614 1348 1772 1418; x_wconf 88' lang='lat' dir='ltr'><strong>longe</strong></span> <span class='ocrx_word' id='word_1_90' title='bbox 1799 1345 1946 1400; x_wconf 84' lang='lat' dir='ltr'><strong>aliud</strong></span> 
     </span>
    </p>
   </div>
   <div class='ocr_carea' id='block_1_14' title="bbox 356 1440 1942 1518">
    <p class='ocr_par' dir='ltr' id='par_1_14' title="bbox 356 1440 1942 1518">
     <span class='ocr_line' id='line_1_14' title="bbox 356 1440 1942 1518; baseline -0.008 -15"><span class='ocrx_word' id='word_1_91' title='bbox 356 1452 477 1514; x_wconf 84' lang='lat' dir='ltr'><strong>i‘uit,</strong></span> <span class='ocrx_word' id='word_1_92' title='bbox 522 1466 678 1518; x_wconf 83' lang='lat' dir='ltr'><strong>quam</strong></span> <span class='ocrx_word' id='word_1_93' title='bbox 721 1449 810 1503; x_wconf 92' lang='lat' dir='ltr'><strong>Dei</strong></span> <span class='ocrx_word' id='word_1_94' title='bbox 857 1446 1165 1501; x_wconf 88' lang='lat' dir='ltr'><strong>consilihm.</strong></span> <span class='ocrx_word' id='word_1_95' title='bbox 1201 1443 1324 1496; x_wconf 66' lang='lat' dir='ltr'><strong>Haec</strong></span> <span class='ocrx_word' id='word_1_96' title='bbox 1365 1440 1541 1496; x_wconf 85' lang='lat' dir='ltr'><strong>obiter</strong></span> <span class='ocrx_word' id='word_1_97' title='bbox 1579 1440 1720 1506; x_wconf 85' lang='lat' dir='ltr'><strong>dicta</strong></span> <span class='ocrx_word' id='word_1_98' title='bbox 1761 1447 1942 1493; x_wconf 86' lang='lat' dir='ltr'><strong>sunto.</strong></span> 
     </span>
    </p>
   </div>
   <div class='ocr_carea' id='block_1_15' title="bbox 355 1530 1948 1610">
    <p class='ocr_par' dir='ltr' id='par_1_15' title="bbox 355 1530 1948 1610">
     <span class='ocr_line' id='line_1_15' title="bbox 355 1530 1948 1610; baseline -0.008 -11"><span class='ocrx_word' id='word_1_99' title='bbox 355 1543 644 1599; x_wconf 90' lang='lat' dir='ltr'><strong>Conclusio</strong></span> <span class='ocrx_word' id='word_1_100' title='bbox 681 1539 966 1610; x_wconf 87' lang='lat' dir='ltr'><strong>Augustini</strong></span> <span class='ocrx_word' id='word_1_101' title='bbox 1011 1543 1197 1592; x_wconf 86' lang='lat' dir='ltr'><strong>contra</strong></span> <span class='ocrx_word' id='word_1_102' title='bbox 1255 1535 1578 1589; x_wconf 83' lang='lat' dir='ltr'><strong>Pctilianum</strong></span> <span class='ocrx_word' id='word_1_103' title='bbox 1632 1541 1736 1595; x_wconf 89' lang='lat' dir='ltr'><strong>est,</strong></span> <span class='ocrx_word' id='word_1_104' title='bbox 1781 1530 1948 1586; x_wconf 85' lang='lat' dir='ltr'><strong>fuisse</strong></span> 
     </span>
    </p>
   </div>
   <div class='ocr_carea' id='block_1_16' title="bbox 357 1623 1950 1702">
    <p class='ocr_par' dir='ltr' id='par_1_16' title="bbox 357 1623 1950 1702">
     <span class='ocr_line' id='line_1_16' title="bbox 357 1623 1950 1702; baseline -0.008 -12"><span class='ocrx_word' id='word_1_105' title='bbox 357 1639 519 1691; x_wconf 86' lang='lat' dir='ltr'><strong>etiam</strong></span> <span class='ocrx_word' id='word_1_106' title='bbox 562 1638 612 1689; x_wconf 95' lang='lat' dir='ltr'><strong>in</strong></span> <span class='ocrx_word' id='word_1_107' title='bbox 646 1633 843 1688; x_wconf 89' lang='lat' dir='ltr'><strong>lsraele</strong></span> <span class='ocrx_word' id='word_1_108' title='bbox 885 1629 1194 1702; x_wconf 84' lang='lat' dir='ltr'><strong>prephetas.</strong></span> <span class='ocrx_word' id='word_1_109' title='bbox 1241 1627 1436 1681; x_wconf 79' lang='lat' dir='ltr'><strong>Audio.</strong></span> <span class='ocrx_word' id='word_1_110' title='bbox 1476 1625 1584 1681; x_wconf 85' lang='lat' dir='ltr'><strong>Sed</strong></span> <span class='ocrx_word' id='word_1_111' title='bbox 1615 1635 1742 1680; x_wconf 90' lang='lat' dir='ltr'><strong>tunc</strong></span> <span class='ocrx_word' id='word_1_112' title='bbox 1775 1623 1950 1679; x_wconf 85' lang='lat' dir='ltr'><strong>fateor</strong></span> 
     </span>
    </p>
   </div>
   <div class='ocr_carea' id='block_1_17' title="bbox 359 1717 1947 1786">
    <p class='ocr_par' dir='ltr' id='par_1_17' title="bbox 359 1717 1947 1786">
     <span class='ocr_line' id='line_1_17' title="bbox 359 1717 1947 1786; baseline -0.006 -3"><span class='ocrx_word' id='word_1_113' title='bbox 359 1729 667 1784; x_wconf 85' lang='lat' dir='ltr'><strong>Donatistas</strong></span> <span class='ocrx_word' id='word_1_114' title='bbox 698 1737 844 1782; x_wconf 92' lang='lat' dir='ltr'><strong>recte</strong></span> <span class='ocrx_word' id='word_1_115' title='bbox 873 1725 1094 1783; x_wconf 76' lang='lat' dir='ltr'><strong>dixisse.</strong></span> <span class='ocrx_word' id='word_1_116' title='bbox 1125 1721 1569 1778; x_wconf 87' lang='lat' dir='ltr'><strong>commorationis</strong></span> <span class='ocrx_word' id='word_1_117' title='bbox 1599 1719 1730 1774; x_wconf 91' lang='lat' dir='ltr'><strong>illud</strong></span> <span class='ocrx_word' id='word_1_118' title='bbox 1757 1717 1947 1786; x_wconf 80' lang='lat' dir='ltr'><strong>fuisse,</strong></span> 
     </span>
    </p>
   </div>
   <div class='ocr_carea' id='block_1_18' title="bbox 359 1799 1950 1880">
    <p class='ocr_par' dir='ltr' id='par_1_18' title="bbox 359 1799 1950 1880">
     <span class='ocr_line' id='line_1_18' title="bbox 359 1799 1950 1880; baseline -0.009 0"><span class='ocrx_word' id='word_1_119' title='bbox 359 1799 464 1880; x_wconf 86' lang='lat' dir='ltr'><strong>non</strong></span> <span class='ocrx_word' id='word_1_120' title='bbox 495 1823 907 1880; x_wconf 86' lang='lat' dir='ltr'><strong>communionis.</strong></span> <span class='ocrx_word' id='word_1_121' title='bbox 938 1821 994 1876; x_wconf 87' lang='lat' dir='ltr'><strong>lu</strong></span> <span class='ocrx_word' id='word_1_122' title='bbox 1013 1818 1148 1874; x_wconf 80' lang='lat' dir='ltr'><strong>Juda</strong></span> <span class='ocrx_word' id='word_1_123' title='bbox 1174 1831 1306 1872; x_wconf 90' lang='lat' dir='ltr'><strong>vero</strong></span> <span class='ocrx_word' id='word_1_124' title='bbox 1328 1829 1435 1871; x_wconf 92' lang='lat' dir='ltr'><strong>non</strong></span> <span class='ocrx_word' id='word_1_125' title='bbox 1461 1815 1620 1869; x_wconf 91' lang='lat' dir='ltr'><strong>modo</strong></span> <span class='ocrx_word' id='word_1_126' title='bbox 1644 1828 1950 1867; x_wconf 90' lang='lat' dir='ltr'><strong>commora-</strong></span> 
     </span>
    </p>
   </div>
   <div class='ocr_carea' id='block_1_19' title="bbox 2043 601 3643 672">
    <p class='ocr_par' dir='ltr' id='par_1_19' title="bbox 2043 601 3643 672">
     <span class='ocr_line' id='line_1_19' title="bbox 2043 601 3643 672; baseline -0.001 -16"><span class='ocrx_word' id='word_1_127' title='bbox 2043 603 2385 672; x_wconf 87' lang='lat' dir='ltr'><strong>tetnporibus</strong></span> <span class='ocrx_word' id='word_1_128' title='bbox 2418 602 2552 656; x_wconf 78' lang='lat' dir='ltr'><strong>Elize</strong></span> <span class='ocrx_word' id='word_1_129' title='bbox 2575 601 2740 656; x_wconf 89' lang='lat' dir='ltr'><strong>fuisse</strong></span> <span class='ocrx_word' id='word_1_130' title='bbox 2775 602 3066 657; x_wconf 75' lang='lat' dir='ltr'><strong>Ecclesium</strong></span> <span class='ocrx_word' id='word_1_131' title='bbox 3096 601 3512 671; x_wconf 88' lang='lat' dir='ltr'><strong>aspectabilem.</strong></span> <span class='ocrx_word' id='word_1_132' title='bbox 3549 601 3643 654; x_wconf 80' lang='grc' dir='ltr'><strong>Αι-</strong></span> 
     </span>
    </p>
   </div>
   <div class='ocr_carea' id='block_1_20' title="bbox 2043 694 3643 766">
    <p class='ocr_par' dir='ltr' id='par_1_20' title="bbox 2043 694 3643 766">
     <span class='ocr_line' id='line_1_20' title="bbox 2043 694 3643 766; baseline 0.002 -19"><span class='ocrx_word' id='word_1_133' title='bbox 2043 711 2148 763; x_wconf 90' lang='lat' dir='ltr'><strong>que</strong></span> <span class='ocrx_word' id='word_1_134' title='bbox 2174 696 2290 764; x_wconf 90' lang='lat' dir='ltr'><strong>ipsa</strong></span> <span class='ocrx_word' id='word_1_135' title='bbox 2319 695 2545 749; x_wconf 84' lang='lat' dir='ltr'><strong>historia</strong></span> <span class='ocrx_word' id='word_1_136' title='bbox 2590 709 2741 750; x_wconf 84' lang='lat' dir='ltr'><strong>sacra</strong></span> <span class='ocrx_word' id='word_1_137' title='bbox 2768 704 2994 750; x_wconf 87' lang='lat' dir='ltr'><strong>testatur</strong></span> <span class='ocrx_word' id='word_1_138' title='bbox 3041 695 3213 750; x_wconf 87' lang='lat' dir='ltr'><strong>Eliam</strong></span> <span class='ocrx_word' id='word_1_139' title='bbox 3242 703 3455 748; x_wconf 89' lang='lat' dir='ltr'><strong>tantum</strong></span> <span class='ocrx_word' id='word_1_140' title='bbox 3495 694 3643 766; x_wconf 84' lang='lat' dir='ltr'><strong>loqui</strong></span> 
     </span>
    </p>
   </div>
   <div class='ocr_carea' id='block_1_21' title="bbox 2044 785 3644 858">
    <p class='ocr_par' dir='ltr' id='par_1_21' title="bbox 2044 785 3644 858">
     <span class='ocr_line' id='line_1_21' title="bbox 2044 785 3644 858; baseline 0.003 -19"><span class='ocrx_word' id='word_1_141' title='bbox 2044 785 2112 840; x_wconf 92' lang='lat' dir='ltr'><strong>de</strong></span> <span class='ocrx_word' id='word_1_142' title='bbox 2140 801 2305 855; x_wconf 83' lang='lat' dir='ltr'><strong>regno</strong></span> <span class='ocrx_word' id='word_1_143' title='bbox 2335 786 2550 840; x_wconf 85' lang='lat' dir='ltr'><strong>lsraeiis</strong></span> <span class='ocrx_word' id='word_1_144' title='bbox 2581 786 2670 839; x_wconf 89' lang='lat' dir='ltr'><strong>ubi</strong></span> <span class='ocrx_word' id='word_1_145' title='bbox 2705 786 2979 841; x_wconf 79' lang='lat' dir='ltr'><strong>habitabat</strong></span> <span class='ocrx_word' id='word_1_146' title='bbox 3013 805 3023 839; x_wconf 95' lang='lat'><strong>:</strong></span> <span class='ocrx_word' id='word_1_147' title='bbox 3057 788 3112 841; x_wconf 91' lang='lat' dir='ltr'><strong>in</strong></span> <span class='ocrx_word' id='word_1_148' title='bbox 3144 801 3315 857; x_wconf 91' lang='lat' dir='ltr'><strong>regno</strong></span> <span class='ocrx_word' id='word_1_149' title='bbox 3343 799 3526 858; x_wconf 85' lang='lat' dir='ltr'><strong>autem</strong></span> <span class='ocrx_word' id='word_1_150' title='bbox 3550 788 3644 843; x_wconf 77' lang='lat' dir='ltr'><strong>Ju-</strong></span> 
     </span>
    </p>
   </div>
   <div class='ocr_carea' id='block_1_22' title="bbox 2044 877 3646 950">
    <p class='ocr_par' dir='ltr' id='par_1_22' title="bbox 2044 877 3646 950">
     <span class='ocr_line' id='line_1_22' title="bbox 2044 877 3646 950; baseline 0.003 -18"><span class='ocrx_word' id='word_1_151' title='bbox 2044 877 2126 932; x_wconf 71' lang='lat' dir='ltr'><strong>dae</strong></span> <span class='ocrx_word' id='word_1_152' title='bbox 2157 894 2223 933; x_wconf 92' lang='lat' dir='ltr'><strong>eo</strong></span> <span class='ocrx_word' id='word_1_153' title='bbox 2255 890 2496 948; x_wconf 90' lang='lat' dir='ltr'><strong>tempore</strong></span> <span class='ocrx_word' id='word_1_154' title='bbox 2521 877 2689 933; x_wconf 88' lang='lat' dir='ltr'><strong>fuisse</strong></span> <span class='ocrx_word' id='word_1_155' title='bbox 2725 879 2993 935; x_wconf 87' lang='lat' dir='ltr'><strong>illustrem</strong></span> <span class='ocrx_word' id='word_1_156' title='bbox 3041 879 3341 934; x_wconf 74' lang='lat' dir='ltr'><strong>Ecclesium</strong></span> <span class='ocrx_word' id='word_1_157' title='bbox 3385 891 3646 950; x_wconf 88' lang='lat' dir='ltr'><strong>regnante</strong></span> 
     </span>
    </p>
   </div>
   <div class='ocr_carea' id='block_1_23' title="bbox 2044 971 3646 1042">
    <p class='ocr_par' dir='ltr' id='par_1_23' title="bbox 2044 971 3646 1042">
     <span class='ocr_line' id='line_1_23' title="bbox 2044 971 3646 1042; baseline 0.003 -16"><span class='ocrx_word' id='word_1_158' title='bbox 2044 971 2326 1042; x_wconf 86' lang='lat' dir='ltr'><strong>Josaphat,</strong></span> <span class='ocrx_word' id='word_1_159' title='bbox 2356 988 2516 1042; x_wconf 91' lang='lat' dir='ltr'><strong>quem</strong></span> <span class='ocrx_word' id='word_1_160' title='bbox 2545 981 2600 1026; x_wconf 91' lang='lat' dir='ltr'><strong>et</strong></span> <span class='ocrx_word' id='word_1_161' title='bbox 2627 981 2895 1042; x_wconf 89' lang='lat' dir='ltr'><strong>tamquam</strong></span> <span class='ocrx_word' id='word_1_162' title='bbox 2933 973 3160 1027; x_wconf 91' lang='lat' dir='ltr'><strong>alterum</strong></span> <span class='ocrx_word' id='word_1_163' title='bbox 3192 972 3453 1028; x_wconf 88' lang='lat' dir='ltr'><strong>Davidcm</strong></span> <span class='ocrx_word' id='word_1_164' title='bbox 3479 974 3646 1032; x_wconf 82' lang='lat' dir='ltr'><strong>fuisse</strong></span> 
     </span>
    </p>
   </div>
   <div class='ocr_carea' id='block_1_24' title="bbox 2045 1066 3642 1137">
    <p class='ocr_par' dir='ltr' id='par_1_24' title="bbox 2045 1066 3642 1137">
     <span class='ocr_line' id='line_1_24' title="bbox 2045 1066 3642 1137; baseline 0.003 -17"><span class='ocrx_word' id='word_1_165' title='bbox 2045 1066 2332 1137; x_wconf 85' lang='lat' dir='ltr'><strong>significat.</strong></span> <span class='ocrx_word' id='word_1_166' title='bbox 2374 1067 2487 1121; x_wconf 92' lang='lat' dir='ltr'><strong>lmo</strong></span> <span class='ocrx_word' id='word_1_167' title='bbox 2515 1081 2645 1121; x_wconf 91' lang='lat' dir='ltr'><strong>vero</strong></span> <span class='ocrx_word' id='word_1_168' title='bbox 2673 1067 2813 1121; x_wconf 89' lang='lat' dir='ltr'><strong>idem</strong></span> <span class='ocrx_word' id='word_1_169' title='bbox 2839 1067 3095 1121; x_wconf 85' lang='lat' dir='ltr'><strong>Calvinus</strong></span> <span class='ocrx_word' id='word_1_170' title='bbox 3123 1069 3174 1120; x_wconf 92' lang='lat' dir='ltr'><strong>in</strong></span> <span class='ocrx_word' id='word_1_171' title='bbox 3203 1071 3320 1136; x_wconf 89' lang='lat' dir='ltr'><strong>ipsa</strong></span> <span class='ocrx_word' id='word_1_172' title='bbox 3349 1079 3448 1123; x_wconf 85' lang='lat' dir='ltr'><strong>sua</strong></span> <span class='ocrx_word' id='word_1_173' title='bbox 3481 1071 3642 1126; x_wconf 86' lang='lat' dir='ltr'><strong>Insti-</strong></span> 
     </span>
    </p>
   </div>
   <div class='ocr_carea' id='block_1_25' title="bbox 2045 1156 3644 1228">
    <p class='ocr_par' dir='ltr' id='par_1_25' title="bbox 2045 1156 3644 1228">
     <span class='ocr_line' id='line_1_25' title="bbox 2045 1156 3644 1228; baseline 0.004 -18"><span class='ocrx_word' id='word_1_174' title='bbox 2045 1156 2254 1211; x_wconf 92' lang='lat' dir='ltr'><strong>tutione</strong></span> <span class='ocrx_word' id='word_1_175' title='bbox 2283 1157 2491 1211; x_wconf 87' lang='lat' dir='ltr'><strong>videtur</strong></span> <span class='ocrx_word' id='word_1_176' title='bbox 2539 1156 2764 1212; x_wconf 79' lang='lat' dir='ltr'><strong>confuse</strong></span> <span class='ocrx_word' id='word_1_177' title='bbox 2802 1157 3001 1223; x_wconf 89' lang='lat' dir='ltr'><strong>dicere,</strong></span> <span class='ocrx_word' id='word_1_178' title='bbox 3054 1158 3195 1228; x_wconf 87' lang='lat' dir='ltr'><strong>quod</strong></span> <span class='ocrx_word' id='word_1_179' title='bbox 3236 1159 3536 1215; x_wconf 58' lang='lat' dir='ltr'><strong>Donatista</strong></span> <span class='ocrx_word' id='word_1_180' title='bbox 3589 1161 3644 1217; x_wconf 88' lang='lat' dir='ltr'><strong>in</strong></span> 
     </span>
    </p>
   </div>
   <div class='ocr_carea' id='block_1_26' title="bbox 2046 1248 3648 1323">
    <p class='ocr_par' dir='ltr' id='par_1_26' title="bbox 2046 1248 3648 1323">
     <span class='ocr_line' id='line_1_26' title="bbox 2046 1248 3648 1323; baseline 0.004 -20"><span class='ocrx_word' id='word_1_181' title='bbox 2046 1248 2629 1306; x_wconf 82' lang='lat' dir='ltr'><strong>Collatione-dicebant</strong></span> <span class='ocrx_word' id='word_1_182' title='bbox 2668 1249 2768 1305; x_wconf 85' lang='lat' dir='ltr'><strong>hac</strong></span> <span class='ocrx_word' id='word_1_183' title='bbox 2798 1251 2851 1305; x_wconf 92' lang='lat' dir='ltr'><strong>in</strong></span> <span class='ocrx_word' id='word_1_184' title='bbox 2879 1261 3049 1320; x_wconf 90' lang='lat' dir='ltr'><strong>parte.</strong></span> <span class='ocrx_word' id='word_1_185' title='bbox 3084 1251 3318 1322; x_wconf 77' lang='lat' dir='ltr'><strong>Allegat,</strong></span> <span class='ocrx_word' id='word_1_186' title='bbox 3347 1252 3648 1323; x_wconf 80' lang='lat' dir='ltr'><strong>Prophetas</strong></span> 
     </span>
    </p>
   </div>
   <div class='ocr_carea' id='block_1_27' title="bbox 2048 1344 3645 1416">
    <p class='ocr_par' dir='ltr' id='par_1_27' title="bbox 2048 1344 3645 1416">
     <span class='ocr_line' id='line_1_27' title="bbox 2048 1344 3645 1416; baseline 0.002 -17"><span class='ocrx_word' id='word_1_187' title='bbox 2048 1344 2339 1400; x_wconf 68' lang='lat' dir='ltr'><strong>deludrcis</strong></span> <span class='ocrx_word' id='word_1_188' title='bbox 2378 1355 2434 1400; x_wconf 94' lang='lat' dir='ltr'><strong>et</strong></span> <span class='ocrx_word' id='word_1_189' title='bbox 2479 1345 2740 1401; x_wconf 79' lang='lat' dir='ltr'><strong>lsraeiitis‘</strong></span> <span class='ocrx_word' id='word_1_190' title='bbox 2780 1347 2863 1401; x_wconf 90' lang='lat' dir='ltr'><strong>sui</strong></span> <span class='ocrx_word' id='word_1_191' title='bbox 2899 1347 3081 1401; x_wconf 69' lang='lat' dir='ltr'><strong>saeculi</strong></span> <span class='ocrx_word' id='word_1_192' title='bbox 3125 1347 3330 1416; x_wconf 87' lang='lat' dir='ltr'><strong>passim</strong></span> <span class='ocrx_word' id='word_1_193' title='bbox 3357 1347 3645 1416; x_wconf 86' lang='lat' dir='ltr'><strong>clamasse,</strong></span> 
     </span>
    </p>
   </div>
   <div class='ocr_carea' id='block_1_28' title="bbox 2051 1437 3642 1513">
    <p class='ocr_par' dir='ltr' id='par_1_28' title="bbox 2051 1437 3642 1513">
     <span class='ocr_line' id='line_1_28' title="bbox 2051 1437 3642 1513; baseline 0.003 -20"><span class='ocrx_word' id='word_1_194' title='bbox 2051 1437 2271 1508; x_wconf 87' lang='lat' dir='ltr'><strong>profana</strong></span> <span class='ocrx_word' id='word_1_195' title='bbox 2298 1454 2420 1494; x_wconf 91' lang='lat' dir='ltr'><strong>esse</strong></span> <span class='ocrx_word' id='word_1_196' title='bbox 2441 1440 2840 1508; x_wconf 88' lang='lat' dir='ltr'><strong>conventicula,</strong></span> <span class='ocrx_word' id='word_1_197' title='bbox 2865 1441 3063 1511; x_wconf 86' lang='lat' dir='ltr'><strong>quibus</strong></span> <span class='ocrx_word' id='word_1_198' title='bbox 3091 1457 3194 1496; x_wconf 89' lang='lat' dir='ltr'><strong>non</strong></span> <span class='ocrx_word' id='word_1_199' title='bbox 3216 1444 3390 1513; x_wconf 82' lang='lat' dir='ltr'><strong>magis</strong></span> <span class='ocrx_word' id='word_1_200' title='bbox 3414 1453 3642 1498; x_wconf 57' lang='lat' dir='ltr'><strong>censen-</strong></span> 
     </span>
    </p>
   </div>
   <div class='ocr_carea' id='block_1_29' title="bbox 2052 1531 3651 1603">
    <p class='ocr_par' dir='ltr' id='par_1_29' title="bbox 2052 1531 3651 1603">
     <span class='ocr_line' id='line_1_29' title="bbox 2052 1531 3651 1603; baseline 0.004 -19"><span class='ocrx_word' id='word_1_201' title='bbox 2052 1531 2154 1584; x_wconf 91' lang='lat' dir='ltr'><strong>tire</strong></span> <span class='ocrx_word' id='word_1_202' title='bbox 2184 1531 2364 1595; x_wconf 91' lang='lat' dir='ltr'><strong>liceat,</strong></span> <span class='ocrx_word' id='word_1_203' title='bbox 2391 1546 2555 1602; x_wconf 83' lang='lat' dir='ltr'><strong>quam</strong></span> <span class='ocrx_word' id='word_1_204' title='bbox 2586 1531 2756 1586; x_wconf 91' lang='lat' dir='ltr'><strong>Deum</strong></span> <span class='ocrx_word' id='word_1_205' title='bbox 2786 1533 3058 1603; x_wconf 86' lang='lat' dir='ltr'><strong>abnegare</strong></span> <span class='ocrx_word' id='word_1_206' title='bbox 3097 1555 3110 1590; x_wconf 91' lang='lat'><strong>:</strong></span> <span class='ocrx_word' id='word_1_207' title='bbox 3142 1532 3230 1588; x_wconf 88' lang='lat' dir='ltr'><strong>vel</strong></span> <span class='ocrx_word' id='word_1_208' title='bbox 3259 1535 3304 1590; x_wconf 87' lang='lat' dir='ltr'><strong>si</strong></span> <span class='ocrx_word' id='word_1_209' title='bbox 3336 1534 3445 1589; x_wconf 76' lang='lat' dir='ltr'><strong>illa:</strong></span> <span class='ocrx_word' id='word_1_210' title='bbox 3470 1533 3651 1591; x_wconf 80' lang='lat' dir='ltr'><strong>Eccle-</strong></span> 
     </span>
    </p>
   </div>
   <div class='ocr_carea' id='block_1_30' title="bbox 2050 1618 3651 1697">
    <p class='ocr_par' dir='ltr' id='par_1_30' title="bbox 2050 1618 3651 1697">
     <span class='ocr_line' id='line_1_30' title="bbox 2050 1618 3651 1697; baseline 0.004 -19"><span class='ocrx_word' id='word_1_211' title='bbox 2050 1624 2145 1678; x_wconf 67' lang='lat' dir='ltr'><strong>site</strong></span> <span class='ocrx_word' id='word_1_212' title='bbox 2190 1623 2452 1690; x_wconf 90' lang='lat' dir='ltr'><strong>fuerunt,</strong></span> <span class='ocrx_word' id='word_1_213' title='bbox 2509 1624 2578 1680; x_wconf 91' lang='lat' dir='ltr'><strong>ab</strong></span> <span class='ocrx_word' id='word_1_214' title='bbox 2627 1623 2874 1695; x_wconf 82' lang='lat' dir='ltr'><strong>Ecclesia</strong></span> <span class='ocrx_word' id='word_1_215' title='bbox 2932 1627 3026 1683; x_wconf 86' lang='lat' dir='ltr'><strong>Dei</strong></span> <span class='ocrx_word' id='word_1_216' title='bbox 3079 1628 3291 1682; x_wconf 84' lang='lat' dir='ltr'><strong>alienos</strong></span> <span class='ocrx_word' id='word_1_217' title='bbox 3342 1618 3550 1697; x_wconf 86' lang='lat' dir='ltr'><strong>fuisse,</strong></span> <span class='ocrx_word' id='word_1_218' title='bbox 3595 1631 3651 1686; x_wconf 90' lang='lat' dir='ltr'><strong>in</strong></span> 
     </span>
    </p>
   </div>
   <div class='ocr_carea' id='block_1_31' title="bbox 2055 1717 3649 1789">
    <p class='ocr_par' dir='ltr' id='par_1_31' title="bbox 2055 1717 3649 1789">
     <span class='ocr_line' id='line_1_31' title="bbox 2055 1717 3649 1789; baseline 0.004 -17"><span class='ocrx_word' id='word_1_219' title='bbox 2055 1717 2253 1774; x_wconf 59' lang='lat' dir='ltr'><strong>lsraele</strong></span> <span class='ocrx_word' id='word_1_220' title='bbox 2282 1719 2521 1789; x_wconf 87' lang='lat' dir='ltr'><strong>quidem,</strong></span> <span class='ocrx_word' id='word_1_221' title='bbox 2551 1717 2749 1785; x_wconf 85' lang='lat' dir='ltr'><strong>Eliam,</strong></span> <span class='ocrx_word' id='word_1_222' title='bbox 2781 1720 3059 1775; x_wconf 70' lang='lat' dir='ltr'><strong>Michazam</strong></span> <span class='ocrx_word' id='word_1_223' title='bbox 3077 1730 3133 1776; x_wconf 91' lang='lat' dir='ltr'><strong>et</strong></span> <span class='ocrx_word' id='word_1_224' title='bbox 3153 1722 3363 1778; x_wconf 86' lang='lat' dir='ltr'><strong>similes</strong></span> <span class='ocrx_word' id='word_1_225' title='bbox 3388 1741 3403 1778; x_wconf 93' lang='lat'>:</span> <span class='ocrx_word' id='word_1_226' title='bbox 3435 1725 3488 1778; x_wconf 91' lang='lat' dir='ltr'><strong>in</strong></span> <span class='ocrx_word' id='word_1_227' title='bbox 3511 1723 3649 1780; x_wconf 76' lang='lat' dir='ltr'><strong>Juda</strong></span> 
     </span>
    </p>
   </div>
   <div class='ocr_carea' id='block_1_32' title="bbox 2053 1809 3652 1877">
    <p class='ocr_par' dir='ltr' id='par_1_32' title="bbox 2053 1809 3652 1877">
     <span class='ocr_line' id='line_1_32' title="bbox 2053 1809 3652 1877; baseline 0.006 -14"><span class='ocrx_word' id='word_1_228' title='bbox 2053 1820 2232 1866; x_wconf 87' lang='lat' dir='ltr'><strong>autem</strong></span> <span class='ocrx_word' id='word_1_229' title='bbox 2273 1809 2487 1877; x_wconf 85' lang='lat' dir='ltr'><strong>Isaiam,</strong></span> <span class='ocrx_word' id='word_1_230' title='bbox 2521 1812 2836 1877; x_wconf 79' lang='lat' dir='ltr'><strong>Jeremiam,</strong></span> <span class='ocrx_word' id='word_1_231' title='bbox 2867 1812 3082 1869; x_wconf 82' lang='lat' dir='ltr'><strong>Oscam.</strong></span> <span class='ocrx_word' id='word_1_232' title='bbox 3127 1814 3418 1870; x_wconf 85' lang='lat' dir='ltr'><strong>Concludit</strong></span> <span class='ocrx_word' id='word_1_233' title='bbox 3474 1827 3652 1872; x_wconf 85' lang='lat' dir='ltr'><strong>autem</strong></span> 
     </span>
    </p>
   </div>
   <div class='ocr_carea' id='block_1_33' title="bbox 360 1902 3657 1981">
    <p class='ocr_par' dir='ltr' id='par_1_33' title="bbox 360 1902 3657 1981">
     <span class='ocr_line' id='line_1_33' title="bbox 360 1902 3657 1981; baseline -0.002 -10"><span class='ocrx_word' id='word_1_234' title='bbox 360 1929 442 1973; x_wconf 85' lang='lat' dir='ltr'><strong>tos</strong></span> <span class='ocrx_word' id='word_1_235' title='bbox 470 1932 613 1981; x_wconf 86' lang='lat' dir='ltr'><strong>esse,</strong></span> <span class='ocrx_word' id='word_1_236' title='bbox 657 1914 752 1970; x_wconf 78' lang='lat' dir='ltr'><strong>Sed</strong></span> <span class='ocrx_word' id='word_1_237' title='bbox 779 1914 942 1969; x_wconf 87' lang='lat' dir='ltr'><strong>etiam</strong></span> <span class='ocrx_word' id='word_1_238' title='bbox 981 1908 1434 1973; x_wconf 86' lang='lat' dir='ltr'><strong>communicasse,</strong></span> <span class='ocrx_word' id='word_1_239' title='bbox 1470 1905 1756 1963; x_wconf 90' lang='lat' dir='ltr'><strong>dicendum</strong></span> <span class='ocrx_word' id='word_1_240' title='bbox 1787 1904 1952 1959; x_wconf 89' lang='lat' dir='ltr'><strong>etiam</strong></span> <span class='ocrx_word' id='word_1_241' title='bbox 1982 1902 2030 1965; x_wconf 87' lang='lat' dir='ltr'><strong>B</strong></span> <span class='ocrx_word' id='word_1_242' title='bbox 2059 1917 2281 1958; x_wconf 89' lang='lat' dir='ltr'><strong>necesse</strong></span> <span class='ocrx_word' id='word_1_243' title='bbox 2307 1902 2500 1968; x_wconf 88' lang='lat' dir='ltr'><strong>fuisse,</strong></span> <span class='ocrx_word' id='word_1_244' title='bbox 2554 1905 2622 1959; x_wconf 89' lang='lat' dir='ltr'><strong>ah</strong></span> <span class='ocrx_word' id='word_1_245' title='bbox 2652 1920 2841 1960; x_wconf 88' lang='lat' dir='ltr'><strong>eorum</strong></span> <span class='ocrx_word' id='word_1_246' title='bbox 2868 1913 3104 1961; x_wconf 79' lang='lat' dir='ltr'><strong>cretuum</strong></span> <span class='ocrx_word' id='word_1_247' title='bbox 3133 1908 3493 1964; x_wconf 88' lang='lat' dir='ltr'><strong>consensione</strong></span> <span class='ocrx_word' id='word_1_248' title='bbox 3534 1909 3657 1965; x_wconf 67' lang='lat' dir='ltr'><strong>des-&#39;-</strong></span> 
     </span>
    </p>
   </div>
   <div class='ocr_carea' id='block_1_34' title="bbox 360 2006 1001 2073">
    <p class='ocr_par' dir='ltr' id='par_1_34' title="bbox 360 2006 1001 2073">
     <span class='ocr_line' id='line_1_34' title="bbox 360 2006 1001 2073; baseline -0.009 -10"><span class='ocrx_word' id='word_1_249' title='bbox 360 2018 466 2073; x_wconf 79' lang='lat' dir='ltr'><strong>est,‘</strong></span> <span class='ocrx_word' id='word_1_250' title='bbox 496 2017 551 2062; x_wconf 92' lang='lat' dir='ltr'><strong>ut</strong></span> <span class='ocrx_word' id='word_1_251' title='bbox 573 2015 698 2061; x_wconf 84' lang='lat' dir='ltr'><strong>ante</strong></span> <span class='ocrx_word' id='word_1_252' title='bbox 725 2006 1001 2060; x_wconf 90' lang='lat' dir='ltr'><strong>admonui.</strong></span> 
     </span>
    </p>
   </div>
   <div class='ocr_carea' id='block_1_35' title="bbox 432 2088 1952 2175">
    <p class='ocr_par' dir='ltr' id='par_1_35' title="bbox 432 2088 1952 2175">
     <span class='ocr_line' id='line_1_35' title="bbox 432 2088 1952 2175; baseline -0.006 -20"><span class='ocrx_word' id='word_1_253' title='bbox 432 2101 528 2155; x_wconf 77' lang='lat' dir='ltr'><strong>llic</strong></span> <span class='ocrx_word' id='word_1_254' title='bbox 558 2115 660 2170; x_wconf 86' lang='lat' dir='ltr'><strong>ego</strong></span> <span class='ocrx_word' id='word_1_255' title='bbox 702 2098 912 2154; x_wconf 81' lang='lat' dir='ltr'><strong>veniam</strong></span> <span class='ocrx_word' id='word_1_256' title='bbox 949 2094 1188 2150; x_wconf 66' lang='lat' dir='ltr'><strong>audaciae</strong></span> <span class='ocrx_word' id='word_1_257' title='bbox 1219 2102 1484 2164; x_wconf 87' lang='lat' dir='ltr'><strong>peterem,</strong></span> <span class='ocrx_word' id='word_1_258' title='bbox 1535 2092 1594 2175; x_wconf 34' lang='lat' dir='ltr'><strong>si.</strong></span> <span class='ocrx_word' id='word_1_259' title='bbox 1620 2090 1783 2162; x_wconf 90' lang='lat' dir='ltr'><strong>paulo</strong></span> <span class='ocrx_word' id='word_1_260' title='bbox 1813 2088 1952 2146; x_wconf 87' lang='lat' dir='ltr'><strong>libe-</strong></span> 
     </span>
    </p>
   </div>
   <div class='ocr_carea' id='block_1_36' title="bbox 360 2182 1956 2256">
    <p class='ocr_par' dir='ltr' id='par_1_36' title="bbox 360 2182 1956 2256">
     <span class='ocr_line' id='line_1_36' title="bbox 360 2182 1956 2256; baseline -0.008 -10"><span class='ocrx_word' id='word_1_261' title='bbox 360 2193 474 2246; x_wconf 91' lang='lat' dir='ltr'><strong>rius</strong></span> <span class='ocrx_word' id='word_1_262' title='bbox 500 2191 690 2245; x_wconf 87' lang='lat' dir='ltr'><strong>videor</strong></span> <span class='ocrx_word' id='word_1_263' title='bbox 716 2198 906 2243; x_wconf 87' lang='lat' dir='ltr'><strong>notare</strong></span> <span class='ocrx_word' id='word_1_264' title='bbox 938 2189 990 2241; x_wconf 92' lang='lat' dir='ltr'><strong>in</strong></span> <span class='ocrx_word' id='word_1_265' title='bbox 1015 2186 1316 2256; x_wconf 85' lang='lat' dir='ltr'><strong>Augustino</strong></span> <span class='ocrx_word' id='word_1_266' title='bbox 1345 2193 1400 2239; x_wconf 92' lang='lat' dir='ltr'><strong>et</strong></span> <span class='ocrx_word' id='word_1_267' title='bbox 1430 2183 1549 2253; x_wconf 84' lang='lat' dir='ltr'><strong>ejus</strong></span> <span class='ocrx_word' id='word_1_268' title='bbox 1571 2182 1819 2252; x_wconf 81' lang='lat' dir='ltr'><strong>collegis,</strong></span> <span class='ocrx_word' id='word_1_269' title='bbox 1843 2196 1956 2235; x_wconf 88' lang='lat' dir='ltr'><strong>non</strong></span> 
     </span>
    </p>
   </div>
   <div class='ocr_carea' id='block_1_37' title="bbox 361 2275 1957 2340">
    <p class='ocr_par' dir='ltr' id='par_1_37' title="bbox 361 2275 1957 2340">
     <span class='ocr_line' id='line_1_37' title="bbox 361 2275 1957 2340; baseline -0.004 -1"><span class='ocrx_word' id='word_1_270' title='bbox 361 2286 494 2340; x_wconf 87' lang='lat' dir='ltr'><strong>satis</strong></span> <span class='ocrx_word' id='word_1_271' title='bbox 515 2284 581 2339; x_wconf 91' lang='lat' dir='ltr'><strong>ab</strong></span> <span class='ocrx_word' id='word_1_272' title='bbox 613 2284 678 2338; x_wconf 89' lang='lat' dir='ltr'><strong>iis</strong></span> <span class='ocrx_word' id='word_1_273' title='bbox 693 2282 1040 2338; x_wconf 83' lang='lat' dir='ltr'><strong>observatum</strong></span> <span class='ocrx_word' id='word_1_274' title='bbox 1062 2295 1185 2335; x_wconf 91' lang='lat' dir='ltr'><strong>esse</strong></span> <span class='ocrx_word' id='word_1_275' title='bbox 1209 2278 1500 2334; x_wconf 89' lang='lat' dir='ltr'><strong>discrimen</strong></span> <span class='ocrx_word' id='word_1_276' title='bbox 1527 2276 1678 2332; x_wconf 65' lang='lat' dir='ltr'><strong>Judie</strong></span> <span class='ocrx_word' id='word_1_277' title='bbox 1703 2285 1759 2330; x_wconf 92' lang='lat' dir='ltr'><strong>et</strong></span> <span class='ocrx_word' id='word_1_278' title='bbox 1787 2275 1957 2332; x_wconf 84' lang='lat' dir='ltr'><strong>Israe-</strong></span> 
     </span>
    </p>
   </div>
   <div class='ocr_carea' id='block_1_38' title="bbox 361 2367 1959 2447">
    <p class='ocr_par' dir='ltr' id='par_1_38' title="bbox 361 2367 1959 2447">
     <span class='ocr_line' id='line_1_38' title="bbox 361 2367 1959 2447; baseline -0.006 -15"><span class='ocrx_word' id='word_1_279' title='bbox 361 2379 448 2433; x_wconf 91' lang='lat' dir='ltr'><strong>iis.</strong></span> <span class='ocrx_word' id='word_1_280' title='bbox 483 2377 590 2433; x_wconf 88' lang='lat' dir='ltr'><strong>Sed</strong></span> <span class='ocrx_word' id='word_1_281' title='bbox 619 2376 840 2447; x_wconf 90' lang='lat' dir='ltr'><strong>pudoris</strong></span> <span class='ocrx_word' id='word_1_282' title='bbox 869 2375 1046 2445; x_wconf 87' lang='lat' dir='ltr'><strong>potius</strong></span> <span class='ocrx_word' id='word_1_283' title='bbox 1072 2387 1232 2443; x_wconf 91' lang='lat' dir='ltr'><strong>quam</strong></span> <span class='ocrx_word' id='word_1_284' title='bbox 1263 2371 1571 2442; x_wconf 86' lang='lat' dir='ltr'><strong>petulantiae</strong></span> <span class='ocrx_word' id='word_1_285' title='bbox 1601 2369 1765 2424; x_wconf 90' lang='lat' dir='ltr'><strong>ullius</strong></span> <span class='ocrx_word' id='word_1_286' title='bbox 1794 2367 1959 2423; x_wconf 89' lang='lat' dir='ltr'><strong>vesti-</strong></span> 
     </span>
    </p>
   </div>
   <div class='ocr_carea' id='block_1_39' title="bbox 361 2461 1958 2543">
    <p class='ocr_par' dir='ltr' id='par_1_39' title="bbox 361 2461 1958 2543">
     <span class='ocr_line' id='line_1_39' title="bbox 361 2461 1958 2543; baseline -0.006 -19"><span class='ocrx_word' id='word_1_287' title='bbox 361 2473 505 2543; x_wconf 90' lang='lat' dir='ltr'><strong>gium</strong></span> <span class='ocrx_word' id='word_1_288' title='bbox 532 2469 586 2524; x_wconf 89' lang='lat' dir='ltr'><strong>in</strong></span> <span class='ocrx_word' id='word_1_289' title='bbox 620 2484 741 2524; x_wconf 89' lang='lat' dir='ltr'><strong>meo</strong></span> <span class='ocrx_word' id='word_1_290' title='bbox 769 2467 911 2523; x_wconf 85' lang='lat' dir='ltr'><strong>facto</strong></span> <span class='ocrx_word' id='word_1_291' title='bbox 938 2473 1194 2536; x_wconf 87' lang='lat' dir='ltr'><strong>agnoscet</strong></span> <span class='ocrx_word' id='word_1_292' title='bbox 1219 2480 1407 2536; x_wconf 64' lang='lat' dir='ltr'><strong>a‘quus</strong></span> <span class='ocrx_word' id='word_1_293' title='bbox 1432 2473 1488 2518; x_wconf 92' lang='lat' dir='ltr'><strong>et</strong></span> <span class='ocrx_word' id='word_1_294' title='bbox 1509 2461 1756 2518; x_wconf 87' lang='lat' dir='ltr'><strong>veritatis</strong></span> <span class='ocrx_word' id='word_1_295' title='bbox 1793 2461 1958 2533; x_wconf 61' lang='lat'><strong>363</strong></span> 
     </span>
    </p>
   </div>
   <div class='ocr_carea' id='block_1_40' title="bbox 362 2553 1961 2631">
    <p class='ocr_par' dir='ltr' id='par_1_40' title="bbox 362 2553 1961 2631">
     <span class='ocr_line' id='line_1_40' title="bbox 362 2553 1961 2631; baseline -0.006 -14"><span class='ocrx_word' id='word_1_296' title='bbox 362 2563 635 2618; x_wconf 86' lang='lat' dir='ltr'><strong>studiosus</strong></span> <span class='ocrx_word' id='word_1_297' title='bbox 682 2560 867 2631; x_wconf 85' lang='lat' dir='ltr'><strong>judex.</strong></span> <span class='ocrx_word' id='word_1_298' title='bbox 899 2559 1060 2615; x_wconf 84' lang='lat' dir='ltr'><strong>Certe</strong></span> <span class='ocrx_word' id='word_1_299' title='bbox 1107 2567 1164 2613; x_wconf 90' lang='lat' dir='ltr'><strong>ut</strong></span> <span class='ocrx_word' id='word_1_300' title='bbox 1203 2557 1334 2612; x_wconf 89' lang='lat' dir='ltr'><strong>mihi</strong></span> <span class='ocrx_word' id='word_1_301' title='bbox 1388 2557 1656 2626; x_wconf 88' lang='lat' dir='ltr'><strong>integrum</strong></span> <span class='ocrx_word' id='word_1_302' title='bbox 1709 2569 1814 2608; x_wconf 93' lang='lat' dir='ltr'><strong>non</strong></span> <span class='ocrx_word' id='word_1_303' title='bbox 1861 2553 1961 2608; x_wconf 89' lang='lat' dir='ltr'><strong>fuit</strong></span> 
     </span>
    </p>
   </div>
   <div class='ocr_carea' id='block_1_41' title="bbox 365 2646 1960 2724">
    <p class='ocr_par' dir='ltr' id='par_1_41' title="bbox 365 2646 1960 2724">
     <span class='ocr_line' id='line_1_41' title="bbox 365 2646 1960 2724; baseline -0.006 -13"><span class='ocrx_word' id='word_1_304' title='bbox 365 2657 704 2712; x_wconf 88' lang='lat' dir='ltr'><strong>dissimulare</strong></span> <span class='ocrx_word' id='word_1_305' title='bbox 725 2653 868 2724; x_wconf 94' lang='lat' dir='ltr'><strong>quod</strong></span> <span class='ocrx_word' id='word_1_306' title='bbox 898 2651 1219 2717; x_wconf 85' lang='lat' dir='ltr'><strong>sentiebam,</strong></span> <span class='ocrx_word' id='word_1_307' title='bbox 1249 2651 1326 2704; x_wconf 88' lang='lat' dir='ltr'><strong>sic</strong></span> <span class='ocrx_word' id='word_1_308' title='bbox 1353 2662 1590 2719; x_wconf 88' lang='lat' dir='ltr'><strong>agnosco</strong></span> <span class='ocrx_word' id='word_1_309' title='bbox 1615 2646 1812 2701; x_wconf 89' lang='lat' dir='ltr'><strong>factum</strong></span> <span class='ocrx_word' id='word_1_310' title='bbox 1836 2660 1960 2702; x_wconf 84' lang='lat' dir='ltr'><strong>esse</strong></span> 
     </span>
    </p>
   </div>
   <div class='ocr_carea' id='block_1_42' title="bbox 367 2741 1959 2818">
    <p class='ocr_par' dir='ltr' id='par_1_42' title="bbox 367 2741 1959 2818">
     <span class='ocr_line' id='line_1_42' title="bbox 367 2741 1959 2818; baseline -0.004 -17"><span class='ocrx_word' id='word_1_311' title='bbox 367 2747 596 2818; x_wconf 91' lang='lat' dir='ltr'><strong>quodam</strong></span> <span class='ocrx_word' id='word_1_312' title='bbox 630 2747 834 2816; x_wconf 86' lang='lat' dir='ltr'><strong>impetu</strong></span> <span class='ocrx_word' id='word_1_313' title='bbox 874 2743 1274 2814; x_wconf 87' lang='lat' dir='ltr'><strong>disputationis,</strong></span> <span class='ocrx_word' id='word_1_314' title='bbox 1307 2741 1375 2796; x_wconf 91' lang='lat' dir='ltr'><strong>ad</strong></span> <span class='ocrx_word' id='word_1_315' title='bbox 1411 2741 1811 2796; x_wconf 87' lang='lat' dir='ltr'><strong>Donatistarum</strong></span> <span class='ocrx_word' id='word_1_316' title='bbox 1841 2753 1959 2794; x_wconf 82' lang='lat' dir='ltr'><strong>mo-</strong></span> 
     </span>
    </p>
   </div>
   <div class='ocr_carea' id='block_1_43' title="bbox 367 2830 1958 2908">
    <p class='ocr_par' dir='ltr' id='par_1_43' title="bbox 367 2830 1958 2908">
     <span class='ocr_line' id='line_1_43' title="bbox 367 2830 1958 2908; baseline -0.006 -13"><span class='ocrx_word' id='word_1_317' title='bbox 367 2841 700 2895; x_wconf 85' lang='lat' dir='ltr'><strong>rosissimam</strong></span> <span class='ocrx_word' id='word_1_318' title='bbox 758 2836 1221 2908; x_wconf 83' lang='lat' dir='ltr'><strong>importunitatem</strong></span> <span class='ocrx_word' id='word_1_319' title='bbox 1261 2835 1701 2904; x_wconf 88' lang='lat' dir='ltr'><strong>repriinendam,</strong></span> <span class='ocrx_word' id='word_1_320' title='bbox 1752 2841 1809 2886; x_wconf 89' lang='lat' dir='ltr'><strong>ut</strong></span> <span class='ocrx_word' id='word_1_321' title='bbox 1855 2830 1958 2887; x_wconf 88' lang='lat' dir='ltr'><strong>Ca-</strong></span> 
     </span>
    </p>
   </div>
   <div class='ocr_carea' id='block_1_44' title="bbox 369 2923 1960 2987">
    <p class='ocr_par' dir='ltr' id='par_1_44' title="bbox 369 2923 1960 2987">
     <span class='ocr_line' id='line_1_44' title="bbox 369 2923 1960 2987; baseline -0.006 -1"><span class='ocrx_word' id='word_1_322' title='bbox 369 2933 552 2987; x_wconf 89' lang='lat' dir='ltr'><strong>tholici</strong></span> <span class='ocrx_word' id='word_1_323' title='bbox 591 2934 643 2986; x_wconf 91' lang='lat' dir='ltr'><strong>in</strong></span> <span class='ocrx_word' id='word_1_324' title='bbox 692 2928 992 2986; x_wconf 87' lang='lat' dir='ltr'><strong>Collatione</strong></span> <span class='ocrx_word' id='word_1_325' title='bbox 1038 2928 1214 2984; x_wconf 88' lang='lat' dir='ltr'><strong>minus</strong></span> <span class='ocrx_word' id='word_1_326' title='bbox 1259 2927 1603 2982; x_wconf 83' lang='lat' dir='ltr'><strong>distinxerim</strong></span> <span class='ocrx_word' id='word_1_327' title='bbox 1641 2923 1837 2980; x_wconf 78' lang='lat' dir='ltr'><strong>Judam</strong></span> <span class='ocrx_word' id='word_1_328' title='bbox 1891 2923 1960 2978; x_wconf 91' lang='lat' dir='ltr'><strong>ab</strong></span> 
     </span>
    </p>
   </div>
   <div class='ocr_carea' id='block_1_45' title="bbox 368 3017 1963 3098">
    <p class='ocr_par' dir='ltr' id='par_1_45' title="bbox 368 3017 1963 3098">
     <span class='ocr_line' id='line_1_45' title="bbox 368 3017 1963 3098; baseline -0.006 -17"><span class='ocrx_word' id='word_1_329' title='bbox 368 3025 590 3098; x_wconf 85' lang='lat' dir='ltr'><strong>Israele,</strong></span> <span class='ocrx_word' id='word_1_330' title='bbox 640 3039 762 3080; x_wconf 90' lang='lat' dir='ltr'><strong>cum</strong></span> <span class='ocrx_word' id='word_1_331' title='bbox 813 3021 1106 3094; x_wconf 88' lang='lat' dir='ltr'><strong>prophetas</strong></span> <span class='ocrx_word' id='word_1_332' title='bbox 1147 3020 1492 3092; x_wconf 84' lang='lat' dir='ltr'><strong>quantumvis</strong></span> <span class='ocrx_word' id='word_1_333' title='bbox 1531 3031 1752 3073; x_wconf 87' lang='lat' dir='ltr'><strong>severos</strong></span> <span class='ocrx_word' id='word_1_334' title='bbox 1802 3017 1963 3072; x_wconf 83' lang='lat' dir='ltr'><strong>vitio-</strong></span> 
     </span>
    </p>
   </div>
   <div class='ocr_carea' id='block_1_46' title="bbox 370 3111 1955 3187">
    <p class='ocr_par' dir='ltr' id='par_1_46' title="bbox 370 3111 1955 3187">
     <span class='ocr_line' id='line_1_46' title="bbox 370 3111 1955 3187; baseline -0.006 -13"><span class='ocrx_word' id='word_1_335' title='bbox 370 3136 489 3175; x_wconf 89' lang='lat' dir='ltr'><strong>rum</strong></span> <span class='ocrx_word' id='word_1_336' title='bbox 521 3118 942 3187; x_wconf 84' lang='lat' dir='ltr'><strong>reprehensores</strong></span> <span class='ocrx_word' id='word_1_337' title='bbox 972 3115 1191 3170; x_wconf 90' lang='lat' dir='ltr'><strong>minime</strong></span> <span class='ocrx_word' id='word_1_338' title='bbox 1219 3115 1463 3168; x_wconf 87' lang='lat' dir='ltr'><strong>omnium</strong></span> <span class='ocrx_word' id='word_1_339' title='bbox 1494 3112 1659 3167; x_wconf 90' lang='lat' dir='ltr'><strong>fuisse</strong></span> <span class='ocrx_word' id='word_1_340' title='bbox 1688 3111 1955 3167; x_wconf 88' lang='lat' dir='ltr'><strong>schisma-</strong></span> 
     </span>
    </p>
   </div>
   <div class='ocr_carea' id='block_1_47' title="bbox 371 3200 1961 3274">
    <p class='ocr_par' dir='ltr' id='par_1_47' title="bbox 371 3200 1961 3274">
     <span class='ocr_line' id='line_1_47' title="bbox 371 3200 1961 3274; baseline -0.004 -9"><span class='ocrx_word' id='word_1_341' title='bbox 371 3213 507 3265; x_wconf 90' lang='lat' dir='ltr'><strong>ticos</strong></span> <span class='ocrx_word' id='word_1_342' title='bbox 551 3209 839 3264; x_wconf 90' lang='lat' dir='ltr'><strong>ostendere</strong></span> <span class='ocrx_word' id='word_1_343' title='bbox 870 3207 1094 3274; x_wconf 87' lang='lat' dir='ltr'><strong>vellent,</strong></span> <span class='ocrx_word' id='word_1_344' title='bbox 1140 3215 1196 3261; x_wconf 87' lang='lat' dir='ltr'><strong>et</strong></span> <span class='ocrx_word' id='word_1_345' title='bbox 1234 3200 1544 3260; x_wconf 58' lang='lat' dir='ltr'><strong>Donati&#39;stas</strong></span> <span class='ocrx_word' id='word_1_346' title='bbox 1580 3203 1737 3263; x_wconf 81' lang='lat' dir='ltr'><strong>valde</strong></span> <span class='ocrx_word' id='word_1_347' title='bbox 1775 3218 1961 3272; x_wconf 83' lang='lat' dir='ltr'><strong>repre-</strong></span> 
     </span>
    </p>
   </div>
   <div class='ocr_carea' id='block_1_48' title="bbox 2055 1996 3657 2071">
    <p class='ocr_par' dir='ltr' id='par_1_48' title="bbox 2055 1996 3657 2071">
     <span class='ocr_line' id='line_1_48' title="bbox 2055 1996 3657 2071; baseline 0.004 -19"><span class='ocrx_word' id='word_1_348' title='bbox 2055 1996 2284 2063; x_wconf 88' lang='lat' dir='ltr'><strong>ciscere,</strong></span> <span class='ocrx_word' id='word_1_349' title='bbox 2330 2014 2450 2066; x_wconf 81' lang='lat' dir='ltr'><strong>qua:</strong></span> <span class='ocrx_word' id='word_1_350' title='bbox 2497 1999 2629 2052; x_wconf 91' lang='lat' dir='ltr'><strong>nihil</strong></span> <span class='ocrx_word' id='word_1_351' title='bbox 2663 1999 2808 2066; x_wconf 83' lang='lat' dir='ltr'><strong>aliud</strong></span> <span class='ocrx_word' id='word_1_352' title='bbox 2850 2009 2967 2054; x_wconf 89' lang='lat' dir='ltr'><strong>erat</strong></span> <span class='ocrx_word' id='word_1_353' title='bbox 2988 2016 3148 2070; x_wconf 89' lang='lat' dir='ltr'><strong>quam</strong></span> <span class='ocrx_word' id='word_1_354' title='bbox 3191 2003 3356 2071; x_wconf 87' lang='lat' dir='ltr'><strong>impia</strong></span> <span class='ocrx_word' id='word_1_355' title='bbox 3397 2001 3657 2058; x_wconf 86' lang='lat' dir='ltr'><strong>adversus</strong></span> 
     </span>
    </p>
   </div>
   <div class='ocr_carea' id='block_1_49' title="bbox 2059 2072 3657 2158">
    <p class='ocr_par' dir='ltr' id='par_1_49' title="bbox 2059 2072 3657 2158">
     <span class='ocr_line' id='line_1_49' title="bbox 2059 2072 3657 2158; baseline 0.004 -17"><span class='ocrx_word' id='word_1_356' title='bbox 2059 2087 2227 2141; x_wconf 91' lang='lat' dir='ltr'><strong>Deum</strong></span> <span class='ocrx_word' id='word_1_357' title='bbox 2255 2089 2611 2157; x_wconf 89' lang='lat' dir='ltr'><strong>conspiratio.</strong></span> <span class='ocrx_word' id='word_1_358' title='bbox 2644 2089 2779 2157; x_wconf 88' lang='lat' dir='ltr'><strong>Quis</strong></span> <span class='ocrx_word' id='word_1_359' title='bbox 2813 2106 2920 2145; x_wconf 89' lang='lat' dir='ltr'><strong>non</strong></span> <span class='ocrx_word' id='word_1_360' title='bbox 2953 2091 3099 2148; x_wconf 92' lang='lat' dir='ltr'><strong>videt</strong></span> <span class='ocrx_word' id='word_1_361' title='bbox 3121 2092 3239 2148; x_wconf 61' lang='lat' dir='ltr'><strong>haec</strong></span> <span class='ocrx_word' id='word_1_362' title='bbox 3275 2072 3504 2149; x_wconf 77' lang='lat' dir='ltr'><strong>confuse</strong></span> <span class='ocrx_word' id='word_1_363' title='bbox 3529 2093 3657 2158; x_wconf 89' lang='lat' dir='ltr'><strong>dici,</strong></span> 
     </span>
    </p>
   </div>
   <div class='ocr_carea' id='block_1_50' title="bbox 2057 2182 3658 2253">
    <p class='ocr_par' dir='ltr' id='par_1_50' title="bbox 2057 2182 3658 2253">
     <span class='ocr_line' id='line_1_50' title="bbox 2057 2182 3658 2253; baseline 0.005 -18"><span class='ocrx_word' id='word_1_364' title='bbox 2057 2183 2146 2236; x_wconf 93' lang='lat' dir='ltr'><strong>ubi</strong></span> <span class='ocrx_word' id='word_1_365' title='bbox 2174 2182 2615 2253; x_wconf 88' lang='lat' dir='ltr'><strong>distinguendum</strong></span> <span class='ocrx_word' id='word_1_366' title='bbox 2647 2193 2767 2239; x_wconf 87' lang='lat' dir='ltr'><strong>erat</strong></span> <span class='ocrx_word' id='word_1_367' title='bbox 2787 2186 2928 2240; x_wconf 90' lang='lat' dir='ltr'><strong>inter</strong></span> <span class='ocrx_word' id='word_1_368' title='bbox 2955 2185 3146 2241; x_wconf 71' lang='lat' dir='ltr'><strong>ludam</strong></span> <span class='ocrx_word' id='word_1_369' title='bbox 3173 2196 3230 2241; x_wconf 91' lang='lat' dir='ltr'><strong>et</strong></span> <span class='ocrx_word' id='word_1_370' title='bbox 3259 2186 3561 2242; x_wconf 84' lang='lat' dir='ltr'><strong>lsraelem?</strong></span> <span class='ocrx_word' id='word_1_371' title='bbox 3591 2185 3658 2243; x_wconf 85' lang='lat' dir='ltr'><strong>Et</strong></span> 
     </span>
    </p>
   </div>
   <div class='ocr_carea' id='block_1_51' title="bbox 2059 2277 3674 2358">
    <p class='ocr_par' dir='ltr' id='par_1_51' title="bbox 2059 2277 3674 2358">
     <span class='ocr_line' id='line_1_51' title="bbox 2059 2277 3674 2358; baseline 0.002 -27"><span class='ocrx_word' id='word_1_372' title='bbox 2059 2293 2192 2333; x_wconf 86' lang='lat' dir='ltr'><strong>vero</strong></span> <span class='ocrx_word' id='word_1_373' title='bbox 2218 2277 2271 2332; x_wconf 91' lang='lat' dir='ltr'><strong>in</strong></span> <span class='ocrx_word' id='word_1_374' title='bbox 2303 2280 2492 2334; x_wconf 88' lang='lat' dir='ltr'><strong>eadem</strong></span> <span class='ocrx_word' id='word_1_375' title='bbox 2539 2279 2700 2349; x_wconf 88' lang='lat' dir='ltr'><strong>paulo</strong></span> <span class='ocrx_word' id='word_1_376' title='bbox 2729 2288 2854 2358; x_wconf 72' lang='lat' dir='ltr'><strong>ante</strong></span> <span class='ocrx_word' id='word_1_377' title='bbox 2885 2281 3078 2350; x_wconf 80' lang='lat' dir='ltr'><strong>pagina</strong></span> <span class='ocrx_word' id='word_1_378' title='bbox 3107 2281 3211 2335; x_wconf 82' lang='lat' dir='ltr'><strong>sibi</strong></span> <span class='ocrx_word' id='word_1_379' title='bbox 3245 2281 3674 2336; x_wconf 32' lang='lat' dir='ltr'><strong>velutiiconiraa;</strong></span> 
     </span>
    </p>
   </div>
   <div class='ocr_carea' id='block_1_52' title="bbox 2058 2371 3660 2442">
    <p class='ocr_par' dir='ltr' id='par_1_52' title="bbox 2058 2371 3660 2442">
     <span class='ocr_line' id='line_1_52' title="bbox 2058 2371 3660 2442; baseline 0.002 -17"><span class='ocrx_word' id='word_1_380' title='bbox 2058 2371 2267 2442; x_wconf 77' lang='lat' dir='ltr'><strong>dicens,</strong></span> <span class='ocrx_word' id='word_1_381' title='bbox 2299 2371 2434 2426; x_wconf 90' lang='lat' dir='ltr'><strong>dixit</strong></span> <span class='ocrx_word' id='word_1_382' title='bbox 2463 2371 2608 2442; x_wconf 92' lang='lat' dir='ltr'><strong>quod</strong></span> <span class='ocrx_word' id='word_1_383' title='bbox 2637 2383 2692 2428; x_wconf 90' lang='lat' dir='ltr'><strong>et</strong></span> <span class='ocrx_word' id='word_1_384' title='bbox 2723 2373 2996 2441; x_wconf 87' lang='lat' dir='ltr'><strong>volumus,</strong></span> <span class='ocrx_word' id='word_1_385' title='bbox 3032 2384 3086 2429; x_wconf 91' lang='lat' dir='ltr'><strong>et</strong></span> <span class='ocrx_word' id='word_1_386' title='bbox 3123 2373 3190 2428; x_wconf 83' lang='lat' dir='ltr'><strong>ad</strong></span> <span class='ocrx_word' id='word_1_387' title='bbox 3227 2374 3546 2429; x_wconf 85' lang='lat' dir='ltr'><strong>Donatistas</strong></span> <span class='ocrx_word' id='word_1_388' title='bbox 3572 2389 3660 2429; x_wconf 64' lang='lat' dir='ltr'><strong>reo-</strong></span> 
     </span>
    </p>
   </div>
   <div class='ocr_carea' id='block_1_53' title="bbox 2061 2463 3658 2538">
    <p class='ocr_par' dir='ltr' id='par_1_53' title="bbox 2061 2463 3658 2538">
     <span class='ocr_line' id='line_1_53' title="bbox 2061 2463 3658 2538; baseline 0.004 -21"><span class='ocrx_word' id='word_1_389' title='bbox 2061 2463 2323 2519; x_wconf 85' lang='lat' dir='ltr'><strong>fellendos</strong></span> <span class='ocrx_word' id='word_1_390' title='bbox 2347 2463 2598 2520; x_wconf 88' lang='lat' dir='ltr'><strong>dicimus.</strong></span> <span class='ocrx_word' id='word_1_391' title='bbox 2624 2483 2643 2517; x_wconf 74' lang='grc' dir='ltr'>ι</span> <span class='ocrx_word' id='word_1_392' title='bbox 2668 2465 2890 2533; x_wconf 80' lang='lat' dir='ltr'><strong>Fateor,</strong></span> <span class='ocrx_word' id='word_1_393' title='bbox 2915 2465 3107 2538; x_wconf 83' lang='lat' dir='ltr'><strong>inquit,</strong></span> <span class='ocrx_word' id='word_1_394' title='bbox 3133 2467 3432 2538; x_wconf 79' lang='lat' dir='ltr'><strong>prophetas</strong></span> <span class='ocrx_word' id='word_1_395' title='bbox 3449 2482 3658 2535; x_wconf 56' lang='lat' dir='ltr'><strong>omnes;</strong></span> 
     </span>
    </p>
   </div>
   <div class='ocr_carea' id='block_1_54' title="bbox 2060 2555 3660 2628">
    <p class='ocr_par' dir='ltr' id='par_1_54' title="bbox 2060 2555 3660 2628">
     <span class='ocr_line' id='line_1_54' title="bbox 2060 2555 3660 2628; baseline 0.004 -19"><span class='ocrx_word' id='word_1_396' title='bbox 2060 2558 2150 2626; x_wconf 89' lang='lat' dir='ltr'><strong>qui</strong></span> <span class='ocrx_word' id='word_1_397' title='bbox 2187 2555 2578 2628; x_wconf 80' lang='lat' dir='ltr'><strong>Hierosolymis</strong></span> <span class='ocrx_word' id='word_1_398' title='bbox 2598 2556 2836 2624; x_wconf 84' lang='lat' dir='ltr'><strong>fuerunt,</strong></span> <span class='ocrx_word' id='word_1_399' title='bbox 2864 2572 2986 2614; x_wconf 89' lang='lat' dir='ltr'><strong>curn</strong></span> <span class='ocrx_word' id='word_1_400' title='bbox 3014 2576 3102 2624; x_wconf 87' lang='lat' dir='ltr'><strong>res</strong></span> <span class='ocrx_word' id='word_1_401' title='bbox 3125 2560 3232 2614; x_wconf 84' lang='lat' dir='ltr'><strong>illic</strong></span> <span class='ocrx_word' id='word_1_402' title='bbox 3262 2569 3452 2616; x_wconf 84' lang='lat' dir='ltr'><strong>essent</strong></span> <span class='ocrx_word' id='word_1_403' title='bbox 3473 2561 3660 2616; x_wconf 85' lang='lat' dir='ltr'><strong>admo-</strong></span> 
     </span>
    </p>
   </div>
   <div class='ocr_carea' id='block_1_55' title="bbox 2047 2648 3672 2726">
    <p class='ocr_par' dir='ltr' id='par_1_55' title="bbox 2047 2648 3672 2726">
     <span class='ocr_line' id='line_1_55' title="bbox 2047 2648 3672 2726; baseline 0.002 -22"><span class='ocrx_word' id='word_1_404' title='bbox 2047 2648 2185 2704; x_wconf 91' lang='lat' dir='ltr'><strong>.dum</strong></span> <span class='ocrx_word' id='word_1_405' title='bbox 2215 2661 2508 2719; x_wconf 62' lang='lat' dir='ltr'><strong>corruptae.</strong></span> <span class='ocrx_word' id='word_1_406' title='bbox 2539 2667 2640 2707; x_wconf 92' lang='lat' dir='ltr'><strong>nec</strong></span> <span class='ocrx_word' id='word_1_407' title='bbox 2665 2665 2908 2708; x_wconf 84' lang='lat' dir='ltr'><strong>seorsum</strong></span> <span class='ocrx_word' id='word_1_408' title='bbox 2956 2653 3316 2721; x_wconf 87' lang='lat' dir='ltr'><strong>sacriﬁcasse,</strong></span> <span class='ocrx_word' id='word_1_409' title='bbox 3358 2668 3463 2710; x_wconf 86' lang='lat' dir='ltr'><strong>nee</strong></span> <span class='ocrx_word' id='word_1_410' title='bbox 3491 2665 3672 2726; x_wconf 69' lang='lat' dir='ltr'><strong>sepaz&#39;</strong></span> 
     </span>
    </p>
   </div>
   <div class='ocr_carea' id='block_1_56' title="bbox 2063 2741 3663 2803">
    <p class='ocr_par' dir='ltr' id='par_1_56' title="bbox 2063 2741 3663 2803">
     <span class='ocr_line' id='line_1_56' title="bbox 2063 2741 3663 2803; baseline 0.006 -9"><span class='ocrx_word' id='word_1_411' title='bbox 2063 2749 2211 2795; x_wconf 88' lang='lat' dir='ltr'><strong>ratos</strong></span> <span class='ocrx_word' id='word_1_412' title='bbox 2235 2741 2304 2794; x_wconf 90' lang='lat' dir='ltr'><strong>ab</strong></span> <span class='ocrx_word' id='word_1_413' title='bbox 2332 2743 2451 2796; x_wconf 91' lang='lat' dir='ltr'><strong>aliis</strong></span> <span class='ocrx_word' id='word_1_414' title='bbox 2477 2751 2649 2799; x_wconf 77' lang='lat' dir='ltr'><strong>cmtus</strong></span> <span class='ocrx_word' id='word_1_415' title='bbox 2682 2744 2932 2800; x_wconf 85' lang='lat' dir='ltr'><strong>habuisse</strong></span> <span class='ocrx_word' id='word_1_416' title='bbox 2957 2745 3024 2803; x_wconf 89' lang='lat' dir='ltr'><strong>ad</strong></span> <span class='ocrx_word' id='word_1_417' title='bbox 3059 2746 3349 2800; x_wconf 73' lang='lat' dir='ltr'><strong>orandumi</strong></span> <span class='ocrx_word' id='word_1_418' title='bbox 3385 2742 3663 2803; x_wconf 81' lang='lat' dir='ltr'><strong>Habebam</strong></span> 
     </span>
    </p>
   </div>
   <div class='ocr_carea' id='block_1_57' title="bbox 2062 2832 3660 2907">
    <p class='ocr_par' dir='ltr' id='par_1_57' title="bbox 2062 2832 3660 2907">
     <span class='ocr_line' id='line_1_57' title="bbox 2062 2832 3660 2907; baseline 0.005 -21"><span class='ocrx_word' id='word_1_419' title='bbox 2062 2833 2208 2887; x_wconf 92' lang='lat' dir='ltr'><strong>enim</strong></span> <span class='ocrx_word' id='word_1_420' title='bbox 2258 2832 2351 2887; x_wconf 90' lang='lat' dir='ltr'><strong>Dei</strong></span> <span class='ocrx_word' id='word_1_421' title='bbox 2391 2834 2703 2890; x_wconf 87' lang='lat' dir='ltr'><strong>mandatum</strong></span> <span class='ocrx_word' id='word_1_422' title='bbox 2731 2877 2747 2902; x_wconf 92' lang='lat'><strong>,</strong></span> <span class='ocrx_word' id='word_1_423' title='bbox 2785 2851 2893 2906; x_wconf 93' lang='lat' dir='ltr'><strong>quo</strong></span> <span class='ocrx_word' id='word_1_424' title='bbox 2938 2837 2990 2890; x_wconf 92' lang='lat' dir='ltr'><strong>in</strong></span> <span class='ocrx_word' id='word_1_425' title='bbox 3040 2838 3298 2907; x_wconf 88' lang='lat' dir='ltr'><strong>templum</strong></span> <span class='ocrx_word' id='word_1_426' title='bbox 3351 2838 3660 2895; x_wconf 77' lang='lat' dir='ltr'><strong>Salomonis</strong></span> 
     </span>
    </p>
   </div>
   <div class='ocr_carea' id='block_1_58' title="bbox 2060 2929 3657 3002">
    <p class='ocr_par' dir='ltr' id='par_1_58' title="bbox 2060 2929 3657 3002">
     <span class='ocr_line' id='line_1_58' title="bbox 2060 2929 3657 3002; baseline 0.002 -19"><span class='ocrx_word' id='word_1_427' title='bbox 2060 2929 2356 2984; x_wconf 89' lang='lat' dir='ltr'><strong>convenire</strong></span> <span class='ocrx_word' id='word_1_428' title='bbox 2384 2929 2740 2999; x_wconf 85' lang='lat' dir='ltr'><strong>jubebantur.</strong></span> <span class='ocrx_word' id='word_1_429' title='bbox 2794 2930 3116 2986; x_wconf 75' lang='lat' dir='ltr'><strong>Sacerdotes</strong></span> <span class='ocrx_word' id='word_1_430' title='bbox 3157 2931 3455 2999; x_wconf 84' lang='lat' dir='ltr'><strong>Leviiicos,</strong></span> <span class='ocrx_word' id='word_1_431' title='bbox 3501 2946 3657 3002; x_wconf 73' lang='lat' dir='ltr'><strong>quos,</strong></span> 
     </span>
    </p>
   </div>
   <div class='ocr_carea' id='block_1_59' title="bbox 2062 3021 3659 3090">
    <p class='ocr_par' dir='ltr' id='par_1_59' title="bbox 2062 3021 3659 3090">
     <span class='ocr_line' id='line_1_59' title="bbox 2062 3021 3659 3090; baseline 0.004 -18"><span class='ocrx_word' id='word_1_432' title='bbox 2062 3021 2188 3088; x_wconf 85' lang='lat' dir='ltr'><strong>quia</strong></span> <span class='ocrx_word' id='word_1_433' title='bbox 2229 3034 2509 3074; x_wconf 88' lang='lat' dir='ltr'><strong>sacrorum</strong></span> <span class='ocrx_word' id='word_1_434' title='bbox 2555 3021 2828 3077; x_wconf 84' lang='lat' dir='ltr'><strong>antistites</strong></span> <span class='ocrx_word' id='word_1_435' title='bbox 2869 3021 3105 3076; x_wconf 91' lang='lat' dir='ltr'><strong>ordinati</strong></span> <span class='ocrx_word' id='word_1_436' title='bbox 3144 3031 3304 3077; x_wconf 88' lang='lat' dir='ltr'><strong>erant</strong></span> <span class='ocrx_word' id='word_1_437' title='bbox 3349 3037 3381 3076; x_wconf 87' lang='lat' dir='ltr'><strong>a</strong></span> <span class='ocrx_word' id='word_1_438' title='bbox 3411 3023 3659 3090; x_wconf 76' lang='lat' dir='ltr'><strong>Domino,-</strong></span> 
     </span>
    </p>
   </div>
   <div class='ocr_carea' id='block_1_60' title="bbox 2064 3112 3660 3184">
    <p class='ocr_par' dir='ltr' id='par_1_60' title="bbox 2064 3112 3660 3184">
     <span class='ocr_line' id='line_1_60' title="bbox 2064 3112 3660 3184; baseline 0.003 -17"><span class='ocrx_word' id='word_1_439' title='bbox 2064 3113 2293 3168; x_wconf 88' lang='lat' dir='ltr'><strong>necdmn</strong></span> <span class='ocrx_word' id='word_1_440' title='bbox 2326 3112 2582 3178; x_wconf 81' lang='lat' dir='ltr'><strong>abdicati,</strong></span> <span class='ocrx_word' id='word_1_441' title='bbox 2623 3123 2918 3184; x_wconf 85' lang='lat' dir='ltr'><strong>utcumque</strong></span> <span class='ocrx_word' id='word_1_442' title='bbox 2957 3114 3160 3184; x_wconf 79' lang='lat' dir='ltr'><strong>indigni</strong></span> <span class='ocrx_word' id='word_1_443' title='bbox 3209 3116 3284 3169; x_wconf 72' lang='lat' dir='ltr'><strong>ets</strong></span> <span class='ocrx_word' id='word_1_444' title='bbox 3313 3113 3527 3171; x_wconf 86' lang='lat' dir='ltr'><strong>hondre</strong></span> <span class='ocrx_word' id='word_1_445' title='bbox 3570 3130 3660 3171; x_wconf 54' lang='lat' dir='ltr'><strong>es:</strong></span> 
     </span>
    </p>
   </div>
   <div class='ocr_carea' id='block_1_61' title="bbox 2064 3205 3662 3279">
    <p class='ocr_par' dir='ltr' id='par_1_61' title="bbox 2064 3205 3662 3279">
     <span class='ocr_line' id='line_1_61' title="bbox 2064 3205 3662 3279; baseline 0.005 -21"><span class='ocrx_word' id='word_1_446' title='bbox 2064 3213 2208 3270; x_wconf 88' lang='lat' dir='ltr'><strong>sent,</strong></span> <span class='ocrx_word' id='word_1_447' title='bbox 2233 3206 2411 3260; x_wconf 90' lang='lat' dir='ltr'><strong>locum</strong></span> <span class='ocrx_word' id='word_1_448' title='bbox 2435 3206 2584 3260; x_wconf 86' lang='lat' dir='ltr'><strong>illutr.</strong></span> <span class='ocrx_word' id='word_1_449' title='bbox 2615 3205 2794 3260; x_wconf 85' lang='lat' dir='ltr'><strong>adhuc</strong></span> <span class='ocrx_word' id='word_1_450' title='bbox 2822 3213 3010 3262; x_wconf 84' lang='lat' dir='ltr'><strong>tenere</strong></span> <span class='ocrx_word' id='word_1_451' title='bbox 3038 3218 3324 3262; x_wconf 58' lang='lat' dir='ltr'><strong>noverant:</strong></span> <span class='ocrx_word' id='word_1_452' title='bbox 3351 3207 3460 3265; x_wconf 86' lang='lat' dir='ltr'><strong>Sed</strong></span> <span class='ocrx_word' id='word_1_453' title='bbox 3493 3224 3662 3279; x_wconf 74' lang='lat' dir='ltr'><strong>neque</strong></span> 
     </span>
    </p>
   </div>
   <div class='ocr_carea' id='block_1_62' title="bbox 371 3277 3659 3372">
    <p class='ocr_par' dir='ltr' id='par_1_62' title="bbox 371 3277 3659 3372">
     <span class='ocr_line' id='line_1_62' title="bbox 371 3277 3659 3372; baseline -0.001 -14"><span class='ocrx_word' id='word_1_454' title='bbox 371 3304 695 3367; x_wconf 85' lang='lat' dir='ltr'><strong>henderent,</strong></span> <span class='ocrx_word' id='word_1_455' title='bbox 729 3301 820 3372; x_wconf 92' lang='lat' dir='ltr'><strong>qui</strong></span> <span class='ocrx_word' id='word_1_456' title='bbox 850 3301 933 3356; x_wconf 86' lang='lat' dir='ltr'><strong>sui</strong></span> <span class='ocrx_word' id='word_1_457' title='bbox 973 3299 1280 3354; x_wconf 87' lang='lat' dir='ltr'><strong>schismatis</strong></span> <span class='ocrx_word' id='word_1_458' title='bbox 1314 3299 1620 3368; x_wconf 85' lang='lat' dir='ltr'><strong>exemplum</strong></span> <span class='ocrx_word' id='word_1_459' title='bbox 1642 3298 1961 3367; x_wconf 83' lang='lat' dir='ltr'><strong>repetebant</strong></span> <span class='ocrx_word' id='word_1_460' title='bbox 1986 3277 2032 3352; x_wconf 68' lang='grc' dir='ltr'>Ο</span> <span class='ocrx_word' id='word_1_461' title='bbox 2066 3296 2132 3351; x_wconf 87' lang='lat' dir='ltr'><strong>ad</strong></span> <span class='ocrx_word' id='word_1_462' title='bbox 2156 3297 2323 3351; x_wconf 90' lang='lat' dir='ltr'><strong>ullum</strong></span> <span class='ocrx_word' id='word_1_463' title='bbox 2346 3297 2779 3366; x_wconf 76' lang='lat' dir='ltr'><strong>superstitiosum</strong></span> <span class='ocrx_word' id='word_1_464' title='bbox 2807 3298 3008 3352; x_wconf 89' lang='lat' dir='ltr'><strong>cultum</strong></span> <span class='ocrx_word' id='word_1_465' title='bbox 3046 3299 3424 3368; x_wconf 79' lang='lat' dir='ltr'><strong>adigebantur.</strong></span> <span class='ocrx_word' id='word_1_466' title='bbox 3463 3312 3484 3352; x_wconf 77' lang='grc' dir='ltr'><strong><em>ι</em></strong></span> <span class='ocrx_word' id='word_1_467' title='bbox 3516 3277 3659 3356; x_wconf 69' lang='lat' dir='ltr'><strong>Idem</strong></span> 
     </span>
    </p>
   </div>
   <div class='ocr_carea' id='block_1_63' title="bbox 369 3391 1958 3466">
    <p class='ocr_par' dir='ltr' id='par_1_63' title="bbox 369 3391 1958 3466">
     <span class='ocr_line' id='line_1_63' title="bbox 369 3391 1958 3466; baseline -0.003 -16"><span class='ocrx_word' id='word_1_468' title='bbox 369 3413 395 3450; x_wconf 88' lang='lat' dir='ltr'><strong>a</strong></span> <span class='ocrx_word' id='word_1_469' title='bbox 437 3396 734 3466; x_wconf 74' lang='lat' dir='ltr'><strong>prophetis,</strong></span> <span class='ocrx_word' id='word_1_470' title='bbox 771 3411 907 3465; x_wconf 84' lang='lat' dir='ltr'><strong>quos</strong></span> <span class='ocrx_word' id='word_1_471' title='bbox 930 3392 1128 3464; x_wconf 81' lang='lat' dir='ltr'><strong>fugisse</strong></span> <span class='ocrx_word' id='word_1_472' title='bbox 1167 3408 1280 3448; x_wconf 61' lang='lat' dir='ltr'><strong>suae</strong></span> <span class='ocrx_word' id='word_1_473' title='bbox 1319 3393 1494 3463; x_wconf 87' lang='lat' dir='ltr'><strong>gentis</strong></span> <span class='ocrx_word' id='word_1_474' title='bbox 1528 3391 1790 3448; x_wconf 88' lang='lat' dir='ltr'><strong>sacriﬁcia</strong></span> <span class='ocrx_word' id='word_1_475' title='bbox 1822 3405 1958 3446; x_wconf 90' lang='lat' dir='ltr'><strong>con-</strong></span> 
     </span>
    </p>
   </div>
   <div class='ocr_carea' id='block_1_64' title="bbox 369 3485 1962 3554">
    <p class='ocr_par' dir='ltr' id='par_1_64' title="bbox 369 3485 1962 3554">
     <span class='ocr_line' id='line_1_64' title="bbox 369 3485 1962 3554; baseline -0.001 -11"><span class='ocrx_word' id='word_1_476' title='bbox 369 3491 484 3544; x_wconf 86' lang='lat' dir='ltr'><strong>fuse</strong></span> <span class='ocrx_word' id='word_1_477' title='bbox 524 3488 894 3553; x_wconf 83' lang='lat' dir='ltr'><strong>clamitabant,</strong></span> <span class='ocrx_word' id='word_1_478' title='bbox 940 3486 1215 3541; x_wconf 89' lang='lat' dir='ltr'><strong>contrario</strong></span> <span class='ocrx_word' id='word_1_479' title='bbox 1243 3487 1474 3554; x_wconf 87' lang='lat' dir='ltr'><strong>quodam</strong></span> <span class='ocrx_word' id='word_1_480' title='bbox 1518 3486 1678 3540; x_wconf 90' lang='lat' dir='ltr'><strong>modo</strong></span> <span class='ocrx_word' id='word_1_481' title='bbox 1704 3485 1858 3540; x_wconf 59' lang='lat' dir='ltr'><strong>ludas</strong></span> <span class='ocrx_word' id='word_1_482' title='bbox 1903 3494 1962 3541; x_wconf 88' lang='lat' dir='ltr'><strong>et</strong></span> 
     </span>
    </p>
   </div>
   <div class='ocr_carea' id='block_1_65' title="bbox 371 3575 1960 3636">
    <p class='ocr_par' dir='ltr' id='par_1_65' title="bbox 371 3575 1960 3636">
     <span class='ocr_line' id='line_1_65' title="bbox 371 3575 1960 3636; baseline -0.001 -1"><span class='ocrx_word' id='word_1_483' title='bbox 371 3581 586 3636; x_wconf 85' lang='lat' dir='ltr'><strong>lsraelis</strong></span> <span class='ocrx_word' id='word_1_484' title='bbox 620 3580 909 3634; x_wconf 90' lang='lat' dir='ltr'><strong>discrimen</strong></span> <span class='ocrx_word' id='word_1_485' title='bbox 954 3575 1372 3632; x_wconf 76' lang='lat' dir='ltr'><strong>confundentes.</strong></span> <span class='ocrx_word' id='word_1_486' title='bbox 1423 3576 1691 3632; x_wconf 62' lang='lat' dir='ltr'><strong>Caeterum</strong></span> <span class='ocrx_word' id='word_1_487' title='bbox 1738 3579 1960 3633; x_wconf 88' lang='lat' dir='ltr'><strong>minime</strong></span> 
     </span>
    </p>
   </div>
   <div class='ocr_carea' id='block_1_66' title="bbox 371 3668 1961 3741">
    <p class='ocr_par' dir='ltr' id='par_1_66' title="bbox 371 3668 1961 3741">
     <span class='ocr_line' id='line_1_66' title="bbox 371 3668 1961 3741; baseline -0.001 -15"><span class='ocrx_word' id='word_1_488' title='bbox 371 3673 568 3740; x_wconf 84' lang='lat' dir='ltr'><strong>alioqui</strong></span> <span class='ocrx_word' id='word_1_489' title='bbox 615 3670 966 3741; x_wconf 81' lang='lat' dir='ltr'><strong>Augustinum</strong></span> <span class='ocrx_word' id='word_1_490' title='bbox 1017 3670 1294 3739; x_wconf 88' lang='lat' dir='ltr'><strong>ignorasse</strong></span> <span class='ocrx_word' id='word_1_491' title='bbox 1333 3669 1476 3738; x_wconf 92' lang='lat' dir='ltr'><strong>quod</strong></span> <span class='ocrx_word' id='word_1_492' title='bbox 1513 3668 1644 3734; x_wconf 67' lang='lat' dir='ltr'><strong>dixi,</strong></span> <span class='ocrx_word' id='word_1_493' title='bbox 1687 3669 1797 3722; x_wconf 94' lang='lat' dir='ltr'><strong>imo</strong></span> <span class='ocrx_word' id='word_1_494' title='bbox 1828 3684 1961 3724; x_wconf 83' lang='lat' dir='ltr'><strong>vero</strong></span> 
     </span>
    </p>
   </div>
   <div class='ocr_carea' id='block_1_67' title="bbox 371 3747 1962 3833">
    <p class='ocr_par' dir='ltr' id='par_1_67' title="bbox 371 3747 1962 3833">
     <span class='ocr_line' id='line_1_67' title="bbox 371 3747 1962 3833; baseline -0.001 -15"><span class='ocrx_word' id='word_1_495' title='bbox 371 3766 475 3820; x_wconf 86' lang='lat' dir='ltr'><strong>tale</strong></span> <span class='ocrx_word' id='word_1_496' title='bbox 519 3763 807 3818; x_wconf 85' lang='lat' dir='ltr'><strong>discrimen</strong></span> <span class='ocrx_word' id='word_1_497' title='bbox 850 3762 1135 3833; x_wconf 89' lang='lat' dir='ltr'><strong>diligenter</strong></span> <span class='ocrx_word' id='word_1_498' title='bbox 1177 3763 1308 3816; x_wconf 89' lang='lat' dir='ltr'><strong>alias</strong></span> <span class='ocrx_word' id='word_1_499' title='bbox 1347 3761 1636 3828; x_wconf 82' lang='lat' dir='ltr'><strong>indicasse,</strong></span> <span class='ocrx_word' id='word_1_500' title='bbox 1683 3762 1838 3816; x_wconf 89' lang='lat' dir='ltr'><strong>testis</strong></span> <span class='ocrx_word' id='word_1_501' title='bbox 1876 3747 1962 3816; x_wconf 87' lang='lat' dir='ltr'><strong>est</strong></span> 
     </span>
    </p>
   </div>
   <div class='ocr_carea' id='block_1_68' title="bbox 373 3855 1188 3927">
    <p class='ocr_par' dir='ltr' id='par_1_68' title="bbox 373 3855 1188 3927">
     <span class='ocr_line' id='line_1_68' title="bbox 373 3855 1188 3927; baseline -0.005 -15"><span class='ocrx_word' id='word_1_502' title='bbox 373 3859 490 3927; x_wconf 87' lang='lat' dir='ltr'><strong>ejus</strong></span> <span class='ocrx_word' id='word_1_503' title='bbox 513 3858 649 3912; x_wconf 87' lang='lat' dir='ltr'><strong>liber</strong></span> <span class='ocrx_word' id='word_1_504' title='bbox 675 3872 781 3911; x_wconf 83' lang='lat' dir='ltr'><strong>xvii</strong></span> <span class='ocrx_word' id='word_1_505' title='bbox 799 3857 864 3911; x_wconf 90' lang='lat' dir='ltr'><strong>de</strong></span> <span class='ocrx_word' id='word_1_506' title='bbox 890 3856 1048 3910; x_wconf 90' lang='lat' dir='ltr'><strong>Civit.</strong></span> <span class='ocrx_word' id='word_1_507' title='bbox 1077 3855 1188 3910; x_wconf 92' lang='lat' dir='ltr'><strong>Dei.</strong></span> 
     </span>
    </p>
   </div>
   <div class='ocr_carea' id='block_1_69' title="bbox 447 3947 1961 4020">
    <p class='ocr_par' dir='ltr' id='par_1_69' title="bbox 447 3947 1961 4020">
     <span class='ocr_line' id='line_1_69' title="bbox 447 3947 1961 4020; baseline -0.002 -14"><span class='ocrx_word' id='word_1_508' title='bbox 447 3949 513 4006; x_wconf 83' lang='lat' dir='ltr'><strong>Ut</strong></span> <span class='ocrx_word' id='word_1_509' title='bbox 539 3960 716 4004; x_wconf 89' lang='lat' dir='ltr'><strong>autem</strong></span> <span class='ocrx_word' id='word_1_510' title='bbox 750 3948 900 4004; x_wconf 89' lang='lat' dir='ltr'><strong>novis</strong></span> <span class='ocrx_word' id='word_1_511' title='bbox 931 3947 1090 4003; x_wconf 88' lang='lat' dir='ltr'><strong>hodie</strong></span> <span class='ocrx_word' id='word_1_512' title='bbox 1116 3948 1328 4014; x_wconf 78' lang='lat' dir='ltr'><strong>Momis,</strong></span> <span class='ocrx_word' id='word_1_513' title='bbox 1367 3947 1457 4020; x_wconf 92' lang='lat' dir='ltr'><strong>qui</strong></span> <span class='ocrx_word' id='word_1_514' title='bbox 1487 3956 1650 4004; x_wconf 90' lang='lat' dir='ltr'><strong>totam</strong></span> <span class='ocrx_word' id='word_1_515' title='bbox 1695 3947 1961 4003; x_wconf 89' lang='lat' dir='ltr'><strong>Collatio-</strong></span> 
     </span>
    </p>
   </div>
   <div class='ocr_carea' id='block_1_70' title="bbox 377 4040 1962 4118">
    <p class='ocr_par' dir='ltr' id='par_1_70' title="bbox 377 4040 1962 4118">
     <span class='ocr_line' id='line_1_70' title="bbox 377 4040 1962 4118; baseline 0 -22"><span class='ocrx_word' id='word_1_516' title='bbox 377 4057 496 4096; x_wconf 89' lang='lat' dir='ltr'><strong>nem</strong></span> <span class='ocrx_word' id='word_1_517' title='bbox 527 4040 1007 4111; x_wconf 84' lang='lat' dir='ltr'><strong>Carthaginensetn</strong></span> <span class='ocrx_word' id='word_1_518' title='bbox 1059 4051 1277 4110; x_wconf 85' lang='lat' dir='ltr'><strong>propter</strong></span> <span class='ocrx_word' id='word_1_519' title='bbox 1320 4043 1622 4113; x_wconf 78' lang='grc' dir='ltr'><strong>μνημονικὸν</strong></span> <span class='ocrx_word' id='word_1_520' title='bbox 1673 4041 1962 4118; x_wconf 79' lang='grc' dir='ltr'><strong>ἁμαρτημα.</strong></span> 
     </span>
    </p>
   </div>
   <div class='ocr_carea' id='block_1_71' title="bbox 376 4132 1959 4204">
    <p class='ocr_par' dir='ltr' id='par_1_71' title="bbox 376 4132 1959 4204">
     <span class='ocr_line' id='line_1_71' title="bbox 376 4132 1959 4204; baseline 0 -17"><span class='ocrx_word' id='word_1_521' title='bbox 376 4133 623 4204; x_wconf 83' lang='lat' dir='ltr'><strong>irridere,</strong></span> <span class='ocrx_word' id='word_1_522' title='bbox 656 4141 712 4187; x_wconf 88' lang='lat' dir='ltr'><strong>et</strong></span> <span class='ocrx_word' id='word_1_523' title='bbox 731 4132 1162 4187; x_wconf 81' lang='lat' dir='ltr'><strong>bonisPatribus</strong></span> <span class='ocrx_word' id='word_1_524' title='bbox 1189 4132 1451 4188; x_wconf 89' lang='lat' dir='ltr'><strong>insultare</strong></span> <span class='ocrx_word' id='word_1_525' title='bbox 1476 4132 1698 4201; x_wconf 80' lang='lat' dir='ltr'><strong>vellent,</strong></span> <span class='ocrx_word' id='word_1_526' title='bbox 1727 4132 1959 4188; x_wconf 59' lang='lat' dir='ltr'><strong>frenum</strong></span> 
     </span>
    </p>
   </div>
   <div class='ocr_carea' id='block_1_72' title="bbox 375 4223 1960 4296">
    <p class='ocr_par' dir='ltr' id='par_1_72' title="bbox 375 4223 1960 4296">
     <span class='ocr_line' id='line_1_72' title="bbox 375 4223 1960 4296; baseline 0.002 -19"><span class='ocrx_word' id='word_1_527' title='bbox 375 4224 588 4294; x_wconf 87' lang='lat' dir='ltr'><strong>aliquod</strong></span> <span class='ocrx_word' id='word_1_528' title='bbox 619 4224 877 4291; x_wconf 81' lang='lat' dir='ltr'><strong>injiciam,</strong></span> <span class='ocrx_word' id='word_1_529' title='bbox 907 4225 1051 4278; x_wconf 84' lang='lat' dir='ltr'><strong>venit</strong></span> <span class='ocrx_word' id='word_1_530' title='bbox 1096 4223 1148 4277; x_wconf 89' lang='lat' dir='ltr'><strong>in</strong></span> <span class='ocrx_word' id='word_1_531' title='bbox 1189 4234 1424 4279; x_wconf 90' lang='lat' dir='ltr'><strong>mentem</strong></span> <span class='ocrx_word' id='word_1_532' title='bbox 1450 4223 1594 4295; x_wconf 88' lang='lat' dir='ltr'><strong>quod</strong></span> <span class='ocrx_word' id='word_1_533' title='bbox 1617 4225 1732 4296; x_wconf 88' lang='lat' dir='ltr'><strong>ipse</strong></span> <span class='ocrx_word' id='word_1_534' title='bbox 1769 4224 1960 4280; x_wconf 83' lang='lat' dir='ltr'><strong>Calvi-</strong></span> 
     </span>
    </p>
   </div>
   <div class='ocr_carea' id='block_1_73' title="bbox 377 4313 1969 4386">
    <p class='ocr_par' dir='ltr' id='par_1_73' title="bbox 377 4313 1969 4386">
     <span class='ocr_line' id='line_1_73' title="bbox 377 4313 1969 4386; baseline 0.003 -16"><span class='ocrx_word' id='word_1_535' title='bbox 377 4333 478 4370; x_wconf 90' lang='lat' dir='ltr'><strong>nus</strong></span> <span class='ocrx_word' id='word_1_536' title='bbox 527 4331 788 4371; x_wconf 88' lang='lat' dir='ltr'><strong>novorum</strong></span> <span class='ocrx_word' id='word_1_537' title='bbox 839 4330 1126 4370; x_wconf 89' lang='lat' dir='ltr'><strong>censorum</strong></span> <span class='ocrx_word' id='word_1_538' title='bbox 1175 4318 1469 4386; x_wconf 85' lang='lat' dir='ltr'><strong>princeps,</strong></span> <span class='ocrx_word' id='word_1_539' title='bbox 1523 4329 1643 4372; x_wconf 87' lang='lat' dir='ltr'><strong>cum</strong></span> <span class='ocrx_word' id='word_1_540' title='bbox 1691 4313 1969 4375; x_wconf 82' lang='lat' dir='ltr'><strong>sexcentis</strong></span> 
     </span>
    </p>
   </div>
   <div class='ocr_carea' id='block_1_74' title="bbox 376 4407 1961 4479">
    <p class='ocr_par' dir='ltr' id='par_1_74' title="bbox 376 4407 1961 4479">
     <span class='ocr_line' id='line_1_74' title="bbox 376 4407 1961 4479; baseline 0.002 -16"><span class='ocrx_word' id='word_1_541' title='bbox 376 4409 576 4478; x_wconf 90' lang='lat' dir='ltr'><strong>alioqui</strong></span> <span class='ocrx_word' id='word_1_542' title='bbox 617 4408 670 4462; x_wconf 90' lang='lat' dir='ltr'><strong>in</strong></span> <span class='ocrx_word' id='word_1_543' title='bbox 701 4408 831 4463; x_wconf 90' lang='lat' dir='ltr'><strong>locis</strong></span> <span class='ocrx_word' id='word_1_544' title='bbox 871 4416 1206 4473; x_wconf 85' lang='lat' dir='ltr'><strong>annotasset,</strong></span> <span class='ocrx_word' id='word_1_545' title='bbox 1238 4407 1369 4462; x_wconf 89' lang='lat' dir='ltr'><strong>illud</strong></span> <span class='ocrx_word' id='word_1_546' title='bbox 1414 4423 1446 4462; x_wconf 85' lang='lat' dir='ltr'><strong>a</strong></span> <span class='ocrx_word' id='word_1_547' title='bbox 1499 4409 1774 4479; x_wconf 82' lang='lat' dir='ltr'><strong>prOphetis</strong></span> <span class='ocrx_word' id='word_1_548' title='bbox 1801 4413 1961 4467; x_wconf 83' lang='lat' dir='ltr'><strong>toties</strong></span> 
     </span>
    </p>
   </div>
   <div class='ocr_carea' id='block_1_75' title="bbox 375 4497 1964 4570">
    <p class='ocr_par' dir='ltr' id='par_1_75' title="bbox 375 4497 1964 4570">
     <span class='ocr_line' id='line_1_75' title="bbox 375 4497 1964 4570; baseline 0.001 -15"><span class='ocrx_word' id='word_1_549' title='bbox 375 4499 666 4555; x_wconf 89' lang='lat' dir='ltr'><strong>indicatum</strong></span> <span class='ocrx_word' id='word_1_550' title='bbox 712 4498 1028 4564; x_wconf 89' lang='lat' dir='ltr'><strong>discrimen,</strong></span> <span class='ocrx_word' id='word_1_551' title='bbox 1071 4505 1252 4552; x_wconf 72' lang='lat' dir='ltr'><strong>tanien</strong></span> <span class='ocrx_word' id='word_1_552' title='bbox 1300 4497 1490 4554; x_wconf 89' lang='lat' dir='ltr'><strong>nescio</strong></span> <span class='ocrx_word' id='word_1_553' title='bbox 1532 4500 1802 4569; x_wconf 90' lang='lat' dir='ltr'><strong>quomodo</strong></span> <span class='ocrx_word' id='word_1_554' title='bbox 1848 4503 1964 4570; x_wconf 88' lang='lat' dir='ltr'><strong>ejus</strong></span> 
     </span>
    </p>
   </div>
   <div class='ocr_carea' id='block_1_76' title="bbox 375 4589 1964 4658">
    <p class='ocr_par' dir='ltr' id='par_1_76' title="bbox 375 4589 1964 4658">
     <span class='ocr_line' id='line_1_76' title="bbox 375 4589 1964 4658; baseline 0.001 -10"><span class='ocrx_word' id='word_1_555' title='bbox 375 4593 622 4648; x_wconf 81' lang='lat' dir='ltr'><strong>oblivisci</strong></span> <span class='ocrx_word' id='word_1_556' title='bbox 664 4591 900 4657; x_wconf 90' lang='lat' dir='ltr'><strong>videtur,</strong></span> <span class='ocrx_word' id='word_1_557' title='bbox 930 4591 1020 4645; x_wconf 91' lang='lat' dir='ltr'><strong>ubi</strong></span> <span class='ocrx_word' id='word_1_558' title='bbox 1045 4591 1098 4643; x_wconf 94' lang='lat' dir='ltr'><strong>in</strong></span> <span class='ocrx_word' id='word_1_559' title='bbox 1127 4589 1486 4658; x_wconf 88' lang='lat' dir='ltr'><strong>disputatione</strong></span> <span class='ocrx_word' id='word_1_560' title='bbox 1518 4591 1759 4644; x_wconf 89' lang='lat' dir='ltr'><strong>incaluit.</strong></span> <span class='ocrx_word' id='word_1_561' title='bbox 1803 4593 1964 4650; x_wconf 88' lang='lat' dir='ltr'><strong>Certe</strong></span> 
     </span>
    </p>
   </div>
   <div class='ocr_carea' id='block_1_77' title="bbox 2063 3384 3645 3462">
    <p class='ocr_par' dir='ltr' id='par_1_77' title="bbox 2063 3384 3645 3462">
     <span class='ocr_line' id='line_1_77' title="bbox 2063 3384 3645 3462; baseline 0.004 -20"><span class='ocrx_word' id='word_1_562' title='bbox 2063 3405 2251 3445; x_wconf 85' lang='lat' dir='ltr'><strong>rursus</strong></span> <span class='ocrx_word' id='word_1_563' title='bbox 2277 3391 2329 3444; x_wconf 92' lang='lat' dir='ltr'><strong>in</strong></span> <span class='ocrx_word' id='word_1_564' title='bbox 2360 3389 2547 3445; x_wconf 87' lang='lat' dir='ltr'><strong>eadem</strong></span> <span class='ocrx_word' id='word_1_565' title='bbox 2565 3384 2727 3459; x_wconf 79' lang='lat' dir='ltr'><strong>paulo</strong></span> <span class='ocrx_word' id='word_1_566' title='bbox 2747 3399 2874 3446; x_wconf 88' lang='lat' dir='ltr'><strong>ante</strong></span> <span class='ocrx_word' id='word_1_567' title='bbox 2898 3407 2994 3446; x_wconf 87' lang='lat' dir='ltr'><strong>sua</strong></span> <span class='ocrx_word' id='word_1_568' title='bbox 3027 3391 3237 3447; x_wconf 87' lang='lat' dir='ltr'><strong>lnstit.:</strong></span> <span class='ocrx_word' id='word_1_569' title='bbox 3277 3410 3298 3445; x_wconf 78' lang='lat' dir='ltr'><strong>r</strong></span> <span class='ocrx_word' id='word_1_570' title='bbox 3329 3395 3645 3462; x_wconf 60' lang='lat' dir='ltr'><strong>Horrenda,</strong></span> 
     </span>
    </p>
   </div>
   <div class='ocr_carea' id='block_1_78' title="bbox 2063 3481 3654 3554">
    <p class='ocr_par' dir='ltr' id='par_1_78' title="bbox 2063 3481 3654 3554">
     <span class='ocr_line' id='line_1_78' title="bbox 2063 3481 3654 3554; baseline 0.004 -19"><span class='ocrx_word' id='word_1_571' title='bbox 2063 3483 2256 3550; x_wconf 88' lang='lat' dir='ltr'><strong>inquit,</strong></span> <span class='ocrx_word' id='word_1_572' title='bbox 2284 3492 2409 3538; x_wconf 88' lang='lat' dir='ltr'><strong>sunt</strong></span> <span class='ocrx_word' id='word_1_573' title='bbox 2441 3481 2548 3536; x_wconf 73' lang='lat' dir='ltr'><strong>illic</strong></span> <span class='ocrx_word' id='word_1_574' title='bbox 2582 3481 2999 3552; x_wconf 83' lang='lat' dir='ltr'><strong>descriptiones,</strong></span> <span class='ocrx_word' id='word_1_575' title='bbox 3037 3484 3252 3554; x_wconf 85' lang='lat' dir='ltr'><strong>quibus.</strong></span> <span class='ocrx_word' id='word_1_576' title='bbox 3288 3484 3474 3551; x_wconf 73' lang='lat' dir='ltr'><strong>Isaias,</strong></span> <span class='ocrx_word' id='word_1_577' title='bbox 3501 3485 3654 3542; x_wconf 80' lang='lat' dir='ltr'><strong>Jere-</strong></span> 
     </span>
    </p>
   </div>
   <div class='ocr_carea' id='block_1_79' title="bbox 2063 3573 3656 3647">
    <p class='ocr_par' dir='ltr' id='par_1_79' title="bbox 2063 3573 3656 3647">
     <span class='ocr_line' id='line_1_79' title="bbox 2063 3573 3656 3647; baseline 0.001 -19"><span class='ocrx_word' id='word_1_578' title='bbox 2063 3574 2220 3640; x_wconf 88' lang='lat' dir='ltr'><strong>mias,</strong></span> <span class='ocrx_word' id='word_1_579' title='bbox 2243 3573 2383 3640; x_wconf 88' lang='lat' dir='ltr'><strong>Joel,</strong></span> <span class='ocrx_word' id='word_1_580' title='bbox 2417 3573 2668 3628; x_wconf 85' lang='lat' dir='ltr'><strong>Habacuc</strong></span> <span class='ocrx_word' id='word_1_581' title='bbox 2695 3582 2748 3629; x_wconf 90' lang='lat' dir='ltr'><strong>et</strong></span> <span class='ocrx_word' id='word_1_582' title='bbox 2804 3574 2892 3628; x_wconf 92' lang='lat' dir='ltr'><strong>alii</strong></span> <span class='ocrx_word' id='word_1_583' title='bbox 2922 3574 3181 3631; x_wconf 64' lang='lat' dir='ltr'><strong>Ecclesiae</strong></span> <span class='ocrx_word' id='word_1_584' title='bbox 3207 3575 3656 3647; x_wconf 64' lang='lat' dir='ltr'><strong>Hierosolymis.</strong></span> 
     </span>
    </p>
   </div>
   <div class='ocr_carea' id='block_1_80' title="bbox 2064 3663 3656 3744">
    <p class='ocr_par' dir='ltr' id='par_1_80' title="bbox 2064 3663 3656 3744">
     <span class='ocr_line' id='line_1_80' title="bbox 2064 3663 3656 3744; baseline 0.004 -26"><span class='ocrx_word' id='word_1_585' title='bbox 2064 3681 2146 3719; x_wconf 85' lang='lat' dir='ltr'><strong>nae</strong></span> <span class='ocrx_word' id='word_1_586' title='bbox 2175 3665 2395 3744; x_wconf 84' lang='lat' dir='ltr'><strong>morbos</strong></span> <span class='ocrx_word' id='word_1_587' title='bbox 2415 3664 2725 3735; x_wconf 89' lang='lat' dir='ltr'><strong>deplorant.</strong></span> <span class='ocrx_word' id='word_1_588' title='bbox 2749 3663 2805 3720; x_wconf 83' lang='lat' dir='ltr'><strong>In</strong></span> <span class='ocrx_word' id='word_1_589' title='bbox 2835 3667 3018 3736; x_wconf 79' lang='lat' dir='ltr'><strong>plebe,</strong></span> <span class='ocrx_word' id='word_1_590' title='bbox 3043 3667 3096 3720; x_wconf 85' lang='lat' dir='ltr'><strong>in</strong></span> <span class='ocrx_word' id='word_1_591' title='bbox 3123 3669 3464 3737; x_wconf 80' lang='lat' dir='ltr'><strong>magistratu,</strong></span> <span class='ocrx_word' id='word_1_592' title='bbox 3498 3672 3549 3724; x_wconf 78' lang='lat' dir='ltr'><strong>in‘</strong></span> <span class='ocrx_word' id='word_1_593' title='bbox 3572 3684 3656 3724; x_wconf 86' lang='lat' dir='ltr'><strong>sa-</strong></span> 
     </span>
    </p>
   </div>
   <div class='ocr_carea' id='block_1_81' title="bbox 2060 3756 3648 3828">
    <p class='ocr_par' dir='ltr' id='par_1_81' title="bbox 2060 3756 3648 3828">
     <span class='ocr_line' id='line_1_81' title="bbox 2060 3756 3648 3828; baseline 0.003 -17"><span class='ocrx_word' id='word_1_594' title='bbox 2060 3756 2392 3821; x_wconf 85' lang='lat' dir='ltr'><strong>cerdotibus,</strong></span> <span class='ocrx_word' id='word_1_595' title='bbox 2438 3758 2618 3812; x_wconf 85' lang='lat' dir='ltr'><strong>omnia</strong></span> <span class='ocrx_word' id='word_1_596' title='bbox 2670 3767 2849 3826; x_wconf 83' lang='lat' dir='ltr'><strong>usque’</strong></span> <span class='ocrx_word' id='word_1_597' title='bbox 2888 3757 3028 3814; x_wconf 86' lang='lat' dir='ltr'><strong>adeo</strong></span> <span class='ocrx_word' id='word_1_598' title='bbox 3065 3766 3322 3828; x_wconf 79' lang='lat' dir='ltr'><strong>corrupta</strong></span> <span class='ocrx_word' id='word_1_599' title='bbox 3366 3765 3548 3825; x_wconf 83' lang='lat' dir='ltr'><strong>erant,</strong></span> <span class='ocrx_word' id='word_1_600' title='bbox 3597 3771 3648 3815; x_wconf 87' lang='lat' dir='ltr'><strong>nt</strong></span> 
     </span>
    </p>
   </div>
   <div class='ocr_carea' id='block_1_82' title="bbox 2060 3850 3644 3926">
    <p class='ocr_par' dir='ltr' id='par_1_82' title="bbox 2060 3850 3644 3926">
     <span class='ocr_line' id='line_1_82' title="bbox 2060 3850 3644 3926; baseline 0.003 -22"><span class='ocrx_word' id='word_1_601' title='bbox 2060 3850 2259 3905; x_wconf 81' lang='lat' dir='ltr'><strong>clamet</strong></span> <span class='ocrx_word' id='word_1_602' title='bbox 2286 3850 2473 3918; x_wconf 88' lang='lat' dir='ltr'><strong>Isaias,</strong></span> <span class='ocrx_word' id='word_1_603' title='bbox 2513 3866 2543 3905; x_wconf 86' lang='lat' dir='ltr'><strong>a</strong></span> <span class='ocrx_word' id='word_1_604' title='bbox 2571 3852 2771 3906; x_wconf 85' lang='lat' dir='ltr'><strong>vertice</strong></span> <span class='ocrx_word' id='word_1_605' title='bbox 2799 3853 2994 3920; x_wconf 86' lang='lat' dir='ltr'><strong>capitis</strong></span> <span class='ocrx_word' id='word_1_606' title='bbox 3021 3866 3190 3921; x_wconf 89' lang='lat' dir='ltr'><strong>usque</strong></span> <span class='ocrx_word' id='word_1_607' title='bbox 3219 3852 3288 3906; x_wconf 89' lang='lat' dir='ltr'><strong>ad</strong></span> <span class='ocrx_word' id='word_1_608' title='bbox 3329 3852 3537 3909; x_wconf 70' lang='lat' dir='ltr'><strong>caicem</strong></span> <span class='ocrx_word' id='word_1_609' title='bbox 3567 3869 3644 3926; x_wconf 90' lang='lat' dir='ltr'><strong>pe-</strong></span> 
     </span>
    </p>
   </div>
   <div class='ocr_carea' id='block_1_83' title="bbox 2064 3942 3652 4016">
    <p class='ocr_par' dir='ltr' id='par_1_83' title="bbox 2064 3942 3652 4016">
     <span class='ocr_line' id='line_1_83' title="bbox 2064 3942 3652 4016; baseline 0.001 -18"><span class='ocrx_word' id='word_1_610' title='bbox 2064 3943 2172 4011; x_wconf 87' lang='lat' dir='ltr'><strong>dis,</strong></span> <span class='ocrx_word' id='word_1_611' title='bbox 2200 3943 2335 3998; x_wconf 88' lang='lat' dir='ltr'><strong>nihil</strong></span> <span class='ocrx_word' id='word_1_612' title='bbox 2356 3957 2478 3998; x_wconf 82' lang='lat' dir='ltr'><strong>esse</strong></span> <span class='ocrx_word' id='word_1_613' title='bbox 2503 3942 2612 3998; x_wconf 85' lang='lat' dir='ltr'><strong>illic</strong></span> <span class='ocrx_word' id='word_1_614' title='bbox 2637 3959 2856 3999; x_wconf 83' lang='lat' dir='ltr'><strong>sanum.</strong></span> <span class='ocrx_word' id='word_1_615' title='bbox 2882 3943 3091 4014; x_wconf 85' lang='lat' dir='ltr'><strong>Religio</strong></span> <span class='ocrx_word' id='word_1_616' title='bbox 3117 3945 3308 4014; x_wconf 85' lang='lat' dir='ltr'><strong>partim</strong></span> <span class='ocrx_word' id='word_1_617' title='bbox 3329 3952 3652 4016; x_wconf 77' lang='lat' dir='ltr'><strong>contempta,</strong></span> 
     </span>
    </p>
   </div>
   <div class='ocr_carea' id='block_1_84' title="bbox 2061 4034 3652 4107">
    <p class='ocr_par' dir='ltr' id='par_1_84' title="bbox 2061 4034 3652 4107">
     <span class='ocr_line' id='line_1_84' title="bbox 2061 4034 3652 4107; baseline 0.001 -17"><span class='ocrx_word' id='word_1_618' title='bbox 2061 4036 2258 4104; x_wconf 86' lang='lat' dir='ltr'><strong>partim</strong></span> <span class='ocrx_word' id='word_1_619' title='bbox 2299 4035 2688 4090; x_wconf 85' lang='lat' dir='ltr'><strong>contaminata.</strong></span> <span class='ocrx_word' id='word_1_620' title='bbox 2728 4034 2786 4090; x_wconf 82' lang='lat' dir='ltr'><strong>In</strong></span> <span class='ocrx_word' id='word_1_621' title='bbox 2835 4036 3078 4092; x_wconf 85' lang='lat' dir='ltr'><strong>moribus</strong></span> <span class='ocrx_word' id='word_1_622' title='bbox 3108 4037 3313 4107; x_wconf 83' lang='lat' dir='ltr'><strong>passim</strong></span> <span class='ocrx_word' id='word_1_623' title='bbox 3351 4038 3652 4094; x_wconf 76' lang='lat' dir='ltr'><strong>referuntur</strong></span> 
     </span>
    </p>
   </div>
   <div class='ocr_carea' id='block_1_85' title="bbox 2061 4126 3649 4198">
    <p class='ocr_par' dir='ltr' id='par_1_85' title="bbox 2061 4126 3649 4198">
     <span class='ocr_line' id='line_1_85' title="bbox 2061 4126 3649 4198; baseline 0.003 -17"><span class='ocrx_word' id='word_1_624' title='bbox 2061 4126 2220 4195; x_wconf 83' lang='lat' dir='ltr'><strong>furta,</strong></span> <span class='ocrx_word' id='word_1_625' title='bbox 2263 4129 2491 4198; x_wconf 68' lang='lat' dir='ltr'><strong>rapinae,</strong></span> <span class='ocrx_word' id='word_1_626' title='bbox 2522 4127 2788 4198; x_wconf 71' lang='lat' dir='ltr'><strong>perﬁdiae,</strong></span> <span class='ocrx_word' id='word_1_627' title='bbox 2829 4128 3030 4195; x_wconf 69' lang='lat' dir='ltr'><strong>caedes,</strong></span> <span class='ocrx_word' id='word_1_628' title='bbox 3079 4136 3142 4190; x_wconf 83' lang='lat' dir='ltr'><strong>et</strong></span> <span class='ocrx_word' id='word_1_629' title='bbox 3186 4130 3388 4184; x_wconf 85' lang='lat' dir='ltr'><strong>similia</strong></span> <span class='ocrx_word' id='word_1_630' title='bbox 3433 4131 3649 4187; x_wconf 81' lang='lat' dir='ltr'><strong>scelera.</strong></span> 
     </span>
    </p>
   </div>
   <div class='ocr_carea' id='block_1_86' title="bbox 2061 4221 3650 4294">
    <p class='ocr_par' dir='ltr' id='par_1_86' title="bbox 2061 4221 3650 4294">
     <span class='ocr_line' id='line_1_86' title="bbox 2061 4221 3650 4294; baseline 0.001 -17"><span class='ocrx_word' id='word_1_631' title='bbox 2061 4221 2243 4292; x_wconf 82' lang='lat' dir='ltr'><strong>Neque</strong></span> <span class='ocrx_word' id='word_1_632' title='bbox 2265 4231 2446 4277; x_wconf 89' lang='lat' dir='ltr'><strong>tamen</strong></span> <span class='ocrx_word' id='word_1_633' title='bbox 2479 4228 2767 4292; x_wconf 81' lang='lat' dir='ltr'><strong>propterea</strong></span> <span class='ocrx_word' id='word_1_634' title='bbox 2801 4233 2898 4276; x_wconf 88' lang='lat' dir='ltr'><strong>aut</strong></span> <span class='ocrx_word' id='word_1_635' title='bbox 2926 4235 3093 4276; x_wconf 87' lang='lat' dir='ltr'><strong>novas</strong></span> <span class='ocrx_word' id='word_1_636' title='bbox 3137 4221 3240 4276; x_wconf 87' lang='lat' dir='ltr'><strong>sibi</strong></span> <span class='ocrx_word' id='word_1_637' title='bbox 3269 4222 3542 4279; x_wconf 75' lang='lat' dir='ltr'><strong>Ecclesiae</strong></span> <span class='ocrx_word' id='word_1_638' title='bbox 3558 4223 3650 4294; x_wconf 79' lang='lat' dir='ltr'><strong>cri-</strong></span> 
     </span>
    </p>
   </div>
   <div class='ocr_carea' id='block_1_87' title="bbox 2061 4313 3648 4385">
    <p class='ocr_par' dir='ltr' id='par_1_87' title="bbox 2061 4313 3648 4385">
     <span class='ocr_line' id='line_1_87' title="bbox 2061 4313 3648 4385; baseline 0.001 -17"><span class='ocrx_word' id='word_1_639' title='bbox 2061 4313 2280 4384; x_wconf 87' lang='lat' dir='ltr'><strong>gebant,</strong></span> <span class='ocrx_word' id='word_1_640' title='bbox 2320 4321 2415 4368; x_wconf 89' lang='lat' dir='ltr'><strong>aut</strong></span> <span class='ocrx_word' id='word_1_641' title='bbox 2458 4328 2596 4369; x_wconf 86' lang='lat' dir='ltr'><strong>nova</strong></span> <span class='ocrx_word' id='word_1_642' title='bbox 2643 4313 2836 4368; x_wconf 87' lang='lat' dir='ltr'><strong>altaria</strong></span> <span class='ocrx_word' id='word_1_643' title='bbox 2875 4314 3234 4370; x_wconf 84' lang='lat' dir='ltr'><strong>exstruebant</strong></span> <span class='ocrx_word' id='word_1_644' title='bbox 3263 4315 3562 4385; x_wconf 72' lang='lat' dir='ltr'><strong>prophetae,</strong></span> <span class='ocrx_word' id='word_1_645' title='bbox 3602 4316 3648 4371; x_wconf 90' lang='lat' dir='ltr'><strong>in</strong></span> 
     </span>
    </p>
   </div>
   <div class='ocr_carea' id='block_1_88' title="bbox 2061 4405 3648 4478">
    <p class='ocr_par' dir='ltr' id='par_1_88' title="bbox 2061 4405 3648 4478">
     <span class='ocr_line' id='line_1_88' title="bbox 2061 4405 3648 4478; baseline -0.001 -16"><span class='ocrx_word' id='word_1_646' title='bbox 2061 4408 2256 4478; x_wconf 87' lang='lat' dir='ltr'><strong>quibus</strong></span> <span class='ocrx_word' id='word_1_647' title='bbox 2279 4417 2526 4478; x_wconf 84' lang='lat' dir='ltr'><strong>separata</strong></span> <span class='ocrx_word' id='word_1_648' title='bbox 2555 4407 2821 4462; x_wconf 87' lang='lat' dir='ltr'><strong>sacrificia</strong></span> <span class='ocrx_word' id='word_1_649' title='bbox 2855 4405 3121 4464; x_wconf 86' lang='lat' dir='ltr'><strong>haberent</strong></span> <span class='ocrx_word' id='word_1_650' title='bbox 3143 4424 3161 4470; x_wconf 86' lang='lat'>;</span> <span class='ocrx_word' id='word_1_651' title='bbox 3194 4407 3290 4461; x_wconf 90' lang='lat' dir='ltr'><strong>sed</strong></span> <span class='ocrx_word' id='word_1_652' title='bbox 3313 4407 3648 4477; x_wconf 71' lang='lat' dir='ltr'><strong>qualescum—</strong></span> 
     </span>
    </p>
   </div>
   <div class='ocr_carea' id='block_1_89' title="bbox 2064 4498 3649 4570">
    <p class='ocr_par' dir='ltr' id='par_1_89' title="bbox 2064 4498 3649 4570">
     <span class='ocr_line' id='line_1_89' title="bbox 2064 4498 3649 4570; baseline 0 -18"><span class='ocrx_word' id='word_1_653' title='bbox 2064 4514 2170 4570; x_wconf 90' lang='lat' dir='ltr'><strong>que</strong></span> <span class='ocrx_word' id='word_1_654' title='bbox 2206 4509 2390 4555; x_wconf 90' lang='lat' dir='ltr'><strong>essent</strong></span> <span class='ocrx_word' id='word_1_655' title='bbox 2422 4501 2691 4564; x_wconf 84' lang='lat' dir='ltr'><strong>homines,</strong></span> <span class='ocrx_word' id='word_1_656' title='bbox 2747 4498 2870 4568; x_wconf 86' lang='lat' dir='ltr'><strong>quia</strong></span> <span class='ocrx_word' id='word_1_657' title='bbox 2913 4506 3092 4553; x_wconf 87' lang='lat' dir='ltr'><strong>tamen</strong></span> <span class='ocrx_word' id='word_1_658' title='bbox 3126 4499 3450 4570; x_wconf 84' lang='lat' dir='ltr'><strong>reputabant</strong></span> <span class='ocrx_word' id='word_1_659' title='bbox 3479 4499 3649 4554; x_wconf 88' lang='lat' dir='ltr'><strong>Domi-</strong></span> 
     </span>
    </p>
   </div>
   <div class='ocr_carea' id='block_1_90' title="bbox 2066 4588 3650 4662">
    <p class='ocr_par' dir='ltr' id='par_1_90' title="bbox 2066 4588 3650 4662">
     <span class='ocr_line' id='line_1_90' title="bbox 2066 4588 3650 4662; baseline 0 -16"><span class='ocrx_word' id='word_1_660' title='bbox 2066 4608 2193 4646; x_wconf 90' lang='lat' dir='ltr'><strong>num</strong></span> <span class='ocrx_word' id='word_1_661' title='bbox 2223 4593 2362 4662; x_wconf 89' lang='lat' dir='ltr'><strong>apud</strong></span> <span class='ocrx_word' id='word_1_662' title='bbox 2388 4608 2484 4648; x_wconf 90' lang='lat' dir='ltr'><strong>eos</strong></span> <span class='ocrx_word' id='word_1_663' title='bbox 2514 4592 2737 4648; x_wconf 90' lang='lat' dir='ltr'><strong>verbum</strong></span> <span class='ocrx_word' id='word_1_664' title='bbox 2768 4605 2923 4648; x_wconf 82' lang='lat' dir='ltr'><strong>suum</strong></span> <span class='ocrx_word' id='word_1_665' title='bbox 2945 4588 3268 4662; x_wconf 13' lang='lat' dir='ltr'><strong>adeposuiSse</strong></span> <span class='ocrx_word' id='word_1_666' title='bbox 3311 4601 3366 4648; x_wconf 90' lang='lat' dir='ltr'><strong>et</strong></span> <span class='ocrx_word' id='word_1_667' title='bbox 3399 4607 3650 4648; x_wconf 60' lang='lat' dir='ltr'><strong>carcino-</strong></span> 
     </span>
    </p>
   </div>
   <div class='ocr_carea' id='block_1_91' title="bbox 373 4667 3650 4756">
    <p class='ocr_par' dir='ltr' id='par_1_91' title="bbox 373 4667 3650 4756">
     <span class='ocr_line' id='line_1_91' title="bbox 373 4667 3650 4756; baseline -0.001 -15"><span class='ocrx_word' id='word_1_668' title='bbox 373 4702 495 4741; x_wconf 93' lang='lat' dir='ltr'><strong>cum</strong></span> <span class='ocrx_word' id='word_1_669' title='bbox 520 4684 750 4755; x_wconf 90' lang='lat' dir='ltr'><strong>primum</strong></span> <span class='ocrx_word' id='word_1_670' title='bbox 793 4683 957 4738; x_wconf 89' lang='lat' dir='ltr'><strong>iratus</strong></span> <span class='ocrx_word' id='word_1_671' title='bbox 982 4682 1034 4737; x_wconf 91' lang='lat' dir='ltr'><strong>iu</strong></span> <span class='ocrx_word' id='word_1_672' title='bbox 1082 4698 1167 4736; x_wconf 90' lang='lat' dir='ltr'><strong>me</strong></span> <span class='ocrx_word' id='word_1_673' title='bbox 1195 4681 1478 4747; x_wconf 86' lang='lat' dir='ltr'><strong>scriberet,</strong></span> <span class='ocrx_word' id='word_1_674' title='bbox 1523 4683 1682 4737; x_wconf 90' lang='lat' dir='ltr'><strong>etiam</strong></span> <span class='ocrx_word' id='word_1_675' title='bbox 1719 4683 1848 4737; x_wconf 93' lang='lat' dir='ltr'><strong>illud</strong></span> <span class='ocrx_word' id='word_1_676' title='bbox 1877 4685 1960 4738; x_wconf 92' lang='lat' dir='ltr'><strong>in-</strong></span> <span class='ocrx_word' id='word_1_677' title='bbox 1985 4667 2036 4730; x_wconf 74' lang='grc' dir='ltr'>Π</span> <span class='ocrx_word' id='word_1_678' title='bbox 2062 4686 2178 4739; x_wconf 90' lang='lat' dir='ltr'><strong>nias</strong></span> <span class='ocrx_word' id='word_1_679' title='bbox 2217 4685 2540 4752; x_wconf 88' lang='lat' dir='ltr'><strong>instituisse,</strong></span> <span class='ocrx_word' id='word_1_680' title='bbox 2591 4686 2784 4756; x_wconf 88' lang='lat' dir='ltr'><strong>quibus</strong></span> <span class='ocrx_word' id='word_1_681' title='bbox 2837 4687 2948 4742; x_wconf 89' lang='lat' dir='ltr'><strong>illic</strong></span> <span class='ocrx_word' id='word_1_682' title='bbox 2988 4687 3306 4754; x_wconf 84' lang='lat' dir='ltr'><strong>colebatur,</strong></span> <span class='ocrx_word' id='word_1_683' title='bbox 3375 4687 3431 4742; x_wconf 91' lang='lat' dir='ltr'><strong>in</strong></span> <span class='ocrx_word' id='word_1_684' title='bbox 3484 4685 3650 4741; x_wconf 83' lang='lat' dir='ltr'><strong>medio</strong></span> 
     </span>
    </p>
   </div>
   <div class='ocr_carea' id='block_1_92' title="bbox 377 4774 1965 4847">
    <p class='ocr_par' dir='ltr' id='par_1_92' title="bbox 377 4774 1965 4847">
     <span class='ocr_line' id='line_1_92' title="bbox 377 4774 1965 4847; baseline -0.001 -15"><span class='ocrx_word' id='word_1_685' title='bbox 377 4779 604 4833; x_wconf 88' lang='lat' dir='ltr'><strong>vertisse</strong></span> <span class='ocrx_word' id='word_1_686' title='bbox 649 4777 879 4832; x_wconf 85' lang='lat' dir='ltr'><strong>videtur.</strong></span> <span class='ocrx_word' id='word_1_687' title='bbox 927 4776 1018 4831; x_wconf 80' lang='lat' dir='ltr'><strong>Ait</strong></span> <span class='ocrx_word' id='word_1_688' title='bbox 1040 4795 1052 4831; x_wconf 85' lang='lat'><strong>:</strong></span> <span class='ocrx_word' id='word_1_689' title='bbox 1077 4775 1216 4840; x_wconf 79' lang='lat' dir='ltr'><strong>Quin</strong></span> <span class='ocrx_word' id='word_1_690' title='bbox 1249 4774 1621 4845; x_wconf 83' lang='lat' dir='ltr'><strong>Hierosolymis</strong></span> <span class='ocrx_word' id='word_1_691' title='bbox 1658 4791 1780 4831; x_wconf 79' lang='lat' dir='ltr'><strong>vera</strong></span> <span class='ocrx_word' id='word_1_692' title='bbox 1811 4779 1965 4847; x_wconf 79' lang='lat' dir='ltr'><strong>fuerit</strong></span> 
     </span>
    </p>
   </div>
   <div class='ocr_carea' id='block_1_93' title="bbox 381 4868 1959 4940">
    <p class='ocr_par' dir='ltr' id='par_1_93' title="bbox 381 4868 1959 4940">
     <span class='ocr_line' id='line_1_93' title="bbox 381 4868 1959 4940; baseline -0.001 -16"><span class='ocrx_word' id='word_1_693' title='bbox 381 4870 636 4937; x_wconf 79' lang='lat' dir='ltr'><strong>Ecclesia,</strong></span> <span class='ocrx_word' id='word_1_694' title='bbox 669 4887 769 4940; x_wconf 86' lang='lat' dir='ltr'><strong>quo</strong></span> <span class='ocrx_word' id='word_1_695' title='bbox 800 4879 1025 4938; x_wconf 83' lang='lat' dir='ltr'><strong>tempore</strong></span> <span class='ocrx_word' id='word_1_696' title='bbox 1060 4868 1349 4922; x_wconf 83' lang='lat' dir='ltr'><strong>sacerdotes</strong></span> <span class='ocrx_word' id='word_1_697' title='bbox 1379 4885 1410 4921; x_wconf 89' lang='lat' dir='ltr'><strong>a</strong></span> <span class='ocrx_word' id='word_1_698' title='bbox 1437 4869 1660 4939; x_wconf 80' lang='lat' dir='ltr'><strong>legitimo</strong></span> <span class='ocrx_word' id='word_1_699' title='bbox 1693 4868 1788 4922; x_wconf 87' lang='lat' dir='ltr'><strong>Dei</strong></span> <span class='ocrx_word' id='word_1_700' title='bbox 1819 4872 1959 4923; x_wconf 81' lang='lat' dir='ltr'><strong>cuitu</strong></span> 
     </span>
    </p>
   </div>
   <div class='ocr_carea' id='block_1_94' title="bbox 384 4946 1968 5032">
    <p class='ocr_par' dir='ltr' id='par_1_94' title="bbox 384 4946 1968 5032">
     <span class='ocr_line' id='line_1_94' title="bbox 384 4946 1968 5032; baseline 0.001 -19"><span class='ocrx_word' id='word_1_701' title='bbox 384 4962 716 5030; x_wconf 73' lang='lat' dir='ltr'><strong>deﬂexeraut,</strong></span> <span class='ocrx_word' id='word_1_702' title='bbox 749 4961 955 5014; x_wconf 82' lang='lat' dir='ltr'><strong>minime</strong></span> <span class='ocrx_word' id='word_1_703' title='bbox 982 4946 1274 5032; x_wconf 65' lang='lat' dir='ltr'><strong>ambigitur.</strong></span> <span class='ocrx_word' id='word_1_704' title='bbox 1315 4962 1393 5012; x_wconf 77' lang='lat' dir='ltr'><strong><em>An</em></strong></span> <span class='ocrx_word' id='word_1_705' title='bbox 1431 4975 1549 5014; x_wconf 75' lang='lat' dir='ltr'><strong>vero</strong></span> <span class='ocrx_word' id='word_1_706' title='bbox 1588 4963 1699 5032; x_wconf 75' lang='lat' dir='ltr'><strong>ejus</strong></span> <span class='ocrx_word' id='word_1_707' title='bbox 1725 4960 1968 5015; x_wconf 72' lang='lat' dir='ltr'><strong>Ecclesia:</strong></span> 
     </span>
    </p>
   </div>
   <div class='ocr_carea' id='block_1_95' title="bbox 381 5051 1965 5123">
    <p class='ocr_par' dir='ltr' id='par_1_95' title="bbox 381 5051 1965 5123">
     <span class='ocr_line' id='line_1_95' title="bbox 381 5051 1965 5123; baseline -0.001 -16"><span class='ocrx_word' id='word_1_708' title='bbox 381 5054 656 5107; x_wconf 77' lang='lat' dir='ltr'><strong>auctoritas</strong></span> <span class='ocrx_word' id='word_1_709' title='bbox 683 5053 850 5123; x_wconf 81' lang='lat' dir='ltr'><strong>vigere</strong></span> <span class='ocrx_word' id='word_1_710' title='bbox 892 5062 936 5107; x_wconf 84' lang='lat' dir='ltr'><strong>et</strong></span> <span class='ocrx_word' id='word_1_711' title='bbox 963 5052 1130 5107; x_wconf 76' lang='lat' dir='ltr'><strong>ualere</strong></span> <span class='ocrx_word' id='word_1_712' title='bbox 1155 5051 1389 5105; x_wconf 80' lang='lat' dir='ltr'><strong>debuerit</strong></span> <span class='ocrx_word' id='word_1_713' title='bbox 1413 5051 1554 5121; x_wconf 85' lang='lat' dir='ltr'><strong>apud</strong></span> <span class='ocrx_word' id='word_1_714' title='bbox 1584 5054 1716 5122; x_wconf 83' lang='lat' dir='ltr'><strong>pios,</strong></span> <span class='ocrx_word' id='word_1_715' title='bbox 1748 5069 1811 5106; x_wconf 78' lang='lat' dir='ltr'><strong>ea:</strong></span> <span class='ocrx_word' id='word_1_716' title='bbox 1838 5069 1965 5122; x_wconf 84' lang='lat' dir='ltr'><strong>pro-</strong></span> 
     </span>
    </p>
   </div>
   <div class='ocr_carea' id='block_1_96' title="bbox 379 5135 1956 5216">
    <p class='ocr_par' dir='ltr' id='par_1_96' title="bbox 379 5135 1956 5216">
     <span class='ocr_line' id='line_1_96' title="bbox 379 5135 1956 5216; baseline 0.001 -20"><span class='ocrx_word' id='word_1_717' title='bbox 379 5145 541 5213; x_wconf 81' lang='lat' dir='ltr'><strong>phetis</strong></span> <span class='ocrx_word' id='word_1_718' title='bbox 585 5152 741 5215; x_wconf 86' lang='lat' dir='ltr'><strong>patet,</strong></span> <span class='ocrx_word' id='word_1_719' title='bbox 772 5146 858 5214; x_wconf 84' lang='lat' dir='ltr'><strong>qui</strong></span> <span class='ocrx_word' id='word_1_720' title='bbox 887 5135 1074 5209; x_wconf 84' lang='lat' dir='ltr'><strong>ubique</strong></span> <span class='ocrx_word' id='word_1_721' title='bbox 1115 5145 1340 5198; x_wconf 82' lang='lat' dir='ltr'><strong>clamant</strong></span> <span class='ocrx_word' id='word_1_722' title='bbox 1369 5144 1663 5214; x_wconf 78' lang='lat' dir='ltr'><strong>longissime</strong></span> <span class='ocrx_word' id='word_1_723' title='bbox 1690 5144 1754 5198; x_wconf 84' lang='lat' dir='ltr'><strong>ab</strong></span> <span class='ocrx_word' id='word_1_724' title='bbox 1795 5145 1956 5216; x_wconf 82' lang='lat' dir='ltr'><strong>impia</strong></span> 
     </span>
    </p>
   </div>
   <div class='ocr_carea' id='block_1_97' title="bbox 375 5233 1960 5305">
    <p class='ocr_par' dir='ltr' id='par_1_97' title="bbox 375 5233 1960 5305">
     <span class='ocr_line' id='line_1_97' title="bbox 375 5233 1960 5305; baseline 0.003 -17"><span class='ocrx_word' id='word_1_725' title='bbox 375 5251 550 5289; x_wconf 86' lang='lat' dir='ltr'><strong>eorum</strong></span> <span class='ocrx_word' id='word_1_726' title='bbox 579 5235 801 5304; x_wconf 78' lang='lat' dir='ltr'><strong>[actione</strong></span> <span class='ocrx_word' id='word_1_727' title='bbox 831 5233 1191 5288; x_wconf 86' lang='lat' dir='ltr'><strong>recedendum.</strong></span> <span class='ocrx_word' id='word_1_728' title='bbox 1226 5235 1370 5290; x_wconf 89' lang='lat' dir='ltr'><strong>ldem</strong></span> <span class='ocrx_word' id='word_1_729' title='bbox 1403 5237 1564 5305; x_wconf 89' lang='lat' dir='ltr'><strong>paulo</strong></span> <span class='ocrx_word' id='word_1_730' title='bbox 1597 5246 1718 5305; x_wconf 78' lang='lat' dir='ltr'><strong>post</strong></span> <span class='ocrx_word' id='word_1_731' title='bbox 1746 5235 1840 5304; x_wconf 86' lang='lat' dir='ltr'><strong>ait,</strong></span> <span class='ocrx_word' id='word_1_732' title='bbox 1871 5250 1960 5292; x_wconf 89' lang='lat' dir='ltr'><strong>ne-</strong></span> 
     </span>
    </p>
   </div>
   <div class='ocr_carea' id='block_1_98' title="bbox 373 5328 1960 5406">
    <p class='ocr_par' dir='ltr' id='par_1_98' title="bbox 373 5328 1960 5406">
     <span class='ocr_line' id='line_1_98' title="bbox 373 5328 1960 5406; baseline 0.003 -23"><span class='ocrx_word' id='word_1_733' title='bbox 373 5328 484 5399; x_wconf 84' lang='lat' dir='ltr'><strong>gari</strong></span> <span class='ocrx_word' id='word_1_734' title='bbox 513 5345 618 5383; x_wconf 89' lang='lat' dir='ltr'><strong>non</strong></span> <span class='ocrx_word' id='word_1_735' title='bbox 653 5343 829 5406; x_wconf 80' lang='lat' dir='ltr'><strong>posse,</strong></span> <span class='ocrx_word' id='word_1_736' title='bbox 855 5329 993 5399; x_wconf 88' lang='lat' dir='ltr'><strong>apud</strong></span> <span class='ocrx_word' id='word_1_737' title='bbox 1019 5328 1312 5397; x_wconf 88' lang='lat' dir='ltr'><strong>lsraelitas,</strong></span> <span class='ocrx_word' id='word_1_738' title='bbox 1345 5329 1437 5401; x_wconf 92' lang='lat' dir='ltr'><strong>qui</strong></span> <span class='ocrx_word' id='word_1_739' title='bbox 1467 5329 1846 5396; x_wconf 85' lang='lat' dir='ltr'><strong>Jerohoamutn</strong></span> <span class='ocrx_word' id='word_1_740' title='bbox 1874 5347 1960 5388; x_wconf 82' lang='lat' dir='ltr'><strong>se-</strong></span> 
     </span>
    </p>
   </div>
   <div class='ocr_carea' id='block_1_99' title="bbox 376 5414 1960 5496">
    <p class='ocr_par' dir='ltr' id='par_1_99' title="bbox 376 5414 1960 5496">
     <span class='ocr_line' id='line_1_99' title="bbox 376 5414 1960 5496; baseline 0.005 -24"><span class='ocrx_word' id='word_1_741' title='bbox 376 5417 482 5496; x_wconf 78' lang='lat' dir='ltr'><strong>cuti</strong></span> <span class='ocrx_word' id='word_1_742' title='bbox 534 5421 679 5479; x_wconf 89' lang='lat' dir='ltr'><strong>sunt,</strong></span> <span class='ocrx_word' id='word_1_743' title='bbox 722 5414 888 5496; x_wconf 83' lang='lat' dir='ltr'><strong>fuisse</strong></span> <span class='ocrx_word' id='word_1_744' title='bbox 931 5416 1164 5488; x_wconf 86' lang='lat' dir='ltr'><strong>aliquam</strong></span> <span class='ocrx_word' id='word_1_745' title='bbox 1202 5418 1523 5474; x_wconf 87' lang='lat' dir='ltr'><strong>Ecclesiam.</strong></span> <span class='ocrx_word' id='word_1_746' title='bbox 1579 5419 1739 5496; x_wconf 33' lang='lat' dir='ltr'><strong>qddo.</strong></span> <span class='ocrx_word' id='word_1_747' title='bbox 1779 5422 1960 5480; x_wconf 89' lang='lat' dir='ltr'><strong>locum</strong></span> 
     </span>
    </p>
   </div>
   <div class='ocr_carea' id='block_1_100' title="bbox 376 5485 1964 5570">
    <p class='ocr_par' dir='ltr' id='par_1_100' title="bbox 376 5485 1964 5570">
     <span class='ocr_line' id='line_1_100' title="bbox 376 5485 1964 5570; baseline 0.006 -20"><span class='ocrx_word' id='word_1_748' title='bbox 376 5487 623 5561; x_wconf 78' lang='lat' dir='ltr'><strong>alterum,</strong></span> <span class='ocrx_word' id='word_1_749' title='bbox 655 5495 744 5564; x_wconf 91' lang='lat' dir='ltr'><strong>qui</strong></span> <span class='ocrx_word' id='word_1_750' title='bbox 786 5510 929 5570; x_wconf 84' lang='lat' dir='ltr'><strong>nunc</strong></span> <span class='ocrx_word' id='word_1_751' title='bbox 955 5485 1085 5570; x_wconf 78' lang='lat' dir='ltr'><strong>mihi</strong></span> <span class='ocrx_word' id='word_1_752' title='bbox 1128 5497 1178 5550; x_wconf 94' lang='lat' dir='ltr'><strong>in</strong></span> <span class='ocrx_word' id='word_1_753' title='bbox 1219 5508 1451 5554; x_wconf 91' lang='lat' dir='ltr'><strong>mentem</strong></span> <span class='ocrx_word' id='word_1_754' title='bbox 1493 5485 1659 5554; x_wconf 77' lang='lat' dir='ltr'><strong>venit.</strong></span> <span class='ocrx_word' id='word_1_755' title='bbox 1699 5486 1832 5557; x_wconf 79' lang='lat' dir='ltr'><strong>Nata</strong></span> <span class='ocrx_word' id='word_1_756' title='bbox 1878 5513 1964 5559; x_wconf 89' lang='lat' dir='ltr'><strong>est</strong></span> 
     </span>
    </p>
   </div>
   <div class='ocr_carea' id='block_1_101' title="bbox 378 5565 1961 5647">
    <p class='ocr_par' dir='ltr' id='par_1_101' title="bbox 378 5565 1961 5647">
     <span class='ocr_line' id='line_1_101' title="bbox 378 5565 1961 5647; baseline 0.006 -20"><span class='ocrx_word' id='word_1_757' title='bbox 378 5575 708 5645; x_wconf 82' lang='lat' dir='ltr'><strong>querimonia</strong></span> <span class='ocrx_word' id='word_1_758' title='bbox 733 5565 862 5629; x_wconf 68' lang='lat' dir='ltr'><strong>Ella‘:</strong></span> <span class='ocrx_word' id='word_1_759' title='bbox 879 5565 1157 5645; x_wconf 65' lang='lat' dir='ltr'><strong>pruplleim</strong></span> <span class='ocrx_word' id='word_1_760' title='bbox 1176 5571 1559 5647; x_wconf 76' lang='lat' dir='ltr'><strong>conqtie&#39;reuiis</strong></span> <span class='ocrx_word' id='word_1_761' title='bbox 1580 5584 1700 5634; x_wconf 88' lang='lat' dir='ltr'><strong>sese</strong></span> <span class='ocrx_word' id='word_1_762' title='bbox 1715 5581 1961 5638; x_wconf 87' lang='lat' dir='ltr'><strong>relictum</strong></span> 
     </span>
    </p>
   </div>
   <div class='ocr_carea' id='block_1_102' title="bbox 381 5653 1965 5726">
    <p class='ocr_par' dir='ltr' id='par_1_102' title="bbox 381 5653 1965 5726">
     <span class='ocr_line' id='line_1_102' title="bbox 381 5653 1965 5726; baseline 0.009 -21"><span class='ocrx_word' id='word_1_763' title='bbox 381 5669 498 5726; x_wconf 82' lang='lat' dir='ltr'><strong>esse</strong></span> <span class='ocrx_word' id='word_1_764' title='bbox 521 5656 714 5708; x_wconf 90' lang='lat' dir='ltr'><strong>solum.</strong></span> <span class='ocrx_word' id='word_1_765' title='bbox 745 5653 876 5708; x_wconf 86' lang='lat' dir='ltr'><strong>Eam</strong></span> <span class='ocrx_word' id='word_1_766' title='bbox 893 5656 1106 5725; x_wconf 84' lang='lat' dir='ltr'><strong>proprie</strong></span> <span class='ocrx_word' id='word_1_767' title='bbox 1129 5659 1452 5726; x_wconf 77' lang='lat' dir='ltr'><strong>pertinuisse</strong></span> <span class='ocrx_word' id='word_1_768' title='bbox 1473 5655 1539 5714; x_wconf 78' lang='lat' dir='ltr'><strong>ad</strong></span> <span class='ocrx_word' id='word_1_769' title='bbox 1567 5657 1763 5715; x_wconf 77' lang='lat' dir='ltr'><strong>statim</strong></span> <span class='ocrx_word' id='word_1_770' title='bbox 1793 5659 1965 5720; x_wconf 81' lang='lat' dir='ltr'><strong>Israe-</strong></span> 
     </span>
    </p>
   </div>
   <div class='ocr_carea' id='block_1_103' title="bbox 381 5725 1965 5805">
    <p class='ocr_par' dir='ltr' id='par_1_103' title="bbox 381 5725 1965 5805">
     <span class='ocr_line' id='line_1_103' title="bbox 381 5725 1965 5805; baseline 0.009 -21"><span class='ocrx_word' id='word_1_771' title='bbox 381 5725 449 5784; x_wconf 87' lang='lat' dir='ltr'><strong>lis</strong></span> <span class='ocrx_word' id='word_1_772' title='bbox 480 5736 854 5802; x_wconf 76' lang='lat' dir='ltr'><strong>potius‘quatn</strong></span> <span class='ocrx_word' id='word_1_773' title='bbox 890 5735 1040 5790; x_wconf 63' lang='lat' dir='ltr'><strong>inda:</strong></span> <span class='ocrx_word' id='word_1_774' title='bbox 1080 5725 1410 5805; x_wconf 76' lang='lat' dir='ltr'><strong>Augustinus</strong></span> <span class='ocrx_word' id='word_1_775' title='bbox 1457 5751 1606 5795; x_wconf 90' lang='lat' dir='ltr'><strong>recte</strong></span> <span class='ocrx_word' id='word_1_776' title='bbox 1652 5743 1965 5800; x_wconf 85' lang='lat' dir='ltr'><strong>observavit</strong></span> 
     </span>
    </p>
   </div>
   <div class='ocr_carea' id='block_1_104' title="bbox 381 5813 1965 5890">
    <p class='ocr_par' dir='ltr' id='par_1_104' title="bbox 381 5813 1965 5890">
     <span class='ocr_line' id='line_1_104' title="bbox 381 5813 1965 5890; baseline 0.01 -28"><span class='ocrx_word' id='word_1_777' title='bbox 381 5822 437 5864; x_wconf 91' lang='lat' dir='ltr'><strong>et</strong></span> <span class='ocrx_word' id='word_1_778' title='bbox 461 5813 731 5866; x_wconf 86' lang='lat' dir='ltr'><strong>admonuit</strong></span> <span class='ocrx_word' id='word_1_779' title='bbox 761 5815 854 5867; x_wconf 89' lang='lat' dir='ltr'><strong>lib.</strong></span> <span class='ocrx_word' id='word_1_780' title='bbox 888 5830 994 5869; x_wconf 80' lang='lat' dir='ltr'><strong>xvn</strong></span> <span class='ocrx_word' id='word_1_781' title='bbox 1032 5815 1104 5871; x_wconf 88' lang='lat' dir='ltr'><strong>de</strong></span> <span class='ocrx_word' id='word_1_782' title='bbox 1128 5815 1359 5873; x_wconf 86' lang='lat' dir='ltr'><strong>Civitate</strong></span> <span class='ocrx_word' id='word_1_783' title='bbox 1386 5818 1479 5874; x_wconf 92' lang='lat' dir='ltr'><strong>Dei</strong></span> <span class='ocrx_word' id='word_1_784' title='bbox 1511 5835 1632 5890; x_wconf 90' lang='lat' dir='ltr'><strong>cap.</strong></span> <span class='ocrx_word' id='word_1_785' title='bbox 1661 5820 1754 5877; x_wconf 72' lang='grc'><strong>22.</strong></span> <span class='ocrx_word' id='word_1_786' title='bbox 1785 5823 1965 5878; x_wconf 88' lang='lat' dir='ltr'><strong>Calvi-</strong></span> 
     </span>
    </p>
   </div>
   <div class='ocr_carea' id='block_1_105' title="bbox 382 5895 1961 5970">
    <p class='ocr_par' dir='ltr' id='par_1_105' title="bbox 382 5895 1961 5970">
     <span class='ocr_line' id='line_1_105' title="bbox 382 5895 1961 5970; baseline 0.009 -24"><span class='ocrx_word' id='word_1_787' title='bbox 382 5905 483 5946; x_wconf 91' lang='lat' dir='ltr'><strong>nus</strong></span> <span class='ocrx_word' id='word_1_788' title='bbox 520 5895 775 5946; x_wconf 87' lang='lat' dir='ltr'><strong>tamenin</strong></span> <span class='ocrx_word' id='word_1_789' title='bbox 818 5895 1130 5964; x_wconf 82' lang='lat' dir='ltr'><strong>praefatione</strong></span> <span class='ocrx_word' id='word_1_790' title='bbox 1179 5913 1290 5953; x_wconf 84' lang='lat' dir='ltr'><strong>suae</strong></span> <span class='ocrx_word' id='word_1_791' title='bbox 1342 5899 1718 5970; x_wconf 89' lang='lat' dir='ltr'><strong>lnstitutionis,</strong></span> <span class='ocrx_word' id='word_1_792' title='bbox 1757 5917 1824 5958; x_wconf 83' lang='lat' dir='ltr'><strong>ex</strong></span> <span class='ocrx_word' id='word_1_793' title='bbox 1869 5904 1961 5960; x_wconf 90' lang='lat' dir='ltr'><strong>illa</strong></span> 
     </span>
    </p>
   </div>
   <div class='ocr_carea' id='block_1_106' title="bbox 2071 4774 3647 4846">
    <p class='ocr_par' dir='ltr' id='par_1_106' title="bbox 2071 4774 3647 4846">
     <span class='ocr_line' id='line_1_106' title="bbox 2071 4774 3647 4846; baseline 0.004 -17"><span class='ocrx_word' id='word_1_794' title='bbox 2071 4776 2356 4843; x_wconf 87' lang='lat' dir='ltr'><strong>impiorum</strong></span> <span class='ocrx_word' id='word_1_795' title='bbox 2395 4788 2538 4832; x_wconf 66' lang='lat' dir='ltr'><strong>coetu</strong></span> <span class='ocrx_word' id='word_1_796' title='bbox 2568 4793 2728 4846; x_wconf 87' lang='lat' dir='ltr'><strong>puras</strong></span> <span class='ocrx_word' id='word_1_797' title='bbox 2758 4793 2950 4833; x_wconf 85' lang='lat' dir='ltr'><strong>manus</strong></span> <span class='ocrx_word' id='word_1_798' title='bbox 2977 4780 3042 4834; x_wconf 87' lang='lat' dir='ltr'><strong>ad</strong></span> <span class='ocrx_word' id='word_1_799' title='bbox 3087 4774 3239 4834; x_wconf 88' lang='lat' dir='ltr'><strong>illum</strong></span> <span class='ocrx_word' id='word_1_800' title='bbox 3269 4778 3647 4836; x_wconf 81' lang='lat' dir='ltr'><strong>extendebant.</strong></span> 
     </span>
    </p>
   </div>
   <div class='ocr_carea' id='block_1_107' title="bbox 2070 4869 3652 4943">
    <p class='ocr_par' dir='ltr' id='par_1_107' title="bbox 2070 4869 3652 4943">
     <span class='ocr_line' id='line_1_107' title="bbox 2070 4869 3652 4943; baseline 0.001 -21"><span class='ocrx_word' id='word_1_801' title='bbox 2070 4869 2228 4924; x_wconf 84' lang='lat' dir='ltr'><strong>Certe</strong></span> <span class='ocrx_word' id='word_1_802' title='bbox 2255 4870 2300 4923; x_wconf 86' lang='lat' dir='ltr'><strong>si</strong></span> <span class='ocrx_word' id='word_1_803' title='bbox 2326 4880 2602 4938; x_wconf 88' lang='lat' dir='ltr'><strong>putassent</strong></span> <span class='ocrx_word' id='word_1_804' title='bbox 2627 4872 2827 4940; x_wconf 87' lang='lat' dir='ltr'><strong>aliquid</strong></span> <span class='ocrx_word' id='word_1_805' title='bbox 2851 4872 2976 4928; x_wconf 86' lang='lat' dir='ltr'><strong>inde</strong></span> <span class='ocrx_word' id='word_1_806' title='bbox 2996 4873 3351 4943; x_wconf 72' lang='lat' dir='ltr'><strong>contagionis</strong></span> <span class='ocrx_word' id='word_1_807' title='bbox 3367 4887 3430 4928; x_wconf 90' lang='lat' dir='ltr'><strong>se</strong></span> <span class='ocrx_word' id='word_1_808' title='bbox 3450 4882 3652 4926; x_wconf 57' lang='lat' dir='ltr'><strong>contra-</strong></span> 
     </span>
    </p>
   </div>
   <div class='ocr_carea' id='block_1_108' title="bbox 2073 4963 3649 5037">
    <p class='ocr_par' dir='ltr' id='par_1_108' title="bbox 2073 4963 3649 5037">
     <span class='ocr_line' id='line_1_108' title="bbox 2073 4963 3649 5037; baseline 0.001 -19"><span class='ocrx_word' id='word_1_809' title='bbox 2073 4966 2226 5029; x_wconf 84' lang='lat' dir='ltr'><strong>here,</strong></span> <span class='ocrx_word' id='word_1_810' title='bbox 2272 4964 2481 5018; x_wconf 84' lang='lat' dir='ltr'><strong>centies</strong></span> <span class='ocrx_word' id='word_1_811' title='bbox 2540 4963 2717 5032; x_wconf 84' lang='lat' dir='ltr'><strong>potius</strong></span> <span class='ocrx_word' id='word_1_812' title='bbox 2769 4969 2962 5020; x_wconf 85' lang='lat' dir='ltr'><strong>mortui</strong></span> <span class='ocrx_word' id='word_1_813' title='bbox 3007 4966 3260 5034; x_wconf 79' lang='lat' dir='ltr'><strong>fuissent,</strong></span> <span class='ocrx_word' id='word_1_814' title='bbox 3313 4977 3474 5037; x_wconf 83' lang='lat' dir='ltr'><strong>quam</strong></span> <span class='ocrx_word' id='word_1_815' title='bbox 3518 4963 3649 5036; x_wconf 86' lang='lat' dir='ltr'><strong>passi</strong></span> 
     </span>
    </p>
   </div>
   <div class='ocr_carea' id='block_1_109' title="bbox 2074 5055 3647 5128">
    <p class='ocr_par' dir='ltr' id='par_1_109' title="bbox 2074 5055 3647 5128">
     <span class='ocr_line' id='line_1_109' title="bbox 2074 5055 3647 5128; baseline -0.001 -17"><span class='ocrx_word' id='word_1_816' title='bbox 2074 5055 2301 5111; x_wconf 88' lang='lat' dir='ltr'><strong>fuissent</strong></span> <span class='ocrx_word' id='word_1_817' title='bbox 2335 5055 2464 5108; x_wconf 91' lang='lat' dir='ltr'><strong>illuc</strong></span> <span class='ocrx_word' id='word_1_818' title='bbox 2499 5069 2557 5107; x_wconf 90' lang='lat' dir='ltr'><strong>se</strong></span> <span class='ocrx_word' id='word_1_819' title='bbox 2597 5055 2856 5122; x_wconf 90' lang='lat' dir='ltr'><strong>pertrahi.</strong></span> <span class='ocrx_word' id='word_1_820' title='bbox 2901 5057 3044 5110; x_wconf 87' lang='lat' dir='ltr'><strong>Nihil</strong></span> <span class='ocrx_word' id='word_1_821' title='bbox 3079 5070 3211 5128; x_wconf 88' lang='lat' dir='ltr'><strong>ergo</strong></span> <span class='ocrx_word' id='word_1_822' title='bbox 3240 5073 3338 5113; x_wconf 90' lang='lat' dir='ltr'><strong>eos</strong></span> <span class='ocrx_word' id='word_1_823' title='bbox 3367 5059 3647 5123; x_wconf 86' lang='lat' dir='ltr'><strong>retinebat,</strong></span> 
     </span>
    </p>
   </div>
   <div class='ocr_carea' id='block_1_110' title="bbox 2072 5144 3652 5219">
    <p class='ocr_par' dir='ltr' id='par_1_110' title="bbox 2072 5144 3652 5219">
     <span class='ocr_line' id='line_1_110' title="bbox 2072 5144 3652 5219; baseline 0.002 -20"><span class='ocrx_word' id='word_1_824' title='bbox 2072 5147 2361 5219; x_wconf 89' lang='lat' dir='ltr'><strong>quominus</strong></span> <span class='ocrx_word' id='word_1_825' title='bbox 2407 5144 2793 5199; x_wconf 88' lang='lat' dir='ltr'><strong>discessionem</strong></span> <span class='ocrx_word' id='word_1_826' title='bbox 2841 5147 3110 5214; x_wconf 89' lang='lat' dir='ltr'><strong>facerent,</strong></span> <span class='ocrx_word' id='word_1_827' title='bbox 3165 5165 3327 5218; x_wconf 91' lang='lat' dir='ltr'><strong>quam</strong></span> <span class='ocrx_word' id='word_1_828' title='bbox 3372 5148 3652 5205; x_wconf 69' lang='lat' dir='ltr'><strong>servanda</strong></span> 
     </span>
    </p>
   </div>
   <div class='ocr_carea' id='block_1_111' title="bbox 2069 5237 3646 5311">
    <p class='ocr_par' dir='ltr' id='par_1_111' title="bbox 2069 5237 3646 5311">
     <span class='ocr_line' id='line_1_111' title="bbox 2069 5237 3646 5311; baseline -0.001 -14"><span class='ocrx_word' id='word_1_829' title='bbox 2069 5241 2293 5297; x_wconf 91' lang='lat' dir='ltr'><strong>unitatis</strong></span> <span class='ocrx_word' id='word_1_830' title='bbox 2335 5239 2593 5294; x_wconf 90' lang='lat' dir='ltr'><strong>studium.</strong></span> <span class='ocrx_word' id='word_1_831' title='bbox 2627 5237 2779 5305; x_wconf 86' lang='lat' dir='ltr'><strong>Quod</strong></span> <span class='ocrx_word' id='word_1_832' title='bbox 2816 5238 2860 5292; x_wconf 85' lang='lat' dir='ltr'><strong>si</strong></span> <span class='ocrx_word' id='word_1_833' title='bbox 2905 5239 3093 5308; x_wconf 84' lang='lat' dir='ltr'><strong>religio</strong></span> <span class='ocrx_word' id='word_1_834' title='bbox 3139 5241 3343 5294; x_wconf 84' lang='lat' dir='ltr'><strong>sanctis</strong></span> <span class='ocrx_word' id='word_1_835' title='bbox 3381 5240 3646 5311; x_wconf 79' lang='lat' dir='ltr'><strong>prephetis</strong></span> 
     </span>
    </p>
   </div>
   <div class='ocr_carea' id='block_1_112' title="bbox 2071 5329 3649 5401">
    <p class='ocr_par' dir='ltr' id='par_1_112' title="bbox 2071 5329 3649 5401">
     <span class='ocr_line' id='line_1_112' title="bbox 2071 5329 3649 5401; baseline -0.002 -12"><span class='ocrx_word' id='word_1_836' title='bbox 2071 5335 2191 5399; x_wconf 90' lang='lat' dir='ltr'><strong>fuit,</strong></span> <span class='ocrx_word' id='word_1_837' title='bbox 2236 5333 2306 5387; x_wconf 94' lang='lat' dir='ltr'><strong>ob</strong></span> <span class='ocrx_word' id='word_1_838' title='bbox 2348 5331 2577 5401; x_wconf 89' lang='lat' dir='ltr'><strong>plurima</strong></span> <span class='ocrx_word' id='word_1_839' title='bbox 2625 5337 2680 5383; x_wconf 91' lang='lat' dir='ltr'><strong>et</strong></span> <span class='ocrx_word' id='word_1_840' title='bbox 2724 5329 2952 5382; x_wconf 87' lang='lat' dir='ltr'><strong>maxima</strong></span> <span class='ocrx_word' id='word_1_841' title='bbox 2986 5329 3189 5382; x_wconf 87' lang='lat' dir='ltr'><strong>scelera</strong></span> <span class='ocrx_word' id='word_1_842' title='bbox 3237 5345 3343 5383; x_wconf 89' lang='lat' dir='ltr'><strong>non</strong></span> <span class='ocrx_word' id='word_1_843' title='bbox 3383 5332 3538 5385; x_wconf 83' lang='lat' dir='ltr'><strong>unius</strong></span> <span class='ocrx_word' id='word_1_844' title='bbox 3566 5340 3649 5386; x_wconf 86' lang='lat' dir='ltr'><strong>aut</strong></span> 
     </span>
    </p>
   </div>
   <div class='ocr_carea' id='block_1_113' title="bbox 2069 5415 3648 5487">
    <p class='ocr_par' dir='ltr' id='par_1_113' title="bbox 2069 5415 3648 5487">
     <span class='ocr_line' id='line_1_113' title="bbox 2069 5415 3648 5487; baseline -0.008 -6"><span class='ocrx_word' id='word_1_845' title='bbox 2069 5423 2292 5481; x_wconf 80' lang='lat' dir='ltr'><strong>alterius</strong></span> <span class='ocrx_word' id='word_1_846' title='bbox 2335 5419 2592 5482; x_wconf 87' lang='lat' dir='ltr'><strong>hominis,</strong></span> <span class='ocrx_word' id='word_1_847' title='bbox 2618 5417 2709 5472; x_wconf 84' lang='lat' dir='ltr'><strong>sed</strong></span> <span class='ocrx_word' id='word_1_848' title='bbox 2738 5415 3132 5487; x_wconf 88' lang='lat' dir='ltr'><strong>propemodum</strong></span> <span class='ocrx_word' id='word_1_849' title='bbox 3165 5416 3329 5469; x_wconf 90' lang='lat' dir='ltr'><strong>totius</strong></span> <span class='ocrx_word' id='word_1_850' title='bbox 3368 5420 3566 5486; x_wconf 86' lang='lat' dir='ltr'><strong>populi,</strong></span> <span class='ocrx_word' id='word_1_851' title='bbox 3596 5433 3648 5474; x_wconf 82' lang='lat' dir='ltr'><strong>se</strong></span> 
     </span>
    </p>
   </div>
   <div class='ocr_carea' id='block_1_114' title="bbox 2073 5499 3652 5574">
    <p class='ocr_par' dir='ltr' id='par_1_114' title="bbox 2073 5499 3652 5574">
     <span class='ocr_line' id='line_1_114' title="bbox 2073 5499 3652 5574; baseline -0.004 -10"><span class='ocrx_word' id='word_1_852' title='bbox 2073 5510 2140 5564; x_wconf 91' lang='lat' dir='ltr'><strong>ab</strong></span> <span class='ocrx_word' id='word_1_853' title='bbox 2171 5504 2418 5563; x_wconf 77' lang='lat' dir='ltr'><strong>Ecclesia</strong></span> <span class='ocrx_word' id='word_1_854' title='bbox 2451 5502 2694 5556; x_wconf 89' lang='lat' dir='ltr'><strong>alienare</strong></span> <span class='ocrx_word' id='word_1_855' title='bbox 2727 5518 2741 5574; x_wconf 87' lang='lat'><strong>_:</strong></span> <span class='ocrx_word' id='word_1_856' title='bbox 2773 5501 2996 5555; x_wconf 90' lang='lat' dir='ltr'><strong>nimium</strong></span> <span class='ocrx_word' id='word_1_857' title='bbox 3039 5499 3194 5553; x_wconf 90' lang='lat' dir='ltr'><strong>nobis</strong></span> <span class='ocrx_word' id='word_1_858' title='bbox 3233 5513 3566 5564; x_wconf 70' lang='lat' dir='ltr'><strong>arrogamus.</strong></span> <span class='ocrx_word' id='word_1_859' title='bbox 3607 5502 3652 5556; x_wconf 81' lang='lat' dir='ltr'><strong>si</strong></span> 
     </span>
    </p>
   </div>
   <div class='ocr_carea' id='block_1_115' title="bbox 2071 5578 3644 5662">
    <p class='ocr_par' dir='ltr' id='par_1_115' title="bbox 2071 5578 3644 5662">
     <span class='ocr_line' id='line_1_115' title="bbox 2071 5578 3644 5662; baseline -0.003 -20"><span class='ocrx_word' id='word_1_860' title='bbox 2071 5589 2316 5662; x_wconf 84' lang='lat' dir='ltr'><strong>protinus</strong></span> <span class='ocrx_word' id='word_1_861' title='bbox 2344 5582 2605 5638; x_wconf 88' lang='lat' dir='ltr'><strong>audemus</strong></span> <span class='ocrx_word' id='word_1_862' title='bbox 2623 5582 2695 5635; x_wconf 91' lang='lat' dir='ltr'><strong>ab</strong></span> <span class='ocrx_word' id='word_1_863' title='bbox 2719 5581 2971 5662; x_wconf 67' lang='lat' dir='ltr'><strong>Ecclesiae</strong></span> <span class='ocrx_word' id='word_1_864' title='bbox 2995 5578 3380 5662; x_wconf 82' lang='lat' dir='ltr'><strong>communione</strong></span> <span class='ocrx_word' id='word_1_865' title='bbox 3405 5595 3644 5662; x_wconf 73' lang='lat' dir='ltr'><strong>deucere,</strong></span> 
     </span>
    </p>
   </div>
   <div class='ocr_carea' id='block_1_116' title="bbox 2068 5648 3644 5732">
    <p class='ocr_par' dir='ltr' id='par_1_116' title="bbox 2068 5648 3644 5732">
     <span class='ocr_line' id='line_1_116' title="bbox 2068 5648 3644 5732; baseline -0.004 -8"><span class='ocrx_word' id='word_1_866' title='bbox 2068 5648 2159 5726; x_wconf 76' lang='lat' dir='ltr'><strong>ubi</strong></span> <span class='ocrx_word' id='word_1_867' title='bbox 2191 5683 2296 5721; x_wconf 80' lang='lat' dir='ltr'><strong>non</strong></span> <span class='ocrx_word' id='word_1_868' title='bbox 2327 5664 2569 5718; x_wconf 80' lang='lat' dir='ltr'><strong>Omnium</strong></span> <span class='ocrx_word' id='word_1_869' title='bbox 2600 5674 2783 5716; x_wconf 90' lang='lat' dir='ltr'><strong>mores</strong></span> <span class='ocrx_word' id='word_1_870' title='bbox 2822 5659 2904 5714; x_wconf 87' lang='lat' dir='ltr'><strong>vel</strong></span> <span class='ocrx_word' id='word_1_871' title='bbox 2934 5648 3349 5732; x_wconf 6' lang='lat' dir='ltr'><strong>nostrupjudicio</strong></span> <span class='ocrx_word' id='word_1_872' title='bbox 3377 5648 3644 5717; x_wconf 52' lang='lat' dir='ltr'><strong>velChris;</strong></span> 
     </span>
    </p>
   </div>
   <div class='ocr_carea' id='block_1_117' title="bbox 2068 5735 3160 5813">
    <p class='ocr_par' dir='ltr' id='par_1_117' title="bbox 2068 5735 3160 5813">
     <span class='ocr_line' id='line_1_117' title="bbox 2068 5735 3160 5813; baseline -0.008 -9"><span class='ocrx_word' id='word_1_873' title='bbox 2068 5750 2227 5805; x_wconf 72' lang='lat' dir='ltr'><strong>tianre</strong></span> <span class='ocrx_word' id='word_1_874' title='bbox 2257 5746 2418 5800; x_wconf 90' lang='lat' dir='ltr'><strong>etiam</strong></span> <span class='ocrx_word' id='word_1_875' title='bbox 2456 5740 2779 5813; x_wconf 78' lang='lat' dir='ltr'><strong>professioni</strong></span> <span class='ocrx_word' id='word_1_876' title='bbox 2804 5735 3160 5796; x_wconf 77' lang='lat' dir='ltr'><strong>satisfaciunt.</strong></span> 
     </span>
    </p>
   </div>
   <div class='ocr_carea' id='block_1_118' title="bbox 2146 5812 3646 5892">
    <p class='ocr_par' dir='ltr' id='par_1_118' title="bbox 2146 5812 3646 5892">
     <span class='ocr_line' id='line_1_118' title="bbox 2146 5812 3646 5892; baseline -0.001 -12"><span class='ocrx_word' id='word_1_877' title='bbox 2146 5846 2164 5880; x_wconf 76' lang='grc' dir='ltr'>ι</span> <span class='ocrx_word' id='word_1_878' title='bbox 2203 5812 2552 5882; x_wconf 78' lang='lat' dir='ltr'><strong>Jam&#39;Christi</strong></span> <span class='ocrx_word' id='word_1_879' title='bbox 2585 5831 2640 5876; x_wconf 90' lang='lat' dir='ltr'><strong>et</strong></span> <span class='ocrx_word' id='word_1_880' title='bbox 2663 5819 3029 5891; x_wconf 85' lang='lat' dir='ltr'><strong>apostolorum</strong></span> <span class='ocrx_word' id='word_1_881' title='bbox 3059 5822 3320 5877; x_wconf 60' lang='lat' dir='ltr'><strong>saeculum</strong></span> <span class='ocrx_word' id='word_1_882' title='bbox 3349 5821 3508 5892; x_wconf 82' lang='lat' dir='ltr'><strong>quale</strong></span> <span class='ocrx_word' id='word_1_883' title='bbox 3525 5812 3646 5878; x_wconf 64' lang='lat' dir='ltr'><strong>fuit?</strong></span> 
     </span>
    </p>
   </div>
   <div class='ocr_carea' id='block_1_119' title="bbox 2065 5901 3633 5980">
    <p class='ocr_par' dir='ltr' id='par_1_119' title="bbox 2065 5901 3633 5980">
     <span class='ocr_line' id='line_1_119' title="bbox 2065 5901 3633 5980; baseline -0.003 -14"><span class='ocrx_word' id='word_1_884' title='bbox 2065 5908 2248 5980; x_wconf 84' lang='lat' dir='ltr'><strong>Neque</strong></span> <span class='ocrx_word' id='word_1_885' title='bbox 2289 5913 2470 5963; x_wconf 87' lang='lat' dir='ltr'><strong>tamen</strong></span> <span class='ocrx_word' id='word_1_886' title='bbox 2516 5901 2781 5976; x_wconf 87' lang='lat' dir='ltr'><strong>impedire</strong></span> <span class='ocrx_word' id='word_1_887' title='bbox 2827 5901 3002 5974; x_wconf 88' lang='lat' dir='ltr'><strong>potuit</strong></span> <span class='ocrx_word' id='word_1_888' title='bbox 3024 5901 3312 5978; x_wconf 86' lang='lat' dir='ltr'><strong>desperata</strong></span> <span class='ocrx_word' id='word_1_889' title='bbox 3344 5903 3438 5962; x_wconf 88' lang='lat' dir='ltr'><strong>illa</strong></span> <span class='ocrx_word' id='word_1_890' title='bbox 3465 5902 3633 5962; x_wconf 77' lang='lat' dir='ltr'><strong>Phari-</strong></span> 
     </span>
    </p>
   </div>
  </div>
