3860 6212
385 171 528 232 “95

1809 171 2035 230 APPEN
2044 171 2175 227 DIX.

3523 175 3678 232 1496

385 289 526 352 scio,
549 286 830 355 excipient,
851 284 1124 340 Christum
1150 284 1202 339 in
1226 284 1483 355 templum
1514 301 1622 340 non
1643 286 1982 353 ascendisse,
2004 297 2054 356 Α
2082 287 2196 343 bat.
2227 287 2357 343 Nam
2381 289 2471 359 qui
2504 288 2615 344 edit
2640 299 2694 343 et
2730 288 2862 344 bibit
2883 289 3122 358 indigne,
3143 288 3407 360 judicium
3438 288 3536 344 sibi
3566 291 3675 360 ipsi

389 376 496 430 nisi
526 387 583 430 nt
621 377 745 430 vitia
772 387 825 431 et
855 377 1060 431 scelera
1092 376 1535 445 reprehenderet,
1587 394 1706 447 qua:
1739 389 1848 432 tum
1880 373 1999 432 ad?

318 486 322 490 ·
389 467 772 524 mittebantur:
806 483 912 523 non
937 477 996 522 ιιι
1017 484 1138 524 cum
1171 483 1357 523 eorum
1382 468 1663 524 sacriﬁciis
1691 479 1745 525 et
1765 470 1978 542 caneris

385 558 852 614 lestiﬁeationibus
873 560 995 614 fidei
1022 560 1385 629 participaret.
1419 561 1620 615 Verum
1650 563 1834 617 falsam
1857 577 1978 617 esse

386 653 528 708 hanc
561 654 885 709 solutionem
918 656 1074 709 facile
1111 665 1195 710 est
1240 664 1688 711 commonstrare.
1734 656 1849 712 Non
1883 656 1979 710 abs

384 758 448 798 re
463 744 590 799 dicit
608 745 806 800 Paulus
833 762 955 800 eum
988 747 1260 802 subditum
1297 748 1398 817 legi
1423 748 1620 803 factum
1650 748 1740 822 (de
1761 748 1980 803 Christo

385 848 602 903 semper
628 835 894 907 intelligo)
947 848 1004 892 ut
1036 839 1106 892 ab
1135 838 1255 908 ejus
1284 838 1545 893 servitute
1576 854 1765 894 omnes
1810 840 1900 909 qui
1929 838 1978 893 ei

384 929 830 998 subjiciebantur,
864 931 1178 986 redimeret.
1233 934 1306 986 De
1334 933 1699 987 caeremoniali
1742 932 1860 1001 lege
1887 947 1981 986 no-

389 1023 630 1078 minatim
660 1026 824 1078 verba
873 1023 1020 1079 facit.
1070 1026 1223 1079 Cum
1263 1025 1424 1094 igitur
1472 1025 1536 1078 ad
1581 1025 1861 1092 templum,
1918 1038 1981 1079 ac

389 1114 660 1183 praecipue
719 1115 909 1170 diehus
963 1115 1113 1170 festis
1173 1127 1227 1171 et
1283 1104 1616 1172 solemnibus
1665 1115 1975 1182 accedebat,

388 1205 634 1274 quaniris
661 1222 724 1259 eo
749 1195 972 1270 veniret,
1005 1215 1059 1260 nt
1096 1207 1375 1262 meliorem
1411 1205 1760 1276 promoveudi
1798 1206 1978 1258 Evan-

387 1296 536 1366 gelii,
561 1307 614 1350 ct
637 1299 971 1367 corrigendis
991 1300 1275 1368 impiorum
1302 1300 1464 1362 vitiis,
1485 1301 1822 1354 occasionem
1849 1313 1981 1351 nan—

390 1390 520 1443 cisci
544 1403 724 1458 posset
759 1410 771 1444 :
803 1399 982 1445 tamen
1013 1407 1116 1446 non
1143 1392 1425 1448 desinebat
1455 1408 1575 1448 sese
1627 1393 1762 1462 legis
1792 1393 1982 1446 obser-

389 1491 630 1537 vatorcm
673 1484 980 1548 ostendere,
1013 1502 1136 1556 qua:
1166 1487 1284 1556 lege
1316 1486 1592 1555 jubentur,
1628 1487 1850 1548 faciens,
1885 1501 1981 1540 ve-

394 1573 549 1627 niens
596 1575 652 1628 in
700 1576 956 1644 templum
994 1577 1256 1630 adorandi
1314 1585 1370 1631 et
1418 1577 1753 1631 sacriﬁcandi
1794 1591 1978 1632 causa.

2080 382 2192 438 edit
2220 393 2274 437 et
2303 383 2456 438 bibit.
2485 383 2540 436 In
2571 383 2766 453 quibus
2796 382 2976 438 verbis
3006 382 3113 438 duo
3152 391 3280 437 sunt
3305 382 3672 437 observanda.

2081 458 2349 544 Primum,
2370 477 2588 548 indigne
2610 493 2802 547 panem
2829 479 3036 533 Domini
3060 479 3245 543 edere,
3269 494 3378 534 non
3399 493 3520 534 esse
3545 494 3674 534 cum

2081 569 2147 624 iis
2177 569 2266 640 qui
2295 569 2497 639 indigni
2519 579 2643 623 sunt
2667 570 3064 625 communicare
3095 587 3110 623 :
3139 569 3235 625 sed
3265 585 3373 623 non
3402 570 3503 624 rite
3533 586 3677 641 prm-

2083 675 2274 731 parare
2305 661 2570 729 seipsuui,
2626 677 2726 716 nec
2779 662 3086 732 expendere
3128 661 3285 716 ﬁdem
3321 663 3593 730 propriam
3623 674 3678 717 et

2084 752 2471 828 paenitentiam.
2501 751 2767 814 Alterum,
2795 769 2915 808 eum
2947 768 3101 808 caena
3133 753 3441 820 recipienda
3468 763 3572 819 est,
3607 769 3677 806 ne

2081 826 2291 898 initium
2316 826 2575 897 faciamus
2599 842 2664 898 ah
2683 843 2819 906 aliis,
2848 859 2954 913 quo
2974 844 3346 899 examinemus
3375 844 3546 913 ipsos,
3576 843 3676 898 sed

2083 935 2442 1009 nosmetipsos
2467 934 2780 1003 probemus,
2803 944 2857 989 et
2885 942 3032 989 certe
3057 935 3102 989 si
3147 945 3400 990 accurate
3427 935 3677 989 conside—

2083 1039 2270 1082 rentur
2293 1027 2494 1090 omnia,
2551 1028 2639 1097 qui
2671 1027 2743 1082 ita
2769 1027 2879 1082 ctio
2905 1028 3179 1083 abundant
3227 1039 3283 1082 ut
3311 1016 3587 1098 inquirant
3620 1031 3670 1083 in

2085 1121 2239 1185 alios,
2267 1119 2460 1189 smpins
2485 1120 2536 1174 in
2558 1134 2618 1175 re
2646 1135 2742 1174 sua
2767 1110 2891 1175 sunt
2918 1121 3252 1191 negligentes
3275 1130 3328 1175 ct
3351 1121 3620 1176 obliviosi.
3649 1140 3668 1174 ι

2083 1210 2350 1265 Hactenus
2377 1210 2486 1264 ille.
3145 1267 3149 1271 ,
3211 1269 3214 1274 ,

2160 1302 2339 1356 Visum
2372 1299 2472 1356 fuit
2499 1301 2810 1370 superiores
2839 1303 3042 1373 aliquot
3070 1305 3294 1374 paginas
3321 1319 3388 1359 ex
3428 1305 3545 1370 ejus
3575 1306 3671 1358 viri

2084 1393 2485 1448 commentariis
2536 1393 2879 1461 describere,
2929 1396 3080 1464 cujus
3110 1411 3205 1451 ore
3237 1405 3293 1451 et
3333 1396 3672 1452 confessione

2089 1485 2390 1540 Donatistas
2416 1499 2627 1554 quoque
2651 1484 2917 1552 damnari,
2942 1497 2995 1541 et
3017 1486 3225 1541 similes
3257 1486 3564 1557 ltypocritas
3597 1497 3672 1541 at-

2084 1591 2188 1646 que
2226 1575 2535 1631 ardeliones
2583 1576 2847 1642 accusari,
2904 1577 3148 1633 lubenter
3189 1579 3389 1645 audio,
3440 1588 3496 1632 ut
3529 1588 3673 1633 tanto

393 1663 544 1731 Quod
592 1667 707 1737 ipse
734 1683 828 1722 ore
865 1683 962 1722 suo
1002 1669 1370 1734 confirmavit,
1419 1685 1542 1724 cum
1590 1670 1982 1727 Samaritanam
2014 1680 2062 1738 Β
2089 1667 2257 1734 magis
2303 1683 2366 1721 os
2417 1667 2731 1722 obstruatur
2771 1668 2910 1724 male
2957 1669 3161 1724 feriatis
3213 1669 3530 1737 quibusdam
3562 1671 3674 1738 ejus

391 1760 726 1814 conveniret.
779 1759 1032 1830 Loquens
1082 1761 1225 1815 enim
1274 1777 1342 1815 ex
1389 1762 1633 1816 omnium
1673 1762 1984 1817 indinuuum

393 1866 643 1920 persona,
673 1854 750 1906 ait
776 1871 787 1906 :
818 1854 1024 1908 Scimus
1049 1855 1104 1908 id
1123 1857 1259 1927 quod
1285 1855 1562 1910 adoramus
1593 1873 1612 1910 :
1640 1865 1692 1910 at
1713 1873 1820 1923 vos,
1851 1856 1986 1926 quod

395 1942 622 1997 adoratis
671 1945 920 1999 nescitis:
951 1945 1074 2013 quia
1120 1947 1265 2000 Salus
1318 1962 1382 2000 ex
1433 1945 1636 2000 Jndzeis
1682 1957 1781 2001 est.
1837 1947 1985 2001 Haud

397 2045 546 2090 certe
570 2038 638 2091 ab
664 2038 766 2091 illis
786 2052 845 2092 se
866 2048 1135 2107 segregat,
1158 2055 1281 2094 eum
1306 2039 1545 2108 loquitur
1563 2039 1630 2093 de
1649 2038 1985 2104 adoratione,

397 2144 499 2198 qua
531 2130 692 2183 etiam
721 2131 984 2186 sacrificia
1013 2131 1363 2186 continentur
1392 2149 1404 2184 :
1437 2147 1621 2187 verum
1645 2147 1765 2186 sese
1796 2132 1989 2202 redigit

395 2221 452 2275 in
479 2236 821 2276 communem
853 2222 1097 2277 ordinem
1126 2232 1469 2277 c:cterorum.
1502 2221 1558 2276 ld
1587 2222 1729 2292 quod
1762 2223 1898 2277 ratio
1920 2223 1988 2291 ab

397 2327 466 2367 eo
508 2313 778 2383 adjuncta,
835 2316 1005 2383 magis
1051 2315 1214 2369 etiam
1241 2315 1525 2369 confirmat
1556 2333 1568 2367 :
1600 2330 1813 2384 nempe,
1863 2317 1986 2384 quia

396 2404 542 2458 salus
569 2421 633 2459 ex
665 2404 868 2459 Judmis
893 2417 995 2460 est.
1024 2406 1117 2461 llis
1143 2407 1287 2460 enim
1310 2406 1489 2461 verbis
1507 2406 1636 2461 nihil
1663 2407 1802 2461 aliud
1819 2406 1984 2460 intel-

397 2497 535 2568 ligit,
559 2514 719 2568 quam
739 2499 944 2553 cultum
960 2501 1048 2569 qui
1074 2499 1462 2570 Hierosolymis
1483 2483 1834 2554 exhibebatur
1851 2499 1985 2566 Deo,

398 2589 503 2659 ipsi
533 2582 743 2658 gratum
775 2589 962 2654 fuisse,
1001 2598 1207 2644 tantum
1245 2591 1313 2645 ob
1344 2590 1519 2646 fmdus
1565 2591 1705 2661 quod
1731 2607 1852 2646 cum
1885 2608 1984 2661 po-

401 2680 528 2748 pulo
553 2679 647 2734 illo
671 2681 883 2735 inierat.
919 2681 998 2734 Ex
1028 2681 1218 2750 quibus
1252 2683 1603 2752 perspicimus
1630 2699 1750 2737 eum
1781 2684 1869 2752 qui
1899 2699 1986 2737 sa-

400 2772 692 2826 cramentis
721 2785 752 2826 a
787 2772 895 2827 Deo
937 2773 1194 2828 institutis
1233 2788 1353 2828 cum
1385 2775 1580 2846 iniquis
1609 2775 1986 2838 communicat,

402 2862 646 2932 ipsorum
677 2879 971 2934 congressu
1022 2882 1128 2921 non
1171 2867 1368 2937 pollui,
1424 2867 1584 2923 modo
1617 2869 1730 2938 ipse
1760 2869 1989 2923 crimine

401 2967 580 3021 vacet,
611 2973 848 3027 puraque
872 2961 1200 3014 conscientia
1233 2961 1302 3014 sit
1331 2961 1606 3030 praeditus.
1635 2960 1780 3014 Idem
1817 2963 1988 3029 Apos-

2089 1758 2387 1826 discipulis,
2439 1773 2664 1826 quorum
2697 1773 2939 1813 severam
2990 1760 3201 1813 scilicet
3242 1774 3547 1820 censuram,
3577 1758 3675 1812 hoc

2089 1861 2190 1914 est,
2223 1865 2472 1905 vesanam
2503 1852 2898 1921 intemperiem,
2936 1853 3110 1907 notari
3131 1861 3295 1922 atque
3316 1852 3557 1907 coerceri
3585 1866 3673 1906 ne-

2089 1930 2240 1997 cesse
2271 1954 2370 1997 est.
2427 1942 2576 1998 Nunc
2630 1955 2685 1998 nt
2726 1944 2792 1998 ad
2843 1945 3196 2001 Collationem
3237 1955 3483 2002 revertar
3515 1965 3528 2000 :
3557 1948 3674 2014 ejus

2088 2044 2204 2090 acta
2225 2035 2545 2105 signiﬁcant,
2579 2037 2879 2092 Donatistas
2909 2038 3068 2092 etiam
3111 2038 3380 2105 ohjecisse
3407 2038 3669 2108 quidpiam

2089 2144 2154 2184 ex
2185 2129 2365 2199 Aggzci
2397 2129 2677 2201 prophetze
2715 2145 2835 2199 eap.
2887 2147 2947 2192 ll,
2979 2131 3047 2186 de
3076 2131 3330 2201 fugienda
3365 2133 3672 2202 contagione

2088 2221 2372 2287 malorum,
2430 2222 2645 2276 tametsi
2686 2220 3017 2292 Augustinus
3063 2223 3266 2277 scribat
3318 2224 3528 2278 nonnisi
3561 2232 3672 2292 post

2087 2298 2445 2367 Collationem
2475 2313 2528 2368 id
2577 2329 2672 2368 eos
2701 2314 2987 2384 allegasse.
3018 2312 3257 2380 Quaestio
3283 2323 3460 2369 autem
3487 2312 3582 2366 fuit
3609 2312 3672 2365 de

2088 2403 2237 2459 hisce
2263 2405 2467 2472 verbis,
2502 2405 2822 2475 Quicumque
2861 2406 3129 2459 accesserit
3149 2405 3218 2457 ad
3239 2389 3413 2470 illum,
3443 2406 3670 2474 inquinu-

2087 2497 2242 2561 bitur,
2289 2509 2418 2562 etc.,
2453 2513 2570 2567 qua:
2619 2497 2867 2566 leguntur
2919 2498 2970 2551 in
3024 2499 3468 2568 interpretatione
3517 2497 3665 2552 LXX.

2087 2591 2192 2647 Sed
2217 2592 2259 2646 si
2287 2591 2548 2646 Catholici
2572 2589 3046 2654 observassent,ab
3066 2589 3454 2659 interpretibus
3475 2589 3574 2643 illis
3586 2588 3671 2642 ad-

2083 2685 2224 2754 jecta
2255 2683 2419 2738 videri
2447 2700 2459 2735 :
2485 2683 2671 2736 saltem
2691 2697 2794 2736 non
2808 2691 3018 2736 exstare
3041 2681 3092 2735 in
3108 2692 3365 2738 contextu
3395 2681 3667 2745 Hebraico,

2091 2791 2279 2845 magna
2335 2776 2577 2830 molestia
2628 2775 2987 2857 restiondendi
3032 2775 3185 2829 facile
3227 2791 3288 2830 se
3338 2776 3666 2830 liberassent.

2169 2868 2457 2921 Donatista)
2482 2883 2586 2920 non
2615 2876 2720 2921 tam
2750 2867 3062 2921 fueruutvel
3087 2867 3380 2936 ingeniosi,
3406 2868 3488 2922 vel
3506 2882 3665 2934 acres,

2089 2960 2174 3012 vel
2207 2959 2442 3024 facundi,
2471 2959 2555 3012 vel
2582 2958 2946 3022 vehementes,
2979 2973 3136 3028 quam
3159 2959 3245 3011 alii
3270 2958 3490 3028 quidam
3521 2958 3568 3011 in
3587 2973 3669 3013 ac-

403 3046 500 3099 toli
533 3049 771 3117 magistri
809 3051 1117 3118 exemplum
1149 3052 1319 3105 secuti
1372 3054 1634 3106 fecerunt.
1681 3051 1883 3107 Verum
1925 3066 1990 3105 ne
2017 3053 2062 3115 C
2094 3050 2330 3104 cusanda
2357 3050 2616 3116 Ecclesia,
2654 3065 2684 3103 a
2710 3065 2810 3119 qua
2840 3048 3164 3104 defecerant.
3195 3048 3306 3103 lmo
3347 3048 3534 3114 multa,
3561 3064 3667 3116 qua:

405 3140 728 3208 prolixiores
752 3142 944 3208 simus,
973 3158 1134 3214 quam
1166 3159 1260 3212 par
1287 3145 1376 3207 sit,
1416 3144 1581 3199 Paulo
1614 3159 1720 3198 uno
1750 3145 1990 3199 contenti

405 3230 595 3284 simus.
628 3230 829 3286 Omitto
855 3234 998 3300 quod
1041 3235 1431 3303 quemcumque
1459 3237 1510 3289 in
1539 3236 1717 3289 locum
1765 3235 1991 3298 veniret,

405 3321 524 3375 sine
549 3322 652 3376 ulla
676 3322 988 3380 difﬁcultate
1015 3326 1067 3380 in
1095 3341 1421 3397 synagogam
1450 3327 1759 3382 Iuda-orum
1791 3327 1997 3395 ingrcs~

409 3429 502 3468 sus
545 3425 647 3482 est,
700 3425 756 3471 ut
796 3427 974 3474 oraret
1024 3420 1189 3477 Deum
1221 3431 1275 3475 et
1322 3420 1390 3476 de
1421 3422 1684 3491 scriptura
1718 3428 1992 3474 tractaret.

382 3559 386 3563 .
410 3505 610 3562 Omitto
635 3510 820 3575 etiam,
847 3512 990 3580 quod
1015 3511 1066 3567 ei
1094 3513 1283 3582 religio
1312 3528 1416 3566 non
1445 3512 1546 3566 fuit
1571 3527 1691 3567 sese
1716 3512 1770 3566 in
1799 3510 1999 3580 templo

412 3599 692 3668 exhibere,
723 3611 782 3656 ut
811 3602 883 3657 ibi
914 3604 1079 3657 Deum
1108 3605 1397 3670 adoraret,
1427 3611 1481 3658 et
1508 3603 1845 3657 emrcmoniis
1871 3602 2000 3670 legi-

415 3691 560 3746 timis
604 3710 706 3747 una
755 3709 876 3749 cum
926 3696 1146 3766 reliquis
1197 3705 1440 3750 uteretur
1470 3714 1482 3748 :
1515 3696 1760 3764 quamvis
1790 3709 1998 3748 summa

413 3797 557 3838 esset
579 3787 916 3842 sacerdotum
958 3797 1014 3842 ct
1039 3788 1362 3853 scribarum,
1412 3787 1504 3856 qui
1547 3795 1656 3839 tum
1690 3785 1796 3838 illic
1823 3794 1998 3850 erant,

421 3877 734 3947 improbitas
765 3889 819 3934 et
860 3881 1120 3948 nequitia.
1173 3878 1290 3933 Non
1341 3877 1485 3946 quod
1516 3877 1604 3930 illa
1639 3877 1704 3930 ad
1735 3893 1846 3930 rem
1895 3894 1999 3930 non

417 3970 618 4025 faciant
647 3989 660 4023 :
688 3971 784 4026 sed
812 3973 934 4041 quia
958 3971 1190 4027 clariore
1223 3969 1603 4041 probationum
1631 3985 1850 4039 genere,
1882 3986 2002 4040 qua:

417 4060 696 4114 calumniis
729 4061 906 4114 minus
926 4061 1071 4115 eludi
1103 4070 1346 4130 possunt,
1375 4075 1484 4113 non
1504 4073 1771 4114 carcnuts.
1803 4059 2002 4130 Nempe

416 4151 559 4219 quod
586 4151 935 4220 conqueritur
963 4164 1057 4205 eos
1084 4151 1177 4218 qui
1201 4150 1375 4220 ipsum
1405 4149 1656 4218 adjuvare
1682 4149 2001 4217 debuerant,

419 4243 618 4296 Christi
648 4242 853 4296 honore
873 4251 928 4295 et
973 4229 1231 4296 Ecclesia:
1263 4243 1641 4311 prorogatione
1663 4242 2000 4310 posthabitis,

400 4333 641 4404 privatis
655 4333 949 4388 commodis
965 4334 1076 4388 suis
1090 4333 1378 4387 studuiSse.
1393 4332 1575 4404 Neque
1590 4343 1765 4390 tamen
1779 4335 2004 4405 legimus

2098 3160 2198 3199 suo
2249 3144 2519 3198 schismati
2551 3142 2795 3212 speciose
2832 3142 3123 3196 obtendere
3178 3150 3449 3209 poterant,
3504 3139 3668 3195 nescio

2098 3233 2366 3306 quomodo
2387 3234 2689 3303 prteterisse
2710 3232 2975 3286 videntur.
2995 3233 3196 3288 Saltem
3221 3232 3380 3286 hodie
3410 3232 3528 3285 novi
3553 3246 3667 3287 cen-

2098 3343 2251 3381 sores
2281 3334 2336 3379 et
2357 3325 2568 3379 illorum
2596 3324 2788 3394 alioqui
2819 3338 2987 3393 prope
3038 3323 3268 3392 patroni,
3325 3324 3667 3392 Ecclesimque

2100 3426 2442 3471 accusatores
2469 3420 2618 3470 aiunt
2645 3430 2738 3470 eos
2788 3417 3167 3485 pravaricatos
3198 3431 3359 3485 posse
3405 3416 3584 3482 videri,
3623 3427 3666 3470 et

2102 3507 2294 3561 bonam
2335 3522 2548 3562 causam
2575 3507 2713 3562 male
2743 3507 2935 3576 egisse,
2960 3506 3153 3577 jusque
3183 3521 3336 3559 suum
3368 3505 3662 3576 ignorasse:

2102 3599 2380 3670 ignorasse
2424 3598 2788 3653 conditionem
2824 3598 3101 3665 Ecclesia,
3145 3612 3305 3666 aqua
3352 3596 3661 3661 defecerant,

2104 3693 2377 3762 ignorasse
2404 3691 2520 3759 ejus
2549 3691 2783 3745 maculas
2809 3699 2863 3746 et
2892 3691 3038 3744 vitia.
3073 3689 3238 3757 Aiunt
3267 3690 3507 3756 Aerium,
3537 3689 3666 3744 Jovi-

2105 3786 2344 3848 nianum,
2376 3783 2745 3854 Vigilantium,
2786 3785 3036 3839 Faustqu
3065 3784 3438 3850 Manichmum,
3465 3771 3515 3839 et
3537 3784 3664 3838 simi-

2107 3875 2186 3930 les
2211 3875 2515 3945 diligentius
2549 3887 2766 3932 notasse
2790 3893 2909 3946 qua:
2942 3877 3410 3948 reprehenderent
3438 3896 3451 3931 :
3483 3888 3534 3933 et
3559 3878 3662 3947 quia

2106 3964 2206 4019 hos
2237 3966 2658 4034 reprehensores
2704 3967 2941 4022 Ecclesia
2985 3959 3274 4032 damnarit,
3322 3969 3512 4023 iterum
3539 3984 3661 4023 ream

2105 4073 2226 4113 esse
2253 4057 2470 4114 debere.
2505 4058 2609 4113 Sed
2652 4074 2791 4114 nunc
2821 4060 2954 4114 nihil
2989 4062 3179 4114 attinet
3205 4074 3496 4130 suggerere
3515 4059 3664 4113 Dona-

2109 4151 2249 4204 tistis
2297 4166 2486 4204 novatn
2530 4151 2958 4209 criminationem
2997 4170 3010 4205 :
3045 4152 3256 4206 tametsi
3299 4151 3453 4206 facile
3482 4166 3661 4221 quoque

2107 4242 2178 4295 sit
2221 4257 2336 4295 eam
2386 4242 2656 4298 refellere.
2707 4243 2926 4298 Possem
2954 4233 3119 4298 etiam”
3153 4258 3482 4313 cxaggerare
3509 4243 3660 4313 populi

2107 4332 2543 4403 Carthaginiensis
2573 4343 2873 4390 extremam
2917 4336 3317 4404 corruptionem
3346 4345 3402 4391 et
3423 4334 3658 4392 horrenda

419 4414 619 4495 ipsum,
647 4442 716 4480 ne
746 4426 1095 4494 pollueretur,
1127 4439 1186 4478 se
1212 4424 1279 4477 ab
1300 4439 1486 4479 eorum
1509 4435 1650 4481 cmtu
1668 4441 1999 4497 segregasse.
2029 4438 2080 4497 ι)
2111 4424 2423 4495 inﬁnitaque
2449 4425 2675 4490 scelera,
2714 4443 2838 4496 qua:
2864 4426 3149 4482 Salvianus
3191 4428 3483 4498 episcopus
3507 4426 3662 4482 Massi-

500 4534 520 4567 ι
553 4515 707 4582 Item,
747 4530 869 4571 cum
899 4517 1025 4570 vitia
1070 4517 1160 4570 illa
1185 4515 1475 4580 horrenda,
1517 4518 1710 4586 quibus
1737 4519 2005 4574 Corinthii

421 4617 479 4663 et
509 4608 714 4664 Galatae
752 4607 1104 4674 laborabant,
1158 4607 1506 4678 reprehendit
1538 4624 1552 4662 :
1584 4625 1689 4662 non
1722 4620 1867 4666 vetat
1913 4625 2006 4666 eos

422 4701 515 4770 qui
545 4701 660 4769 puri
692 4709 817 4754 sunt
845 4710 899 4754 et
930 4701 1216 4763 immunes.
1252 4701 1413 4755 ullam
1463 4704 1827 4758 cumca-teris
1854 4719 1999 4759 com-

424 4793 732 4847 munionem
763 4791 964 4847 habere
993 4793 1165 4864 quoad
1195 4793 1333 4848 bene
1365 4804 1586 4863 purgata
1619 4794 1816 4849 fuerint
1846 4795 2008 4868 364

425 4882 746 4938 omniazscd
777 4892 980 4939 tantum
1012 4885 1330 4940 adhortatur
1350 4896 1408 4939 ut
1433 4887 1560 4940 vitia
1583 4903 1701 4956 qua:
1730 4902 1828 4942 suo
1854 4903 2001 4956 qua:-

299 4973 302 4977 ’
392 5023 395 5026 .
425 4993 532 5047 que
553 4977 673 5031 loco
698 4977 1066 5045 reprehendit,
1092 4978 1380 5054 corrigam,
1407 4979 1549 5033 nulla
1575 4981 1847 5035 mentione
1871 4979 2006 5034 facta

426 5071 497 5126 de
525 5070 785 5140 ejusmodi
812 5073 1211 5144 segregatione,
1240 5074 1452 5143 qualem
1483 5075 1566 5129 isti
1597 5074 1812 5130 fanatici
1841 5078 2007 5129 intro-

425 5149 626 5205 ducere
646 5152 853 5208 vulunt.
1582 5205 1584 5207 .

502 5249 520 5281 ι
555 5230 690 5297 Quid
737 5248 866 5287 vero
915 5247 1134 5288 necesse
1186 5241 1268 5287 est
1313 5231 1450 5286 adeo
1507 5233 1825 5302 disputare?
1876 5233 2006 5286 Cum

424 5310 712 5379 Apostolus
764 5314 881 5382 ipse
930 5313 1036 5366 alio
1088 5312 1142 5365 in
1185 5311 1305 5366 loco
1335 5320 1606 5381 tractans,
1633 5327 1740 5380 quo
1786 5312 2014 5380 quisque

426 5391 586 5444 modo
614 5393 902 5461 pra-parari
949 5393 1145 5446 debeat
1191 5391 1256 5443 ad
1309 5388 1674 5457 recipiendam
1695 5430 1709 5453 ,
1743 5398 1799 5442 ut
1830 5388 2004 5452 decet,

425 5485 633 5525 caenam
671 5473 911 5536 Domini,
958 5489 1064 5527 non
1107 5473 1261 5541 jubet
1291 5482 1729 5540 unumquemque
1779 5467 2008 5536 proximi

425 5551 508 5604 sui
535 5552 662 5603 vitia
691 5552 999 5604 examinare
1032 5571 1044 5605 :
1079 5551 1174 5604 sed
1206 5553 1275 5604 ita
1324 5551 1594 5618 loquitur,
1622 5545 1821 5599 Probet
1860 5547 2004 5613 seip-

425 5642 544 5682 sum
571 5629 752 5700 homo,
774 5645 836 5684 ac
880 5631 955 5684 sic
980 5631 1047 5684 de
1081 5645 1216 5698 pane
1241 5630 1336 5685 illo
1364 5629 1511 5692 edat,
1560 5635 1614 5680 et
1646 5625 1712 5679 de
1736 5623 1904 5679 calice
1929 5623 2010 5678 bi-

2106 4517 2292 4572 liensis
2308 4518 2592 4588 descripsit
2622 4518 2715 4574 lib.
2735 4535 2830 4574 vut
2858 4519 2923 4573 de
2938 4518 3250 4574 PrOvident.
3267 4519 3378 4576 Sed
3404 4535 3472 4574 ne
3496 4533 3551 4574 ea
3567 4519 3660 4588 qui-

2108 4610 2226 4664 dem
2256 4609 2593 4664 sulﬁeiebant
2619 4610 2683 4664 ad
2723 4609 3083 4682 excusandum
3109 4610 3346 4665 schisma
3395 4610 3642 4671 Donatista

2108 4719 2247 4759 rum.
2267 4686 2546 4758 Sanecum
2562 4703 2726 4756 multa
2749 4704 2908 4774 vulgo
2938 4705 3074 4760 male
3101 4703 3215 4759 fieri
3245 4702 3515 4760 fatebatur
3534 4703 3662 4759 etde-

2112 4795 2352 4865 plorabat
2413 4796 2762 4862 Augustinus,
2810 4795 2862 4848 in
2893 4796 2958 4849 iis
3009 4784 3280 4865 fugiendis
3347 4796 3658 4851 consentien-

2109 4899 2219 4944 tcm
2253 4888 2485 4942 habuere
2510 4888 2817 4941 Donatistae.
2854 4887 2959 4942 Sed
2986 4903 3105 4957 qua:
3135 4889 3376 4944 Ecclesia
3400 4900 3541 4945 recte
3563 4903 3660 4960 pro-

2109 4982 2302 5044 babat,
2340 4980 2575 5049 graviter
2617 4977 2854 5032 defendit
2879 4979 3095 5034 diluens.
3132 4981 3556 5037 adversariorum
3592 4995 3660 5035 ca-

2113 5073 2340 5127 lumnias
2372 5089 2383 5123 :
2417 5083 2467 5125 et
2495 5079 2552 5124 ut
2573 5070 2733 5123 multa
2767 5070 2842 5124 illi
2873 5072 3362 5140 exprobrarentur,
3395 5082 3562 5128 tamen
3581 5071 3663 5128 Ec-

2110 5151 2332 5205 clesiam
2359 5148 2562 5204 Christi
2603 5163 2725 5202 esse
2749 5150 3183 5205 constantissime
3230 5152 3525 5216 contendit,
3552 5167 3664 5223 pra-

2111 5231 2298 5283 sertim
2319 5244 2439 5282 cum
2476 5237 2724 5282 auctores
2752 5227 2840 5283 illa
2862 5228 3031 5282 bonos
3061 5228 3308 5293 haberet,
3339 5241 3392 5285 et
3436 5233 3661 5301 promissa

2115 5310 2432 5378 laudataque
2461 5317 2604 5360 esset
2645 5322 2673 5359 a
2725 5307 3019 5374 ιποιιιιριίε,
3062 5309 3234 5376 qualis
3261 5317 3385 5378 post
3428 5311 3659 5366 Christum

2117 5386 2355 5440 exhibita
2387 5394 2491 5450 est,
2525 5394 2742 5454 totoque
2770 5385 2900 5439 orbe
2943 5385 3134 5440 diffusa
3171 5404 3184 5441 :
3215 5402 3394 5458 neque
3418 5390 3565 5442 aliam
3595 5403 3662 5444 os-

2119 5466 2334 5519 tendere
2376 5463 2665 5520 Donatistae
2708 5473 2946 5533 possent,
3001 5465 3066 5518 ad
3098 5460 3258 5533 quam
3309 5469 3553 5523 vaticinia
3590 5467 3660 5522 illa

2118 5544 2502 5611 Prophetarum
2547 5540 2732 5596 referri
2765 5551 3008 5611 pnssent.
3059 5542 3245 5611 Itaque
3270 5543 3506 5601 deﬁcere
3525 5545 3583 5599 ab
3609 5558 3659 5600 ea

2118 5622 2352 5678 Ecclesia
2381 5621 2646 5675 catholica
2675 5635 2780 5674 non
2810 5618 3062 5674 debuisse
3095 5619 3424 5689 Donatistae,
3478 5620 3658 5679 conel-
