3860 6212
242 245 384 304 N97

240 452 438 519 clusio,
470 452 561 521 qui
588 450 788 521 alioqui
815 450 958 505 illius
989 464 1201 520 quoque
1241 448 1496 518 temporis
1527 446 1822 501 Ecclesium

239 544 508 599 acerrime
538 553 814 608 accusant,
869 551 922 597 et
951 541 1052 596 sibi
1098 541 1261 595 licere
1303 548 1585 610 propterea
1614 538 1822 604 volunt,

239 633 390 710 quod
419 645 593 692 tamen
624 637 916 692 Donatistis
944 645 1161 710 negant.
1189 635 1317 702 Qua:
1350 648 1508 703 porro
1531 632 1821 708 Donatista:

237 730 513 796 dicebant,
553 739 609 784 ut
644 745 796 783 suam
838 730 1122 783 factionem
1175 727 1462 797 probarem
1493 739 1612 780 esse
1640 739 1818 778 veram

236 823 535 878 Ecclesiam
566 820 786 887 Christi,
830 820 1095 891 putidiora
1148 827 1272 874 sunt
1302 833 1458 888 quam
1492 827 1548 872 ut
1574 815 1819 887 pluribus

234 916 411 972 refelli
437 917 668 972 debeant
691 934 704 968 :
736 914 1015 969 audiamus
1042 924 1242 968 tamen.

307 1009 594 1065 Jactabant
622 1010 676 1062 in
724 1005 1046 1070 Collatione,
1107 1021 1226 1061 sese
1255 1004 1521 1059 antistites
1549 1012 1602 1057 et
1632 1001 1820 1057 defen-

166 1081 168 1083 I
233 1114 389 1156 sores
411 1115 531 1156 esse
560 1100 784 1156 sincera:
809 1099 1082 1160 Ecclesiae,
1112 1112 1231 1167 quae
1260 1102 1344 1166 (ut
1369 1092 1608 1164 aiebant)
1635 1107 1816 1163 perse-

232 1195 506 1248 cutionem
540 1194 756 1262 patitur,
786 1200 840 1246 et
869 1207 975 1244 non
1024 1190 1166 1244 facit.
1200 1188 1428 1243 Crucem
1469 1185 1609 1240 enim
1639 1197 1686 1239 et
1724 1199 1813 1254 pa-

229 1288 478 1345 tientiam
506 1303 628 1343 esse
657 1285 902 1357 quaedam
928 1284 1153 1353 insignia
1194 1266 1460 1344 Ecclesiae
1487 1280 1810 1348 profiteban-

209 1389 339 1435 -tur.
363 1379 468 1435 Sed
499 1379 828 1448 Augustinus
849 1375 1125 1432 contendit
1151 1389 1245 1429 eos
1262 1374 1439 1428 facere
1461 1371 1635 1441 potius
1653 1386 1835 1439 quam.

226 1475 342 1546 pati
372 1493 384 1529 :
417 1474 500 1529 vel
543 1474 586 1527 si
613 1473 739 1544 quid
781 1470 1050 1526 interdum
1085 1472 1375 1539 patiuntur,
1402 1466 1556 1536 juste”
1574 1479 1666 1520 eos
1701 1464 1807 1534 pati

225 1569 372 1639 quod
397 1569 592 1636 injuste
623 1565 844 1635 faciunt.
880 1565 1049 1620 Immo
1080 1565 1132 1617 in
1159 1577 1252 1617 sua
1281 1559 1504 1630 epistola
1533 1575 1583 1625 ι..
1621 1558 1810 1628 probat

223 1675 336 1727 non
359 1674 479 1715 esse
498 1672 851 1728 consequens,
880 1665 937 1710 ut
961 1655 1194 1711 Ecclesia
1221 1669 1343 1710 vera
1372 1654 1462 1719 sit,
1487 1646 1605 1721 quae
1625 1658 1807 1721 perse-

154 1817 166 1819 _
221 1753 498 1808 cntionem
533 1726 750 1820 patitur,
797 1764 902 1829 non
940 1763 1059 1818 qua:
1091 1747 1252 1802 facit:
1285 1756 1338 1801 et
1379 1745 1576 1800 refutat
1625 1745 1803 1798 Dona-
1834 1726 1882 1786 Β

227 1845 404 1909 tistas,
432 1843 522 1912 qui
553 1858 658 1896 non
683 1851 929 1912 quarrunt
957 1855 1169 1905 causas,
1207 1853 1371 1909 quare
1400 1840 1626 1906 quisque
1649 1837 1809 1892 faciat

222 1936 654 2006 persecutionem
675 1975 687 1999 ,
723 1934 805 1988 vel
850 1947 1014 2001 quare
1047 1933 1279 2001 patiatur
1310 1949 1322 1982 :
1353 1929 1444 1983 sed
1491 1928 1592 1982 hoc
1625 1937 1810 1996 putant

223 2044 349 2086 esse
386 2031 596 2099 signum
623 2027 731 2092 veri
761 2009 1071 2090 Christiani,
1102 2025 1145 2077 si
1179 2023 1603 2092 persecutionem
1635 2008 1805 2092 patia-

225 2131 337 2185 tur,
370 2137 474 2175 non
507 2130 685 2175 autem
717 2118 892 2173 faciat.
1639 2125 1645 2135 ’

299 2214 440 2270 Sane
482 2211 604 2282 quia
653 2208 940 2280 aliquando
984 2209 1052 2263 ab
1090 2208 1414 2275 imperatore
1446 2205 1642 2259 missus
1693 2212 1810 2258 erat

221 2304 489 2360 Macarius
519 2295 804 2372 praefectus
835 2299 898 2354 ad
927 2298 1280 2354 coercendam
1311 2298 1703 2353 Donatistarum
1728 2297 1810 2350 in-

220 2398 536 2462 solentiam,
569 2395 956 2449 Parmenianus
987 2393 1260 2460 Donatista
1290 2390 1581 2446 Catholicis
1610 2404 1809 2459 expro-

221 2490 391 2546 brans
423 2489 503 2561 (ut
528 2487 778 2557 vocabat)
816 2486 1174 2542 Maearianam
1206 2482 1590 2538 viminvidiose
1615 2481 1803 2535 clami-

222 2592 432 2637 taverat
467 2599 479 2635 :
514 2580 635 2634 Non
659 2588 819 2650 potest
863 2579 965 2631 dici
996 2578 1249 2641 Ecclesia,
1281 2593 1390 2646 qua:
1421 2576 1640 2630 cruentis
1671 2590 1805 2627 mor-
1848 2622 1855 2628 .

219 2675 366 2730 sibus
391 2674 638 2745 pascitur,
683 2683 730 2728 et
759 2681 1050 2726 sanctorum
1097 2671 1345 2743 sanguine
1383 2671 1654 2738 apimatur.
1700 2666 1804 2723 Sed

220 2768 453 2838 Optatus
484 2769 574 2822 lib.
625 2782 682 2830 tt,
729 2767 874 2837 justa
920 2766 1350 2821 recriminatione
1377 2765 1426 2819 id
1458 2765 1508 2818 in
1557 2763 1808 2817 adversa-

218 2859 362 2915 rium
395 2868 681 2913 retorserat
703 2875 715 2910 :
736 2856 801 2910 Et
824 2845 1106 2920 ostendam,
1141 2858 1332 2926 inquit,
1367 2866 1561 2925 portent
1587 2867 1805 2909 vestram

220 2951 446 3003 cruentis
469 2950 720 3004 morsibus
750 2958 970 3019 pastam,
1021 2957 1067 3002 et
1102 2948 1352 3018 sanguine
1398 2946 1804 2999 Christianorum

148 3075 165 3086 ο
220 3043 521 3114 epimatam,
557 3050 661 3096 etc.
711 3041 898 3096 Postea
952 3051 1124 3096 tamen
1183 3039 1474 3094 Petilianus
1528 3039 1801 3092 Donatista

1145 231 1467 300 HISTORIA
1505 232 2102 299 CARTHAGINENSIS
2137 241 2609 308 COLLATIONIS.

241 358 324 413 dit
347 352 441 413 :et
460 356 624 431 (quod
652 357 840 411 mirum
869 354 975 427 est)
995 354 1182 412 eadem
1206 363 1286 410 est
1313 367 1453 408 nunc
1478 366 1661 408 eorum
1691 367 1814 406 con-
1847 355 1903 414 Α

1999 355 2165 414 I’orro
2191 362 2312 430 quia
2347 363 2633 425 Donatista:
2660 372 2947 433 audiebant
2996 380 3288 441 Ecclesiam
3316 392 3502 446 catho-

1926 446 2107 517 licam,
2142 468 2248 508 non
2279 456 2438 511 ntodo
2462 464 2663 518 sanctis
2685 470 2975 539 martyriis,
3004 476 3095 528 sed
3129 485 3183 531 et
3209 478 3502 539 illustribus

1924 543 2197 644 miraculis
2237 548 2403 608 fuisse
2431 567 2696 626 ornatam,
2748 564 3019 630 jactarunt
3046 571 3204 626 etiant
3242 590 3352 631 sua:
3379 594 3500 646 par-

1922 633 1990 687 tis
2011 638 2192 693 nescio
2221 656 2342 710 qua:
2372 646 2652 715 miracula,
2681 655 2831 720 quasi
2859 667 3004 713 certa
3033 661 3226 719 indicia
3253 633 3496 724 teStiino-

1922 725 2117 830 niaque
2143 729 2422 789 Ecclesiae.
2454 738 2557 793 Sed
2579 752 2735 798 acute
2756 745 3086 817 Augustinus
3111 769 3172 808 ea
3200 768 3495 829 retorquet,

1924 826 1979 869 ut
2011 826 2185 920 potius
2217 837 2311 891 pro
2339 826 2507 896 signis
2551 831 2870 892 Antichristi
2894 840 2975 895 vel
3007 826 3500 920 pseudoprophetis?

1918 925 2033 965 rum
2063 915 2379 974 habeantur.

1988 1008 2148 1082 365
2165 1011 2301 1078 Quid
2322 1028 2424 1068 non
2443 1017 2558 1070 ausi
2577 1029 2701 1074 sunt
2719 1022 3033 1094 Donatistae,
3054 1031 3177 1100 quid
3199 1049 3302 1089 non
3322 1027 3494 1092 tenta-

1915 1110 2040 1153 runt
2067 1100 2428 1158 utEcclesiam
2456 1114 2698 1176 penes'se
2720 1128 2840 1170 esse
2862 1119 3186 1186 probarent?
3213 1124 3492 1185 Jactarunt

1913 1191 2072 1245 etiam
2129 1195 2374 1264 angelum
2423 1201 2697 1257 caelestem
2755 1211 3108 1279 apparuisse,
3155 1218 3243 1285 qui
3295 1199 3481 1274 eorum

1912 1296 2127 1381 causam
2161 1289 2534 1346 confirmaret.
2564 1292 2669 1349 Sed
2701 1297 3030 1368 Augustinus
3061 1306 3112 1360 in
3143 1309 3303 1377 epist.
3327 1327 3484 1381 ccxv,

1911 1375 2070 1430 altius
2094 1382 2353 1451 assurgit,
2401 1394 2454 1439 et
2483 1386 2557 1441 illi
2589 1390 2748 1444 etiam
2773 1401 2789 1458 ‘,
2823 1395 2868 1447 si
2895 1397 3012 1465 quis
3041 1375 3263 1469 fuisset,
3325 1375 3489 1463 audet

1909 1469 2222 1529 denuntiare
2247 1479 2560 1547 anathema,
2594 1483 2760 1540 fretus
2791 1490 3055 1564 vaticiniis
3103 1498 3484 1567 prophetarum

1907 1564 2227 1622 catholicam
2269 1569 3053 1646 Ecelesiampromittentium.
3110 1588 3176 1643 Et
3204 1564 3348 1659 thas,
3407 1595 3490 1650 in-

1909 1658 2055 1726 quit,
2094 1665 2451 1728 promissiones
2479 1673 2699 1736 tenenti,
2731 1675 2774 1726 si
2797 1676 2888 1728 tibi
2913 1680 3121 1748 angelus
3152 1683 3214 1736 de
3236 1658 3361 1740 ctelo
3409 1688 3492 1740 di-

1910 1760 2072 1814 ceret,
2100 1753 2293 1808 dimitte
2320 1755 2756 1816 Christianitatem
2782 1767 2916 1821 orbis
2940 1780 2990 1823 et
3026 1781 3135 1825 tene
3172 1785 3341 1842 partes
3387 1777 3493 1832 Do-

1909 1842 2016 1893 nati
2041 1883 2065 1930 ,
2105 1847 2374 1899 anathema
2411 1865 2520 1902 esse
2559 1852 2778 1908 deberet.
2834 1857 3124 1915 Donatista:
3171 1865 3382 1920 tandem
3426 1883 3492 1924 co

1907 1946 2231 2000 evaserunt,
2277 1947 2333 1992 ut
2359 1940 2521 1996 etiam
2553 1943 2790 2001 dicerent
2826 1949 2987 2005 Deum
3026 1953 3200 2022 ipsum
3239 1957 3306 2011 de
3350 1960 3490 2015 caalo

1908 2027 2253 2095 respondisse
2281 2030 2490 2088 Donato
2522 2053 2534 2090 :
2581 2052 2750 2106 prope
2781 2050 2838 2096 ut
2862 2042 2929 2098 de
2956 2060 3054 2100 suo
3083 2025 3302 2116 auctore
3341 2051 3486 2107 dice-

1908 2129 2063 2209 rent,
2113 2123 2350 2201 auditam
2380 2141 2500 2183 esse
2532 2129 2624 2185 Dei
2661 2146 2845 2188 vocem
2878 2137 3040 2201 illam,
3074 2138 3255 2209 Ipsum
3296 2146 3486 2200 audite.

1909 2208 2110 2306 Verum
2157 2216 2341 2284 quod,
2405 2219 2494 2274 ubi
2547 2227 2802 2279 miracula
2846 2208 3118 2296 jactarunt
3166 2241 3486 2306 responsum

1909 2302 2226 2373 audierunt,
2280 2308 2418 2362 idem
2466 2327 2608 2367 nunc
2656 2314 2734 2370 eis
2763 2317 3100 2388 Augustinus
3129 2302 3334 2394 objicit.
3382 2331 3485 2384 Aut

1909 2394 2185 2464 falluntur,
2238 2398 2446 2469 inquit,
2477 2413 2567 2456 aut
2597 2406 2806 2474 fallunt.
2857 2409 2921 2463 Et
2948 2423 3124 2467 contra
3149 2415 3292 2482 istos,
3333 2427 3389 2472 ut
3414 2421 3485 2475 ita

1907 2487 2126 2558 loquar,
2172 2490 2579 2548 mirabiliarios:
2606 2507 2811 2551 cautum
2858 2517 2936 2554 me
2979 2503 3096 2571 fecit
3127 2502 3268 2558 Deus
3314 2524 3480 2575 meus,

1897 2580 2080 2636 dicens
2104 2600 2122 2637 :
2154 2584 2218 2638 In
2248 2589 2535 2644 novissimis
2562 2594 2869 2664 temporibus
2893 2609 3140 2670 exurgent
3167 2580 3485 2673 pseudopro-

1909 2675 2092 2743 pltetre,
2121 2679 2366 2748 facientes
2396 2674 2615 2754 signa-et
2643 2696 2896 2756 portenta,
2926 2700 2979 2742 ut
3005 2691 3057 2744 in
3085 2709 3306 2747 errorem
3336 2697 3486 2751 indu-

1907 2780 2042 2834 cant,
2073 2772 2116 2825 si
2143 2773 2254 2839 ﬁeri
2285 2784 2464 2841 potest,
2496 2777 2649 2829 etiam
2679 2779 2880 2832 electos.
2920 2780 3052 2835 Ecce
3081 2785 3299 2851 praedixi
3324 2789 3483 2842 vobis.

1909 2860 2048 2933 Ergo
2075 2876 2250 2919 cautos
2280 2883 2371 2921 nos
2399 2868 2518 2936 fecit
2544 2885 2782 2940 sponsus,
2807 2873 2927 2940 quia
2955 2883 3003 2927 et
3026 2876 3288 2932 miraculis
3319 2881 3485 2950 decipi

1910 2975 2008 3011 non
2037 2959 2295 3014 debemus.
3278 3012 3281 3014 .

1979 3049 2160 3104 Redeo
2189 3051 2252 3103 ad
2285 3034 2401 3104 acta
2421 3049 2762 3120 Collationis,
2800 3065 2854 3110 nt
2878 3058 3090 3112 audiam
3119 3062 3312 3132 ecquid
3361 3075 3482 3118 tan-

217 3135 394 3189 multo
434 3143 487 3187 et
515 3133 754 3188 odiosius
779 3141 833 3188 et
855 3132 1133 3186 verbosius
1159 3133 1439 3201 repetitam
1469 3131 1801 3185 Parmeniani
1832 3099 1877 3162 Ο
1909 3140 2030 3196 dem
2077 3141 2144 3196 de
2186 3143 2478 3197 Donatistis
2525 3099 2884 3213 pronunt’iarit
2929 3099 3292 3207 Marcellin'ns.
3340 3099 3483 3210 NlI'l'lI

217 3226 302 3279 sui
330 3225 442 3278 sive
486 3216 880 3294 querimoniam
913 3226 1024 3278 sive
1072 3224 1541 3292 exprobrationem
1574 3224 1795 3293 ingemi-
1822 3282 1824 3285 τ

217 3316 387 3370 navit.
434 3315 541 3372 Sed
588 3316 920 3386 Angusrinus
951 3314 1133 3371 futiles
1171 3317 1470 3368 calumnias
1526 3325 1579 3368 et
1625 3315 1801 3368 inania

215 3407 507 3463 maledicta
537 3423 660 3463 esse
689 3408 924 3462 ostendit
971 3426 982 3461 :
1040 3407 1149 3461 imo
1180 3421 1307 3461 vero
1353 3405 1541 3475 prohat
1582 3405 1800 3459 Donati-

212 3506 329 3553 stas
345 3498 682 3568 impudenter
697 3499 813 3553 aliis
828 3497 1083 3569 olijicere,
1103 3497 1242 3566 quod
1260 3497 1357 3565 ipsi
1375 3497 1796 3565 committebant.

285 3589 569 3645 Jactabant
597 3591 888 3647 Donatista:
915 3605 1045 3644 suos
1075 3598 1342 3658 martyres
1371 3606 1382 3641 :
1411 3595 1465 3640 et
1493 3587 1800 3640 Parmenia-

150 3729 155 3734 ,
210 3698 318 3738 nus
348 3682 613 3737 invidiose
644 3683 844 3737 nostris
881 3697 974 3739 eos
1003 3691 1159 3736 antea
1209 3680 1500 3748 objecerat.
1546 3677 1649 3732 Sed
1692 3678 1818 3756 Att-r

208 3777 463 3847 gustinns
493 3775 728 3845 graviter
756 3776 915 3829 talem
945 3775 1288 3843 jactationem
1324 3770 1652 3826 rcfutaverat
1699 3770 1792 3823 lib.
1827 3816 1834 3821 .
1863 3795 1871 3801 -

208 3859 232 3920 ί
277 3875 467 3919 contra
514 3865 928 3920 Parmenianum
955 3879 1076 3930 cap.
1131 3865 1181 3916 7.
1234 3862 1590 3916 Nihilominus
1620 3871 1794 3912 tamen

208 3956 508 4014 Petilianns
585 3957 826 4014 eamdem
896 3956 1215 4027 cantilenam
1271 3954 1432 4008 canit.
1497 3948 1638 4020 Ergo'
1688 3952 1796 4004 Au-

206 4052 458 4121 gustinus
512 4050 754 4106 eamdem
804 4049 1207 4118 responsionem
1256 4046 1478 4114 repetit,
1526 4041 1793 4097 ostendit-

209 4157 338 4212 que,
369 4159 475 4197 non
519 4157 756 4212 prauam,
789 4141 881 4196 sed
911 4155 1124 4196 causam
1156 4122 1369 4192 efficere
1398 4147 1683 4206 martyres.
1729 4135 1795 4188 Et

209 4243 395 4291 tamen
446 4235 750 4290 Donatistas
778 4234 946 4288 occidi
979 4241 1152 4301 negat.
1197 4230 1310 4284 Imo
1341 4244 1464 4282 vero
1497 4229 1640 4296 ipsos
1671 4242 1791 4282 sese

185 4326 417 4397 furiose
441 4328 1020 4398 pra-cipitare,sibique
1042 4334 1267 4378 mortem
1297 4323 1433 4376 ultro
1454 4312 1792 4376 censcisccre

212 4420 426 4492 probat.
469 4419 699 4489 Legatur
728 4419 844 4487 ejus
871 4416 1090 4486 epistola
1122 4414 1557 4483 quinquagesima
1589 4413 1653 4468 ad
1688 4414 1788 4467 Bo-

207 4512 461 4567 nifacium
489 4525 504 4565 :
531 4522 583 4563 ct
624 4509 944 4578 adjungatur
978 4505 1276 4576 Cyprianus
1310 4502 1509 4558 Christi
1561 4514 1782 4575 martyr,

207 4604 300 4674 qni
328 4599 498 4657 multo
519 4611 644 4655 ante
668 4609 908 4667 tempora
927 4598 1345 4662 Donatistarum,
1370 4597 1529 4650 etiam
1553 4597 1784 4664 dixerat,

206 4707 361 4753 extra
397 4695 689 4750 Ecclesiam
721 4706 826 4745 non
853 4704 1010 4759 posse
1035 4704 1154 4744 esse
1190 4701 1500 4761 martyrem,
1531 4707 1703 4760 neque
1734 4691 1785 4744 in

203 4801 383 4845 morte
408 4786 652 4843 coronari
685 4798 860 4854 posse,
908 4782 1064 4836 sicuti
1105 4792 1158 4837 et
1189 4783 1371 4837 multis
1399 4793 1514 4852 post
1539 4783 1788 4854 Augusti-

202 4899 335 4938 num
368 4875 577 4935 srecnlis
598 4878 714 4947 ipse
739 4874 1046 4930 Bernartius
1067 4875 1300 4930 ostendit
1321 4875 1482 4931 etiam
1515 4876 1784 4931 diabolum

202 4974 406 5030 habere
431 4984 556 5024 suos
593 4977 858 5038 martyres
893 4987 906 5022 :
939 4977 992 5020 et
1022 4967 1296 5037 eleganter
1319 4968 1415 5034 ait,
1447 4969 1640 5023 mirum
1681 4984 1784 5023 non

200 5078 346 5127 esse,
393 5062 436 5116 si
479 5060 570 5128 qui
606 5066 780 5128 potest
828 5054 1087 5117 homines
1114 5059 1414 5129 impellere,
1443 5072 1499 5115 ut
1525 5062 1629 5116 sibi
1657 5061 1786 5130 ipsis

201 5166 435 5212 mortem
465 5153 714 5216 inferant,
751 5151 920 5218 possit
950 5150 1015 5205 iis
1060 5152 1405 5219 persuadere,
1432 5163 1487 5207 ut
1516 5155 1787 5222 patiantur

198 5261 324 5304 sese
355 5245 422 5298 ab
448 5245 566 5298 aliis
592 5241 956 5317 occidi._Sane
987 5251 1037 5296 et
1070 5244 1353 5311 Eusebius,
1378 5245 1468 5300 lib.
1504 5261 1556 5312 ν,
1580 5261 1698 5313 cap.
1729 5244 1784 5313 6,

197 5337 521 5404 scribitjam
549 5336 677 5389 olim
715 5330 1072 5406 Montanistas
1117 5337 1352 5407 jactasse
1399 5351 1526 5392 suos
1573 5353 1786 5408 quoque

178 5415 491 5499 .martyres,
529 5435 582 5481 et
627 5425 693 5481 ad
724 5425 860 5481 hanc
897 5428 1145 5497 gloriam,
1181 5440 1447 5498 tamquam
1478 5428 1544 5483 ad
1575 5444 1783 5484 sacram

197 5521 516 5585 anchoram,
547 5518 890 5590 confugisse,
926 5531 983 5576 ut
1023 5538 1175 5577 suam
1207 5530 1405 5576 sectam
1440 5521 1786 5575 commenda—

198 5623 321 5671 rent
351 5603 510 5681 at'que
547 5612 913 5669 celebrarent.
959 5614 1063 5670 Sed
1109 5628 1195 5670 res
1224 5614 1336 5683 ipsa
1363 5611 1594 5682 loquitur
1622 5611 1815 5675 fuisse.

200 5702 401 5760 fatuam
428 5700 729 5770 κενοδοξίανι

1906 3234 2048 3287 enim
2079 3232 2281 3301 alioqui
2318 3241 2494 3287 actum
2529 3245 2692 3290 esset.
2745 3239 3075 3306 Augustinus
3112 3241 3164 3295 in
3199 3244 3482 3300 Breviculo

1903 3326 1979 3378 ait
2017 3341 2139 3379 eum
2183 3326 2560 3395 pronuntiasse
2606 3330 2908 3384 confutatos
2953 3347 3073 3387 esse
3113 3348 3140 3386 a
3188 3334 3480 3393 Catholicis

1854 3444 1860 3457 π
1906 3418 2247 3484 DonatistasJ
2279 3418 2515 3472 omnium
2547 3419 2988 3474 documentorum
3020 3425 3474 3484 manifestatione.

1904 3511 2166 3579 Integram
2197 3510 2543 3571 sententiam,
2576 3526 2695 3577 qua:
2724 3511 2932 3579 longior
2959 3523 3062 3579 est,
3094 3525 3149 3568 et
3172 3516 3334 3571 edicti
3367 3520 3479 3574 for-

1901 3617 2040 3655 mam
2084 3601 2282 3665 habet,
2330 3602 2610 3655 continent
2646 3612 2762 3655 acta
2790 3602 2857 3657 de
2889 3605 3082 3672 quibus
3113 3607 3352 3676 I0qu0r.,
3384 3611 3479 3664 Est

1899 3703 2075 3745 autem
2111 3691 2160 3743 in
2191 3706 2251 3744 ea
2281 3691 2543 3760 imprimis
2574 3695 2945 3760 memorabile,
2973 3697 3114 3764 quod
3137 3698 3289 3766 jubet
3318 3702 3471 3757 tidem

1899 3784 2166 3852 publicam
2213 3784 2448 3836 evocatis
2484 3784 2779 3840 Donatistis
2806 3787 2983 3842 datam
3019 3788 3201 3861 (vulgo
3242 3794 3478 3850 salvum-

1898 3876 2218 3929 conductum
2249 3873 2466 3944 vocant)
2509 3876 2750 3942 servari,
2807 3887 2863 3932 ut
2893 3880 2967 3933 .iis
2997 3881 3224 3937 liberum
3255 3894 3310 3940 et
3339 3886 3476 3942 inte-

1896 3981 2046 4034 grum
2078 3967 2148 4019 sit
2178 3973 2291 4019 tuto
2321 3967 2537 4019 domum
2570 3967 2768 4022 redire’.
2801 3970 2905 4024 Sed
2942 3971 3150 4027 interea
3177 3992 3281 4031 non
3316 3994 3476 4048 posse
3519 4038 3528 4042 _

1897 4072 1955 4112 se
1977 4057 2188 4110 diutius
2216 4056 2433 4112 differre
2475 4059 2651 4127 legum
2682 4071 2868 4116 contra
2900 4079 2994 4118 eos
3022 4066 3248 4122 latarum
3282 4087 3478 4127 execu-

1881 4150 2120 4214 tionem,
2156 4159 2550 4220 proptereaque
2573 4151 2724 4220 jubrt
2765 4165 2817 4207 ut
2850 4171 3036 4211 eorum
3066 4173 3236 4214 cit-tus
3276 4162 3474 4219 dissol-
3566 4156 3571 4161 ’

1896 4250 2196 4318 vantur,_et
2227 4240 2473 4296 Basilica:
2502 4258 2637 4313 quas
2671 4258 3028 4326 occuparant,
3061 4251 3354 4310 Catholicis
3390 4273 3449 4312 re

1893 4341 2205 4384 stituanlur.

1967 4425 2266 4491 Possidius,
2297 4428 2387 4495 qui
2421 4428 2585 4483 etiam
2618 4428 2881 4495 interfuit,
2912 4433 2986 4489 ait
3015 4436 3317 4492 Donatistas
3345 4453 3470 4494 sen-

1895 4519 2056 4571 tentia
2084 4522 2375 4589 cognituris
2406 4531 2621 4577 notatos
2648 4510 2788 4590 esse,
2844 4540 2897 4581 et
2925 4505 3048 4595 post
3074 4543 3258 4582 eormn
3287 4532 3472 4599 appel-

1892 4607 2172 4674 lationem,
2203 4611 2424 4678 piissimi
2455 4614 2599 4682 regis
2628 4629 2890 4682 responso
2915 4616 3060 4684 juste
3091 4619 3229 4672 inter
3261 4618 3474 4674 ha2reti-

1892 4713 1985 4752 cos
2015 4715 2133 4756 esse
2159 4701 2568 4756 condemnatos.
2596 4700 2799 4773 Nempe
2824 4707 3146 4760 sententiam
3176 4693 3476 4766 Marcellini

1891 4807 2178 4850 consecuta
2213 4806 2296 4850 est
2338 4798 2419 4852 lex
2466 4798 2832 4869 imperatoria.
2893 4800 3026 4855 Nam
3054 4812 3105 4855 et
3133 4819 3251 4869 qua:
3280 4805 3330 4857 in
3357 4805 3466 4859 Co.

1892 4887 2010 4943 dice
2037 4889 2410 4944 'l‘heodosiano
2438 4890 2530 4944 lib.
2566 4907 2709 4957 xuv,
2733 4891 3015 4948 deliraret.
3049 4902 3220 4948 exstat
3244 4895 3464 4952 Honorii

1892 4981 2206 5035 Constitulio
2250 4991 2440 5036 contra
2478 4983 2782 5036 Donatistas
2805 5023 2818 5045 ,
2871 4983 2995 5038 data
3026 4984 3297 5041 Ravenna:
3321 4986 3468 5042 Con-

1889 5073 2089 5128 stantio
2117 5083 2170 5128 et
2192 5071 2480 5128 Consumto
2509 5090 2658 5128 coss.
2689 5076 2905 5131 nonnisi
2948 5077 3159 5133 duobus
3197 5091 3313 5149 post
3339 5081 3464 5137 Col-

1891 5166 2143 5220 lationem
2178 5165 2652 5234 Carthaginensem
2688 5167 2840 5225 annis
2872 5169 3015 5221 edita
3042 5178 3141 5223 est.
3195 5172 3369 5237 Atque
3396 5174 3466 5227 ita

1891 5255 2105 5326 quidem
2131 5256 2260 5309 olim
2278 5256 2524 5321 solebant
2551 5255 2842 5310 Christiani
2878 5259 3232 5327 imperatores
3257 5263 3468 5319 sancire

1889 5350 2109 5403 decreta
2141 5349 2509 5401 conciliorum.
2543 5347 2806 5403 Praefatur
2833 5361 3010 5404 antem
3046 5351 3307 5408 llonorius
3331 5353 3463 5426 Imp.

1888 5446 2010 5493 sese
2054 5438 2315 5492 hactenus
2363 5439 2669 5508 pepercisse
2721 5440 3010 5492 Donatistis
3037 5482 3050 5504 ,
3091 5455 3225 5508 quos
3271 5443 3466 5514 inquit,

1890 5528 2144 5597 patientia
2171 5527 2469 5581 clementizc
2499 5536 2695 5580 nostra:
2727 5527 2983 5580 servavit.
3013 5528 3068 5582 Id
3095 5545 3224 5584 vero
3249 5548 3353 5586 non
3382 5549 3471 5589 sa-

1891 5620 1957 5674 tis
1987 5618 2411 5688 intelligeretur,
2451 5617 2550 5671 nisi
2580 5616 2985 5672 meminerimus
3015 5621 3172 5689 quam
3201 5624 3472 5692 patienter

1891 5719 1945 5768 et
1989 5711 2215 5782 benigne
2249 5711 2406 5782 paulo
2431 5719 2554 5766 ante
2577 5707 2742 5764 auditi
2786 5708 2838 5763 in
2866 5708 3170 5774 Collatione
3211 5714 3465 5775 fuissent.

3365 274 3503 334 uas
3580 265 3588 276 '
