3860 6212
344 297 484 356 M99

1795 292 2161 357 APPENDIX.

3488 307 3623 363 15in

341 377 528 487 Neque
566 426 742 472 tamen
784 415 941 484 plane
963 429 1161 471 novum
1183 427 1288 484 est,
1318 416 1461 488 Quod
1489 415 1759 471 Honorius
1779 414 1933 486 jubet
1958 419 2003 476 Α
2035 430 2231 486 nempe
2262 417 2400 471 vinci
2433 431 2612 486 posse,
2640 415 2950 486 persuaderi
2978 431 3084 470 non
3113 431 3297 485 posse.
3346 415 3414 471 Et
3443 425 3618 475 tamen
3671 457 3675 459 »

347 524 442 564 eos
468 522 587 562 esse
613 506 981 573 intestabiles,
1037 508 1347 579 nullamque
1383 517 1707 580 potestatem
1744 507 1929 576 ullius,

344 608 401 654 ut
428 599 683 668 loquitur,
717 597 962 664 ineundi,
995 599 1198 656 habere
1227 602 1326 655 ait.
1362 600 1525 656 Certe
1554 599 1931 655 Theodosiana

341 705 553 762 quoque
584 691 666 745 lex
686 689 822 757 fuit,
849 707 953 764 qua
983 693 1050 746 iis
1080 694 1163 748 vel
1193 693 1427 751 faciendi
1467 701 1811 757 testamenta,
1842 689 1930 746 vel

342 805 436 861 per
456 789 778 845 donationes
803 790 964 846 alicui
991 791 1116 862 quid
1143 791 1457 846 conferendi
1486 790 1712 846 facultas
1739 788 1927 842 adimi-

342 893 426 937 tur
450 924 466 947 ,
512 883 598 939 vel
626 898 696 938 ex
724 884 1107 940 donationibus
1150 884 1561 940 testamentisve
1598 882 1798 952 aliquid
1839 895 1931 935 ca-

343 972 524 1044 piendi
551 1015 565 1036 ,
613 983 670 1028 ut
717 974 835 1044 ipse
863 975 1194 1053 Augustinus
1236 976 1430 1029 recitat
1472 975 1536 1027 ad
1573 973 1733 1027 fluent
1774 972 1870 1025 lib.
1911 985 1928 1024 ι

339 1079 528 1123 contra
565 1067 910 1124 Parmenian.
973 1068 1075 1125 Sed
1125 1057 1290 1124 et'ad
1329 1069 1420 1137 jus
1460 1065 1621 1122 civile
1671 1063 1928 1133 pertinet,

337 1168 737 1230 proptereaque
773 1161 948 1214 minus
989 1160 1269 1228 praeterire
1311 1172 1529 1227 possum
1560 1153 1713 1226 quod-
1734 1155 1925 1211 eodem

341 1250 464 1306 loco
492 1259 675 1306 narrat
694 1245 1026 1322 Augustinus
1050 1291 1066 1316 ,
1113 1265 1236 1304 cum
1277 1249 1440 1304 homo
1467 1248 1683 1319 quidam
1731 1248 1930 1304 nobilis

338 1343 760 1412 imperatoribus
787 1344 1176 1413 supplicasset.
1202 1344 1331 1414 quia
1363 1359 1520 1398 soror
1553 1343 1670 1414 ejus
1701 1359 1823 1416 quae
1861 1345 1930 1400 de

339 1446 488 1506 parte
516 1437 708 1491 Donati
750 1437 964 1501 fuerat,
1002 1438 1124 1492 cuin
1166 1437 1592 1508 defungeretur,
1626 1439 1678 1493 in
1715 1439 1931 1509 aliquos

332 1529 729 1582 communionis
759 1542 872 1583 suae
915 1528 1147 1598 plurima
1188 1529 1540 1596 contulisset,
1595 1543 1930 1603 praeceptum
1965 1572 1972 1578 .

335 1633 472 1683 esse,
506 1627 566 1673 ut
592 1619 773 1673 omnia
807 1618 963 1674 fratri
991 1623 1434 1680 restituerentur.
1460 1622 1562 1680 Hic
1591 1639 1720 1694 ergo
1749 1624 1928 1680 locum

336 1727 444 1768 non
476 1713 665 1768 habuit
694 1712 786 1768 lex
817 1713 980 1784 Papia
995 1713 1077 1786 _de
1106 1714 1328 1768 caducis
1348 1757 1362 1781 ,
1398 1731 1462 1769 ex
1494 1710 1600 1785 qua
1630 1715 1796 1772 ﬁscus
1837 1732 1929 1771 ca-

2034 509 2229 563 multos
2255 510 2344 579 qui
2377 508 2646 563 sanabiles
2672 517 2852 572 erant,
2887 507 3179 575 resipuisse
3210 508 3330 578 ipse
3358 509 3619 579 Augusti-

2031 617 2132 655 nus
2160 609 2383 655 teStatur
2405 602 2457 654 in
2483 600 2576 654 lib.
2601 599 2668 654 de
2683 599 2861 654 GeSIis
2886 613 3007 653 cum
3036 599 3277 654 Emerito
3306 601 3396 655 ubi
3416 601 3495 656 de
3518 602 3614 658 hac

2030 691 2329 747 Collatione
2371 691 2629 760 loquens:
2677 687 3018 755 Donatistas',
3066 692 3278 762 inquit,
3331 693 3386 746 in
3416 694 3619 750 nomine

2030 782 2222 838 Christi
2261 785 2313 837 in
2338 786 2586 854 gremium
2616 783 2926 837 catholicum
2970 801 3156 856 magna
3184 803 3247 840 ea:
3275 796 3423 855 parte
3451 803 3621 841 susce—

2027 882 2225 948 pimus,
2272 879 2345 931 ita
2393 887 2448 932 ut
2491 891 2621 947 pene
2649 894 2823 932 omnes
2860 880 3210 932 communioni
3236 879 3505 933 catholica:
3539 897 3630 934 50-.

2027 969 2188 1022 ciatos
2213 986 2320 1022 esse
2349 969 2687 1040 gaudeamus.
2728 970 2875 1026 Idem
2905 973 3234 1040 Augustinus
3277 973 3329 1025 in
3371 973 3529 1041 epist.
3558 988 3612 1039 ι,

2027 1060 2093 1114 ad
2137 1058 2502 1128 Bonifacium,
2553 1063 2664 1128 ait,
2705 1061 2938 1119 Maxime
2969 1072 3082 1134 post
3125 1062 3464 1116 Collationem
3508 1077 3620 1132 aute

2028 1151 2161 1205 inter
2205 1167 2298 1206 nos
2343 1163 2389 1204 et
2433 1155 2701 1222 episcopos
2734 1170 2909 1208 eorum
2949 1153 3090 1222 apud
3115 1151 3482 1222 Carthaginem
3521 1154 3616 1221 fuit

2029 1260 2095 1299 ex
2121 1262 2310 1315 magna
2340 1256 2486 1316 parte
2513 1248 2730 1301 correcti
2754 1256 2892 1301 sunt.
2931 1245 3069 1316 Ergo
3095 1244 3275 1300 effecit
3302 1245 3420 1308 [nec
3447 1244 3621 1298 Colla-

2029 1341 2104 1395 tio
2135 1340 2280 1410 quod
2321 1341 2406 1395 vix
2437 1356 2688 1411 umquam
2720 1339 2938 1395 efficere
2978 1346 3271 1409 potuerunt
3311 1337 3540 1391 maxima
3567 1346 3620 1392 et

2030 1434 2233 1503 optima
2279 1434 2488 1509 alioqui
2522 1433 2768 1487 concilia.
2839 1430 2945 1485 Sed
2996 1429 3189 1486 vellem
3253 1432 3418 1484 etiam
3481 1430 3634 1499 quod,

2025 1515 2369 1597 'Augustinus
2413 1509 2673 1595 optabat,
2717 1525 2986 1581 effecisset
3038 1534 3095 1578 ut
3142 1523 3409 1578 Catholici
3461 1525 3618 1591 mali,

2031 1635 2259 1688 quorum
2334 1618 2648 1688 depravatio
2706 1617 2950 1671 irritabat
3009 1616 3353 1679 Donatistas.
3431 1615 3619 1671 borum

2032 1713 2351 1767 tumultibus
2391 1714 2622 1766 correcti
2664 1718 2720 1766 et
2754 1709 3025 1766 emendati
3067 1708 3319 1763 fuissent.
3368 1710 3439 1763 At
3467 1724 3620 1778 quam

339 1803 554 1873 piebat,
595 1805 739 1876 quod
767 1805 1019 1861 relictum
1049 1814 1168 1861 erat
1195 1807 1244 1861 ei
1285 1807 1375 1876 qui
1402 1820 1599 1879 capere
1641 1823 1747 1864 non
1775 1820 1930 1881 pme—
1957 1797 2004 1856 B
2036 1803 2211 1873 potius
2242 1803 2362 1857 facti
2395 1803 2505 1857 sint
2531 1801 2836 1856 deteriores
2857 1842 2871 1866 ,
2917 1801 3087 1854 bonus
3115 1811 3197 1853 est
3229 1799 3382 1854 testis
3423 1799 3623 1857 Salvia-
3675 1839 3680 1844 .

336 1906 438 1953 rat.
483 1897 590 1953 Sed
642 1897 743 1953 etsi
767 1898 938 1954 frater
966 1899 1054 1953 ille
1082 1898 1274 1954 fuisset
1302 1903 1606 1968 praeteritus
1631 1903 1719 1956 vel
1747 1903 1932 1957 exhe-
1967 1964 1978 1969 _
2035 1912 2133 1950 nus
2197 1895 2551 1950 Massiliensis
2616 1895 2670 1948 in
2716 1894 2806 1948 lib.
2852 1893 2920 1948 de
2946 1892 3165 1948 Provid.
3211 1901 3265 1947 et
3295 1891 3501 1958 Judie.,
3533 1894 3624 1949 ubi

337 1989 585 2056 redatns,
627 1989 750 2058 jure
779 1991 1055 2045 communi
1086 1991 1349 2061 potuisset
1379 1993 1693 2049 rescindere
1722 1995 1927 2049 sororis

333 2090 748 2150 testamentum,
799 2082 852 2136 in
905 2099 1012 2154 quo
1064 2093 1249 2154 turpes
1299 2095 1354 2141 et
1400 2085 1630 2142 infames
1681 2102 1926 2155 personae

334 2174 546 2244 (quales
571 2184 728 2231 erant
754 2176 1069 2248 Donatistae)
1092 2177 1324 2233 fuissent
1356 2179 1635 2234 institutae.
1666 2179 1772 2238 Sed
1799 2181 1926 2252 quia

338 2282 483 2323 nunc
512 2267 580 2322 de
604 2268 724 2338 jure
747 2268 893 2324 civili
925 2270 1234 2338 disputandi
1266 2271 1415 2326 locus
1442 2287 1548 2326 non
1579 2283 1680 2338 cst,
1706 2283 1926 2343 practer-

333 2373 399 2414 eo
427 2360 572 2430 quod
609 2361 851 2430 pluribus
878 2362 1056 2417 verbis
1083 2376 1147 2418 ea
1176 2363 1242 2418 de
1287 2380 1346 2418 re
1395 2361 1499 2419 dici
1545 2375 1747 2434 posset.-
1811 2365 1926 2420 Mo-

336 2468 440 2508 neo
468 2463 646 2508 tamen
687 2447 944 2515 lectorem
970 2497 984 2522 ,
1030 2464 1085 2510 ut
1114 2455 1360 2511 conferat
1389 2472 1548 2527 quam
1588 2457 1748 2525 hujus
1789 2458 1924 2530 legis

334 2544 777 2614 depravationem
828 2559 1017 2612 postea
1065 2546 1118 2600 in
1167 2547 1347 2604 Africa
1400 2548 1571 2604 edidit
1621 2550 1923 2605 lluuericus

335 2636 646 2706 Vandalus,
694 2647 751 2693 ut
776 2637 966 2694 ‘Victor
995 2638 1265 2696 Uticensis
1307 2641 1402 2698 lib.
1432 2657 1489 2696 ιιι
1527 2650 1735 2697 narrat.
1786 2641 1921 2698 lllud

332 2741 600 2801 prazterea
625 2747 692 2788 ex
721 2731 816 2789 lib.
848 2749 944 2788 xvr
972 2732 1106 2788 Cod.
1137 2733 1408 2790 Theodos.
1444 2735 1526 2789 tit.
1557 2751 1609 2802 ν,
1641 2749 1692 2791 c.
1725 2734 1794 2800 5,
1835 2735 1920 2791 di-

311 2823 577 2888 dicimus,
601 2824 741 2894 quod
770 2822 1117 2880 hucomnino
1143 2824 1486 2881 referendum
1518 2837 1621 2894 est,
1651 2843 1757 2882 non
1787 2828 1924 2882 mul-

332 2924 385 2969 to
437 2924 560 2986 post
596 2915 954 2993 collationem
1005 2926 1275 2973 mortuum
1325 2917 1495 2973 fuisse
1523 2918 1919 2984 Marcellinum,

329 3015 727 3076 proptereaque
759 3009 1045 3086 quaesitum
1083 3008 1249 3063 fuisse
1274 3051 1288 3072 ,
1339 3025 1406 3064 an
1431 3011 1554 3078 ejus
1582 3022 1757 3065 morte
1803 3020 1920 3068 acta

328 3098 653 3155 Collationis
701 3100 1175 3178 labefactareutur.
1231 3103 1616 3171 imperatorem
1653 3118 1786 3160 vero
1816 3103 1921 3160 ΙΙοό

2029 1989 2535 2058 Carthaginensium
2565 1986 2937 2043 incredibilem
2967 1987 3229 2041 insaniam
3250 1995 3306 2040 et
3330 1987 3623 2057 projectam

2032 2081 2325 2153 nequitiam
2358 2080 2642 2136 describit.
2687 2079 2833 2150 Ergo
2872 2095 2978 2134 non
3017 2080 3186 2133 multo
3223 2089 3344 2148 post
3368 2076 3625 2134 Collatio-

2030 2191 2151 2229 nem
2191 2174 2386 2229 accidit
2427 2187 2483 2228 ut
2522 2173 2706 2228 hostes
2739 2173 3032 2229 Donatistis
3075 2172 3234 2242 longe
3276 2172 3625 2229 immanior-es

2030 2268 2082 2321 in
2110 2267 2346 2321 Africam
2389 2265 2726 2330 iuundarint,
2763 2265 2856 2335 qui
2898 2263 3142 2319 terribile
3167 2264 3364 2318 divina:
3409 2263 3623 2318 ultionis

2027 2359 2290 2414 adversus
2315 2358 2650 2428 deploratam
2682 2357 3080 2428 improbitatem
3109 2356 3419 2425 exemplum
3443 2355 3624 2410 edide-

2029 2461 2177 2518 runt,
2202 2450 2398 2505 excisis
2431 2452 2712 2520 plusquam
2737 2448 3095 2519 quadraginta
3122 2445 3406 2512 Ecclesiis,
3435 2458 3488 2500 et
3512 2447 3621 2517 ipsa

2027 2543 2262 2614 denique
2284 2539 2610 2612 Carthagine
2639 2556 2828 2598 eversa
2856 2558 2871 2608 ;
2919 2541 3263 2611 moriensque
3291 2542 3624 2612 Augustinus

2029 2637 2190 2691 talem
2230 2636 2591 2690 calamitatem
2633 2635 2705 2690 ita
2741 2627 2992 2701 deﬂevit,
3034 2643 3092 2688 ut
3133 2644 3312 2690 tamen
3341 2633 3394 2686 iu
3435 2647 3498 2688 ea
3527 2648 3619 2704 ge-

2028 2738 2180 2784 mens
2216 2729 2422 2798 justum
2469 2728 2564 2783 Dei
2599 2726 2863 2797 judicium
2907 2735 3246 2796 agnosceret,
3291 2726 3454 2779 sieuti
3494 2725 3619 2781 Pos-

2027 2808 2199 2877 sidius
2237 2831 2438 2874 narrat.
2504 2819 2714 2875 Interea
2759 2819 3136 2891 gratulandum
3176 2828 3262 2874 est
3293 2819 3616 2896 Donatistis,

2026 2914 2069 2965 si
2106 2913 2195 2982 qui
2232 2911 2504 2966 sanabiles
2533 2921 2711 2978 erant,
2753 2910 2960 2964 nullum
2995 2908 3309 2964 scandalum
3347 2908 3619 2963 obstitisse

2026 3005 2314 3075 quominus
2350 3004 2416 3058 ad
2446 3019 2566 3060 eam
2597 3003 2860 3066 redirent,
2905 3017 3063 3073 quam
3106 3003 3159 3056 in
3191 2999 3500 3056 Collatione
3525 3002 3619 3056 lic-

2025 3098 2248 3152 clesiam
2287 3088 2637 3166 agnoverant.
2661 3093 2804 3158 Sane
2841 3094 3155 3167 Possidius,
3190 3094 3282 3164 qui
3307 3091 3617 3160 Collatioui,

330 3191 543 3246 norium
583 3191 792 3266 duobus
828 3195 1050 3249 circiter
1092 3196 1372 3250 meus-ibus
1413 3204 1536 3267 post
1577 3199 1919 3265 superiorem
1946 3177 1992 3254 C
2029 3200 2083 3242 υῑ
2111 3187 2221 3243 (illi
2249 3228 2266 3255 ο
2299 3187 2583 3253 inierit)".
2629 3193 2896 3249 ιεευιιυτο
2938 3185 3103 3258 366
3144 3185 3486 3255 Potissimum
3528 3199 3617 3254 Pl‘l'

326 3285 496 3356 legem
529 3301 630 3342 suo
660 3303 721 3342 ea
750 3289 928 3344 edicto
972 3290 1165 3343 iterum
1211 3289 1590 3347 confirmasse.
1641 3291 1730 3347 Sic
1770 3294 1918 3348 enim

330 3379 550 3436 Juliano
578 3382 887 3450 proconsuli
919 3381 1117 3437 Africa:
1143 3384 1427 3437 rescribit:
1465 3383 1690 3439 Notione
1730 3397 1776 3440 et
1813 3387 1924 3441 sol-

333 3474 604 3528 licitudine
631 3472 928 3528 Marcellini
969 3475 1263 3546 spectabilis
1301 3478 1560 3531 memoriae
1605 3479 1702 3533 viri
1743 3492 1925 3536 contra

333 3563 634 3620 Donatistas
687 3578 828 3637 gesta
877 3577 991 3621 sunt
1041 3584 1102 3621 ea
1146 3583 1260 3634 qua
1306 3569 1562 3622 translata
1606 3570 1662 3623 in
1719 3572 1927 3640 publica

335 3652 648 3714 monimenta
699 3659 885 3713 habere
926 3662 1180 3715 uolumus
1239 3671 1540 3732 perpetuom
1604 3652 1918 3732 ﬁrmitatem.

317 3750 520 3821 ‘Neque
537 3757 672 3806 enim
692 3763 855 3807 morte
876 3751 1152 3823 cognito'ris
1179 3755 1346 3822 perire
1366 3754 1510 3808 debet
1537 3756 1744 3826 publica
1769 3758 1917 3826 ﬁdes.

335 3841 457 3898 Dat.
484 3859 541 3897 ιιι
580 3842 788 3898 kalend.
817 3845 1078 3915 Septemb.
1099 3886 1114 3909 ,
1157 3845 1311 3900 Rom.
1334 3891 1346 3912 ,
1382 3846 1684 3902 Constantio
1712 3859 1758 3902 et
1787 3848 1923 3911 Con-

331 3944 496 3991 stante
521 3953 650 3990 coss.
694 3925 800 3992 Sed
829 3935 896 3992 ad
923 3936 1082 4008 hujus
1115 3939 1248 4009 legis
1278 3939 1393 3996 sive
1421 3941 1672 4010 rescripti
1705 3952 1924 3998 senten-

324 4018 455 4083 tiam
497 4028 939 4101 intelligendam,
982 4032 1289 4086 necessaria
1330 4032 1429 4087 fuit
1474 4032 1792 4089 Collationis
1841 4036 1924 4089 hi-

328 4124 504 4181 storia
543 4106 706 4194 quam
729 4125 976 4196 exposui.
1008 4125 1075 4180 Et
1102 4133 1163 4181 ut
1189 4125 1489 4196 fragmenta
1517 4126 1769 4198 colligam
1799 4145 1922 4195 quae

329 4215 573 4287 dispersa
621 4216 962 4288 dissectaque
1007 4235 1114 4274 non
1153 4219 1571 4292 intelliguntur:
1611 4237 1754 4277 nunc
1779 4221 1919 4294 adji-

330 4312 467 4366 ciam
504 4311 645 4382 quod
679 4313 944 4368 Honorius
974 4314 1182 4385 scribit,
1218 4323 1278 4368 et
1303 4315 1369 4368 ad
1400 4315 1541 4369 hunc
1570 4308 1749 4370 locum
1795 4332 1918 4387 pero

335 4403 488 4470 tinet,
523 4405 694 4476 inquit
729 4405 822 4462 lib.
857 4421 951 4471 vn,
982 4421 1100 4476 cap.
1128 4407 1234 4462 ηε
1267 4406 1362 4464 His
1391 4409 1566 4464 diebus
1593 4411 1919 4482 prtecipiente

339 4495 598 4558 Honorio,
627 4513 731 4566 pas:
757 4507 805 4551 et
838 4483 1009 4554 unitas
1044 4515 1134 4570 per
1161 4501 1448 4554 uniuersam
1476 4502 1706 4572 Africam
1738 4502 1917 4558 Eccle-

2027 3283 2167 3336 hanc
2187 3281 2541 3337 Collationcm
2566 3280 2764 3333 factum
2796 3294 2937 3341 esse,
2965 3287 3024 3332 ut
3049 3279 3352 3348 Augustino
3379 3279 3607 3347 palmam

2027 3377 2169 3431 Deus
2211 3375 2463 3441 dederit,
2508 3357 2562 3429 et
2605 3359 2815 3427 indies
2857 3372 3130 3443 ageretur
3145 3373 3296 3443 pacis
3346 3373 3523 3426 unitas
3563 3379 3615 3426 et

2027 3471 2289 3525 Ecclesia:
2352 3467 2812 3532 confrateruitas,
2879 3475 2936 3520 et
2996 3466 3148 3519 multi
3215 3465 3613 3520 Donatistarum

2028 3562 2272 3632 διήθει)ρί
2303 3561 2369 3618 ad
2403 3575 2589 3631 pacem
2620 3557 2941 3634 catholicam
2973 3557 3231 3612 redierint
3259 3599 3275 3624 ,
3325 3567 3381 3612 et
3409 3557 3632 3630 quidvis

2027 3670 2094 3710 eo
2124 3654 2345 3708 nomine
2388 3654 2455 3707 ab
2486 3653 2783 3707 Donatistis
2820 3635 2965 3722 passi
3005 3651 3132 3706 sint.
3179 3649 3396 3707 Interea
3441 3662 3611 3707 tamen

2029 3750 2171 3804 idem
2201 3729 2481 3803 Possidius
2511 3747 2699 3817 adjicit
2736 3762 2843 3802 non
2879 3746 3119 3802 defuisse
3152 3746 3248 3818 qui
3283 3747 3613 3804 calumniose

2024 3843 2274 3898 dicerent
2319 3858 2425 3898 non
2468 3843 2636 3898 fuisse
2673 3843 2970 3912 permissos
3001 3843 3312 3898 Donatistas
3341 3842 3480 3912 apud
3526 3856 3616 3911 po—

2025 3946 2277 3992 testatem
2307 3950 2429 4006 qute
2457 3946 2676 3989 causam
2707 3933 2934 4000 audivit,
2969 3933 3148 3989 dicere
3174 3938 3359 3988 omnia
3391 3949 3485 4004 pro
3508 3934 3624 3987 suis‘

2023 4028 2270 4100 partibus
2292 4069 2306 4094 ,
2346 4028 2601 4098 quoniam
2629 4025 2916 4082 catholicae
2943 4027 3346 4083 communionis
3375 4028 3614 4096 cognitor

2021 4137 2135 4176 suae
2166 4119 2382 4175 favebat
2415 4119 2696 4175 Ecclesiae.
2759 4118 2866 4173 Sed
2908 4120 3122 4174 inanem
3160 4119 3329 4173 fuisse
3357 4117 3609 4174 hance:-

2023 4215 2357 4269 villationem
2393 4212 2672 4268 Possidius
2700 4211 2956 4268 ostendit.
3001 4209 3108 4268 Alii
3140 4211 3420 4282 fingebant
3446 4211 3611 4282 pretio

2021 4319 2339 4378 corruptum
2372 4292 2743 4362 Marcellinum
2777 4304 2963 4361 fuisse.
3025 4305 3131 4361 Sed
3165 4305 3267 4359 hoc
3298 4304 3484 4360 eadem
3517 4309 3610 4357 im-

2025 4401 2282 4473 pudeutia
2321 4399 2579 4456 dicebant
2616 4414 2721 4467 qua
2761 4397 2890 4452 olim
2927 4411 3049 4452 cum
3082 4397 3452 4468 appellassent
3476 4394 3612 4450 Con-

2022 4495 2321 4550 stantiuum
2349 4535 2363 4560 ,
2409 4503 2462 4547 et
2511 4493 2557 4547 is
2595 4489 2943 4546 Czeeilianum
2984 4490 3316 4545 absolvisset
3364 4489 3609 4544 damnas-

331 4588 424 4642 sia:
449 4588 716 4643 catholica
740 4588 940 4642 reddita
970 4600 1076 4656 est,
1127 4602 1172 4645 et
1201 4608 1387 4661 corpus
1413 4591 1604 4647 Christi
1635 4594 1794 4664 (quod
1826 4612 1917 4649 nos
1947 4586 1995 4645 D
2023 4596 2217 4658 setque
2264 4586 2530 4640 Donatqu
2559 4626 2574 4651 ,
2621 4583 2855 4641 cavillati
2903 4593 3030 4637 sunt
3078 4593 3399 4652 corruptum
3451 4581 3607 4637 fuisse

328 4680 533 4750 sumus)
561 4680 913 4755 redintegrata
942 4684 1246 4740 discissione
1272 4697 1509 4741 sanatum
1537 4700 1644 4754 est,
1677 4691 1920 4760 imposita

325 4776 625 4832 executione
674 4777 845 4830 sancti
905 4775 1145 4847 praecepti
1200 4780 1507 4836 Marcellino
1559 4784 1763 4836 tribuno
1810 4785 1919 4837 viro

321 4868 580 4938 imprimis
622 4869 863 4939 prudenti
891 4880 938 4924 et
979 4871 1237 4926 industrio
1266 4875 1596 4945 omniumque
1627 4876 1921 4929 studiorum

325 4963 576 5017 bonorum
603 4950 1062 5034 appetentissimo,
1111 4983 1260 5037 quem
1289 4965 1528 5021 Marinus
1571 4985 1739 5023 comes
1779 4970 1923 5039 apud

325 5054 691 5130 Carthaginem
744 5060 1000 5115 incertum
1025 5103 1040 5128 ,
1107 5063 1218 5117 zelo
1263 5063 1602 5129 stimulatus,
1666 5080 1734 5117 an
1790 5080 1947 5119 auro,

321 5162 598 5221 corruptus
618 5195 634 5219 ,
677 5146 867 5210 beauit
889 5172 908 5209 :
949 5156 1036 5230 qui
1063 5157 1303 5209 continuo
1333 5167 1603 5211 revocatus
1629 5173 1692 5211 ex
1715 5156 1919 5230 Africa,

305 5249 593 5318 .fnctusque
619 5249 872 5321 privatus,
895 5229 976 5304 uel
1003 5251 1071 5304 ad
1099 5267 1320 5322 pronam,
1345 5249 1426 5305 uel
1448 5251 1516 5304 ad
1546 5229 1919 5320 paenitentiam,

323 5341 649 5396 conscientia:
697 5358 809 5396 suis
851 5345 1094 5398 dimissus
1144 5353 1238 5398 est.
1308 5332 1434 5398 Haec
1479 5344 1723 5399 Orosius.
1789 5344 1921 5413 Quae

325 5431 538 5500 quidem
569 5434 808 5489 indicant
836 5438 958 5504 quis
988 5436 1148 5491 fuerit
1176 5436 1290 5491 sive
1323 5435 1559 5506 fructus,
1599 5439 1712 5492 sive
1741 5440 1919 5494 exitus

327 5520 639 5582 Collationis
673 5542 796 5582 cum
827 5528 1144 5596 Donatistis,
1177 5540 1231 5585 ct
1256 5533 1384 5602 quid
1415 5549 1535 5589 eam
1561 5546 1916 5588 consecutum

330 5613 419 5681 sit,
457 5629 513 5673 ut
535 5633 590 5676 et
632 5621 700 5694 iis
737 5624 964 5679 satisfiat
1001 5625 1090 5694 qui
1130 5637 1381 5693 qurerunt
1417 5629 1609 5693 ecouid
1657 5630 1748 5684 illa
1795 5644 1922 5700 pro-

333 5701 537 5763 fuerit?
575 5719 650 5769 Ac
674 5722 890 5789 quidem
917 5723 1150 5793 primum
1179 5724 1486 5795 respondeo
1509 5721 1576 5777 de
1605 5722 1920 5789 Donatistis,

329 5801 474 5870 Quod
502 5802 857 5884 Hieronymus
877 5819 944 5876 de
961 5818 1317 5879 Luciferianis
1337 5835 1526 5880 eorum
1548 5832 1716 5893 prepe
1735 5817 1923 5889 sociis,
1961 5856 1964 5860 -

2022 4681 2426 4750 imperatorem.
2479 4678 2657 4747 Atque
2696 4686 2753 4730 ut
2793 4677 3162 4747 intelligamus
3203 4675 3337 4729 nihil
3373 4691 3480 4730 non
3519 4689 3606 4730 eos

2023 4786 2293 4844 captasse,
2317 4773 2458 4842 quod
2481 4772 2962 4834 calumniarentur,
2989 4771 3151 4825 etiam
3178 4771 3464 4840 conquesti
3491 4778 3605 4824 sunt

2027 4875 2190 4922 noctu
2215 4851 2601 4919 Marcellinum
2619 4863 2908 4931 judicasse.
2941 4863 3044 4931 Ipsi
3074 4863 3379 4918 cavillando
3409 4864 3463 4917 in
3490 4863 3608 4918 Col-

2028 4961 2228 5014 latione
2256 4958 2365 5026 jam
2396 4955 2539 5010 diem
2565 4966 3045 5024 consumpserant,
3090 4967 3147 5008 ut
3179 4957 3233 5009 in
3263 4957 3505 5010 tenebris
3531 4955 3604 5010 cf-

2027 5051 2293 5121 fugerent.
2352 5045 2521 5100 .ludex
2556 5045 2744 5098 volens
2793 5059 2887 5098 sua
2933 5044 3190 5112 patientia
3225 5045 3292 5098 iis
3324 5045 3606 5114 praecidere

2026 5157 2246 5200 oinnem
2280 5141 2331 5194 in
2366 5147 2640 5209 posterum
2678 5137 3019 5189 occasionem
3042 5136 3210 5215 justo:
3238 5137 3605 5204 querimoniae,

2027 5237 2318 5306 adjiciebat
2371 5229 2755 5302 clepsydram,
2804 5239 2858 5283 et
2912 5228 3217 5297 patiebatur
3239 5243 3366 5307 ,θος
3410 5230 3609 5298 quidvis

2027 5335 2211 5388 dicere
2239 5372 2254 5394 ,
2308 5328 2487 5396 potius
2513 5339 2673 5394 quam
2706 5320 2973 5376 aetioncm
3017 5320 3464 5389 interrumperet.
3510 5317 3609 5373 Sed

2029 5440 2208 5485 tamen
2241 5420 2492 5487 tandem,
2524 5416 2851 5473 sententiam
2884 5415 3033 5478 tulit,
3076 5429 3200 5468 eum
3233 5414 3308 5467 illi
3335 5413 3607 5478 dixissent,

2025 5535 2078 5581 et
2108 5523 2312 5577 dixisse
2341 5534 2402 5575 se
2429 5517 2668 5572 confessi
2695 5523 2915 5570 essent:
2952 5523 3147 5580 neque.
3178 5508 3304 5577 quia
3333 5510 3504 5564 serius
3528 5507 3612 5578 ju-

2025 5618 2327 5680 dicaverat,
2350 5621 2636 5683 propterea
2668 5624 2779 5663 rem
2802 5605 3094 5677 judicatam
3121 5601 3267 5656 eludi
3296 5617 3489 5673 passus
3510 5610 3605 5659 est.

2027 5711 2230 5767 Gellius
2259 5707 2397 5762 libro
2419 5703 2631 5759 decimo
2657 5697 2848 5773 quarto
2873 5697 3062 5754 scribit
3083 5693 3610 5750 senatusconsulum

2034 5819 2136 5864 nec
2163 5812 2288 5860 ante
2319 5805 2566 5858 exortum
2593 5837 2609 5868 ,
2640 5811 2742 5854 nec
2767 5803 2888 5870 post
2913 5809 3166 5854 occasum
3197 5796 3370 5855 solent
3401 5791 3610 5864 factum,
