3860 6212
336 185 475 244 1503

1795 177 2162 238 API‘ENDIX.

3451 182 3597 240 1504

397 302 566 356 Porro
587 273 710 356 eum
737 300 925 356 Patres
952 296 1601 370 conciliCarthaginensis
1632 299 1683 354 in
1714 313 1807 352 sua
1837 296 1903 350 ad
1931 297 1985 354 A
2009 298 2179 367 scopi,
2213 297 2302 366 qui
2332 300 2574 354 eamdem
2605 315 2818 357 causam
2851 302 3200 357 discuterent.
3235 301 3596 371 Augustinus,

331 394 698 453 Innocentium
729 396 954 464 epistola
987 405 1240 460 narrent,
1269 395 1436 450 ferme
1463 404 1587 450 ante
1612 397 1910 463 quinquen-

339 491 484 546 nium
518 490 678 544 fnisse
707 490 761 543 in
793 489 1032 544 Ecclesia
1072 487 1478 558 Carthaginensi
1511 489 1762 557 agitatam
1791 499 1917 540 cau-

337 597 449 638 sam
477 579 737 648 Ctelestii,
762 591 980 653 apparet
1001 596 1104 636 non
1131 583 1288 635 modo
1313 581 1645 650 Pelagianam
1670 578 1916 633 haeresim
1954 569 1958 574 ’

336 672 662 743 publicatam
703 671 869 725 fuisse
898 671 1058 728 citius
1086 687 1244 740 quam
1274 670 1506 741 Prosper
1535 679 1756 724 annotet
1776 711 1789 734 ,
1823 666 1919 722 sed

337 776 392 820 et
429 763 736 818 damnatam
777 763 846 818 ibi
888 778 1042 828 esse,
1084 777 1195 833 quo
1236 775 1474 832 tempore
1525 761 1919 815 Donatistarum

342 871 501 912 causa
533 855 723 911 eodem
757 856 809 909 in
843 855 963 909 loco
991 855 1314 925 agitabatur.
1351 855 1567 908 tametsi
1594 855 1923 923 Augustinus

341 948 396 1004 in
431 947 722 1002 Donatistis
759 946 1067 1024 rcfellendis
1108 956 1232 1000 tunc
1253 955 1574 1016 occupatus,
1606 944 1924 1015 Pelagianos
1967 964 1976 968 ί

345 1038 582 1094 nondum
615 1052 900 1106 aggressus
931 1046 1095 1091 esset.
1127 1036 1267 1092 Sane
1312 1037 1406 1090 lib.
1437 1052 1474 1090 rt
1508 1037 1767 1102 lietract.,
1802 1050 1920 1104 cap.

344 1130 416 1184 33
437 1170 450 1194 ,
484 1128 788 1198 signiﬁcans
819 1130 1132 1186 Caslestiutn
1162 1130 1360 1199 Pelagii
1405 1129 1723 1198 discipulum
1765 1128 1928 1182 fuisse

347 1217 420 1273 ibi
464 1218 771 1273 damnatum
803 1232 929 1274 ante
955 1235 1108 1274 suum
1141 1219 1486 1288 magistrum;
1516 1218 1777 1273 Caelestius
1801 1258 1818 1284 ,
1849 1218 1927 1271 in-

347 1311 497 1380 quit,
539 1311 819 1382 discipulus
856 1313 966 1381 ejus
993 1315 1109 1384 jam
1166 1312 1542 1381 propter-tales
1593 1310 1930 1364 dissensiones

347 1402 485 1473 apud
525 1400 882 1470 Carthaginem
920 1405 972 1456 in
1011 1403 1290 1475 episcOin
1320 1403 1544 1474 judicio,
1584 1403 1671 1456 ubi
1710 1419 1800 1473 ego
1831 1419 1930 1456 non

347 1496 594 1566 interfui,
627 1498 1200 1553 excommunicationem
1228 1508 1507 1551 meruerat.

425 1588 612 1644 Patres
657 1589 951 1643 Milevitani
997 1590 1210 1643 concilii
1261 1588 1447 1660 (inter
1492 1603 1626 1658 quos
1665 1587 1932 1658 Sylvanns

1953 455 1960 458 _
2014 403 2073 445 ut
2129 393 2274 460 prius
2305 393 2595 448 concilium
2626 394 3042 463 Carthaginense
3093 405 3252 450 vocat
3301 394 3592 448 concilium

2017 483 2300 552 provinciae
2329 484 2696 555 Carthaginis,
2737 469 2991 540 sicistud
3033 486 3288 549 alterum,
3330 484 3467 556 quod
3525 482 3597 538 ad

2020 576 2291 630 Zosimum
2335 571 2626 632 Innocentii
2666 592 3030 632 successorem
3061 579 3342 649 scripsisse
3372 585 3558 631 narrat
3580 617 3598 639 ,

2020 679 2176 723 vocat
2205 669 2492 723 concilium
2524 669 2829 723 Africanum
2854 711 2868 732 ,
2913 669 2965 723 in
3009 670 3232 738 epistola
3279 685 3442 724 van.
3483 666 3600 722 Sed

2021 763 2262 830 ejusdem
2294 761 2507 815 concilii
2541 764 2821 829 quamdam
2856 762 3050 824 fuisse,
3094 772 3152 815 ut
3196 771 3382 826 vocat,
3423 761 3606 816 conti-

2026 853 2367 918 nuationem,
2415 853 2654 921 pluribus
2699 869 2762 906 ex
2803 853 2978 907 Africa
3018 853 3492 915 concurrentibus,
3545 862 3605 908 et

2026 944 2090 999 iis
2114 986 2127 1010 ,
2159 945 2246 1014 qui
2280 956 2436 998 antea
2468 944 2774 999 Milevitana
2816 944 3206 1011 interfuerant,
3245 960 3366 999 cum
3408 946 3469 999 iis
3507 945 3604 1015 qui

2027 1035 2450 1104 Cartltaginensi,
2483 1036 2944 1101 convenientibus,
2987 1037 3178 1091 merito
3220 1037 3606 1106 aliquis.dixe~

2029 1127 2118 1181 rit.
2171 1126 2340 1181 Sicuti
2386 1135 2438 1180 et
2478 1141 2662 1180 rursus
2691 1127 2964 1197 quoddam
3007 1128 3275 1196 posterius
3306 1125 3603 1196 plenarium

2029 1219 2311 1273 concilium
2346 1217 2504 1272 totius
2534 1216 2726 1272 Africae
2765 1218 3004 1272 eamdem
3045 1217 3114 1270 ob
3157 1231 3372 1272 causam
3413 1230 3609 1270 convc-

2034 1293 2178 1366 uisse
2206 1313 2536 1381 Augustinus
2564 1311 2826 1382 significat
2857 1311 2907 1364 in
2947 1312 3171 1380 epistola
3217 1324 3379 1362 nm.
3425 1307 3609 1377 Neque

2034 1404 2310 1460 dissimilis
2349 1405 2590 1474 quaedam
2633 1404 2728 1457 fuit
2753 1400 3330 1470 ConstantinOpolitani
3357 1399 3608 1465 concilii,

2035 1497 2176 1568 quod
2221 1497 2386 1552 fuisse
2426 1496 2720 1552 secundum
2763 1495 3068 1549 universale
3106 1496 3296 1560 aiunt,
3337 1491 3609 1555 conditio,

2037 1605 2156 1644 cum
2208 1588 2392 1643 Patres
2440 1588 2601 1643 modo
2639 1587 3054 1649 dimitterentur,
3098 1586 3259 1640 modo
3298 1582 3616 1639 revocaren-

350 1680 527 1751 primo
568 1682 715 1745 loco,
759 1681 1091 1748 Augustinus
1129 1687 1321 1733 octavo
1360 1679 1708 1748 numeratur)
1743 1678 1796 1732 in
1837 1692 1932 1731 sua
1963 1663 2010 1722 Β
2040 1692 2142 1736 tur.
2185 1682 2451 1734 Car-terum
2492 1695 2613 1735 cum
2661 1679 2898 1734 historici
2950 1680 3048 1733 ista
3087 1679 3313 1733 confuse
3359 1686 3612 1742 narrant,

355 1769 422 1823 ad
463 1768 829 1822 Innocentium
869 1769 1096 1838 epistola
1135 1770 1283 1823 aiunt
1310 1783 1429 1824 sese
1458 1769 1522 1822 ad
1554 1785 1674 1836 eum
1707 1769 1774 1823 de
1802 1784 1934 1823 con-

355 1859 482 1914 cilio
521 1859 784 1914 Numidiae
822 1860 1060 1914 scribere
1097 1859 1164 1914 de
1206 1861 1354 1914 Actis
1392 1869 1576 1914 contra
1621 1859 1888 1930 Pelagium
1915 1901 1931 1922 ,

351 1952 626 2008 imitantes
704 1951 1139 2022 Carthaginensis
1207 1953 1465 2008 Ecclesiae
1540 1953 1936 2023 provinciaeque

361 2047 730 2116 coepiscopos.
757 2047 894 2116 Ergo
911 2047 1020 2116 jam
1046 2046 1244 2100 editum
1267 2058 1381 2102 erat
1419 2046 1692 2102 decretum
1724 2045 1938 2101 concilii

358 2140 504 2194 illius
554 2140 988 2209 Carthaginensis
1037 2148 1222 2194 contra
1278 2140 1614 2210 Pelagianam
1667 2141 1933 2194 haeresim.

359 2228 699 2297 Responsum
739 2238 916 2284 autem
957 2228 1256 2283 Innocentii
1296 2229 1488 2298 pontif.
1521 2231 1585 2285 ad
1615 2231 1805 2286 Patres
1845 2230 1941 2283 Mi-

362 2322 626 2377 levitanos
666 2323 845 2375 datum
897 2336 1018 2376 esse
1056 2316 1251 2376 dicitur
1301 2337 1351 2376 vt
1402 2322 1618 2376 kalend.
1655 2322 1940 2387 Februar.,

362 2413 601 2468 Honorio
639 2424 692 2469 et
729 2411 1044 2468 Constantio
1097 2429 1238 2468 coss.
1284 2415 1392 2485 Ego
1441 2422 1568 2484 puto
1620 2415 1898 2484 legendum
1927 2454 1940 2476 ,

365 2504 635 2559 Constante
672 2514 717 2558 et
757 2504 1051 2558 Constantio
1089 2521 1245 2567 coss.,
1289 2506 1445 2559 sicuti
1484 2514 1538 2558 et
1574 2506 1624 2559 in
1655 2505 1840 2560 codice
1890 2502 1944 2556 hi

367 2597 616 2651 consules
655 2597 1069 2667 conjunguntur.
1114 2597 1237 2652 Fuit
1274 2598 1490 2668 quidem
1549 2598 1636 2654 hic
1682 2598 1945 2655 Constan-

366 2690 472 2744 tius
503 2706 538 2743 ιι
571 2705 680 2743 cos.
716 2706 835 2744 cum
871 2691 1107 2745 l-lonorio
1135 2690 1268 2760 Imp.
1296 2691 1401 2746 Sed
1443 2699 1568 2745 tunc
1607 2691 1948 2747 Innocentius

369 2790 485 2834 erat
514 2791 795 2846 mortuus,
851 2790 908 2834 nt
959 2797 1022 2836 ex
1080 2781 1345 2837 Chronico
1403 2783 1651 2852 Prosperi
1705 2794 1945 2853 apparet.

373 2870 637 2926 Caeterum
677 2873 1022 2929 Constantem
1071 2883 1126 2929 et
1177 2875 1546 2929 Constantium
1598 2893 1738 2932 coss.
1792 2878 1952 2934 fuisse

374 2978 517 3017 anno
544 2964 650 3018 416
687 2965 884 3018 indicat
916 2966 1054 3020 idem
1087 2967 1352 3036 Prosper:
1388 2977 1444 3020 ut
1499 2971 1541 3024 si
1574 2987 1637 3025 co
1667 2986 1806 3024 anno
1838 2987 1950 3026 res-

378 3053 626 3124 pondt-rit
676 3052 1016 3109 Innocentius
1067 3055 1382 3111 Milevitanis
1421 3057 1702 3126 Patribus,
1736 3077 1956 3117 necesse
1981 3038 2026 3100 Ο

379 3147 452 3203 sit
500 3147 782 3201 concilium
818 3147 1239 3218 Carthaginense
1279 3159 1464 3205 contra
1508 3153 1820 3224 Pelagianos
1875 3156 1956 3209 in-

383 3236 633 3293 choatum
662 3253 782 3293 esse
819 3240 995 3293 statim
1039 3249 1158 3308 post
1185 3240 1536 3298 Collationcm
1567 3255 1751 3299 contra
1789 3248 1957 3301 Dona-

384 3329 558 3382 tiSIas.
593 3328 763 3381 Porro
794 3330 1123 3398 Augustinus
1154 3332 1207 3384 in
1239 3333 1397 3399 epist.
1432 3350 1570 3387 xm'n
1594 3377 1607 3399 ,
1638 3337 1861 3406 loquens
1891 3339 1959 3393 de

293 3417 296 3420 ’
385 3418 726 3474 damnatione
762 3420 1031 3476 haereseos
1071 3419 1401 3492 Pelagianae,
1443 3427 1519 3479 ait
1557 3443 1661 3480 non
1706 3430 1862 3483 modo
1893 3431 1959 3485 de

383 3512 614 3567 concilio
642 3510 978 3582 Carthaginis
1012 3516 1303 3584 provincia:
1331 3526 1385 3570 et
1410 3517 1671 3574 Numidiae
1703 3521 1960 3591 scriptum

388 3606 454 3659 ad
495 3606 856 3661 Innocentium
899 3623 1088 3678 papam
1129 3609 1332 3675 fuisse,
1375 3614 1468 3667 sed
1501 3625 1552 3668 et
1582 3616 1852 3686 aliquanto
1885 3619 1963 3673 di-

386 3698 638 3765 ligentius
666 3714 692 3750 a
725 3701 957 3770 quinque
983 3701 1268 3770 episc0pis.
1316 3703 1376 3757 Hi
1423 3703 1636 3761 fuerunt
1673 3710 1921 3763 Aurelius
1948 3753 1962 3775 ,

389 3788 645 3860 Alypius,
689 3790 1050 3860 Augustinus,
1102 3793 1371 3858 Evoditts,
1419 3808 1472 3849 et
1518 3798 1825 3864 Possidius,
1876 3803 1964 3869 qui

389 3885 551 3936 etiam
595 3882 853 3953 (excepto
887 3883 1159 3954 Evodio),
1191 3895 1247 3940 ut
1276 3901 1394 3940 cum
1428 3888 1722 3944 Donatistis
1760 3893 1809 3945 in
1851 3894 1970 3946 Col-

402 3971 603 4027 latione
641 3976 1126 4040 committerentur,
1159 3976 1342 4030 selecti
1373 3978 1601 4034 fuerant.
1655 3981 1749 4035 Est
1793 3994 1970 4037 autem

396 4064 782 4128 memorabile,
824 4065 961 4131 quod
1004 4066 1329 4134 Augustinus
1371 4069 1421 4120 in
1463 4071 1620 4139 epist.
1654 4088 1721 4127 cx
1755 4082 1969 4140 narrat,

399 4151 609 4206 duobus
657 4154 900 4207 conciliis
951 4154 1211 4210 Numidiae
1261 4167 1315 4212 et
1361 4158 1739 4232 Carthaginis,
1791 4181 1973 4220 curam

398 4244 788 4310 scripturarum
827 4245 928 4298 sibi
968 4245 1036 4302 ab
1073 4246 1339 4316 episcopis
1370 4250 1669 4320 impositam
1699 4271 1837 4310 esse.
1876 4256 1977 4311 Un-

401 4334 470 4390 de
508 4336 777 4402 conjicere
819 4327 975 4400 lice‘t,
1017 4337 1200 4404 quanti
1241 4346 1349 4392 tum
1393 4339 1546 4398 fieret
1585 4343 1671 4398 hic
1718 4347 1978 4401 antistes:

2039 1787 2213 1840 neque
2261 1773 2542 1842 quicquam
2595 1772 2947 1841 distinguunt,
2997 1772 3164 1825 multa
3213 1769 3464 1839 imperite
3491 1769 3617 1823 mis.

2037 1873 2160 1919 cent
2203 1880 2321 1932 qtne
2361 1865 2710 1919 discernenda
2751 1874 2907 1932 sunt,
2943 1874 2996 1920 et
3050 1863 3331 1919 credulum
3365 1862 3617 1917 lectorem

2037 1971 2181 2026 swpe
2211 1955 2423 2010 fallunt.

2113 2047 2347 2116 PmSper
2386 2057 2610 2102 annotat
2649 2047 2932 2102 concilium
2974 2046 3397 2117 Carthaginense
3426 2044 3490 2099 ad
3519 2044 3621 2098 Zo-

2042 2139 2235 2193 simum
2255 2140 2539 2209 scripsisse
2570 2139 2805 2194 llonorio
2830 2156 2900 2194 xu
2930 2149 2984 2194 et
3016 2139 3320 2194 Theodosio
3357 2155 3447 2193 vnt
3475 2153 3617 2193 coss.

2041 2247 2183 2285 anno
2212 2231 2410 2286 Christi
2442 2231 2566 2286 420.
2600 2230 2731 2285 A‘cta
2761 2231 3028 2297 indicant,
3056 2229 3122 2283 iis
3152 2244 3294 2283 coss.
3326 2229 3377 2281 in
3406 2243 3472 2283 eo
3495 2243 3622 2282 con-

2043 2325 2170 2378 cilio
2211 2326 2605 2393 pronuntiatum
2648 2324 2812 2378 fuisse
2849 2332 3033 2378 centra
3072 2322 3415 2391 Pelagianam
3448 2321 3619 2374 luere-

2047 2417 2177 2481 sim,
2206 2426 2262 2471 et
2284 2416 2642 2486 Augustinum
2674 2417 2979 2472 interfuisse
3003 2415 3327 2486 signiﬁcant.
3356 2415 3620 2470 Caeterum

2047 2509 2162 2578 ipse
2194 2507 2526 2577 Augustinus
2554 2518 2739 2562 narrat
2765 2523 2883 2562 sese
2909 2507 3098 2562 iisdem
3125 2522 3268 2562 coss.
3299 2522 3376 2562 ιιι
3402 2505 3618 2560 kalend.

2050 2598 2293 2653 Octobris
2344 2599 2604 2652 Caesareae
2653 2599 2705 2651 in
2749 2599 3062 2652 Mauritania
3106 2611 3458 2667 congressum
3501 2609 3625 2650 esse

2048 2704 2170 2745 cum
2207 2690 2442 2744 Emerito
2477 2689 2779 2750 Donatista,
2813 2697 2867 2742 et
2907 2688 3344 2759 Carthaginensis
3373 2703 3494 2742 cum
3523 2688 3630 2742 Do-

2053 2781 2264 2834 natistis
2303 2781 2618 2834 Collationis
2651 2780 2911 2849 judicium
2952 2780 3287 2835 defendisse.
3316 2780 3466 2834 Adeo
3493 2779 3631 2834 nihil

2055 2891 2159 2927 non
2193 2881 2247 2927 et
2277 2870 2506 2927 faciebat
2534 2882 2586 2926 et
2610 2872 2894 2940 praestabat
2916 2872 3149 2942 Optimus
3169 2872 3417 2937 antistes,
3441 2872 3508 2928 de
3529 2871 3633 2927 Ec-

2055 2966 2236 3021 clesia:
2265 2967 2439 3021 salute
2471 2965 2758 3020 sollicitus.

2132 3059 2298 3112 Porro
2323 3059 2388 3111 ad
2418 3057 2694 3111 Zosimum
2721 3073 2786 3112 ex
2815 3057 3066 3112 Africano
3093 3058 3328 3113 concilio
3355 3058 3632 3127 scriptum,

2057 3161 2110 3206 et
2155 3167 2184 3205 a
2231 3151 2449 3206 Zosimo
2495 3152 2814 3219 rescriptum
2859 3150 2924 3204 ad
2971 3152 3255 3205 universos
3298 3151 3462 3205 totius
3490 3150 3640 3204 orbis

2058 3246 2342 3313 episcopos
2374 3243 2537 3299 fuisse
2565 3247 2641 3298 ait
2667 3243 2892 3314 August.
2925 3245 3152 3313 epistola
3188 3260 3356 3299 vatt.
3387 3243 3492 3298 Sed
3521 3243 3642 3312 ejus

2061 3339 2244 3406 scripti
2278 3339 2594 3406 rescriptive
2622 3337 2755 3391 nihil
2787 3347 2950 3393 extat.
2979 3332 3145 3392 Addit
3172 3337 3538 3405 Augustinus:
3575 3334 3646 3389 Et

2061 3435 2196 3500 quod
2221 3433 2488 3502 posteriori
2521 3432 2736 3485 concilio
2769 3433 2998 3501 plenario
3039 3432 3194 3483 totius
3235 3429 3427 3499 Africa:
3466 3439 3646 3481 contra

2063 3539 2284 3576 errorem
2318 3522 2520 3594 Pelagii
2549 3523 2759 3578 breviter
2785 3523 3155 3577 constituimus.
3189 3521 3295 3576 Sed
3339 3520 3469 3574 nihil
3511 3535 3651 3587 pra:-

2066 3624 2210 3670 terea
2252 3615 2319 3670 de
2359 3631 2424 3670 eo
2469 3617 2710 3683 plcnario
2751 3615 3015 3679 concilio,
3060 3613 3144 3668 cui
3188 3627 3246 3668 se
3276 3613 3444 3680 magis
3475 3610 3652 3664 inter-

2068 3708 2234 3762 fuisse
2273 3707 2576 3777 signiﬁcat,
2619 3707 2759 3776 quod
2801 3706 2977 3762 dicam
3023 3707 3231 3770 habeo,
3267 3703 3368 3757 nisi
3406 3702 3544 3772 quod
3587 3716 3652 3755 ea

2069 3815 2185 3868 qua:
2217 3799 2672 3853 circumferuntur
2700 3798 2829 3851 Acta
2856 3797 3068 3852 concilii
3097 3793 3562 3864 Carthaginensis,
3599 3802 3658 3846 nt

2072 3891 2270 3963 Pelagii
2301 3908 2402 3946 non
2433 3893 2834 3953 meminerunt,
2865 3890 2942 3944 sic
2975 3889 3210 3942 indicant
3242 3895 3517 3956 postremo
3544 3883 3659 3952 agi-

2077 3993 2238 4036 tatam
2284 3983 2447 4037 l'uisse
2487 3983 2645 4037 aliam
2671 4025 2685 4050 ,
2728 3982 2882 4051 cujus
2921 3981 3060 4050 apud
3106 3979 3463 4049 Augustinum
3510 3976 3658 4031 nulla

2077 4082 2160 4128 est
2208 4075 2441 4138 mentio,
2492 4089 2708 4126 causam
2758 4071 2962 4140 Aptarii
3009 4070 3346 4140 presbyteri,
3401 4076 3452 4121 et
3494 4067 3544 4120 in
3595 4081 3659 4120 ea

2079 4165 2430 4234 quaeetionem
2461 4164 2529 4218 de
2565 4165 2687 4233 jure
2729 4163 3125 4233 provocationis
3165 4163 3422 4216 adversus
3457 4160 3664 4229 legatos

2082 4250 2321 4325 Zosimi,
2355 4261 2722 4330 scriptumque
2752 4274 2813 4314 ea
2845 4260 2912 4315 de
2943 4275 3002 4314 re
3029 4259 3199 4314 fuisse
3226 4258 3293 4312 ad
3332 4255 3666 4311 Bonifacium

2087 4349 2285 4403 Zosimi
2317 4365 2725 4417 successorem,
2760 4361 2813 4406 et
2851 4352 3085 4422 denique
3111 4349 3176 4404 ad
3207 4348 3519 4403 Ccelestinm
3559 4346 3675 4400 Bo-'

407 4436 462 4482 et
521 4436 696 4481 tamen
752 4427 1022 4496 superavit
1077 4432 1552 4498 exspectationem.
1607 4433 1802 4490 Verum
1854 4438 1982 4493 illud
2011 4409 2065 4469 ι)
2098 4442 2274 4496 nifacii
2305 4457 2675 4497 successorem
2722 4464 2734 4498 :
2769 4454 2823 4496 ut
2855 4445 2898 4498 si
2928 4445 2999 4498 ita
3040 4445 3142 4508 sit,
3173 4457 3427 4498 neccesse
3457 4441 3525 4494 sit
3563 4439 3670 4493 hoc

411 4517 571 4573 modo
611 4517 766 4582 dico,
808 4519 1085 4574 Aurelium
1126 4521 1566 4592 Carthaginensis
1604 4529 1854 4594 concilii,
1907 4532 1992 4586 cui

344 4656 346 4658 ,
413 4609 736 4680 praefuerat,
777 4610 1130 4678 Augustinum
1164 4613 1486 4679 Milevitani,
1519 4618 1604 4671 cui
1645 4619 1992 4688 interfuerat,

412 4704 731 4757 sententiam
773 4702 1099 4767 contulisse,
1131 4713 1180 4757 et
1214 4707 1379 4759 tribus
1409 4709 1525 4761 aliis
1562 4711 1826 4778 adjunctis
1854 4728 1996 4767 eam-

419 4795 539 4848 dem
583 4809 767 4848 rursus
805 4810 1019 4848 causam
1062 4797 1271 4864 egisse,
1323 4814 1386 4852 ex
1437 4801 1676 4871 urbeqne
1724 4804 1997 4875 Carthagi—

421 4888 574 4942 nensi
633 4887 700 4941 ad
759 4887 1128 4942 Innocentium
1185 4891 1494 4963 diligentius
1550 4897 1849 4966 scripsisse.
1913 4900 2006 4954 Est

425 4980 582 5048 epist.
627 4993 758 5043 xcv,
799 4979 950 5048 cujus
993 4981 1308 5050 principium
1353 4997 1469 5039 est:
1515 4985 1592 5043 De
1619 4991 1846 5043 conciliis
1878 4991 2006 5045 duo-

425 5070 839 5139 bustprovincite
887 5072 1302 5142 Carthaginensis
1351 5089 1397 5129 et
1449 5078 1710 5134 Numidia:
1754 5084 1820 5134 ad
1867 5094 2006 5136 tuum

427 5161 764 5216 Sanctitatem
811 5181 842 5216 α
883 5181 984 5216 non
1039 5181 1191 5231 parvo
1258 5169 1609 5237 episcoyorum
1648 5191 1855 5229 numero
1894 5177 2006 5230 sub-

427 5256 644 5323 scriptus
675 5256 868 5309 litteras
897 5257 1144 5312 misimus.
1171 5258 1372 5331 Nempe
1402 5277 1492 5317 eas
1513 5266 1730 5320 miserat
1764 5269 2010 5322 Aurelius

430 5361 497 5401 ex
543 5346 989 5418 Carthaginensi,
1043 5350 1369 5422 Augustinus
1415 5370 1542 5410 vero
1590 5372 1656 5411 ex
1707 5358 2010 5415 Milevitana

438 5440 665 5510 synodo.

515 5532 703 5588 Postea
751 5545 959 5591 mortuo
1000 5537 1108 5607 jam
1151 5539 1464 5597 Innocentio
1509 5543 1758 5600 videntur
1797 5546 2016 5617 plures,

445 5619 608 5678 Suam
650 5636 805 5683 antea
829 5669 842 5695 ,
888 5629 1265 5702 Carthaginem
1303 5650 1487 5691 rursus
1555 5639 1871 5693 convenisse
1911 5638 2025 5708 epi-

2100 4535 2388 4588 concilium
2444 4535 2627 4590 multis
2673 4537 2829 4590 annis
2879 4536 3125 4592 durasse.
3182 4536 3287 4592 Sed
3366 4549 3550 4590 vereor
3600 4547 3671 4587 ne

2104 4625 2267 4678 multa
2309 4635 2362 4679 et
2400 4625 2622 4680 confuse
2663 4637 2716 4680 et
2752 4627 2889 4681 falso
2922 4627 3195 4695 jactentur
3233 4644 3294 4682 ea
3334 4628 3400 4682 de
3439 4643 3515 4682 re.
3555 4623 3669 4680 Non

2106 4717 2312 4771 inficior
2342 4720 2693 4786 quaestionem
2723 4719 2838 4786 ejus
2881 4723 3095 4788 generis
3141 4722 3374 4791 aliquam
3422 4720 3669 4790 agitatam

2105 4823 2257 4862 esse:
2289 4807 2383 4860 sed
2416 4807 2645 4860 fideliter
2675 4821 2728 4860 et
2748 4809 3062 4878 simpliciter
3085 4812 3356 4867 recitanda
3384 4823 3543 4875 esset,
3567 4825 3672 4865 non

2107 4907 2282 4952 autem
2313 4898 2716 4952 contumeliosis
2737 4901 3096 4958 additionibus
3120 4904 3550 4959 contaminanda.
3574 4903 3678 4956 Bo-

2111 5005 2211 5043 nus
2243 4989 2375 5042 Beza
2402 4988 2551 5057 jubet
2584 5005 2680 5043 nos
2711 4990 2777 5044 de
2804 5006 2865 5045 ea
2891 4991 3137 5060 judicare
3166 5010 3233 5048 ex
3263 4994 3472 5058 Graeco,
3504 4992 3679 5062 potius

2111 5098 2270 5153 quam
2299 5099 2365 5136 ex
2394 5081 2584 5135 Latino
2614 5093 2778 5136 textu.
2813 5082 2918 5138 Sed
2949 5099 3014 5138 an
3070 5087 3344 5142 existimat
3379 5089 3510 5142 Acta
3537 5085 3678 5140 Afri-

2114 5193 2243 5234 cana
2295 5176 2481 5231 Graece
2537 5175 2714 5245 potius
2766 5191 2921 5245 quam
2977 5177 3161 5233 Latine
3212 5181 3410 5250 scripta
3459 5181 3679 5248 primum

2115 5271 2319 5326 fuisse?
2362 5271 2523 5324 Recte
2563 5285 2694 5323 sane
2717 5270 2948 5324 Africani
2974 5270 3158 5326 Patres
3179 5273 3249 5327 de
3266 5272 3496 5327 Nicaenis
3522 5283 3684 5327 cano.

2117 5364 2273 5417 nibus
2317 5362 2667 5432 judicandum
2711 5376 2833 5415 esse
2879 5371 3133 5429 putarunt
3174 5379 3239 5416 cx
3289 5362 3590 5433 archetypis
3631 5367 3687 5414 et

2117 5454 2438 5510 authenticis
2467 5454 2614 5508 libris
2645 5453 2829 5508 Graece
2859 5453 3091 5522 scriptis.
3125 5455 3230 5510 Sed
3258 5455 3447 5511 eadem
3486 5455 3690 5510 ratione

2121 5547 2292 5602 dicam
2333 5546 2400 5600 de
2444 5543 2706 5599 Africanis
2744 5545 3038 5602 renonibus
3075 5545 3427 5615 judicandum
3467 5560 3586 5602 esse
3622 5559 3692 5600 ex

2123 5639 2440 5710 archetypis;
2469 5637 2656 5692 Latine
2680 5637 2916 5706 scriptis.
2945 5637 3058 5694 Non
3086 5640 3264 5695 minus
3303 5641 3543 5710 ineptum
3580 5644 3690 5704 est,
