3860 6212
255 332 399 392 1505

1151 341 1467 400 HISTORIA
1505 342 2099 406 CARTHAGINENSIS
2135 336 2597 415 COLLATIONIS.

3377 374 3514 432 1506

244 449 395 517 quod
428 447 565 504 idem
594 449 728 504 Beza
757 450 808 505 in
835 451 1019 508 eadem
1047 468 1140 507 sua
1169 455 1508 511 confessione
1529 500 1544 521 ,
1572 457 1677 512 hoc
1707 474 1830 513 eon-
1863 464 1910 520 A
1939 477 2036 517 suo
2074 480 2231 534 quam
2275 483 2491 525 suorum
2523 473 2576 525 in
2606 471 2784 528 Africa
2814 474 3215 537 Catltolicorum
3261 489 3512 555 nomine,

245 539 438 594 cilium
473 539 905 612 Carthagincnsc.
936 545 987 599 in
1018 561 1123 615 quo
1154 547 1299 602 illam
1327 551 1675 619 qttatstionem
1710 550 1830 606 falsi

242 631 543 701 judicatam
574 650 695 691 esse
733 640 1072 695 stomachose
1113 651 1329 710 narrat,
1379 653 1534 698 vocat
1579 646 1827 699 tertium:

247 731 314 777 et
356 725 512 793 paulo
554 716 670 793 post
698 728 780 782 sui
811 730 1094 786 immemor
1125 742 1279 809 vocat
1319 743 1527 788 sextum
1552 775 1566 799 ,
1607 743 1662 790 et
1703 749 1829 804 pos-

251 823 503 884 teaquam
548 817 880 873 Bonifacinm
922 836 1018 888 pro
1056 821 1269 877 Zosimo
1309 823 1632 893 impotenter
1666 840 1830 880 aecu-

246 912 428 979 ‘savit,
459 915 722 969 exclamat
762 917 1035 973 decretum
1084 919 1135 973 in
1193 918 1294 974 hoc
1345 921 1572 975 concilio
1606 919 1832 975 Cartha-

247 1002 461 1072 ginensi
495 1004 656 1062 fuisse
683 1049 697 1071 ,
731 1017 789 1062 ut
829 1009 918 1079 qui
960 1009 1183 1064 Romam
1227 1020 1570 1077 provocarat,
1612 1012 1829 1067 abdica-

249 1103 374 1158 ret,
404 1095 518 1150 sive
551 1101 639 1166 (ut
667 1099 775 1169 ait)
807 1099 1181 1169 deponeretur.
1219 1100 1323 1155 Sed
1357 1100 1496 1156 unde
1527 1101 1700 1157 hausit
1730 1102 1831 1158 hoc

251 1187 575 1243 decretum?
610 1189 739 1244 Nam
783 1207 851 1247 ne
889 1208 949 1246 ea
990 1193 1241 1261 quidem,
1285 1207 1404 1262 qua:
1443 1194 1656 1261 laudat,
1695 1195 1826 1250 Acta

250 1279 374 1348 ejus
422 1281 819 1337 meminerunt:
865 1281 1066 1350 Nempe
1111 1282 1207 1336 abs
1253 1298 1351 1336 suo
1391 1286 1687 1354 magistro,
1738 1288 1827 1356 qui

250 1369 442 1423 eadem
475 1371 528 1425 in
561 1372 659 1426 hoc
688 1388 882 1441 genere
913 1378 1211 1428 temeritate
1247 1373 1395 1444 lingit
1434 1375 1705 1431 Zosimnm
1728 1419 1742 1443 ,
1777 1388 1830 1437 et

249 1463 373 1532 ejus
417 1479 757 1520 successores
807 1466 1073 1530 voluisse,
1123 1474 1180 1519 ut
1227 1466 1368 1533 quod
1419 1467 1471 1521 itt
1520 1469 1826 1526 Milevitano

250 1560 482 1615 concilio
512 1559 784 1615 decretum
815 1560 976 1615 fuisse
1005 1561 1109 1627 ait,
1143 1561 1491 1630 abrogaretur
1519 1563 1570 1616 in
1599 1561 1824 1617 Cartha-

248 1651 481 1721 ginensi.
513 1652 671 1722 Atqui
699 1652 919 1707 Veteres
948 1668 1053 1707 non
1075 1642 1296 1707 narrant
1321 1655 1370 1708 in
1399 1653 1707 1710 Milevitano
1728 1656 1825 1709 ali-

247 1743 380 1810 quid
419 1741 580 1813 368
619 1742 892 1798 decretum
937 1759 1058 1799 esse
1105 1754 1291 1812 contra
1343 1745 1667 1800 voluntatem
1710 1745 1822 1799 Ro-

1935 569 2054 611 sese
2086 558 2302 615 minime
2326 577 2574 618 recusare
2599 566 2910 636 refugereve
2936 572 3292 632 Collationem
3309 621 3324 646 ,
3351 597 3510 651 quam

1935 649 2230 717 imperabat
2259 652 2590 709 Hunericus:
2622 658 2715 712 sed
2747 671 2949 728 petere,
2980 675 3038 718 ut
3068 666 3230 720 etiam
3258 649 3515 727 vocentur

1933 745 2271 797 transmarini
2303 743 2598 802 Catholici:
2632 751 2752 820 quia
2782 753 2898 808 sine
2928 755 2993 808 iis
3019 771 3124 810 non
3159 760 3325 828 possit
3352 776 3513 831 agere

1932 845 2271 888 communem
2321 851 2572 903 causam,
2621 844 2918 909 prmsertim
2970 847 3128 901 talem
3183 859 3508 922 tantamque.

1936 921 1987 976 ld
2020 935 2198 978 autem
2229 926 2583 997 obtendebat,
2612 941 2666 986 ut
2695 947 2814 988 cum
2851 940 3194 995 transmarini
3222 921 3507 1012 adessent,

1930 1013 1985 1067 in
2026 1030 2158 1082 quos
2199 1019 2387 1074 smvire
2424 1036 2530 1075 non
2559 1023 2780 1080 auderet
2812 1025 3109 1084 llunericus
3130 1072 3142 1093 ,
3178 1049 3245 1088 ne
3276 1035 3508 1104 impera-

1935 1113 2102 1158 torem
2131 1122 2315 1163 eorum
2349 1109 2672 1180 oﬂ‘enderet,
2706 1125 2853 1172 tanto
2883 1118 3103 1176 liberior
3142 1135 3286 1180 esset
3327 1127 3509 1198 dispu-

1931 1198 2082 1252 tatio.
2134 1198 2347 1269 Alioqui
2397 1204 2548 1260 nefas
2596 1222 2702 1262 non
2751 1209 2916 1265 fuisse
2963 1216 3316 1282 provinciales
3362 1222 3510 1278 coire

1931 1300 2225 1346 conventus
2268 1293 2334 1347 ad
2378 1294 2785 1365 disputandum,
2818 1302 3003 1359 Victor
3034 1307 3147 1376 ipse
3174 1308 3390 1372 fatetur.
3438 1313 3508 1368 Et

1933 1397 2062 1436 vero
2108 1385 2372 1455 Eugenius
2417 1403 2537 1444 cum
2590 1392 2704 1447 suis
2745 1394 2811 1448 ad
2857 1396 2996 1451 diem
3053 1403 3232 1467 venit,
3284 1416 3340 1458 ut
3379 1421 3501 1461 cum

1930 1472 2141 1529 Arianis
2181 1477 2481 1545 conferret,
2525 1481 2679 1537 sicuti
2719 1485 3018 1543 Hunericus
3059 1493 3356 1549 mandarat.
3391 1495 3509 1553 Cte-

1932 1573 2099 1620 terum
2129 1581 2247 1623 cum
2280 1579 2533 1640 tyrannus
2568 1567 2640 1629 in
2668 1590 2766 1630 suo
2794 1579 2969 1635 edicto
3002 1583 3269 1650 pollicitus
3306 1589 3507 1644 Catho-

1930 1655 2044 1711 licis
2073 1669 2215 1712 esset
2241 1662 2417 1715 omnia
2449 1671 2556 1721 tuta
2577 1705 2591 1729 ,
2626 1665 2783 1721 ﬁdem
2814 1673 2992 1725 statim
3036 1673 3281 1742 infregit,
3315 1690 3369 1733 et
3407 1680 3505 1747 iis,

1930 1748 2017 1815 qui
2049 1761 2338 1816 venerant,
2370 1769 2588 1809 manum
2621 1757 2824 1826 injicit:
2857 1763 3006 1816 saavit
3040 1763 3091 1818 in
3129 1765 3507 1838 doctissimos,

247 1837 394 1890 niani
433 1838 702 1893 antistitis.
741 1836 852 1892 lmo
887 1837 1260 1901 Innocentius,
1299 1837 1413 1908 ejus
1452 1838 1663 1894 concilii
1693 1839 1825 1892 Acta
1858 1843 1904 1902 Β
1931 1851 2130 1908 eosque
2161 1841 2324 1896 etiam
2356 1853 2528 1899 necat.
2572 1847 2650 1900 En
2680 1851 2835 1918 quale
2878 1851 3046 1908 fuerit
3090 1856 3405 1928 principium
3450 1836 3514 1916 il;-

246 1937 437 1983 contra
480 1927 790 1996 Pelagianos
812 1969 826 1991 ,
873 1943 990 1997 quae
1023 1931 1087 1981 ad
1129 1945 1250 1983 eum
1285 1931 1445 1984 missa
1475 1938 1632 1996 sunt,
1663 1930 1824 1984 vehe-

247 2031 461 2075 menter
489 2019 687 2074 laudat.
714 2021 778 2073 Et
799 2021 958 2088 paulo
989 2029 1107 2089 post
1139 2024 1482 2090 Augustinus,
1514 2023 1669 2090 epist.
1701 2037 1821 2088 xcv,

247 2126 370 2166 cum
398 2110 463 2164 ad
502 2125 620 2165 eum
659 2111 917 2166 scriberet
955 2126 1024 2166 ex
1062 2113 1322 2168 sententia
1355 2127 1572 2167 suorum
1593 2114 1821 2182 collega-

245 2190 367 2260 rum
407 2203 473 2259 de
509 2203 791 2273 Pelagiana
835 2204 1027 2258 haeresi
1063 2205 1172 2273 jam
1196 2203 1443 2259 damnata
1487 2206 1539 2258 in
1583 2205 1824 2260 conciliis

246 2298 476 2360 duobus,
514 2294 916 2364 Cartltaginensi
945 2307 999 2351 et
1029 2296 1360 2362 Milevitana,
1386 2298 1516 2366 petit
1546 2297 1821 2351 nihilomi-

248 2402 354 2441 nus
374 2428 388 2452 ,
419 2393 476 2441 ut
503 2386 553 2440 in
584 2385 769 2440 urbem
800 2386 1021 2440 Romam
1052 2386 1298 2457 Pelagius
1323 2388 1519 2442 citatus
1560 2387 1820 2442 trahatur.

248 2479 293 2531 A
321 2487 442 2542 tua,
481 2479 686 2548 inquit,
729 2481 1044 2534 veneratione
1083 2480 1350 2534 acciendus
1390 2490 1462 2536 est
1501 2480 1748 2550 Romam,
1779 2490 1825 2535 et

250 2567 520 2637 diligenter
546 2569 956 2639 interrogandus.

324 2656 429 2713 Sed
460 2658 585 2728 quid
617 2658 940 2714 dubitaverit
966 2659 1102 2716 Beza
1157 2661 1428 2717 afﬁrmare
1455 2705 1469 2729 ,
1499 2678 1619 2719 cum
1662 2664 1822 2719 etiam

251 2749 306 2804 in
351 2751 542 2806 eodem
572 2759 680 2806 suo
720 2751 902 2808 libello
944 2753 1188 2809 docuerit
1227 2756 1516 2810 concilium
1562 2757 1824 2812 Milevita-

252 2858 380 2896 ntnn
402 2883 416 2907 ,
446 2851 569 2898 ante
598 2842 742 2899 mille
769 2843 1028 2900 ducentos
1061 2861 1228 2901 annos
1258 2844 1498 2902 habitum
1529 2863 1650 2904 esse
1673 2889 1689 2916 ,
1725 2849 1825 2904 hoc

251 2939 372 2997 est,
401 2939 523 2986 ante
555 2943 793 3001 tempora
822 2936 1142 3004 Augustini?
1169 2947 1220 2991 et
1250 2951 1314 2991 ex
1356 2939 1437 2991 sui
1483 2941 1823 3010 praeceptoris

249 3018 467 3074 dictatis
509 3030 715 3090 repetat
751 3025 1035 3083 concilium
1078 3026 1420 3094 Aquileiense
1444 3071 1458 3096 ,
1492 3032 1578 3084 cui
1613 3031 1825 3101 pra-fuit

250 3109 603 3177 Ambrosius,
638 3112 802 3170 fuisse
828 3115 1164 3172 universale?
1189 3118 1326 3186 Quid
1357 3119 1459 3174 dici
1504 3131 1688 3190 posset
1728 3125 1825 3178 im—

1927 1925 2028 1980 lius
2060 1928 2405 2002 Collationis.
2439 1935 2538 1998 Qui
2586 1944 2763 1992 tamen
2809 1945 3130 2010 superstites
3172 1925 3356 2015 erant,
3401 1968 3507 2008 non

1926 2017 2236 2086 diﬂ‘ugiunt,
2271 2023 2377 2076 imo
2409 2033 2464 2077 ut
2491 2025 2782 2097 disputatio
2812 2033 2930 2087 sine
2979 2039 3205 2093 tumultu
3252 2044 3508 2113 transige-

1925 2118 2094 2174 retur,
2127 2111 2331 2180 eligunt
2357 2129 2420 2168 cx
2451 2129 2548 2170 suo
2578 2117 2766 2174 Ordine
2793 2123 3053 2190 quosdam
3075 2164 3092 2191 ,
3141 2127 3230 2195 qui
3264 2145 3358 2196 pro
3390 2111 3507 2187 oin-

1927 2199 2083 2254 nibus
2114 2201 2428 2271 loquantur:
2459 2207 2616 2262 sicuti
2648 2208 2698 2264 in
2731 2211 2901 2267 altera
2933 2213 3341 2286 Carthaginensi
3385 2221 3510 2278 Col-

1927 2290 2125 2348 latione
2169 2294 2366 2350 factum
2411 2297 2603 2354 fuerat.
2646 2299 2911 2361 Caeterum
2958 2323 3077 2362 cum
3127 2312 3308 2366 Ariani
3355 2329 3511 2385 aquo

1924 2381 2044 2452 jure
2089 2400 2149 2439 se
2186 2387 2252 2440 ad
2293 2388 2710 2458 diSputationem
2741 2410 3053 2467 comparare
3088 2401 3379 2472 deberent,
3419 2381 3514 2462 vo-

1926 2475 2076 2545 lunt,
2109 2489 2165 2533 ut
2207 2497 2394 2538 eorum
2425 2488 2610 2543 nescio
2640 2491 2758 2559 quis
2790 2494 3091 2560 patriarcha
3131 2496 3391 2568 Cyrinus,
3435 2503 3508 2556 sit

1923 2568 2089 2639 judex
2118 2589 2131 2624 :
2164 2583 2219 2628 et
2255 2589 2377 2629 eum
2419 2575 2613 2648 magno
2654 2583 2908 2640 satellitio
2943 2596 3205 2643 armatum
3245 2591 3513 2648 collocant

1933 2664 1986 2718 in
2015 2666 2125 2721 alto
2152 2682 2424 2740 suggestu.
2456 2672 2720 2731 Catholici
2749 2692 3147 2750 conquerttntur
3175 2684 3241 2740 de
3273 2686 3360 2740 tali
3392 2687 3508 2741 for-

1934 2773 2020 2813 ma
2051 2759 2371 2832 iniquissimi
2397 2764 2581 2835 jndieii
2606 2784 2618 2819 :
2647 2769 2739 2824 sed
2768 2770 2981 2827 frustra.
3022 2773 3133 2828 lmo
3162 2786 3505 2846 accusantur,

1899 2837 2052 2927 ;Qttid
2087 2867 2364 2911 sexvocent
2390 2856 2725 2926 Catholicos,
2761 2874 2813 2917 et
2840 2866 3047 2940 magnis
3075 2868 3506 2927 adversariorum

1928 2945 2250 3004 clamoribus
2296 2966 2458 3021 prope
2501 2953 2816 3010 obruuntur.
2863 2959 2995 3013 Tum
3041 2976 3168 3017 vero
3203 2965 3403 3032 nostri,
3438 2966 3505 3022 iis

1931 3037 2070 3092 ultro
2101 3039 2417 3110 largiuntttr,
2448 3051 2503 3096 ut
2530 3043 2930 3103 Catltolicorum
2963 3067 3158 3108 nomen
3191 3056 3353 3112 veluti
3385 3072 3505 3113 sus-

1929 3129 2212 3195 pendatnr,
2258 3132 2428 3187 donec
2468 3138 2694 3204 qttzestio
2739 3138 2954 3196 deﬁnita
2986 3147 3090 3199 sit:
3125 3155 3178 3201 et
3207 3155 3266 3202 ut
3293 3149 3356 3204 ad
3391 3164 3504 3206 rem

252 3201 582 3272 pudentius?
621 3204 754 3260 lllud
795 3217 1070 3275 postremo
1111 3209 1284 3265 dicam
1328 3211 1395 3267 de
1436 3216 1662 3269 concilio
1694 3216 1823 3270 Car-
1856 3217 1902 3281 C
1933 3220 2180 3284 veniant,
2232 3223 2396 3276 edunt
2435 3201 2689 3294 scriptam
2735 3244 2846 3284 sua:
2896 3231 3019 3288 ﬁdei
3072 3236 3503 3304 confessionem,

253 3294 554 3365 thaginensi
586 3295 700 3352 sive
729 3296 1014 3353 Africano:
1061 3299 1113 3354 in
1141 3301 1257 3369 ejus
1303 3305 1600 3359 canonibus
1626 3306 1825 3376 aliquid

251 3387 483 3442 inveniri
514 3387 656 3457 quod
683 3387 748 3443 ad
779 3388 1082 3445 Donatistas
1123 3392 1406 3462 pertineat.
1449 3395 1707 3466 Quicquid
1752 3405 1829 3450 ta-

250 3493 380 3534 men
427 3479 554 3534 illud
601 3481 702 3548 sit,
751 3497 1030 3548 mancum,
1074 3495 1126 3539 et
1166 3487 1408 3540 mutilum
1448 3498 1501 3541 et
1545 3487 1824 3542 confusum

254 3586 413 3639 esse,
455 3571 756 3642 dependere
795 3590 858 3630 ex
899 3577 1208 3646 praejudicio
1248 3575 1560 3632 Collationis
1596 3578 1822 3633 Cartha-

247 3667 509 3737 ginettsis.

324 3761 440 3816 Jam
474 3778 600 3818 vero
629 3764 818 3829 velim,
848 3772 906 3818 ut
931 3778 1052 3819 cum
1084 3764 1490 3834 Carthaginensi
1531 3763 1823 3818 Collatione

248 3853 645 3909 Catltolicorum
673 3870 792 3922 qua:
821 3854 994 3909 habita
1026 3863 1107 3909 est
1135 3869 1254 3908 cum
1283 3854 1574 3907 Donatistis
1599 3892 1614 3918 ,
1644 3852 1827 3906 confes

247 3957 401 4002 ratur
420 3947 607 4010 altera,
632 3962 751 4016 qua:
777 3947 872 4000 fuit
891 3947 1209 4002 Arianorum
1237 3962 1356 4001 cum
1382 3944 1668 3999 Catholicis
1692 3985 1706 4008 ,
1733 3959 1827 3996 an-

247 4037 337 4092 nis
369 4037 580 4092 circiter
605 4053 707 4091 Lxx
745 4047 864 4107 post
891 4039 1256 4107 superiorem.
1317 4036 1514 4092 indicta
1546 4036 1613 4088 ab
1642 4035 1824 4088 Hune.

248 4130 367 4184 rico
411 4128 680 4194 Vandale,
732 4144 837 4183 non
887 4131 1062 4184 minus
1106 4128 1311 4183 crudeli
1361 4137 1618 4197 tyranno,
1666 4139 1825 4193 quam

251 4221 456 4274 furioso
501 4221 730 4286 Ariano,
761 4229 818 4273 ut
854 4235 970 4274 eam
1009 4218 1262 4273 describit
1301 4216 1481 4270 Victor
1519 4215 1811 4279 Uticensis,

250 4311 346 4366 lib.
381 4327 417 4365 ιι
445 4319 500 4364 et
525 4327 603 4365 ιιι.
647 4310 736 4366 Sic
761 4309 903 4366 enim
930 4310 1089 4365 etiam
1130 4308 1454 4376 intelligetur
1491 4306 1781 4359 discrimen
1805 4347 1819 4369 ,

250 4403 394 4472 quod
434 4403 518 4458 hic
552 4403 826 4457 observari
867 4403 997 4457 utile
1026 4411 1127 4455 est.
1172 4402 1250 4454 Ac
1282 4399 1543 4467 principio
1570 4398 1822 4467 quidem,

249 4495 483 4549 edictum
525 4493 667 4547 illius
705 4494 952 4548 Hunerici
990 4491 1267 4546 evocantis
1309 4489 1645 4555 Catholicos,
1690 4505 1824 4558 quos

1929 3325 2085 3380 quam
2136 3313 2270 3365 tueri
2319 3314 2618 3370 instituunt.
2665 3317 2799 3385 Quid
2841 3320 3064 3377 Ariani?
3104 3325 3238 3380 Cum
3266 3329 3500 3385 vicissim

1927 3416 2077 3455 suam
2107 3403 2265 3456 edere
2291 3403 2585 3471 deberent,
2618 3416 2825 3463 tantum
2855 3411 3090 3469 clamant
3131 3427 3346 3474 nostros
3387 3433 3508 3475 esse

1928 3493 2238 3562 seditiosos,
2270 3503 2324 3550 et
2351 3495 2684 3554 inﬂammant
2714 3515 2865 3557 suum
2897 3503 3238 3563 Hunericum.
3273 3509 3370 3566 Hic
3398 3519 3510 3566 sta-

1931 3586 2023 3640 tim
2065 3596 2248 3642 contra
2289 3578 2501 3644 nostros
2539 3590 2730 3654 edicit,
2775 3593 2916 3660 quod
2953 3596 3229 3650 christiani
3276 3599 3510 3668 impera-

1930 3688 2074 3733 tores
2102 3680 2152 3732 in
2185 3679 2487 3732 Donatistas
2517 3679 2814 3735 edixerant.
2852 3683 2930 3736 En
2958 3686 3131 3756 qualis
3159 3691 3507 3760 catasuophe

1929 3767 2072 3820 illius
2117 3767 2428 3820 Collationis
2482 3767 2658 3823 fuerit.
2711 3770 2818 3826 Sed
2868 3773 3074 3842 legatttr
3125 3776 3344 3833 historia
3398 3790 3507 3838 tota

1927 3857 2064 3926 apud
2109 3855 2373 3911 Victorem
2418 3857 2765 3925 Uticensem,
2811 3871 2862 3916 et
2901 3878 2970 3918 ex
3013 3880 3079 3918 eo
3124 3882 3501 3940 cognoscatur,

1926 3947 2102 4015 qualis
2148 3955 2272 4000 tunc
2323 3957 2469 4004 esset
2513 3957 2682 4003 status
2731 3951 2986 4008 Ecclesia:
3039 3954 3498 4027 Cartltaginensis.

1928 4038 2079 4092 Nulla
2114 4047 2238 4094 tunc
2266 4041 2465 4094 mentio
2497 4042 2910 4100 Donatistarum.
2954 4046 3083 4102 Nam
3127 4049 3178 4103 lti
3223 4051 3274 4106 in
3313 4053 3496 4111 Africa

1927 4131 2138 4185 Arianis
2160 4131 2386 4187 cessisse
2411 4132 2676 4190 videntur.
2700 4136 2882 4207 Neque
2906 4148 3081 4195 tamen
3103 4143 3302 4214 alioqui
3325 4145 3503 4203 desie-

1928 4229 2064 4274 rant.
2095 4220 2227 4275 Nam
2255 4231 2309 4276 et
2335 4222 2576 4294 Gregorii
2606 4237 2752 4295 pont.
2786 4232 3115 4300 temporibus
3147 4236 3342 4291 multos
3384 4254 3505 4308 pas-

1928 4312 2028 4365 sim
2061 4311 2250 4380 fuisse,
2285 4328 2349 4368 ex
2380 4316 2496 4383 ejus
2523 4317 2763 4386 epistolis
2790 4332 3029 4390 apparet.
3064 4323 3255 4381 Libera
3288 4329 3503 4386 tandem

1933 4401 2034 4455 fuit
2077 4402 2313 4473 Ecclesia
2349 4404 2634 4474 Africana,
2677 4418 2730 4464 et
2772 4411 2938 4480 pulsis
2976 4413 3228 4472 Vandalis
3265 4421 3511 4476 restituta

1931 4494 2292 4580 surelibertati
2327 4497 2658 4571 imperioque
2688 4504 2865 4570 Rom.,
2891 4514 2946 4560 et
2976 4507 3099 4562 licet
3131 4517 3371 4580 tempora
3399 4515 3508 4566 val-

249 4589 409 4636 vocat
435 4577 786 4633 llomus'tanos
808 4571 1052 4641 speciose
1082 4571 1437 4657 compositum
1469 4569 1826 4658 esttnonnti:
1852 4593 1905 4652 D
1930 4571 1997 4658 de
2031 4573 2268 4658 barbara
2316 4589 2476 4658 atque
2524 4569 2857 4635 tenebricoso
2903 4595 3086 4639 essent
3110 4627 3126 4652 ,
3176 4569 3352 4643 tamen
3400 4606 3510 4646 non

251 4677 354 4714 ntts
384 4673 538 4728 quam
569 4658 741 4709 fuerat
778 4653 956 4738 ipsius
988 4647 1204 4738 Honprii
1247 4646 1378 4738 imp.
1411 4648 1493 4700 vel
1527 4646 1820 4738 blarcetlini

254 4725 557 4793 Dona'tistas
596 4730 886 4788 evocantis.
916 4727 1185 4797 Eugenius
1226 4727 1507 4795 episcopus
1549 4725 1824 4797 Carthagi-

251 4817 435 4873 nensis
482 4811 702 4867 audiens
752 4806 999 4862 mandata
1049 4805 1335 4871 llunerici,
1381 4804 1672 4874 respondet
1717 4814 1821 4860 tam

1930 4651 2087 4705 desiit
2107 4668 2300 4722 cogere
2323 4655 2434 4722 pias
2455 4658 2706 4726 synodos,
2735 4661 3006 4729 religionis
3028 4651 3234 4718 tuenda
3249 4681 3430 4735 causa,
3452 4680 3511 4726 ut

1930 4741 2144 4798 apparet
2177 4745 2243 4786 ex
2271 4731 2781 4805 Carthaginensibus
2809 4741 3054 4796 conciliis
3096 4753 3283 4799 contra
3316 4731 3505 4804 Mono-

1931 4810 2166 4865 llielilus.

1251 4913 1674 4985 NOMINA
1723 4917 2094 4988 EPISCO
2109 4920 2492 4991 PORUM

983 5025 1190 5102 QUJE
1234 5024 1721 5088 RECITATA
1780 5025 2014 5087 SUNT
2059 5029 2148 5088 IN
2191 5027 2817 5090 COLLATIONE.

437 5131 478 5181 N
487 5169 498 5182 .
531 5131 587 5182 B.
626 5130 654 5180 Ι
656 5143 688 5180 tt
708 5127 796 5181 hoc
822 5125 1047 5193 Catatogo
1067 5127 1133 5179 ad
1155 5139 1376 5179 numeros
1398 5123 1712 5179 crassioribus
1735 5126 2091 5180 characteribus
2109 5129 2158 5179 in
2180 5135 2340 5180 nostra
2359 5129 2561 5180 editione
2580 5142 2830 5193 expressos
2850 5130 2998 5184 lector
3020 5133 3294 5188 remittitur.

1527 5260 1826 5318 EPISCOPI
1863 5255 2247 5315 CATHOLICI.

1357 5350 1533 5398 IEneas
1556 5351 1950 5402 Turbonicensis.

231 5333 534 5405 'Adeodatus
552 5355 880 5405 Bazaritanus.
1357 5350 1533 5430 {lineas
1556 5351 1950 5430 ’ξ’ἰιιὺυιιὶεριιξίε.
2037 5409 2127 5430 mo
2173 5407 2264 5430 mn
2463 5345 2766 5430 defetigatis
2784 5348 3095 5430 Eaaacensk

637 5419 883 5465 atinensis.
1357 5412 1554 5484 Alypius
1575 5412 1824 5484 Tagasten

2037 5409 2149 5470 ηε,
2173 5407 2393 5484 mea
2464 5407 2903 5484 sivﬁiisisssis-
2941 5473 2950 5482 .
3423 5407 3511 5472 22:1

254 5417 883 5468 AdeodatusBelatinensis.
1194 5417 1286 5463 265
1357 5417 1554 5481 Alypius
1575 5417 1824 5485 Tagasten

254 5478 936 5544 Adeodatusﬁettcettn‘encis.
1011 5535 1098 5544 ΑΜ
1358 5471 1611 5544 Amlnbtus
1637 5474 1820 5544 Pisiten

2037 5417 2392 5470 228,229,275
2464 5417 2903 5470 Aptus‘t'igiensis.
3423 5424 3511 5472 261

2301 5471 2394 5544 Ξεὶὲ
2465 5469 2698 5544 stares
2720 5471 3017 5544 ειὲίνειεείεο.
3425 5484 3518 5534 289

252 5520 935 5590 satagis;genesim
1009 5520 1285 5606 aestates?
1360 5520 1913 5606 ᾼιηηειίιίιργςεέλρηςζεξς
2466 5520 3065 5606 ᾼξῆξρῃιᾳὶτίρυιιεόὲξε.
3423 5520 3516 5596 ag;

255 5588 895 5649 AdoodatusSimidiceusis.
1360 5588 1664 5665 Annibonius
1682 5588 2009 5665 Kbhiritanus.
2242 5589 2395 5665 Ibid;
2467 5588 2691 5665 Aspidlius
2709 5588 3049 5665 Tic'aratensis
3292 5659 3366 5665 μί

254 5658 905 5725 ιΕηιὶιίειιιιιεΑεερτὶμιιιιε.
1200 5654 1293 5725 ait
1363 5653 1598 5725 Antonius
1612 5652 1914 5725 ﬁarpitanus.
1977 5713 1987 5723 .
2469 5649 3093 5725 Assellicusvtl‘usuritanus.
3283 5649 3524 5725 ἓξμῖὃὲ

257 5717 541 5768 ιΕωίιιειιιιιε
561 5711 902 5765 Βὲῑιιιρῖειιεὶς.
1203 5715 1293 5764 270
1363 5713 1601 5762 Antonius
1612 5711 2032 5775 Mutugennensis.
2310 5713 2400 5762 269
2470 5713 2694 5762 Asterius
2711 5711 2947 5765 Viceusis.
3284 5711 3408 5792 276',
3431 5711 3526 5785 Ξέῧ
