4126 6308
749 393 774 399 -Ι
790 392 1881 408 -ῇη-Ή-ῄ-ον--σ-ψῇῡ*
1896 402 2122 414 φασ--η
2487 408 2683 419 κ--δ
2726 386 2749 405 ⁸,
3412 412 3425 417 ~

242 421 1143 443 .._._'._________..__.
1157 434 1529 444 ._.._._________
1548 438 2053 449 ...φῇ-Ἢ-
3236 411 3243 419 '
3286 412 3293 419 '

1203 613 2165 829 CLEMENTI
2219 679 2564 832 XII-

1004 1053 1880 1177 PONTIFICI
1988 1090 2695 1189 MAXIMO.

743 1844 1154 1905 SANCTISSIME
1197 1847 1433 1916 Pun,

298 2184 601 2246 Eximius
627 2184 739 2245 ille
784 2184 1532 2290 hristianeereligionis
1559 2185 1850 2268 defensor
1874 2188 2199 2267 Origenes,
2232 2194 2413 2274 cujus
2441 2198 2696 2259 residua
2726 2212 3028 2283 quotquot
3049 2209 3325 2286 reperiri
3335 2230 3465 2290 po-

232 2295 487 2347 tuerunt
511 2303 733 2364 opera,
767 2286 1123 2365 faventibus
1154 2289 1527 2349 Sanctitatis
1562 2294 1710 2353 Tute
1738 2292 2065 2370 auspiciis,
2102 2293 2170 2354 in
2202 2295 2399 2357 lucem
2429 2300 2775 2379 prodeunt,
2809 2308 2901 2367 sic
2931 2320 3265 2388 augustum
3305 2286 3463 2373 san-

227 2396 517 2465 stumque
544 2388 814 2450 Romani
839 2389 1171 2468 Pontiﬁcis
1202 2407 1427 2451 nomen
1455 2392 1760 2455 coluitac
1814 2405 2145 2456 veneratus
2192 2407 2307 2469 est,
2347 2410 2420 2460 ut
2466 2407 2709 2468 cateris
2755 2427 2883 2469 esse
2928 2420 3113 2488 queat
3156 2415 3448 2494 exemplo.

213 2488 492 2551 Noverat
521 2490 953 2569 apostolorum
988 2492 1067 2573 (δ)
1096 2493 1454 2571 principem
1484 2502 1777 2556 ceternam
1814 2496 1989 2558 illam
2021 2498 2375 2563 instituisse
2402 2504 2611 2566 Rome
2638 2526 2710 2569 ac
2740 2511 3053 2589 sanguine
3090 2533 3203 2574 suo
3252 2488 3465 2576 conse-

212 2608 425 2651 crasse
455 2590 697 2665 Sedem,
726 2609 860 2669 qua:
886 2610 1131 2671 semper
1165 2594 1467 2654 haereseos
1496 2595 1707 2657 nescia
1740 2594 1850 2677 (b),
1898 2616 2141 2678 semper
2175 2601 2509 2683 religionis
2541 2617 2598 2667 et
2631 2607 2933 2672 Ecclesia:
2973 2626 3162 2692 caput
3198 2626 3309 2689 est,
3356 2638 3464 2679 nc-

212 2694 675 2770 cessariumque
727 2692 1064 2756 Catholicae
1109 2696 1377 2756 unitatis
1417 2707 1719 2757 centrum.
1772 2699 2040 2782 Hinc(c)
2122 2724 2154 2759 α
2206 2706 2667 2786 antiquissima:
2700 2707 3123 2774 Romanorum
3164 2716 3463 2779 Ecclesia

214 2811 429 2855 coram
454 2792 739 2855 videnda:
767 2802 941 2855 tanta
974 2795 1274 2873 ﬂagravit
1300 2794 1612 2857 desiderio
1669 2822 1699 2852 υ
1736 2806 1808 2859 ut
1838 2801 2173 2877 quominus
2204 2802 2287 2863 ad
2313 2823 2445 2867 eam
2465 2852 2480 2876 ,
2518 2830 2549 2862 α
2583 2810 2969 2887 gubernante
3014 2817 3358 2895 Zephirino
3380 2865 3397 2894 ,
3430 2846 3457 2875 ι

214 2895 573 2973 accederet,
601 2915 714 2958 nec
752 2896 1034 2957 locorum
1079 2896 1590 2976 intercapedine,
1650 2916 1741 2959 iec
1786 2902 2028 2962 recenti
2062 2905 2533 2982 quamplurium
2579 2920 2925 2989 martyrum
2974 2913 3135 2973 caede
3176 2916 3458 2992 potuerit

211 3000 583 3063 absterreri.

288 3172 543 3247 Quanto
567 3178 772 3232 autem
805 3173 1197 3252 praeclarius,
1233 3174 1627 3235 sanctissime
1659 3174 1851 3236 Pater
1874 3221 1892 3251 ,
1930 3195 2068 3237 cum
2098 3174 2212 3239 illo
2254 3196 2423 3239 nunc
2454 3180 2669 3257 agitur
2689 3180 2847 3255 ,βιιί
2876 3180 2942 3240 in
2974 3181 3088 3243 hac
3119 3201 3278 3244 nova
3303 3204 3454 3264 ope-

208 3292 355 3334 rum
382 3290 641 3333 suorum
681 3271 951 3335 editione
986 3275 1386 3337 reviviscenti
1442 3276 1670 3337 iterum
1708 3285 1802 3337 tot
1843 3277 2077 3356 elapsis
2112 3278 2362 3339 sarculis
2394 3277 2586 3340 datur
2616 3279 2884 3355 eamdem
2915 3283 3186 3345 omnium
3233 3285 3456 3347 Eccle-

206 3377 453 3436 siarum
490 3374 761 3435 Matrem
789 3373 1136 3435 Ecclesium
1171 3375 1553 3455 conspicere,
1582 3393 1624 3435 n
1666 3392 1709 3433 η
1724 3376 1863 3455 jam
1892 3376 2005 3437 sub
2038 3378 2260 3439 acerbo
2288 3378 2654 3453 Caraeallee,
2688 3381 2871 3460 impii
2910 3385 3207 3462 avarique
3260 3386 3453 3461 impe-

210 3480 482 3548 ratoris,
500 3478 662 3558 jugo
689 3485 1036 3555 gementem,
1078 3477 1185 3547 sed
1222 3478 1421 3538 laetam
1448 3497 1520 3539 ac
1569 3485 1627 3538 tr
1664 3480 2078 3557 umphantem,
2111 3499 2191 3541 ea:
2221 3498 2341 3558 quo
2377 3482 2732 3560 prcesertim
2763 3502 2792 3543 e
2818 3486 3223 3563 perantiqua,
3269 3485 3454 3546 nebi-

210 3578 479 3651 lissima,
506 3579 915 3656 heroibusque
943 3577 1216 3657 fecunda
1255 3579 1626 3652 Corsinorui
1692 3581 1933 3659 familia
1960 3581 2192 3640 sortita
2218 3589 2311 3641 est
2323 3582 2667 3660 plaudente
2710 3583 2861 3650 orbe,
2886 3584 3248 3647 Christiano
3274 3590 3458 3666 prin-

211 3685 437 3759 cipem,
477 3696 598 3756 quo
630 3679 836 3739 omnia
876 3675 1135 3758 fortiter
1161 3678 1556 3755 suaviterque
1601 3679 1970 3757 disponente
2011 3677 2176 3738 nihil
2218 3686 2310 3737 est
2348 3676 2518 3756 quod
2545 3680 2849 3758 felicitati
2880 3698 3010 3742 sua:
3060 3680 3270 3745 deesse
3313 3706 3459 3744 con-

209 3792 543 3866 queratur.

288 3954 636 4038 Ecquando
673 3956 855 4028 enim,
887 3955 1237 4023 beatissime
1282 3955 1494 4027 Pater,
1528 3954 1636 4034 feli
1657 3955 1819 4015 3i07’d
1857 3974 1984 4014 esse
2024 3964 2249 4035 queant
2290 3956 2498 4018 Romae
2530 3965 2831 4031 tempora,
2866 3974 3050 4033 quam
3087 3977 3228 4018 cum
3268 3963 3455 4018 resti-

214 4060 431 4119 tuitur
459 4076 614 4119 cura
645 4066 755 4118 tua
778 4050 1069 4139 majestas
1103 4062 1327 4139 legum,
1367 4058 1616 4119 emenda
1667 4068 1774 4117 tur
1802 4076 2025 4133 mores,
2062 4078 2217 4118 suus
2251 4059 2480 4120 virtuti
2508 4058 2701 4119 honos
2731 4068 2997 4131 constat,
3032 4078 3294 4120 annonae
3318 4062 3456 4137 ple—

211 4159 309 4220 bis
349 4161 593 4225 abunde
618 4160 1000 4232 consulitur,
1034 4179 1239 4222 severe
1264 4164 1331 4223 in
1361 4162 1574 4222 ararii
1606 4178 1622 4217 t
1655 4157 2077 4237 speculatores
2105 4159 2664 4231 animadvertitur,
2695 4159 2979 4219 liberales
3002 4167 3456 4239 promoventur

212 4272 409 4337 artes,
442 4274 499 4325 et
526 4263 789 4343 adiﬁcia
813 4261 1075 4342 publica
1105 4265 1195 4324 ita
1225 4262 1623 4341 muniﬁcenti.
1685 4274 1793 4321 tua
1836 4280 1907 4320 ac
1952 4259 2338 4319 liberalitate
2377 4278 2520 4321 vere
2558 4262 2731 4339 regia
2760 4262 2856 4322 vel
2895 4262 3324 4341 perﬁciuntur
3358 4264 3455 4321 r-el

212 4362 618 4443 reﬁciuntur,
650 4374 722 4425 ut
760 4365 830 4425 in
861 4360 1037 4423 nullo
1066 4366 1197 4442 fere
1226 4364 1618 4443 magniﬁcent
1654 4384 1701 4424 ce
1728 4382 1951 4442 genere
1980 4364 2175 4424 veteri
2204 4362 2412 4422 Roma:
2432 4358 2747 4424 hodierna
2781 4364 2977 4424 Roma
3019 4367 3315 4424 concedat
3342 4365 3371 4423 7

294 4524 503 4605 Neque
534 4546 705 4601 vero,
739 4546 877 4590 cum
904 4528 1376 4606 angustioribus
1412 4548 1600 4601 nunc,
1635 4532 1744 4609 qui
1777 4531 1924 4592 olim
1949 4529 2343 4609 amplissimi,
2392 4530 2687 4605 cingatur
2714 4528 2874 4590 ditio
2906 4530 3187 4589 Romana
3221 4532 3444 4590 limiti-

215 4630 355 4702 bus,
385 4631 468 4693 iis
502 4630 688 4690 etiam
732 4634 982 4693 animus
1031 4640 1177 4717 tuus
1232 4632 1451 4693 mundi
1495 4651 1699 4710 capax
1747 4633 2146 4704 continetur,
2187 4629 2292 4690 sed
2333 4646 2825 4709 quaquaversum
2870 4640 3129 4705 urgente
3179 4632 3451 4689 omnium

222 4736 651 4797 Ecclesiarum
681 4734 1105 4798 sollicitudine
1140 4733 1220 4795 ad
1248 4736 1530 4812 singulas
1564 4735 1913 4796 Christiani
1946 4735 2116 4795 orbis
2142 4744 2359 4814 partes
2392 4740 2499 4792 tua
2528 4750 2589 4790 se
2622 4727 2901 4789 extendit
2927 4727 3351 4806 providentia,
3393 4723 3450 4786 et

216 4837 331 4897 sub
360 4837 538 4897 alma
571 4834 781 4908 Pacis,
808 4854 989 4913 quam
1018 4840 1183 4901 inter
1216 4836 1569 4897 Catholieos
1596 4836 1922 4917 principes
1953 4834 2206 4894 assidue
2230 4837 2424 4911 foves,
2452 4829 2811 4891 umbraculo
2848 4826 3201 4888 evelluntur
3223 4828 3449 4906 ubique

215 4939 522 5000 vitiorum
552 4939 810 5018 stirpes,
847 4951 1307 5019 componuntur
1336 4946 1562 4997 exorta
1596 4942 1663 4999 ii
1692 4939 1996 5000 Ecclesiis
2042 4936 2332 5005 dissidia,
2393 4935 2665 4996 debitum
2706 4931 3065 5011 apostolicae
3105 4930 3240 4991 sedi
3281 4948 3445 5008 pra:-

218 5048 429 5101 statur
457 5042 839 5120 obsequium,
869 5058 983 5099 sua
1020 5044 1307 5119 gentibus
1330 5037 1433 5098 dat
1453 5040 1611 5118 jura
1640 5042 1895 5110 veritas,
1933 5038 2288 5115 Christique
2309 5038 2377 5097 in
2408 5038 2540 5096 dies
2576 5032 2911 5113 efﬂorescit
2939 5030 3291 5108 imperium.

303 5209 421 5270 Tot
446 5211 785 5289 tantisque,
815 5209 1203 5270 sanctissime
1236 5212 1450 5279 Pater,
1503 5208 2011 5269 Christianorum
2037 5203 2342 5280 Ponti/ica
2364 5220 2505 5262 vere
2536 5201 2747 5279 dignis
2782 5196 3119 5279 impeditus
3148 5200 3346 5271 curis,
3376 5198 3452 5258 de

216 5306 663 5387 singulariillo
680 5328 800 5388 quo
824 5326 1086 5388 semper,
1120 5311 1254 5388 ipse
1285 5309 1703 5382 doctissimus,
1728 5309 2038 5370 litteratos
2058 5306 2229 5367 viros
2254 5312 2626 5382 persecutus
2646 5319 2707 5361 es
2735 5317 2939 5361 amore
2969 5298 3132 5360 nihil
3156 5300 3447 5359 remittis.

293 5534 364 5600 Qa)
387 5530 635 5602 0rigen.,
664 5537 708 5583 ι.
740 5528 780 5582 11
825 5531 995 5603 ίιιιιῇιιθ
1023 5529 1331 5603 εᾲἰιηγρίιε.
1355 5534 1446 5592 24.

290 5606 366 5675 (b)
395 5600 943 5675 Βυέευειλςοιιρὶοῃζε
971 5602 1151 5656 habita
1186 5602 1247 5675 in
1268 5600 1848 5673 donnitiisgeneralibus
1868 5602 1998 5657 clex'i
2023 5602 2309 5660 Gallicani.

293 5669 369 5750 (ε)
397 5675 620 5739 Bosel»,
656 5671 754 5726 lib.
787 5685 836 5722 νς
863 5669 1159 5742 Hist.,cap.
1190 5670 1277 5725 14.

488 5766 770 5828 Ρλτιιοι.
804 5761 920 5822 Gn.
952 5760 1078 5869 Xl.‘
