4140 6306
715 488 772 544 u
1889 472 2216 528 EPISTOLA
2263 469 2745 526 nemonoms.-
3853 472 3917 525 η

711 601 1041 667 Subseciva
1088 598 1203 661 tibi
1244 604 1390 658 sunt
1436 604 1740 671 tempora,
1790 588 2012 668 quibus
2063 589 2206 648 illos
2255 595 2518 665 paterno
2561 585 2933 647 Sanctitatis
2989 585 3134 644 Tute
3169 583 3441 664 alloquio
3488 585 3811 666 dignaris,
3858 601 3916 649 et

711 721 888 784 quos,
923 709 1248 779 antequam
1282 712 1528 756 summa
1581 694 1663 752 Te
1711 690 1913 750 virtus
1952 685 2034 766 ad
2071 704 2367 746 summum
2394 686 2827 763 pontiﬁcatum
2875 685 3171 758 eveheret,
3211 686 3374 745 alter
3401 687 3702 747 Meccenas
3731 687 3910 748 bene~

709 783 980 864 volentia
995 795 1523 878 complectebaris,
1554 810 1652 851 eos
1682 808 1870 860 nunc,
1901 805 2111 864 rerum
2136 786 2398 856 arbiter,
2424 787 2741 863 perpetuis
2774 783 3078 862 beneﬁciis
3111 787 3423 845 cumulare
3451 795 3509 845 et
3539 786 3621 846 ad
3651 789 3916 866 majores

712 912 971 961 conatus
1008 898 1335 961 incendere
1365 913 1489 968 non
1527 893 1782 955 desinis.
1816 892 1985 951 Hinc
2028 908 2168 968 spes
2212 888 2456 967 affulsit
2483 891 2649 967 fore,
2677 896 2748 946 ut
2786 906 2896 948 nec
2929 888 3266 949 Sanctitati
3301 891 3444 949 Tuae
3485 898 3650 949 totus
3688 889 3914 970 displi-

709 1013 871 1061 ceret
903 999 1201 1077 Origenes
1236 995 1338 1075 (a),
1397 1018 1423 1048 ει
1462 994 1528 1054 in
1557 1013 1673 1072 quo
1713 999 1888 1052 tanta
1918 991 2024 1050 vis
2065 990 2301 1066 ingenii
2329 1032 2343 1057 ,
2379 999 2504 1046 tam
2548 988 2738 1057 acris,
2780 996 2902 1046 tam
2927 985 3260 1067 profundi,
3295 997 3467 1047 tanta
3509 987 3809 1050 doctrinae
3838 1006 3915 1049 ac

709 1101 906 1162 totius
940 1099 1315 1159 eruditionis
1360 1093 1842 1172 magniﬁcentia,
1890 1113 1918 1146 ιο
1951 1099 2021 1148 ut
2066 1088 2310 1149 Graecia
2352 1087 2464 1146 illa
2507 1087 2900 1163 ingeniorum
2926 1089 3118 1164 ferax
3165 1090 3220 1148 ei
3247 1089 3359 1148 via:
3387 1106 3601 1185 parem
3649 1088 3914 1149 edidisse

705 1201 1015 1264 videatur.

789 1367 995 1444 Neque
1039 1371 1128 1422 est
1156 1359 1322 1441 quod
1352 1358 1565 1419 dicunt
1599 1356 1711 1437 (b),
1748 1378 1776 1410 α
1821 1352 1964 1413 dum
1999 1354 2249 1430 ingenio
2282 1371 2392 1412 suo
2422 1352 2680 1412 nimium
2720 1350 2999 1431 indulget
3028 1351 3264 1432 sibique
3305 1355 3462 1412 satis
3503 1353 3733 1433 credit,
3768 1355 3912 1415 dum

708 1469 1026 1545 antiquam
1045 1463 1419 1526 Christiana
1434 1458 1580 1538 ﬁdei
1600 1456 2058 1535 simplicitatem
2083 1452 3034 1543 ecclesiasticasque'traditiones
3065 1473 3137 1514 ac
3166 1464 3438 1514 veterum
3495 1455 3857 1532 magisteria
3881 1482 3912 1513 ιι

691 1570 965 1636 deserit,
1005 1569 1073 1629 in
1101 1572 1480 1646 portentosa
1507 1557 1871 1638 quandoque
1899 1557 2148 1636 prolabi
2183 1555 2431 1625 deliria,
2474 1573 2585 1614 nec
2635 1554 2981 1615 venerando
3020 1556 3242 1614 summi
3291 1554 3616 1633 Pontiﬁcis
3663 1557 3902 1616 nomini

707 1674 998 1730 decenter
1031 1665 1395 1743 nuncupari
1425 1680 1618 1741 opera
1647 1659 1914 1722 hominis
1946 1657 2022 1738 (ε)
2051 1681 2078 1713 α
2104 1660 2172 1718 in
2201 1659 2379 1736 cujus
2411 1656 2860 1717 damnationem
2891 1665 3102 1715 coacto
3134 1667 3351 1717 senatu
3389 1659 3701 1718 consensit
3751 1657 3904 1717 urbs

709 1772 923 1830 Roma.
960 1789 988 1823 ι
1022 1761 1426 1838 Quidnivero,
1468 1759 1848 1818 sanctissime
1879 1757 2088 1824 Pater,
2119 1758 2174 1815 si
2193 1765 2357 1816 totus
2387 1774 2511 1814 non
2537 1764 2728 1816 scatet
2752 1755 3047 1833 Origenes
3073 1756 3532 1831 erroribus,sed
3553 1760 3778 1835 paucis
3806 1761 3914 1820 lm-

708 1867 801 1927 bet
830 1866 1129 1945 permista
1177 1861 1355 1920 malis
1388 1859 1548 1919 bona
1575 1857 2016 1936 propemodum
2058 1858 2419 1922 imzumera;
2465 1859 2524 1916 si
2554 1859 2664 1916 nec
2695 1856 2974 1915 erroneis
3012 1856 3143 1934 ejus
3178 1858 3587 1934 opinamentis
3625 1863 3911 1936 ρατνοςί-

705 1970 881 2026 nium
910 1964 1250 2044 queeritur,
1288 1979 1399 2020 nec
1447 1957 1665 2018 iisdem
1713 1959 1966 2034 ipsemet
2013 1958 2431 2034 pervicaciter
2464 1956 2769 2050 adlusit?
2815 1955 3150 2016 Eruditum
3197 1958 3482 2035 alloquor
3528 1959 3911 2037 Pontiﬁcem,

707 2070 814 2145 qui
845 2068 1127 2145 apprime
1156 2064 1328 2122 novit
1364 2062 1450 2139 (Δ)
1499 2063 1700 2138 ipsum
1739 2058 1982 2117 violata:
2009 2058 2157 2135 ﬁdei
2193 2057 2364 2134 apud
2393 2055 2591 2116 sedem
2632 2057 3035 2135 apostolicam
3061 2074 3258 2127 reum,
3301 2058 3528 2117 litteris
3558 2057 3640 2117 ad
3668 2059 3916 2118 beatum

708 2168 1051 2227 Fabianum
1079 2161 1504 2240 paznitentiam
1534 2159 1941 2246 signiﬁcasse.
1971 2157 2152 2231 Quod
2183 2158 2240 2216 si
2271 2157 2339 2216 in
2374 2157 2550 2216 illum
2580 2156 2654 2217 ab
2683 2156 2935 2218 Oriente
2972 2157 3326 2256 damnatum
3354 2160 3686 2219 accesserit
3705 2159 3916 2239 judex

705 2269 921 2337 Roma,
953 2263 1115 2325 nihil
1149 2263 1398 2333 mirum,
1441 2281 1507 2320 eo
1545 2270 1839 2337 tempore,
1872 2275 1989 2335 quo
2023 2257 2408 2317 celeberrimi
2434 2257 2580 2326 viri,
2621 2255 2692 2316 de
2719 2275 2838 2336 quo
2866 2277 3088 2334 magna
3117 2255 3293 2318 erant
3330 2261 3675 2320 animorum
3704 2260 3919 2321 divor-
4012 2298 4015 2299 ν

706 2371 815 2439 tia,
839 2364 1336 2446 percrebrescens
1367 2363 1435 2421 in
1467 2361 1596 2421 dies
1627 2361 1820 2437 magis
1859 2358 2166 2435 magisque
2191 2357 2353 2434 fama
2374 2358 2648 2436 favorem
2675 2357 3115 2421 audacioribus
3150 2360 3416 2419 inventis
3455 2359 3625 2437 apud
3651 2361 3911 2438 imperi-

706 2481 832 2530 tam
867 2467 1288 2543 novitatisque
1337 2462 1578 2524 avidam
1605 2461 1843 2540 plebem
1891 2468 2023 2518 erat
2073 2457 2510 2521 conciliatura.
2554 2461 2765 2521 Verum
2788 2469 2957 2542 post,
2989 2460 3100 2520 ubi
3127 2462 3351 2538 sopitis
3387 2459 3809 2522 Ecclesiarum
3839 2463 3917 2525 de

704 2569 971 2647 Origene
1001 2565 1340 2626 discordiis
1373 2565 1439 2623 in
1471 2565 1742 2622 omnium
1781 2570 2191 2638 contemptum
2216 2573 2516 2622 venerunt
2546 2563 2898 2640 singularia
2928 2562 3056 2641 ejus
3090 2564 3355 2642 placita,
3385 2564 3600 2622 mitius
3631 2583 3767 2624 cum
3794 2566 3915 2624 illo

704 2671 808 2745 agi
836 2678 1099 2743 ereptum
1137 2675 1248 2737 est,
1272 2667 1504 2725 sensim
1527 2663 1956 2742 paulatimque
1993 2662 2060 2721 in
2087 2659 2550 2722 desuetudinem
2583 2662 2869 2723 abierunt
2898 2662 2970 2722 de
2996 2683 3122 2724 non
3148 2663 3418 2742 legendis
3451 2667 3580 2745 ejus
3617 2663 3918 2741 operibus

709 2767 1150 2827 Ecclesiastica
1196 2765 1468 2835 decreta,
1503 2775 1558 2824 et
1605 2762 1936 2842 pravaluit
1971 2761 2213 2822 tandem
2243 2763 2701 2823 consultissima
2731 2764 2843 2823 illa
2872 2766 3240 2842 Hieronymi
3269 2768 3616 2836 sententia,
3654 2785 3777 2845 qua
3827 2764 3916 2845 (e)

707 2889 735 2919 «
769 2865 1091 2943 Origenem
1119 2871 1385 2942 propter
1410 2863 1820 2923 eruditionem
1841 2865 1932 2923 sic
1951 2863 2259 2924 interdum
2275 2860 2591 2941 legendum
2619 2882 2745 2922 esse
2767 2869 3239 2942 spronuntiat,«
3265 2866 3560 2944 quomodo
3583 2866 3922 2928 Tertullia-

705 2985 872 3037 num,
905 2965 1234 3036 Novatum,
1266 2963 1634 3033 Arnobium,
1666 2961 2153 3041 Apollinarium,
2185 2975 2241 3024 et
2269 2966 2601 3026 nonnullos
2633 2967 3081 3028 ecclesiasticos
3123 2969 3464 3046 scriptores
3498 2967 3746 3029 Greecos
3795 2987 3919 3047 pa-

705 3065 864 3124 ritcr
895 3076 952 3123 et
981 3061 1265 3136 Latinos,
1298 3071 1369 3123 ut
1417 3061 1576 3122 bona
1607 3079 1819 3120 eorum
1847 3058 2182 3139 diligamus
2211 3065 2586 3142 vitemusque
2631 3068 2998 3133 contraria:
3051 3085 3240 3146 neque
3289 3069 3445 3128 enim
3491 3081 3755 3146 propter
3793 3069 3915 3128 do-

693 3169 972 3228 ctrinam
1006 3184 1140 3246 ejus.
1163 3183 1360 3247 prava
1401 3163 1804 3241 suscipienda
1836 3183 1964 3222 esse
2006 3165 2309 3242 dogmata,
2361 3185 2472 3225 nec
2518 3177 2786 3245 propter
2830 3168 3180 3246 dogmatum
3213 3172 3607 3248 pravitatem,
3653 3173 3711 3232 si
3753 3191 3916 3250 quos

702 3276 1170 3328 commentarios
1202 3267 1271 3326 in
1299 3266 1674 3344 Scripturas‘
1697 3275 1946 3325 sanctas
1977 3266 2167 3326 utiles
2206 3264 2422 3340 edidit,
2451 3268 2702 3339 penitus
2734 3285 2859 3328 esse
2888 3268 3291 3348 respuendas.
3329 3294 3358 3328 ι

779 3436 926 3496 Hcce
957 3434 1200 3510 aliaque
1230 3430 1552 3511 ejusmodi,
1583 3431 1949 3492 Beatissime
1984 3431 2201 3499 Pater,
2234 3449 2435 3491 secum
2467 3433 2608 3493 olim
2638 3436 2840 3496 animo
2859 3447 3156 3515 reputans
3180 3456 3451 3500 summus
3474 3445 3766 3524 ponti/ea:
3795 3445 3918 3507 Ni-

702 3533 912 3594 colaus
954 3533 1230 3611 quintus,
1261 3531 1424 3592 nihil
1452 3549 1579 3590 non
1611 3531 1826 3605 movit,
1876 3548 1992 3609 quo
2045 3531 2290 3594 ercas
2321 3536 2481 3595 tanti
2504 3536 2629 3626 viri
2664 3537 2964 3624 reliquias
3005 3538 3404 3622 undequaque
3452 3543 3773 3624 colligeret
3804 3545 3906 3626 (Τ).

703 3631 1312 3708 COnstanlinopolim
1340 3647 1530 3708 usque
1558 3632 1752 3704 misit,
1785 3633 1892 3709 qui
1921 3643 2227 3713 coemptos
2256 3633 2336 3695 ad
2381 3654 2445 3694 se
2472 3621 2742 3717 deferret
2782 3621 2920 3700 octo
2963 3642 3093 3720 ejus
3145 3621 3365 3704 contra
3407 3621 3648 3707 Celsum
3681 3621 3910 3723 libros,

700 3732 810 3793 ubi
859 3733 1245 3811 Epicureum
1294 3733 1473 3794 illum
1510 3734 1882 3796 Christiana
1916 3737 2210 3814 religioni
2235 3740 2610 3818 juveniliter
2651 3742 3054 3804 insultantem
3102 3746 3394 3806 immensa
3433 3749 3630 3808 omnis
3663 3752 3912 3825 generis

706 3832 1052 3892 eruditione
1083 3845 1276 3910 atque
1324 3833 1724 3895 ineluctabili
1769 3847 2274 3914 argumentorum
2319 3841 2382 3900 vi
2416 3842 2767 3917 prosternit
2805 3852 2863 3902 et
2903 3843 3132 3909 obruit.
3155 3845 3239 3926 (ε)
3316 3847 3444 3906 Eos
3475 3846 3698 3922 libros,
3756 3848 3913 3910 licet

702 3933 1003 3991 nonnulla
1024 3934 1259 3993 erroris
1290 3933 1422 3993 labe
1451 3952 1763 4012 aspersos.
1798 3955 1932 3996 cum
1968 3955 1996 3994 e
2024 3937 2239 3998 erco
2269 3939 2335 3997 in
2366 3938 2652 3998 Latinum
2679 3959 3013 4004 sermonem
3044 3946 3469 4006 transtulisset
3497 3949 3913 4029 Christopho-

701 4051 810 4092 rus
840 4033 1140 4106 Persona,
1166 4033 1288 4094 sibi
1321 4033 1634 4095 dedicatos
1663 4036 1861 4096 voluit
1889 4036 2111 4096 Sixtus
2143 4047 2425 4113 quartus,
2452 4038 2630 4118 cujus
2659 4052 2960 4104 assertum
2996 4044 3254 4122 Origeni
3273 4053 3703 4123 patrocinium
3735 4050 3913 4129 spem

697 4127 851 4216 facit
875 4136 1036 4214 fore,
1067 4145 1139 4195 ut
1171 4136 1265 4195 Tu
1292 4153 1555 4214 quoque,
1585 4138 1986 4198 Sanctissime
2009 4137 2219 4208 Pater,
2253 4155 2469 4198 novam
2497 4142 2657 4202 hanc
2686 4145 3079 4206 residuorum
3105 4149 3235 4226 ejus
3268 4167 3521 4227 operum
3551 4151 3906 4232 editionem,

705 4245 995 4296 eeternum
1026 4255 1272 4298 summa:
1301 4258 1446 4299 mea!
1480 4240 1790 4317 totiusque
1828 4239 2330 4318 congregationis
2362 4242 2427 4302 S.
2461 4243 2676 4305 Mauri
2716 4265 2862 4325 erga
2933 4257 2989 4306 te
3028 4259 3415 4330 sanctamque
3445 4255 3644 4315 sedem
3682 4255 3910 4319 obser-

703 4342 926 4402 vantiae
947 4351 1127 4418 atque
1154 4342 1360 4400 intimi
1391 4340 1669 4418 obsequii
1702 4341 2166 4429 monimentum,
2197 4342 2451 4422 benigne
2480 4349 2756 4428 accipias
2779 4394 2798 4423 ,
2828 4352 3346 4434 apostolicamque
3376 4359 3761 4436 impertiaris
3792 4361 3906 4423 be-

698 4442 1131 4515 nedictionem,
1161 4459 1345 4519 quam
1374 4443 1646 4519 supplex
1678 4442 1983 4520 efflagitat

3145 4637 3460 4693 Sanctitatis
3492 4639 3618 4697 Tua:

2414 4896 2935 4966 Ohgequentissimus
2979 4912 3037 4956 et
3075 4902 3473 4961 addictissimus
3501 4925 3687 4966 servus

2484 4964 2688 5050 Frater_
2723 4968 3257 5050 Carolusnmpswl,
3302 4981 3584 5050 presbyter
3628 4964 3682 5033 et

2483 5038 2773 5120 Lnonaelips
2799 5040 3174 5120 Benedictinus
3204 5059 3234 5098 e
3272 5038 3684 5120 congre'gaiione

2482 5104 2661 5161 Sancti
2695 5109 2881 5164 Mauri.

771 5349 844 5416 (ο)
873 5347 1121 5408 Vincenl.
1145 5353 1317 5409 Lirin.
1350 5354 1402 5408 in
1431 5353 1744 5411 Commonit.

795 5421 847 5476 b)
877 5421 1038 5476 Idem.
1065 5423 1191 5476 ibid.

875 5422 1262 5576 ἒῇῗῗὲηἶδέάιὶψξ
1287 5491 1463 5576 ags...
1490 5493 1584 5576 μὴ.
1608 5493 1868 5576 uulnus-ct:
1891 5501 2018 5553 edit.
2049 5499 2270 5576 Bened.,
2303 5512 2427 5576 ιῳη.
2459 5503 2546 5570 iv,
2578 5522 2627 5576 p.
2657 5507 2780 5562 430.

768 5563 847 5632 ((1)
867 5560 1097 5632 Δῌίοτοκ.
1130 5563 1288 5632 epist.
1327 5562 1414 5627 M,
1448 5563 1578 5614 alias
1614 5564 1702 5629 65,
1735 5569 1798 5619 ad
1831 5569 2231 5623 Pammacliiuln
2255 5560 2308 5626 et
2331 5560 2624 5629 Oceaiidiii.

767 5628 841 5707 (le)
865 5628 1079 5707 [ᾔει-(ιιι.
1115 5628 1273 5707 epist.
1300 5632 1388 5693 56,
1422 5628 1765 5707 αιξηδ-έῑϐίθιι
1798 5637 2256 5707 Tranquillinum.

767 5699 841 5838 f0)
865 5699 1098 5823 ﬂiadrium
1123 5699 1444 5756 eruditorum
1471 5701 1666 5772 Italia,
1699 5718 1826 5761 lum.
1858 5699 1998 5769 XIX.
2029 5720 2130 5762 art.
2170 5709 2253 5766 12.

790 5786 819 5838 g
913 5788 946 5823 η
988 5807 1004 5825 .

790 5786 841 5839 ε)
874 5786 1004 5825 una.
