4140 6306
182 493 223 549 ιδ
1518 455 1896 543 animum.
3247 459 3315 547 ti

199 646 512 660 κα.-
545 647 1433 657 ψαιψοψη-νςνψ.

1436 646 1805 654 ——_—————_——.

2291 648 2922 661 ———-——————-———~-—-~—_-
2936 650 3239 663 Q—wh
3253 658 3274 664 —
3286 656 3309 664 .-

1276 812 2144 937 ΡΒᾸΕΡΑΤΙΟ.

216 1209 342 1265 Inter
379 1221 587 1266 veteres
616 1209 864 1266 Ecclesia
906 1208 1107 1264 Grmcze
1148 1206 1442 1278 scriptores
1487 1204 1667 1259 nullus
1698 1208 1743 1263 Α
1770 1203 1990 1256 relicum
2019 1211 2068 1255 et
2107 1201 2494 1270 corruptionem
2535 1217 2597 1254 ae
2635 1202 2978 1269 perditionem
3027 1203 3323 1258 animarum

171 1303 249 1357 lere
281 1312 356 1358 est
383 1304 472 1372 qui
503 1306 569 1358 de
593 1319 650 1357 se
678 1311 879 1356 tantam
915 1310 1171 1370 quantam
1200 1300 1460 1369 Origenes
1490 1298 1673 1351 erudi-

172 1396 297 1449 tionis
319 1396 509 1448 famam
538 1395 817 1465 reliquerit
840 1394 977 1462 apud
1006 1403 1269 1462 posteros.
1293 1393 1374 1446 Ad
1408 1395 1672 1446 humanas

169 1484 439 1553 disciplinas
470 1484 610 1552 quod
654 1483 875 1549 attinet,
922 1481 1271 1546 dialecticam,
1318 1491 1454 1536 teste
1486 1483 1671 1537 lliero-

170 1590 297 1644 nymo
347 1573 453 1644 (ιι),
507 1573 874 1643 geometriam,
925 1572 1339 1637 arithmeticam,
1390 1574 1670 1636 musicam,

166 1666 552 1732 grammaticam,
594 1662 926 1726 rhetoricam,
976 1664 1310 1733 omniumque
1349 1666 1675 1734 philosOpho-

167 1771 255 1808 rum
286 1765 444 1809 sectas
474 1758 547 1810 ita
582 1756 789 1823 didicit,
819 1767 877 1811 ut
905 1760 1164 1812 studiosos
1192 1776 1420 1830 quosque
1448 1761 1671 1814 σαρκία-

166 1846 272 1897 rium
298 1846 581 1899 litterarum
613 1846 887 1902 sectatores
921 1847 1150 1903 haberet.
1174 1849 1476 1915 chularis,
1507 1852 1677 1922 inquit

167 1935 390 1991 Eusebius
431 1939 523 2009 (ὁ),
559 1939 869 1993 litteratura:
904 1948 959 1993 et
990 1940 1538 2007 pbilosophire.stndia
1579 1944 1677 1997 sibi

164 2027 386 2091 imprimis
414 2032 705 2082 necessaria
733 2045 845 2083 esse
871 2033 1201 2085 existimavit.
1232 2024 1493 2097 Quantum
1517 2050 1675 2103 porro

162 2116 201 2167 in
232 2117 293 2169 iis
329 2119 511 2171 studiis
539 2121 861 2184 excelluerit,
909 2134 1058 2176 testes
1092 2134 1209 2175 sunt
1254 2125 1352 2183 ipsi
1406 2126 1673 2194 gentilium

161 2206 438 2276 philosophi,
469 2210 556 2279 qui
585 2212 696 2277 ejus
724 2222 878 2265 (etate
918 2215 1231 2281 ﬂoruerunt,
1281 2231 1498 2284 quorum
1528 2217 1583 2269 in
1611 2216 1676 2268 li-

160 2300 242 2351 bris
271 2299 498 2353 crebram
527 2302 683 2369 hujus
722 2303 817 2375 viri
846 2304 1154 2356 mentionem
1182 2305 1298 2372 ﬁeri
1335 2308 1675 2369 deprehendi—

162 2407 269 2456 mus,
304 2392 423 2443 dum
452 2391 530 2445 cel
556 2394 792 2462 proprios
805 2385 981 2447 libros
1018 2396 1066 2449 ei
1098 2406 1418 2463 nuncupant,
1452 2398 1530 2451 uel
1561 2415 1676 2450 eos-

159 2480 263 2533 dem"
291 2483 661 2537 examinandos
698 2496 944 2555 tanquam
973 2488 1041 2538 ad
1071 2489 1378 2557 magistrum
1412 2505 1561 2542 suum
1594 2491 1676 2541 di.

1774 1292 2085 1354 traducunt,
2130 1292 2220 1344 alii
2252 1290 2575 1345 doctissimis
2613 1290 2903 1345 detendunt
2945 1294 3235 1365 apologiis,
3265 1303 3378 1351 ειη

1772 1385 2053 1438 secundum
2112 1394 2224 1450 post
2284 1382 2544 1452 apostolos
2596 1380 2953 1454 Ecclesiarum
3016 1389 3317 1455 magistrum

1774 1483 2106 1541 nuncupant.
2137 1473 2329 1529 Libros
2355 1474 2470 1543 ejus
2498 1472 2852 1543 undequaque
2885 1478 3241 1545 conquisitos.
3268 1488 3325 1534 et

1777 1567 2062 1619 maximam
2114 1574 2319 1631 partem
2376 1579 2533 1617 inanu
2589 1580 2682 1619 sua
2716 1565 3013 1636 descriptos
3070 1569 3325 1625 Ecclesiae

1774 1655 2101 1711 Czcsareensi
2147 1656 2365 1708 dedicat
2418 1654 2732 1726 Pamphilus
2784 1668 2989 1728 martyr
3042 1662 3153 1728 (9).;
3197 1678 3324 1715 ecce

1774 1761 1952 1803 autem
1992 1747 2293 1802 Methodius
2341 1759 2394 1801 et
2439 1748 2754 1805 Eustathius
2814 1762 3079 1821 martyres
3128 1753 3181 1805 in
3230 1768 3326 1809 eos

1776 1841 1973 1895 acriter
2019 1840 2343 1909 insurgunt,
2388 1839 2819 1913 Pachomiusque
2867 1848 3056 1913 abbas,
3091 1860 3321 1904 mortem

1772 1933 1880 2001 jam
1928 1934 2198 1999 obiturus,
2240 1935 2534 1990 monachos
2576 1952 2704 1993 suos
2750 1940 2819 1993 ab
2855 1955 3041 1996 eorum
3094 1941 3325 2000 lectione

1778 2027 2113 2098 gravissimis
2161 2025 2340 2082 verbis
2377 2030 2663 2097 prohibet.
2709 2032 2846 2098 Quid
2893 2049 2999 2087 non
3056 2035 3247 2091 deimlc
3290 2054 3319 2090 a

1778 2123 2091 2192 'l'hcophilo,
2126 2122 2442 2192 Epiphanio,
2472 2122 2705 2179 Honorio
2735 2137 2789 2179 et
2818 2128 3071 2193 Arcadio,
3110 2121 3317 2184 iiecnon

1775 2211 2080 2266 Justiniano
2118 2222 2400 2274 tentatum,
2448 2214 2686 2267 omnium
2722 2215 2789 2267 de
2832 2219 3079 2272 manibus
3114 2220 3147 2273 ii
3198 2221 3320 2275 libri

1778 2311 1836 2353 ut
1863 2294 2263 2367 eicuterentur,
2310 2301 2513 2356 interea
2555 2303 2678 2357 dum
2722 2306 2937 2360 stabant
2973 2310 3040 2363 ab
3076 2307 3331 2379 Origenis

1777 2405 1939 2444 causa
1982 2389 2300 2445 Theotimus
2342 2392 2681 2459 Tomitanus,
2722 2393 2958 2452 Joannes
3003 2398 3324 2473 Cbrysosto-

1779 2498 1921 2547 mus,
1964 2482 2162 2553 aliique
2210 2486 2513 2554 complures
2552 2489 2785 2560 episcopi
2831 2502 2885 2545 et
2915 2495 3194 2560 monachi,
3230 2498 3321 2567 qui

159 2578 327 2644 figunt.
364 2575 474 2630 Nec
514 2579 707 2631 mirum
736 2594 749 2631 :
795 2577 1116 2632 Versabatur
1142 2580 1318 2644 enim,
1367 2590 1500 2635 teste
1543 2579 1649 2634 Ροι·
1705 2572 1747 2626 Β
1775 2571 1890 2642 ejus
1918 2570 2343 2639 damnationem,
2371 2590 2438 2629 ne
2472 2579 2677 2649 scripto
2707 2581 2790 2635 vel
2817 2597 3039 2638 assensu
3070 2599 3323 2655 compro-

159 2668 321 2737 pliyrio
359 2668 460 2738 (c),
502 2670 710 2723 ﬂuit/lto
746 2687 861 2724 cum
894 2670 1134 2727 Platone.
1166 2669 1418 2728 Numenii
1456 2692 1673 2744 quoque,

158 2756 341 2820 Cranii,
382 2761 755 2828 Apollophanis
786 2773 833 2814 et
860 2760 1113 2832 Longini,
1143 2763 1405 2818 Noderati
1448 2768 1603 2819 etiam
1630 2778 1675 2819 et

158 2848 454 2916 Nicomachi,
497 2866 543 2906 et
589 2854 835 2918 aliorum,
875 2858 964 2925 qui
1009 2856 1144 2909 inter
1197 2856 1495 2911 Platonicos
1538 2875 1675 2926 prat-

156 2941 271 3007 cipui
299 2942 565 3004 habentur,
596 2947 788 3009 scripta
818 2948 1052 3014 quotidie
1086 2948 1302 3000 habebat
1328 2949 1381 3000 in
1416 2952 1674 3003 manibus.

156 3032 409 3085 Adhibebat
448 3036 605 3087 etiam
643 3035 989 3090 Cheeremonis
1046 3038 1213 3091 Stoici
1250 3049 1304 3094 et
1346 3040 1561 3103 Cornuti
1611 3044 1677 3096 li-

155 3126 270 3178 bros.
304 3125 365 3179 Et
394 3142 523 3181 sane
550 3129 795 3196 quamvis
839 3127 1101 3197 eiusmodi
1135 3131 1439 3185 testimonia
1480 3134 1676 3187 deﬂec-

154 3225 258 3268 rent
302 3215 580 3286 Origenem
632 3219 685 3272 in
738 3218 824 3272 illa
876 3220 1237 3276 humanarum
1283 3238 1460 3277 rerum
1504 3235 1675 3295 atque

154 3310 327 3362 artium
358 3311 604 3377 scientia,
633 3313 972 3368 declararent
1015 3330 1133 3369 eam
1184 3314 1339 3385 plane
1382 3316 1503 3371 libri
1553 3329 1677 3374 octo

154 3411 315 3453 contra
341 3402 576 3468 Celsum;
602 3405 744 3473 quod
774 3420 907 3475 opus
934 3422 1099 3459 unum
1128 3409 1211 3461 vel
1244 3410 1531 3463 maximam
1559 3426 1677 3479 pro-

151 3490 371 3548 lanarum
436 3496 833 3550 institutionum
895 3498 1204 3567 suppeditat
1270 3500 1572 3556 ubertatem
1621 3511 1676 3558 et

151 3584 355 3651 copiam.

210 3672 379 3738 Qualis
426 3684 607 3727 autem
649 3684 986 3744 quantusque
1032 3678 1084 3731 in
1122 3679 1321 3733 divinis
1358 3679 1551 3745 luerit,
1594 3682 1674 3735 fa-

151 3764 238 3816 cile
275 3762 673 3831 dijudicaretnr,
713 3768 757 3819 si
808 3766 1135 3821 voluminum
1178 3769 1371 3837 ingens
1416 3786 1673 3825 numerus

150 3858 423 3911 certissimo
466 3868 610 3913 esset
654 3858 719 3912 ad
770 3874 1031 3913 summam
1082 3862 1439 3914 erinlitionem
1507 3879 1671 3930 argu-

1775 2662 1989 2727 barent,
2016 2667 2430 2720 recusaverunt?
2460 2666 2820 2741 Hieronymus
2847 2673 3046 2728 clamat
3072 2692 3087 2729 :
3118 2673 3325 2732 Credite

1775 2761 2004 2821 experto,
2031 2754 2182 2823 quasi
2209 2752 2540 2809 Christianus
2572 2758 2884 2814 Christianis
2912 2761 3096 2831 loquor
3120 2779 3140 2818 :
3178 2780 3328 2819 vene-

1776 2854 1901 2897 nata
1931 2854 2053 2898 sunt
2076 2844 2219 2901 illius
2244 2850 2514 2915 dogmata,
2536 2848 2707 2903 aliena
2730 2868 2761 2903 a
2787 2848 3076 2919 Scripturis
3103 2856 3321 2921 sanctis,

1774 2936 1877 2989 vim
1917 2934 2202 3005 Scripturis
2229 2938 2500 3006 facientia.
2524 2941 2594 2994 At
2622 2943 2733 2997 haec
2764 2944 2876 3011 ipsa
2921 2945 3035 2999 loca
3073 2961 3191 3015 qua:
3238 2948 3322 3001 in-

1776 3028 1990 3081 simulat
2019 3028 2317 3083 manil'csta:
2346 3029 2397 3082 in
2443 3030 2756 3086 Trinitatem
2789 3035 3057 3091 haereseos
3102 3048 3326 3094 sanctus

1775 3116 1996 3182 Doctor,
2044 3119 2297 3174 brevibus
2332 3137 2361 3172 a
2406 3122 2633 3192 Didymo
2678 3129 3085 3183 commentariis
3130 3130 3196 3183 ad
3229 3144 3324 3184 ca-

1776 3210 2041 3265 tholicum
2073 3227 2292 3266 sensum
2328 3225 2681 3281 revocantur;
2713 3227 2905 3271 caetera
2943 3235 3072 3273 vero
3099 3232 3189 3275 aut
3232 3236 3329 3276 ca-

1774 3301 1972 3357 tholica
2010 3302 2150 3357 dicta
2187 3302 2351 3357 fuisse
2396 3312 2487 3357 aut
2532 3307 2765 3361 nondum
2796 3307 3051 3365 Ecclesia:
3090 3312 3328 3368 decretis

1776 3394 2117 3459 labefactata,
2147 3412 2265 3466 qua
2293 3400 2498 3455 scilicet
2529 3416 2632 3454 non
2652 3410 2904 3469 tanquam
2935 3404 3180 3473 dogmata
3202 3421 3326 3474 pro-

1776 3488 2015 3558 posuerit
2046 3488 2329 3557 Origenes,
2358 3493 2451 3547 sed
2495 3502 2555 3547 ut
2587 3495 2807 3563 quaesita
2844 3504 3047 3550 tantum
3078 3498 3322 3552 exercitii

1775 3582 2197 3654 uniuscujusque
2236 3583 2445 3653 judicio
2477 3588 2813 3655 permiserit,
2860 3590 3191 3644 contendunt
3220 3589 3327 3645 Eu-

1774 3674 1976 3736 sebius.
2014 3675 2287 3745 Didymus,
2316 3674 2627 3743 Pamphilus
2648 3687 2701 3731 et
2730 3678 2841 3732 alii.

1844 3765 1902 3818 In
1932 3766 2035 3819 bac
2067 3774 2211 3819 tanta
2246 3775 2323 3819 tot
2369 3766 2657 3821 illustrium
2698 3779 2938 3823 veterum
2992 3771 3327 3829 dissensian

1777 3871 1962 3925 aequus
2009 3872 2073 3912 ac
2120 3858 2358 3925 prudens
2418 3872 2596 3912 rerum
2624 3860 2917 3914 aestimator
2956 3863 3271 3918 observabit
3304 3884 3323 3923 :

151 3960 335 4005 mento.
367 3950 686 4006 Vincentius
709 3951 1007 4007 Lirinensis
1034 3952 1112 4025 (Δ)
1147 3951 1376 4007 amrinat
1396 3954 1672 4015 neminem
1702 3921 1747 3979 (ἶ
1779 3949 1835 4001 ί·
1857 3950 1961 4014 Qui
1984 3949 2161 4002 acrius
2189 3950 2241 4001 in
2280 3950 2568 4019 Origenem
2598 3950 3033 4018 insurrexerunt,
3060 3968 3156 4010 eos
3191 3955 3319 4011 dum

151 4042 433 4095 mortalium
470 4043 625 4113 plura
672 4040 976 4114 scripsisse
1005 4059 1162 4113 quam
1192 4044 1509 4113 Origenem.
1544 4043 1673 4110 Quis

150 4146 386 4200 nostrum,
423 4134 599 4205 inquit
632 4136 989 4208 Hieronymus
1018 4134 1111 4208 (e),
1144 4144 1291 4189 tanta
1322 4146 1483 4205 potest
1510 4135 1675 4205 legere

146 4234 323 4289 quanta
356 4224 444 4280 ille
480 4229 824 4294 conscripsit!
862 4226 1011 4281 Mille
1038 4238 1087 4282 et
1126 4244 1185 4280 eo
1212 4227 1434 4295 amplius
1478 4237 1676 4279 tracta-

148 4327 239 4381 tus,
276 4334 403 4386 quas
444 4319 503 4371 iu
557 4319 772 4373 ecclesia
806 4320 1010 4373 locutus
1046 4329 1154 4386 est,
1187 4320 1386 4385 edidit;
1437 4321 1673 4389 innume-

147 4408 316 4461 rabiles
359 4418 614 4477 praterea
662 4411 1082 4475 commentarios,
1112 4426 1242 4481 quos
1288 4411 1397 4478 ipse
1445 4412 1673 4481 appellat

146 4496 341 4565 τόμους.
371 4500 439 4553 Et
464 4500 570 4553 alio
604 4499 658 4553 in
691 4500 829 4565 loco,
872 4500 961 4553 ubi
994 4498 1251 4554 Varronis
1282 4501 1421 4569 apud
1449 4500 1675 4556 Latinos

146 4588 326 4656 scripta
372 4590 553 4642 omnia
600 4588 816 4659 scriptis
863 4587 1111 4659 Origenis
1162 4590 1299 4657 apud
1327 4589 1546 4645 Grzecos
1581 4606 1677 4656 per

147 4679 456 4749 singulorum
530 4682 990 4735 enumerationem
1045 4682 1269 4735 contulit
1314 4699 1328 4736 :
1378 4679 1671 4745 Videtisne,

148 4770 302 4841 inquit
331 4772 422 4845 (ί),
451 4781 503 4825 et
521 4772 736 4826 Gracos
763 4773 965 4840 pariter
1004 4783 1053 4827 et
1091 4772 1307 4827 Latinos
1347 4775 1501 4827 unius
1533 4773 1675 4843 (Ori-

148 4868 302 4937 gcnis)
338 4868 514 4921 labore
545 4866 858 4933 superatos?
884 4863 1013 4928 Quis
1067 4867 1205 4919 enim
1256 4881 1481 4934 unquam
1528 4877 1672 4920 tanta

150 4959 297 5028 legere
321 4962 507 5031 potuit,
536 4970 734 5031 quanta
766 4961 870 5027 ipse
914 4952 1265 5026 conscripsit?
1302 4959 1500 5013 Verum
1527 4976 1672 5015 com—

150 5065 337 5115 pertum
380 5064 494 5117 est,
540 5068 647 5121 quo
690 5052 921 5122 quisque
970 5049 1121 5120 plura
1169 5051 1419 5118 scripsit,
1455 5068 1560 5104 non
1609 5066 1674 5106 eo

152 5156 339 5213 semper
367 5146 680 5207 doctiorem,
705 5151 797 5196 aut
829 5139 1015 5209 majori
1048 5142 1263 5195 nomine
1288 5143 1515 5211 dignum
1547 5156 1671 5195 eva-

1776 4042 1933 4093 noxia
1970 4039 2088 4110 ejus
2131 4043 2310 4095 omnia
2358 4044 2703 4112 opinamenta
2733 4044 2800 4097 ad
2846 4061 3098 4101 nauseam
3148 4065 3325 4113 usque

1776 4133 2004 4187 recitant
2047 4144 2102 4187 et
2139 4134 2273 4188 diris
2311 4135 2595 4200 devovent,
2626 4136 2707 4189 vel
2740 4137 2935 4192 invitos
2968 4140 3099 4193 satis
3145 4140 3327 4194 decla-

1775 4240 1895 4278 rare
1927 4224 2141 4294 probari
2185 4225 2286 4279 sibi
2313 4240 2643 4294 quaecunque
2671 4227 2723 4280 in
2758 4228 2872 4294 ejus
2916 4228 3068 4283 libris
3098 4232 3324 4286 minime

1777 4317 2218 4384 reprehenderint
2243 4332 2258 4369 :
2286 4332 2404 4386 qua:
2430 4334 2551 4372 cum
2581 4334 2805 4375 numero
2832 4320 2991 4390 longe
3016 4323 3162 4390 plura
3191 4323 3320 4389 sint,

1774 4423 1937 4477 quam
1985 4424 2106 4476 qua:
2153 4424 2381 4463 censura
2422 4426 2516 4464 sua
2565 4422 2850 4477 notarunt,
2893 4416 3195 4467 necessario
3230 4430 3319 4470 se-

1774 4504 1955 4568 quitur
1986 4501 2172 4570 paucis
2216 4504 2474 4570 permista
2524 4503 2681 4558 malis
2725 4518 2844 4559 esse
2874 4506 3010 4559 bona
3042 4520 3325 4574 propemo-

1775 4595 1899 4647 dum
1929 4594 2233 4650 innumera.
2254 4595 2316 4648 2°
2346 4595 2421 4649 Ex
2456 4596 2521 4649 iis
2562 4597 2653 4665 qui
2682 4598 2975 4651 ardentiori
3006 4598 3121 4651 zelo
3158 4598 3325 4653 lihrns

1774 4684 1895 4753 ejus
1936 4699 2002 4737 ex
2050 4684 2294 4738 omnium
2343 4687 2595 4739 manibus
2637 4685 2995 4752 excutiebant,
3036 4690 3324 4742 nonnullos

1775 4774 1969 4843 smpius
2006 4774 2056 4827 iu
2085 4790 2272 4828 eorum
2322 4775 2549 4829 lectione
2584 4776 2954 4843 deprehensos
2989 4773 3175 4838 fuisse,
3204 4780 3321 4831 exi-

1776 4868 2006 4920 miarum
2054 4882 2236 4921 rerum
2266 4883 2384 4937 qua:
2419 4870 2616 4936 passim
2648 4868 2701 4920 in
2733 4866 2841 4920 illis
2867 4878 3181 4932 occurrunt,
3224 4872 3323 4921 ad-

1777 4962 2061 5015 miratione
2106 4960 2402 5030 perculsos.
2437 4958 2527 5012 Sic
2571 4959 2901 5026 Theophilus
2939 4958 3027 5011 ille
3076 4957 3326 5027 Origenl-

1775 5054 1991 5118 mastix,
2026 5061 2144 5120 post
2171 5059 2421 5105 vexatum
2464 5049 2657 5103 misere
2686 5049 3145 5119 Chrysostomum,
3176 5051 3321 5106 Con-

1775 5142 2118 5210 stantinopoli
2148 5138 2529 5195 Alexandriam
2561 5141 2752 5204 redux,
2776 5156 2899 5196 cum
2932 5151 3074 5196 esset
3117 5144 3168 5195 in
3199 5143 3324 5198 Ori-

155 5234 293 5288 sisse.
330 5236 475 5305 Quod
524 5238 569 5291 si
611 5236 680 5291 de
708 5235 957 5305 Origenis
1006 5234 1201 5304 peritia
1250 5234 1304 5287 in
1337 5237 1669 5303 exponendis
1702 5253 1745 5306 ι)
1775 5234 1925 5303 genis
1954 5233 2181 5287 lectione
2208 5230 2597 5298 deprehensus,
2633 5234 2769 5286 scite
2795 5232 2964 5297 dixit,
3008 5235 3167 5286 libros
3205 5234 3320 5302 ejus

158 5326 419 5395 Scripturis
453 5331 781 5399 appellamus
807 5339 1040 5391 veteres,
1083 5328 1257 5382 studia
1297 5328 1355 5382 in
1395 5331 1665 5383 contraria

158 5418 465 5484 scinduntur,
496 5432 553 5475 ut
580 5422 721 5475 inter
747 5420 1049 5476 Catholicos
1077 5419 1223 5489 ipsos
1248 5422 1418 5476 sancti
1446 5422 1669 5485 sanctis,

160 5514 449 5580 martyribus
478 5524 775 5584 repugnent
803 5525 1087 5584 martyres.
1112 5512 1263 5567 Illum
1289 5513 1379 5569 alii
1407 5514 1537 5568 velut
1560 5515 1668 5567 hce-

219 5712 281 5784 (n)
318 5713 427 5771 Lib.
456 5713 528 5767 De
554 5714 652 5784 uir.
687 5713 765 5767 ill.

219 5786 281 5851 (ιι)
316 5784 424 5858 Lib.
451 5783 674 5858 vt_llis_t.
701 5784 848 5858 eccl.,
882 5801 1003 5858 cap.
1037 5788 1101 5843 l8
1133 5799 1186 5845 et
1219 5790 1304 5844 l9.

220 5862 280 5921 te;
317 5856 457 5924 Apud
486 5854 686 5908 Euseb.
714 5854 922 5911 ibidem.

219 5927 287 5992 td)
320 5923 368 5979 lu
395 5924 817 5980 Comtttottitorio.

1772 5326 1967 5378 similes
2020 5339 2131 5375 esse
2190 5329 2340 5389 prato
2402 5324 2539 5374 omni
2596 5324 2785 5390 [lorum
2849 5340 3031 5391 genere
3081 5327 3321 5387 consito;

1770 5419 1816 5469 si
1844 5416 1967 5485 quid
1998 5417 2051 5467 in
2096 5413 2157 5465 iis
2204 5413 2393 5465 bonum
2444 5415 2721 5477 inveniret,
2764 5415 2819 5466 id
2848 5431 2903 5466 se
2942 5416 3243 5483 decerpere;
3277 5415 3322 5468 si

1768 5509 1893 5573 quid
1941 5507 2207 5572 spinosum
2263 5506 2545 5571 videretur,
2586 5508 2641 5559 id
2688 5524 2743 5559 se
2794 5519 3039 5574 tanquam
3085 5507 3322 5561 aculeum

1847 5716 1915 5781 (ε)
1956 5712 2125 5781 Epist.
2152 5711 2240 5775 Η,
2273 5711 2410 5763 alias
2433 5710 2522 5765 65.

1841 5776 1907 5851 (ί)
1948 5776 2099 5847 Apud
2140 5782 2317 5833 llulin.
2353 5782 2444 5832 lib.
2473 5796 2506 5831 ιι
2543 5786 2723 5831 contra
2766 5776 3066 5845 llieronym.

1842 5856 1913 5925 (g)
1956 5853 2220 5918 Puinphil.
2253 5854 2303 5904 in
2343 5852 2568 5917 Apulog.
