4140 6306
698 459 772 519 ιδ
1483 418 1485 421 ’
2107 458 2250 513 una

2357 455 2489 510 TlO.
3853 464 3916 516 ib

695 577 991 632 transilire.
1024 577 1169 630 Alios
1201 576 1432 643 denique
1463 574 1678 629 disertis
1733 577 1912 630 verbis
1957 577 2109 627 lateri
2148 576 2263 641 plu-
2297 583 2335 629 Α
2370 569 2484 623 Tibi
2507 588 2626 640 ergo
2658 575 2709 624 in
2741 587 2840 641 quo
2871 575 3072 625 somnio
3098 573 3442 627 Alexandrini
3468 575 3691 627 carceris
3724 582 3920 628 rei-eta—

693 672 832 724 rima
863 685 930 723 ex
962 669 1115 722 libris
1143 672 1258 740 ejus
1289 666 1493 736 percipi
1526 682 1684 735 posse
1715 666 2097 721 emolumenta.
2130 667 2257 732 Quis

689 763 985 823 ardentem,
1015 760 1192 827 inquit
1225 760 1585 832 Hieronymus
1610 761 1710 831 (a),
1749 762 1802 812 in
1834 758 2118 824 Scripturis
2145 762 2260 813 ani-

687 860 835 906 mum
867 871 967 906 non
1014 852 1274 905 miretur?
1305 851 1458 916 Quod
1497 852 1540 905 si
1572 853 1688 919 quis
1729 848 1900 902 Judas
1935 847 2132 902 Zelotes
2165 867 2258 917 ap-

692 948 921 1015 posuerit
945 962 1147 998 errores
1167 947 1303 1012 ejus,
1321 945 1504 998 audiat
1535 945 1698 997 libere
1717 961 1736 998 .'

976 1040 1247 1091 Interdum
1286 1053 1508 1106 magnus
1541 1037 1799 1089 dormitat
1833 1034 2116 1089 Homerus.

764 1109 964 1164 Verum
993 1123 1153 1176 opere
1185 1109 1236 1160 in
1271 1105 1428 1176 longo
1460 1105 1540 1159 las
1569 1116 1651 1159 est
1691 1108 1957 1173 obrepere
1985 1121 2253 1162 somnum.

1443 1195 1700 1263 (Housm.
1723 1197 1912 1251 iuArte
1939 1197 2202 1267 poetica.)

697 1314 823 1368 Non
851 1313 1114 1366 imitemur
1152 1312 1264 1380 ejus
1306 1313 1447 1377 vitia,
1481 1312 1634 1381 cujus
1671 1312 1886 1365 virtutes
1931 1328 2034 1364 non
2067 1327 2257 1380 possu-

694 1425 831 1461 mus.
867 1407 929 1459 Et
976 1405 1299 1460 Vincentius
1349 1403 1652 1456 Lirinensis
1694 1400 1790 1472 (b),
1837 1401 2024 1468 Tanta,
2063 1402 2256 1469 inquit,

692 1501 748 1550 in
786 1514 846 1549 eo
875 1499 1030 1548 totius
1059 1495 1367 1547 eruditionis
1401 1491 1815 1560 magnificentia,
1845 1500 1899 1544 ut
1928 1507 2105 1545 omnes
2131 1488 2260 1560 pene

695 1597 983 1662 superaret,
1019 1604 1078 1638 ac
1110 1603 1278 1653 pauca
1326 1587 1496 1652 forent
1539 1585 1753 1649 divina,
1800 1600 1926 1652 pene
1972 1584 2119 1636 nulla
2161 1585 2259 1636 hu-

693 1697 862 1733 mana:
909 1680 1247 1747 philosophia!
1291 1697 1406 1749 qua:
1456 1697 1560 1733 non
1605 1681 1813 1749 penitus
1863 1680 2254 1750 adsequeretur.

694 1771 828 1840 Ipsis
858 1773 1039 1837 igitur,
1086 1773 1227 1840 apud
1263 1787 1396 1842 quos
1434 1771 1647 1826 violata:
1679 1772 1799 1827 lidei
1852 1787 1976 1826 reus
2008 1772 2252 1836 habetur,

695 1865 835 1918 ultro
880 1865 1201 1929 fatentibus,
1239 1865 1509 1918 maximus
1536 1864 1699 1918 etiam
1735 1863 1786 1918 in
1818 1864 2017 1919 divinis
2049 1863 2257 1918 exstitit

692 1955 976 2026 Origenes.

762 2047 941 2116 Neque
977 2059 1058 2104 est
1091 2050 1231 2113 quod
1270 2050 1439 2110 dicas,
1480 2049 1567 2101 vix
1603 2047 1763 2103 hodie
1802 2049 1936 2104 certi
1982 2047 2254 2117 quidpiam

693 2154 757 2192 ex
786 2142 898 2206 ejus
938 2144 1156 2208 scriptis
1198 2142 1312 2195 erui
1350 2157 1550 2209 posse:
1587 2143 1781 2196 inﬁdas
1827 2142 2028 2211 quippe
2056 2141 2136 2195 eis
2165 2139 2259 2192 ad-

695 2233 923 2285 movisse
958 2226 1147 2286 iuanus
1183 2235 1543 2290 malel'eriatos
1571 2244 1625 2290 et
1668 2235 1951 2289 luereticos
1984 2233 2252 2297 homines,

695 2325 782 2391 qui
815 2324 992 2391 spuria
1025 2341 1242 2393 quoque
1272 2336 1321 2379 et
1354 2327 1532 2382 aliena
1562 2343 1785 2398 prorsus
1813 2344 1976 2395 opera
2008 2328 2108 2382 sub
2138 2327 2257 2396 ejus

697 2417 914 2468 nomine
954 2416 1241 2481 ediderint,
1271 2419 1470 2488 quique
1504 2420 1554 2473 id
1582 2434 1752 2491 genus
1794 2420 2093 2474 facinorum
2136 2427 2255 2488 post

690 2508 805 2574 ejus
865 2517 1088 2561 mortem
1141 2511 1575 2577 ‘perpetraverint
1626 2513 1817 2580 majori
1877 2513 2252 2576 confidentia;

692 2615 937 2668 magnam
991 2610 1249 2668 prteterea
1297 2601 1545 2670 Origeuis
1590 2587 1817 2670 operum
1873 2613 2079 2672 partem
2131 2604 2250 2657 sine

690 2689 879 2744 Graeco
912 2705 1162 2743 sermone
1191 2691 1347 2744 hodie
1375 2691 1796 2746 Clt‘CIlll'tlerrieX
1831 2692 1943 2744 sola
1986 2691 2251 2758 interpre-

692 2785 894 2838 tatione
924 2782 1121 2845 Ruﬁni,
1151 2783 1300 2850 cujus
1331 2785 1472 2836 lluxa
1508 2793 1590 2838 est
1620 2784 1910 2835 admodum
1955 2783 2116 2847 ﬁdes;
2152 2797 2254 2836 nec

690 2889 847 2944 posse
897 2873 1204 2944 quempiam
1257 2873 1381 2927 inde
1428 2889 1608 2928 veram
1661 2873 1968 2930 Adamantii
2017 2884 2251 2927 mentem

689 2967 978 3035 expiscari.
1009 2964 1229 3019 Multum
1266 2966 1411 3019 enim
1453 2966 1607 3020 abest
1636 2975 1694 3020 ut
1725 2967 1797 3019 sit
1837 2965 1954 3026 luet;
1995 2965 2250 3019 librorum

689 3061 806 3131 ejus
835 3070 941 3112 tam
981 3057 1256 3128 explorata
1288 3057 1636 3120 adulteratio,
1665 3072 1831 3126 quam
1866 3056 2082 3111 videtur
2115 3073 2250 3110 non-

691 3153 870 3208 nullis.
896 3151 1119 3205 Constat
1143 3151 1360 3219 quidem
1387 3148 1594 3219 aliquot
1623 3149 1906 3204 bzereticos
1935 3149 2053 3216 ipso
2077 3149 2250 3204 adhuc

695 3248 904 3298 vivente
954 3257 1020 3296 eo
1073 3243 1314 3294 audacia:
1361 3239 1672 3303 devenisse,
1715 3249 1774 3292 ut
1812 3254 1879 3291 ex
1929 3238 2080 3292 libris
2136 3237 2249 3306 ejus

691 3337 947 3408 quosdam
1008 3333 1391 3401 corruperint,
1445 3343 1500 3387 et
1561 3332 1665 3385 alia
1721 3332 1820 3383 sub
1869 3330 1984 3398 ejus
2037 3334 2251 3384 nomine

689 3426 1060 3497 evulgaverint
1117 3423 1354 3491 scripta,
1398 3422 1486 3476 tbi
1545 3435 1607 3474 ea
1663 3421 1848 3476 dicere
1881 3421 2248 3488 'iingebatur,

690 3534 809 3587 quat
846 3529 1122 3582 nunquam
1154 3513 1201 3565 ei
1237 3523 1499 3565 venerant
1543 3511 1594 3563 in
1635 3521 1872 3564 mentem
1923 3509 2014 3579 lc).
2054 3509 2248 3563 Verum

690 3607 1012 3663 brevissimo
1064 3603 1320 3672 temporis
1371 3601 1656 3656 intervallo
1708 3603 1915 3655 detecta
1970 3602 2120 3657 fraus
2171 3614 2254 3658 est

690 3719 798 3760 non
837 3702 952 3755 sine
995 3699 1202 3768 ingenti
1255 3695 1596 3750 lalsariorum
1637 3697 1923 3764 dedecore,
1972 3708 2250 3768 postquam

690 3809 906 3848 suorum
943 3792 1054 3861 ipse
1106 3803 1330 3859 operum
1383 3788 1703 3842 authentica
1751 3789 2083 3859 exemplaria
2130 3807 2251 3860 pro-

691 3885 842 3949 tulit,
888 3883 987 3936 alia
1044 3881 1144 3934 sibi
1199 3878 1332 3932 falso
1382 3879 1658 3948 sapposita
1709 3878 1878 3935 fuisse
1941 3881 2116 3950 palam
2176 3892 2253 3936 te-

689 3987 880 4032 status.
944 3975 1302 4042 Quamobrem
1384 3974 1648 4028 librorum
1709 3972 1827 4039 ejus
1896 3974 2249 4041 adulteratio,

687 4072 899 4126 vivente
951 4070 1068 4139 ipso
1132 4067 1202 4122 ab
1249 4069 1389 4122 luere
1409 4067 1519 4121 .icis
1583 4076 1826 4130 tentata,
1887 4068 2114 4137 posteris
2155 4085 2251 4121 no-

686 4178 810 4220 cere
853 4179 956 4216 non
1008 4160 1219 4231 potuit:
1271 4175 1444 4228 neque
1487 4159 1632 4214 enim
1681 4160 1973 4214 verisimile
2014 4169 2101 4214 est
2145 4161 2250 4214 Ca-

691 4256 932 4321 tholicos,
964 4253 1160 4306 auditis
1185 4267 1246 4306 ea
1275 4253 1340 4305 de
1402 4266 1450 4305 'e
1490 4251 1740 4316 Origenis
1777 4252 2033 4320 querelis,
2085 4251 2251 4306 libros

686 4366 823 4419 quos
869 4346 1110 4401 haaretici
1153 4344 1509 4398 subdide-ant
1551 4344 1704 4397 ﬁctos
1753 4354 1808 4397 et
1851 4343 2249 4397 commentitios

687 4440 1005 4509 posthabitis
1055 4437 1408 4502 exscripsisse
1485 4435 1628 4488 veris
1705 4435 2040 4504 sincerisque
2099 4436 2248 4489 libris

687 4549 823 4604 quos
869 4531 1176 4586 exhibebat.
1240 4528 1444 4581 Deinde
1495 4536 1622 4597 post
1670 4527 1786 4594 ejus
1841 4539 2099 4593 mortem,
2143 4545 2249 4598 qua

2365 677 2476 718 tum
2509 675 2606 729 est,
2637 677 2689 717 ut
2724 683 2839 736 qua:
2867 667 2953 719 ille
2996 683 3113 719 vera
3142 667 3435 734 proﬁtetur,
3479 667 3674 736 falsata
3724 667 3924 736 confin-

2362 758 2500 825 gas.’
2527 757 2628 810 Sed
2658 759 2878 826 forsitan
2921 759 3029 822 hic,
3065 767 3121 810 ut
3152 760 3402 822 Arianus,
3439 761 3502 812 ab
3532 760 3788 814 haereticis
3823 761 3922 814 ad-

2364 852 2476 904 dita
2511 852 2562 902 in
2595 854 2917 905 occasionem
2954 853 3036 904 sui
3071 853 3229 904 traxit
3266 854 3481 918 erroris,
3528 869 3592 906 ne
3619 855 3762 906 solus
3789 835 3927 906 male

2369 944 2594 996 sensisse
2662 956 2842 996 contra
2886 943 3176 997 Ecclesium
3219 956 3532 1012 putaretur:
3556 949 3681 1015 quid
3711 949 3928 1014 respon-

2363 1032 2505 1085 debis
2537 1049 2630 1100 pro
2670 1032 2911 1101 Dii/ymo,
2943 1035 3031 1102 qui
3076 1043 3210 1086 certe
3246 1037 3298 1087 in
3331 1033 3591 1089 Trinitate
3621 1036 3926 1090 Catholicus

2361 1113 2654 1176 est?'(}erte
2687 1123 2770 1176 hic
2815 1125 2869 1175 in
2915 1125 2996 1176 his
3037 1141 3152 1193 qua?
3187 1131 3251 1177 ab
3283 1127 3541 1180 lttcreticis
3578 1129 3633 1182 in
3684 1131 3926 1198 operibus

2360 1214 2546 1266 addita
2593 1228 2733 1277 sunt,
2765 1218 3060 1269 consentire
3114 1234 3215 1268 non
3248 1219 3437 1282 potuit,
3469 1229 3516 1271 et
3551 1220 3604 1271 in
3637 1221 3762 1288 ipsis
3791 1222 3927 1293 Περὶ

2360 1306 2540 1377 ἀρχῶν
2564 1324 2693 1374 quos
2717 1318 2772 1359 tu
2804 1309 3174 1373 interpretatus
3203 1325 3282 1375 es,
3313 1309 3458 1362 libris
3486 1310 3658 1364 breves
3705 1316 3926 1367 dictarit

2359 1399 2810 1452 commentariolos
2831 1401 3016 1469 quibus
3035 1417 3136 1452 non
3161 1411 3369 1470 negaret
3395 1402 3458 1454 ab
3481 1401 3706 1471 Origene
3731 1407 3928 1472 scripta

2360 1505 2475 1557 qua:
2521 1491 2716 1557 scripta
2757 1503 2898 1555 sunt,
2956 1491 3046 1542 sed
3097 1508 3189 1543 nos
3231 1493 3495 1559 simplices
3546 1492 3776 1546 homines
3821 1512 3929 1546 non

2311 1613 2316 1627 ι
2359 1597 2507 1649 posse
2532 1580 2819 1650 intelligere
2861 1599 2975 1652 qua:
3016 1583 3290 1648 dicuntur,
3330 1593 3380 1638 et
3424 1601 3526 1653 quo
3556 1602 3708 1639 sensu
3744 1586 3798 1639 in
3831 1587 3928 1638 bo-

2360 1687 2479 1724 nam
2509 1683 2710 1740 partem
2743 1676 2906 1740 accipi
2935 1675 3156 1726 debeant
3182 1676 3500 1743 persuadere
3519 1688 3766 1730 conatur.
3810 1676 3930 1730 Hoc

2357 1764 2615 1818 duntaxat
2646 1767 2709 1818 de
2743 1764 2880 1817 Filio
2903 1775 2950 1817 et
2975 1763 3172 1824 Spiritu
3201 1777 3407 1819 sancto.
3432 1767 3688 1822 Craterum
3717 1770 3770 1822 in
3802 1769 3931 1823 aliis

2359 1857 2687 1926 dogmatibus
2711 1869 2757 1910 et
2791 1857 3049 1911 Eusebius
3083 1870 3130 1910 et
3167 1859 3421 1927 Didymus
3445 1872 3622 1929 aperte
3647 1864 3700 1914 in
3733 1860 3924 1932 Orige-

2360 1949 2438 2000 nis
2471 1951 2602 2002 scita
2633 1949 2941 2011 concedunt,
2974 1957 3026 2000 et
3074 1951 3212 2018 quod
3256 1967 3434 2004 omnes
3464 1952 3716 2007 Ecclesia:
3747 1971 3930 2020 repro-

2359 2042 2502 2104 bant,
2524 2042 2776 2094 catholice
2800 2049 2850 2093 et
2875 2041 2958 2107 pie
2986 2041 3181 2093 dictum
3206 2025 3316 2095 esse
3337 2043 3642 2113 defendunt.
3658 2045 3929 2100 Prmtcrea

2359 2135 2595 2196 unicum,
2621 2135 2761 2200 quod
2809 2132 2968 2186 affert
3000 2133 3242 2194 liuliuus,
3277 2145 3678 2203 argumentum,
3709 2142 3766 2190 ut
3793 2152 3927 2205 pro-

2357 2223 2443 2276 bet
2476 2223 2721 2294 Origeuis
2751 2240 2914 2293 Opera
2969 2225 3135 2279 fuisse
3167 2226 3235 2279 ab
3282 2226 3552 2279 lucreticis
3580 2227 3789 2290 vitiata,
3824 2241 3929 2293 pe-

2359 2317 2489 2371 titur
2513 2335 2576 2372 ex
2609 2319 2740 2386 locis
2777 2320 2916 2372 inter
2948 2335 3008 2373 se
3040 2319 3424 2388 pugnantibus,
3454 2316 3754 2384 cujusmodi
3785 2334 3931 2372 nou-

2358 2411 2502 2464 uulla
2538 2413 2590 2466 in
2624 2413 2725 2466 hoc
2759 2413 3024 2481 scriptore
3069 2412 3472 2481 deprehendere
3506 2411 3610 2464 sibi
3641 2411 3792 2465 visus
3816 2422 3925 2465 cst.

2365 2504 2578 2568 Verum,
2616 2505 2791 2572 inquit
2843 2504 3330 2576 llieronymus(e),
3385 2507 3427 2556 si
3476 2505 3803 2570 conceditur,
3861 2516 3926 2557 ut

2357 2596 2606 2666 quidquid
2634 2598 2686 2647 in
2723 2597 2870 2647 libris
2915 2598 3147 2649 omnium
3187 2597 3439 2664 reperitur
3481 2599 3823 2663 contrarium,
3854 2601 3925 2650 ab

2357 2688 2480 2740 aliis
2509 2678 2807 2750 corruptum
2833 2687 2922 2750 sit,
2971 2688 3100 2739 nihil
3140 2705 3320 2741 eorum
3357 2689 3455 2741 erit
3499 2706 3718 2759 quorum
3750 2689 3930 2757 fertur

2357 2781 2674 2849 nominibus,
2703 2783 2792 2836 sed
2829 2784 2909 2834 his
2941 2785 3297 2851 deputabitur,
3322 2802 3352 2837 a
3375 2786 3562 2854 quibus
3588 2785 3788 2837 dicitur
3810 2801 3929 2838 esse

2355 2876 2972 2948 uiolatum:quanquam
3024 2889 3069 2931 et
3119 2879 3328 2932 illorum
3374 2895 3477 2932 non
3523 2881 3641 2942 erit,
3689 2897 3924 2946 quorum

2353 2969 2550 3022 incerta
2585 2981 2704 3024 sunt
2738 2971 2972 3025 nomina.
3007 2973 3168 3041 Atque
3192 2974 3261 3025 ita
3284 2975 3394 3042 ﬁet,
3423 2983 3480 3026 ut
3512 2974 3637 3025 dum
3683 2975 3926 3026 omnium

2353 3060 2528 3113 omnia
2567 3071 2710 3123 sunt,
2760 3062 2888 3114 nihil
2923 3062 3148 3130 alicujus
3178 3064 3266 3116 sit.
3307 3063 3419 3116 Hac
3450 3064 3770 3133 defensionis
3799 3082 3928 3129 per-

2355 3152 2649 3205 turbatione
2680 3170 2768 3204 nec
2799 3153 3065 3213 Marcion,
3104 3170 3193 3206 nec
3232 3149 3577 3216 Manichwus,
3609 3173 3698 3207 nec
3735 3155 3922 3216 Arius,

2304 3268 2320 3321 ι
2355 3259 2445 3294 nec
2471 3241 2767 3295 Eunomirs
2797 3245 3037 3295 accusari
3073 3254 3339 3309 poterunt,
3380 3246 3503 3310 quia
3543 3247 3792 3313 quidquid
3822 3260 3923 3297 nos

2355 3333 2420 3384 ab
2449 3333 2529 3385 his
2567 3334 2728 3399 impie
2757 3334 2954 3384 dictum
3005 3333 3368 3401 objecerimus,
3412 3335 3656 3402 discipuli
3699 3351 3922 3402 respon—

2354 3421 2544 3474 debunt
2577 3440 2681 3476 non
2718 3441 2748 3475 a
2785 3425 3047 3491 magistris
3072 3443 3092 3475 s
3138 3431 3177 3476 is
3219 3425 3293 3476 ita
3329 3427 3546 3491 editum,
3593 3428 3684 3480 sed
3719 3427 3782 3479 ab
3812 3428 3926 3479 ini-

2355 3517 2500 3568 micis
2547 3533 2656 3569 esse
2708 3517 2983 3570 violatum.
3020 3517 3131 3571 llo:
3178 3535 3362 3586 genere
3406 3531 3453 3572 et
3496 3523 3593 3573 {ste
3629 3521 3736 3586 ipse
3792 3530 3922 3574 tuus

2353 3609 2506 3674 liber,
2533 3612 2652 3674 tuus
2685 3627 2786 3663 non
2811 3610 2935 3676 erit,
2963 3613 3051 3664 sed
3078 3612 3301 3679 forsitan
3331 3629 3509 3674 meus;
3531 3623 3577 3665 et
3602 3612 3921 3674 uteusliber,

2352 3720 2452 3767 quo
2480 3681 2575 3756 tibi
2601 3711 2877 3756 accusatus
2909 3705 3216 3773 respondeo,
3246 3705 3291 3757 si
3318 3705 3371 3758 in
3393 3705 3481 3756 illo
3510 3704 3711 3775 aliquid
3736 3722 3921 3773 repre-

2353 3795 2613 3857 henderis,
2641 3812 2741 3848 non
2768 3796 2863 3848 erit
2898 3811 3064 3861 meus,
3095 3795 3182 3848 sed
3224 3806 3344 3847 tuus
3373 3813 3404 3846 a
3446 3812 3547 3865 quo
3579 3797 3921 3862 reprehendi-
3990 3861 3992 3863 ,

2353 3897 2458 3939 tur.
2485 3883 2552 3938 Et
2579 3887 2704 3940 dunt
2739 3887 2914 3939 omnia
2951 3887 3019 3938 ad
3051 3888 3322 3939 lucreticos
3353 3885 3538 3954 refers,
3564 3887 3692 3954 quid
3747 3886 3921 3938 eccle—

2352 3980 2572 4034 siasticis
2609 3980 2823 4044 tribues,
2866 3980 3054 4048 quibus
3103 3979 3370 4046 proprium
3427 3977 3560 4029 nihil
3619 3979 3923 4049 relinquis?

2353 4067 2422 4121 Et
2449 4073 2726 4139 quomodo,
2761 4065 2990 4139 inquies,
3046 4070 3099 4121 in
3140 4068 3288 4121 libris
3335 4085 3512 4122 eorum
3548 4071 3732 4122 vitiosa
3771 4087 3916 4122 non-

2353 4161 2502 4214 nulla
2548 4164 2705 4214 sunt?
2732 4161 2791 4215 Si
2838 4177 2917 4213 me
2959 4178 3143 4213 causis
3170 4161 3414 4213 vitiorum
3460 4163 3656 4212 nescire
3693 4177 3921 4227 respon-

2351 4257 2495 4319 dero,
2530 4271 2630 4306 non
2655 4253 2832 4305 statim
2858 4252 2978 4305 illos
3000 4253 3078 4304 ha'
3101 4251 3562 4320 'eticasjudicabo.
3597 4250 3740 4305 Fieri
3767 4254 3916 4305 enim

2350 4354 2538 4413 potest,
2586 4355 2640 4396 ut
2681 4345 2758 4396 vel
2805 4343 3109 4410 sunplicite'
3144 4343 3563 4409 erravermt,rel
3606 4344 3712 4395 alio
3748 4360 3916 4396 sensu

2350 4439 2666 4503 scripserint,
2703 4438 2777 4488 uel
2817 4447 2955 4488 certe
2989 4445 3265 4506 antequam
3301 4438 3714 4490 iniilexandria
3753 4443 3918 4506 quasi

2349 4530 2663 4581 dwmouium
2692 4528 3036 4581 meridianum
3065 4530 3213 4582 Arius
3255 4544 3578 4595 nasceretur,
3602 4532 3916 4585 innocenter

687 4627 864 4696 specie
908 4626 1154 4681 veritatis
1201 4631 1381 4676 movet
1423 4621 1539 4674 haec
1583 4621 1942 4675 adulterat-io?
1997 4622 2243 4686 Ruﬁnus,
2272 4623 2324 4682 D
2349 4621 2586 4687 quaedam
2617 4631 2667 4672 et
2693 4620 2864 4672 minus
2914 4633 3062 4674 caute
3106 4621 3263 4675 locuti
3289 4625 3389 4675 sint
3429 4635 3478 4675 et
3514 4640 3630 4692 quw
3659 4641 3760 4677 non
3781 4642 3917 4692 poc-

686 4729 740 4773 et
787 4720 922 4772 alter
983 4716 1287 4787 apologista
1344 4713 1500 4783 cujus
1559 4713 1807 4767 meminit
1872 4714 2093 4768 Photius
2151 4730 2242 4768 co,

685 4812 803 4864 dice
844 4810 975 4876 H7,
1026 4807 1124 4862 soli
1180 4816 1304 4859 sunt
1358 4805 1449 4860 cui
1511 4807 1612 4857 hoc
1662 4803 1857 4873 cli'ugio
1904 4813 2148 4866 utantur,
2191 4814 2247 4856 ut

687 4918 808 4956 eum
841 4903 908 4954 ab
941 4901 1189 4969 impactis
1218 4898 1427 4952 violate
1462 4896 1582 4950 ﬁdei
1634 4896 1949 4950 criminibus
1992 4896 2238 4951 liberent.

686 4995 833 5048 Scite
863 4994 1112 5064 observat
1145 4992 1371 5061 Hieron)
1389 5007 1508 5045 mus
1553 4989 1954 5058 depravationis
1979 4988 2245 5058 ejusmodi

685 5087 1022 5140 mentionem”
1049 5085 1244 5138 factam
1277 5099 1384 5137 non
1417 5097 1537 5137 esse
1595 5081 1645 5135 in
1679 5080 1933 5150 Apologia
1977 5098 2072 5150 pro
2116 5080 2242 5132 Ori-

684 5161 830 5248 geiie,
866 5190 1026 5242 quam
1059 5175 1151 5227 uni
1201 5174 1424 5244 martyri
1455 5174 1736 5244 Pamphilo
1777 5173 1964 5227 tribuit
1995 5171 2240 5230 Rufinus.

686 5267 930 5337 quamvis
972 5268 1315 5335 praestantior
1347 5283 1473 5335 pars
1519 5268 1750 5323 Eusebio
1798 5265 2065 5335 Pamphili
2100 5263 2240 5317 rele-

685 5363 850 5417 renda
898 5362 970 5414 sit
1013 5370 1255 5428 accepta.
1313 5359 1405 5411 Vir
1448 5359 1784 5414 doctissimus
1843 5358 2120 5420 Eusebius,
2163 5355 2242 5409 in-

684 5455 802 5522 quit
827 5454 1016 5520 (d),....
1043 5469 1130 5520 per
1157 5467 1248 5503 sea:
1273 5451 1534 5502 volumina
1557 5453 1686 5503 nihil
1711 5453 1856 5504 aliud
1895 5450 2021 5521 egit,
2058 5450 2156 5501 nisi
2187 5459 2239 5500 ut

685 5546 958 5611 Urigenem
987 5558 1096 5594 sua!
1126 5541 1366 5606 ostendat
1390 5540 1538 5608 ﬁdei,
1566 5542 1619 5592 id
1646 5556 1719 5594 est
1745 5543 1959 5597 Ariona:
1985 5541 2238 5611 perﬁdia),

682 5647 725 5687 et
771 5633 940 5689 multa
978 5633 1121 5702 ponit
1165 5639 1418 5703 exempla,
1458 5645 1506 5687 et
1553 5637 1648 5687 hoc
1683 5644 1982 5690 constanter
2031 5633 2236 5705 probat.

753 5771 830 5839 (a)
872 5769 969 5838 Ep.
999 5769 1091 5832 41,
1117 5768 1252 5824 alias
1280 5771 1369 5823 65.

753 5844 827 5909 (b)
868 5842 921 5894 In
950 5839 1382 5895 Commonitorio;

753 5915 821 5984 (ε)
866 5911 995 5965 Vide
1018 5910 1172 5978 epist.
1195 5912 1260 5962 ad
1293 5912 1495 5967 amicos
1522 5915 1676 5970 Alex.

2348 4712 2452 4763 sint
2511 4727 2862 4772 perversorum
2911 4714 3181 4765 hominum
3234 4715 3548 4767 calumniam
3611 4715 3910 4771 declinare.

2347 4802 2550 4858 Deinde
2584 4804 2720 4858 hanc
2765 4803 3208 4860 deformationem
3256 4807 3481 4860 liulinus
3530 4812 3916 4860 tantummodo

2347 4895 2578 4964 ponebat
2609 4897 2664 4951 iu
2692 4898 2897 4968 aliquot
2925 4898 3062 4955 libro
3089 4917 3185 4954 um
3219 4901 3359 4968 Περὶ
3397 4899 3598 4969 ἀρχῶν
3621 4902 3754 4955 locis
3781 4916 3916 4969 qua:

2346 4989 2633 5046 Catholica:
2683 4992 2748 5047 de
2779 4993 3046 5048 Triuitatc
3079 4993 3203 5046 lidei
3235 4993 3556 5046 videbantur
3587 4993 3916 5060 adversari;

2347 5083 2460 5148 sed,
2505 5093 2562 5137 ut
2602 5082 2713 5150 jam
2747 5071 3000 5151 diximus,
3037 5086 3222 5138 eadem
3272 5085 3385 5152 ipsa
3418 5083 3532 5136 loca
3577 5098 3673 5152 pro
3704 5089 3915 5153 genui-

2346 5177 2428 5230 nis
2449 5193 2712 5248 agnovere
2747 5179 3008 5233 Eusebius
3036 5189 3087 5232 et
3114 5179 3386 5247 Didymus,
3423 5181 3524 5230 hoc
3557 5191 3664 5230 uno
3692 5178 3908 5232 discri-

2346 5270 2508 5331 mine,
2536 5273 2676 5340 quod
2707 5271 2819 5324 hazc
2875 5272 2964 5324 ille
3011 5271 3075 5322 ad
3125 5270 3404 5331 Arianum,
3443 5270 3531 5322 hic
3562 5271 3627 5323 ad
3657 5269 3912 5326 Catholi~

2342 5376 2462 5414 cum
2510 5377 2727 5416 sensum
2775 5365 3025 5418 brevibus
3076 5361 3294 5415 scholiis
3349 5362 3616 5417 trahebat.
3673 5358 3916 5431 insuper

2342 5469 2674 5524 quzecunque
2707 5470 2735 5508 a
2773 5457 3044 5509 veteribus
3080 5455 3130 5509 in
3180 5452 3518 5523 Origenianis
3566 5457 3779 5522 scriptis
3815 5475 3916 5512 re-

2346 5547 2699 5612 prehensione
2750 5556 2804 5600 et
2848 5564 3073 5601 censura
3125 5547 3283 5617 digna
3316 5548 3428 5600 visa
3475 5557 3618 5612 sunt,
3671 5563 3731 5602 ea
3783 5536 3956 5606 non"

2345 5653 2467 5703 uno,
2493 5638 2700 5693 duobus
2735 5640 2973 5693 tribusve
3009 5639 3302 5694 euuntiatis
3335 5641 3684 5697 continentur
3711 5656 3837 5710 quae
3875 5658 3916 5700 ο

2413 5775 2489 5840 (d)
2519 5775 2633 5828 Lib.
2671 5791 2705 5827 tt
2735 5774 2933 5826 advers.
2957 5773 3154 5841 Rufin.,
3189 5791 3240 5843 p.
3270 5775 3394 5828 407.

2412 5848 2478 5914 (e)
2515 5846 2673 5910 lbid.,
2709 5863 2759 5914 p.
2788 5847 2910 5898 409.
