4126 6308
215 339 286 391 t7
1338 319 1345 324 ’
1631 340 2008 396 ιιιιλιῖνλτῖο.

3381 342 3450 396 l8

213 452 350 506 Iulis
377 451 510 518 Περὶ
543 450 744 520 ἀρχῶν
772 452 924 505 libris
953 462 1207 522 excerpta
1243 455 1372 515 sint,
1413 463 1470 506 et
1500 454 1566 507 ab
1596 454 1784 523 Urige-
1812 460 1856 514 Α
1890 454 2138 522 Origenes
2179 457 2240 508 de
2274 453 2433 508 Patre
2459 465 2505 507 et
2539 454 2677 508 Filio
2708 466 2754 508 et
2788 453 2988 523 Spiritu
3015 463 3196 508 sancto
3216 455 3449 520 dixerat,

211 545 381 595 niano
432 544 710 612 proposito
751 544 1191 613 disjunctissima.
1227 545 1434 614 Corpus
1483 546 1656 614 ipsum
1696 558 1779 600 est

209 634 559 700 Origeniana:
611 636 904 700 doctrinm,
966 648 1339 705 argumentum
1395 638 1580 702 operis
1638 639 1775 706 Περὶ

205 726 437 796 ἀρχῶν,
468 727 811 781 fundamenta
841 728 1035 797 quibus
1066 728 1330 797 integrum
1363 729 1558 783 nititur
1587 728 1773 796 Orige-

209 823 295 874 nis
325 830 588 890 systema,
624 821 910 882 columnae,
958 837 1187 889 quarum
1233 837 1335 875 una
1368 837 1555 876 eversa
1609 833 1774 875 totum

208 927 371 965 ruere
402 928 621 966 necesse
641 922 722 966 est
745 912 1052 967 aediﬁcium.
1091 914 1331 982 Daunique
1359 929 1476 981 qua:
1505 914 1776 967 veteribus

203 1002 342 1066 vitia
377 1005 490 1056 visa
522 1014 648 1057 sunt
684 1005 736 1057 in
761 1005 913 1058 libris
935 1003 1074 1073 Περὶ
1111 1004 1330 1074 ἀρχῶν,
1360 1005 1556 1058 eadem
1592 1006 1775 1060 videas

205 1094 261 1147 in
295 1096 420 1148 aliis
442 1096 598 1163 hujus
621 1095 902 1163 scriptoris
928 1095 1182 1164 operibus
1209 1097 1447 1164 dispersa
1473 1113 1488 1159 ;
1527 1097 1774 1150 doctrina

207 1187 412 1256 ubique
446 1187 656 1248 eadem,
693 1172 884 1240 eadem
918 1187 1214 1258 singularia
1253 1189 1448 1253 ubique
1481 1198 1611 1242 sunt
1653 1190 1773 1257 Opi--

207 1291 486 1332 nantenta.
533 1279 666 1343 Quis
722 1293 880 1346 porro
933 1280 1255 1333 inanimum
1310 1281 1528 1333 inducat
1590 1295 1773 1345 suum,

201 1371 393 1424 omnia
445 1371 604 1422 simul
662 1371 913 1438 Origenis
958 1386 1121 1439 opera
1173 1387 1401 1437 qnorttm
1436 1371 1623 1439 ingens
1657 1382 1774 1425 erat

203 1479 494 1526 numerus,
531 1463 700 1518 fuisse
731 1464 798 1517 ab
831 1463 1101 1518 haereticis
1136 1464 1459 1524 deformata,
1516 1476 1769 1530 perversa

199 1564 257 1608 et
283 1557 637 1620 conturbata,
673 1557 742 1610 ita
791 1569 850 1610 ut
901 1571 966 1610 ne
1000 1572 1166 1610 unum
1199 1558 1417 1624 quidem
1453 1558 1774 1611 remanserit

199 1648 349 1715 quod
380 1647 574 1700 inﬁdas
599 1663 786 1700 eorum
820 1662 1010 1700 manus
1035 1645 1306 1717 eﬂ'ugerit,
1342 1635 1409 1701 ne
1439 1647 1526 1700 illa
1555 1648 1770 1714 quidem

201 1740 400 1807 ingens
431 1740 766 1791 voluminum
813 1738 1048 1806 supellex
1087 1753 1206 1806 quae
1250 1749 1441 1807 suapte
1486 1753 1644 1791 manu
1673 1738 1768 1792 de-

196 1832 406 1898 scripta
466 1831 722 1884 Ecclesia:
770 1831 1098 1884 Czesareensi
1144 1830 1413 1884 dedicavit
1461 1830 1770 1898 Pamphilus

199 1923 450 1992 martyr?
481 1921 673 1975 Credat
709 1921 931 1975 Judwus
962 1921 1161 1988 Apella,
1198 1938 1300 1974 non
1334 1939 1448 1990 ego.

267 2013 430 2078 Quod
467 2014 532 2065 ad
582 2027 744 2082 Opera
797 2022 1006 2080 spectat
1054 2027 1287 2080 quorum
1325 2011 1548 2065 Graecus
1594 2025 1772 2065 sermo

197 2105 438 2169 interiit,
485 2107 541 2158 et
585 2103 698 2159 sola
728 2115 974 2172 superest
1012 2104 1201 2157 Latina
1239 2104 1414 2158 ltnﬁni
1451 2104 1772 2173 interpreta~

196 2197 296 2258 tio,
339 2196 595 2251 homilias
626 2195 678 2249 in
710 2193 892 2250 Jesum
947 2195 1116 2260 Nave,
1161 2196 1218 2250 in
1271 2196 1466 2251 librum
1498 2194 1770 2261 Iudicum,

195 2289 250 2340 in
292 2289 535 2353 psalmos
576 2304 762 2350 xxxvi,
812 2304 996 2342 xxxvu
1033 2299 1085 2342 et
1125 2304 1353 2370 xxsvttt,
1392 2288 1696 2357 simpliciter
1718 2297 1773 2342 se

195 2385 522 2449 «spreuisse
568 2392 622 2435 ut
655 2383 921 2435 invenerat
954 2382 1009 2434 in
1037 2379 1244 2444 Gratco,
1279 2379 1506 2433 Ruﬁnus
1544 2387 1773 2434 testatur

203 2478 251 2526 in
292 2477 642 2541 peroratione
692 2473 975 2540 subjuncla
1025 2473 1448 2528 Commentariis
1477 2473 1528 2525 iu
1559 2471 1789 2540 Episto--

196 2567 304 2619 lant
333 2569 404 2622 ad
431 2569 734 2635 Romanos;
773 2567 824 2620 itt
858 2567 1081 2636 reliquis
1119 2575 1324 2627 autem,
1359 2578 1550 2632 nempe
1586 2564 1638 2616 in
1667 2563 1772 2618 Ge—

197 2660 400 2724 nesim,
455 2660 508 2712 in
550 2659 870 2726 Leviticum,
928 2665 980 2714 in
1024 2656 1242 2720 Isaiam,
1302 2656 1357 2708 in
1414 2656 1572 2709 tomis
1607 2671 1770 2723 super

193 2750 431 2803 Cantica
461 2753 825 2818 canticorum,
872 2753 927 2805 in
975 2749 1367 2818 Explanatit‘me
1409 2747 1664 2816 Epistolas:
1701 2750 1767 2802 ad

197 2837 506 2903 Ronmnos,
544 2843 705 2894 nimia
738 2845 911 2910 ipsum
957 2856 1111 2895 usum
1145 2839 1310 2892 luisse
1338 2837 1575 2901 licentia,
1607 2838 1766 2890 dissi-

200 2937 397 2989 mulari
430 2938 635 3003 nequit.
660 2937 878 2992 Fatetur
900 2937 953 2990 in
983 2935 1070 2989 illa
1095 2949 1257 3002 quam
1289 2933 1398 2986 dixi
1423 2930 1767 3000 peroratione

198 3043 255 3078 se
292 3028 345 3078 in
375 3027 614 3081 homiliis
645 3028 696 3081 in
728 3027 1003 3090 Genesim,
1037 3025 1090 3078 in
1117 3023 1383 3088 Exodnm,
1415 3032 1469 3076 et
1496 3020 1766 3090 praecipue

200 3120 250 3170 in
285 3119 591 3174 Leviticntn
626 3114 791 3174 multa
839 3123 904 3173 de
937 3133 1033 3173 suo
1071 3116 1342 3170 addidisse
1372 3132 1385 3168 :
1418 3113 1583 3179 Quem
1613 3113 1762 3166 labo-
1792 3134 1836 3194 ρ

199 3226 327 3275 rem,
363 3210 562 3277 inquit,
591 3213 910 3280 adimplendi
954 3227 1071 3280 quae
1097 3212 1333 3273 deerant,
1366 3209 1561 3259 idcirco
1591 3221 1766 3260 susce—

197 3302 498 3402 l’i-‘ﬂw,\ue
539 3301 764 3366 pulsata;-
808 3304 1119 3369 qutestiones
1168 3310 1216 3353 et
1255 3299 1446 3353 relicta:
1479 3296 1766 3350 Latinole-

199 3391 333 3442 εξοτὶ
365 3386 647 3457 [ᾱδιίάὶκηι
693 3401 1020 3460 generarent.
1065 3392 1261 3444 Eadem
1294 3391 1393 3443 sibi
1431 3387 1681 3456 permisit
1713 3386 1766 3437 in

203 3481 484 3534 vertendis
507 3482 923 3537 Commentariis
951 3482 1002 3533 in
1042 3478 1334 3550 Epistolam
1366 3483 1429 3531 ad
1461 3479 1761 3530 Romanos.

201 3571 334 3625 Nam
366 3589 493 3626 cum
536 3573 677 3638 apud
714 3575 946 3626 omnium
983 3575 1092 3639 fere
1123 3571 1457 3624 bibliothecas
1492 3571 1764 3639 (incertum

200 3682 299 3734 quo
339 3666 492 3733 casu)
523 3666 795 3733 aliquanta
835 3680 901 3718 es?
930 3665 1042 3732 ipso
1070 3679 1284 3732 corpore
1314 3661 1581 3715 volumina
1608 3662 1764 3712 dces--

202 3767 347 3821 sent,
379 3758 675 3828 adimplere
708 3773 826 3828 qua:
856 3759 1092 3818 deerant,
1125 3766 1275 3825 atque
1312 3756 1365 3807 in
1403 3753 1588 3806 Latino
1613 3769 1765 3820 opere

202 3854 461 3919 integrant
485 3851 904 3917 consequentiam
929 3849 1054 3902 dare
1085 3847 1334 3910 tentavit,
1367 3847 1468 3899 into
1495 3860 1646 3897 omne
1669 3843 1765 3895 hoc

202 3942 378 3994 decem
433 3941 756 3994 voluminum
807 3958 994 4009 corpus
1035 3940 1173 4010 quod
1201 3935 1425 3993 (ἔπειτα
1474 3953 1647 3990 sermo
1698 3937 1766 3988 ad

200 4029 560 4096 quadraginta
617 4028 723 4096 fere
774 4039 868 4082 aut
919 4045 977 4082 ea
1033 4029 1260 4092 amplius
1314 4027 1481 4080 millia
1521 4042 1672 4105 rem!
1709 4041 1765 4105 ,λι

201 4043 560 4096 quadraginta
617 4043 723 4096 fere
774 4043 868 4082 aut
919 4045 977 4082 ea
1033 4043 1260 4092 amptms
1314 4043 1481 4080 mima
1521 4043 1654 4080 versi
1709 4043 1762 4105 ,λι

201 4119 471 4184 perduxit,
506 4121 818 4174 abbreviavit
855 4129 907 4173 et
939 4120 1008 4171 ad
1037 4121 1206 4173 media
1239 4122 1412 4190 spatia
1462 4043 1762 4179 coarctivit.

203 4209 256 4263 lu
288 4213 612 4279 pra-latione
640 4213 704 4266 ad
731 4213 896 4267 libros
924 4213 1062 4282 Περὶ
1094 4212 1293 4281 ἀρχῶν
1320 4211 1512 4265 asserit
1534 4213 1764 4278 primum

202 4320 259 4357 se
296 4306 388 4358 ubi
429 4306 485 4358 in
516 4306 664 4359 hisce
695 4307 846 4360 libris
875 4306 1077 4375 aliquid
1103 4316 1290 4360 contra
1321 4303 1596 4358 idinvcnit
1624 4305 1765 4372 quod

201 4401 268 4451 ab
291 4398 536 4467 Origene
564 4404 778 4456 caeteris
822 4404 874 4455 in
915 4401 1046 4457 locis
1090 4404 1176 4472 pie
1203 4405 1268 4456 de
1294 4401 1560 4456 Trinitate
1590 4401 1767 4455 fuerat

1881 555 1928 596 et
1953 561 2066 614 (Itur:
2095 543 2345 599 Romana:
2377 563 2539 598 aures
2586 545 2725 612 ferre
2755 563 2858 599 non
2887 555 3149 612 poterant,
3181 545 3237 598 in
3269 547 3444 599 melio-

1883 651 1988 685 rem
2029 644 2231 700 partem
2266 636 2330 687 ab
2359 636 2637 704 interprete
2664 644 3018 698 commutata;
3057 645 3243 688 ca‘tera
3271 649 3442 688 autem

1881 726 2129 794 dogmata
2171 729 2234 780 de
2276 727 2578 796 angelorum
2611 729 2791 790 ruina,
2822 727 2885 780 de
2925 727 3224 779 animarum
3267 727 3442 795 lapsu,

1880 819 1943 870 de
1969 820 2367 872 resurrectionis
2396 821 2700 888 pra'stigiis,
2723 822 2786 871 de
2814 820 3006 871 mundo
3048 818 3124 872 rel
3155 818 3444 872 intermun-

1881 909 1962 961 dis
1995 908 2237 979 Epicuri,
2264 913 2328 964 de
2353 911 2686 964 restitutione
2709 911 2944 962 omnium
2970 911 3023 963 in
3056 911 3305 978 a'qualem
3332 921 3442 962 sta-

1879 1011 2011 1064 tum,
2056 1011 2102 1054 et
2147 1002 2312 1055 multo
2342 1004 2422 1056 his
2460 1002 2746 1064 deteriora,
2787 1019 2903 1070 qua:
2947 1003 3156 1068 longum
3195 1012 3329 1055 esset
3362 1019 3443 1056 re-

1879 1102 2069 1159 texere,
2100 1095 2177 1148 vel
2208 1097 2285 1148 ita
2314 1098 2530 1148 vertisse
2557 1107 2612 1148 ut
2646 1097 2698 1147 in
2733 1093 2915 1148 Crer
2958 1095 3244 1159 invenerat,
3272 1095 3350 1147 vel
3378 1095 3444 1146 de

1879 1187 2320 1239 conmtetttariolis
2375 1186 2592 1254 Didymi
2645 1187 2735 1249 qui
2801 1185 3046 1252 ()rigenis
3089 1193 3445 1253 propugnator

1875 1288 1974 1343 est,
2014 1289 2327 1348 exaggerata
2362 1288 2410 1331 et
2437 1278 2674 1346 ﬁrmiora
2703 1277 2956 1347 posuisse.
2989 1276 3145 1329 Fallit
3171 1291 3300 1346 ergo
3327 1276 3442 1330 Bu-

1878 1371 2036 1433 tinns,
2075 1386 2198 1424 cum
2227 1370 2306 1422 ait
2337 1361 2395 1424 se
2421 1370 2703 1434 vertendo,
2736 1369 2867 1421 nihil
2899 1369 3105 1422 dixis~e
3137 1385 3314 1434 suum,
3344 1370 3441 1424 sed

1878 1462 2000 1514 licet
2035 1465 2086 1515 in
2119 1462 2238 1517 aliis
2283 1461 2417 1515 locis
2451 1463 2618 1524 dicta,
2651 1477 2748 1515 sua
2795 1473 2975 1516 tamen
3009 1463 3226 1532 Origeni
3257 1464 3441 1518 reddi-

1877 1555 2042 1618 d’isSe,
2091 1555 2547 1624 quandoquidem,
2596 1562 2732 1607 teste
2780 1554 3134 1625 llicrOuymo,
3178 1554 3438 1610 nonnulla

1873 1662 1936 1700 ex
1973 1649 2436 1702 connucntariolis
2465 1650 2677 1718 Didymi
2712 1666 2822 1704 sua:
2869 1649 3306 1719 interpretationi
3350 1649 3438 1704 in-

1875 1739 2062 1792 seruit.
2649 1739 2658 1746 ’

1952 1829 2143 1883 Verum
2186 1841 2543 1902 prmterquam
2574 1834 2717 1900 quod
2763 1831 3064 1886 Ruﬁniante
3110 1835 3439 1903 interpreta-

1878 1925 2048 1977 tiones
2086 1940 2153 1978 ne
2201 1925 2415 1978 tertiam
2466 1924 2683 1994 quidem
2725 1925 3180 1994 Origenianorum
3210 1940 3434 1994 operum

1876 2025 2082 2081 partem
2145 2015 2304 2068 hodie
2362 2018 2720 2079 constituunt,
2773 2017 3004 2085 paucula
3065 2016 3436 2072 additamenta

1873 2120 1989 2168 qua:
2020 2106 2069 2156 in
2102 2104 2189 2158 illa
2221 2107 2285 2159 de
2317 2122 2414 2162 suo
2437 2108 2668 2160 contulit
2696 2107 2947 2169 Ruﬁnus,
2977 2107 3162 2161 nullibi
3182 2110 3250 2178 (si
3278 2110 3437 2162 modo

1875 2196 2012 2248 forte
2065 2198 2271 2267 aliquot
2317 2201 2384 2253 de
2425 2198 2694 2254 Trinitate
2742 2202 2855 2254 loca
2897 2200 3202 2270 exceperis)
3247 2214 3433 2254 verant

1873 2287 2121 2356 Origenis
2154 2303 2388 2345 mentem
2409 2292 2736 2352 adulterant,
2757 2293 2852 2348 sed
2877 2307 2942 2346 eo
2972 2302 3176 2346 tantum
3205 2291 3434 2345 consilio

1875 2381 2075 2437 inserta
2125 2393 2271 2449 sunt,
2329 2394 2387 2439 ut
2431 2400 2491 2439 ea
2546 2385 3167 2458 magisexplanarelur.
3222 2384 3433 2451 Ubique

1872 2473 2516 2548 Origenesjagnoscitur,
2567 2485 2622 2529 et
2674 2476 2756 2528 vix
2817 2477 3112 2546 quidquam
3164 2478 3435 2545 reperitur

1875 2567 2015 2633 quod
2057 2581 2122 2618 ex
2145 2565 2374 2618 aliormn
2419 2559 2540 2638 qtae
2591 2565 2646 2621 in
2690 2566 2895 2622 Griecis
2923 2568 3180 2637 operibus
3213 2576 3432 2622 exstant

1872 2656 2110 2710 locorum
2169 2658 2458 2714 collatione
2504 2669 2600 2712 aut
2648 2659 2901 2729 Origenis
2960 2675 3100 2722 esse,
3150 2668 3242 2712 aut
3275 2658 3428 2728 juxta

1870 2749 2122 2817 Origenis
2151 2760 2384 2804 mentem
2412 2751 2676 2820 scriptum
2705 2767 2826 2806 esse
2857 2767 2962 2805 non
3007 2753 3426 2806 demonstretur.

1871 2837 1984 2891 llnc
2017 2840 2154 2894 adde
2188 2840 2330 2908 quod
2378 2857 2444 2895 ex
2486 2841 2698 2902 duobus
2737 2843 2998 2896 librorum
3043 2844 3182 2910 Περὶ
3231 2840 3432 2911 ἀρχῶν

1869 2928 2135 2995 capitibus
2162 2946 2332 2997 quoru
2361 2948 2391 2984 u
2428 2931 2689 2986 habemus
2715 2933 2879 2986 etiam
2911 2951 3053 2987 mine
3080 2933 3428 3003 archetypum

1870 3020 2139 3086 Graecum,
2176 3023 2345 3090 liquet
2388 3021 2568 3077 Ruﬁni
2606 3024 3133 3092 interpretationem,
3165 3024 3210 3078 si
3252 3025 3429 3080 minus

1870 3109 2052 3163 haberi
2103 3122 2355 3174 accurata
2407 3113 2624 3177 debeat,
2666 3124 2722 3167 at
2750 3125 2899 3168 certe
2941 3115 3086 3182 rejici
3135 3131 3239 3169 nou
3272 3131 3429 3185 posse

1871 3209 2122 3268 tanquam
2149 3203 2216 3255 ab
2241 3200 2490 3271 Origenis
2519 3215 2698 3258 mente
2727 3207 2983 3260 alienam.

1937 3288 2070 3342 Cum
2111 3289 2275 3359 igitur
2304 3287 2551 3346 ellectum
2587 3294 2658 3346 sit
2702 3296 2954 3348 eximiam
2989 3295 3152 3350 luisse
3181 3297 3427 3367 Origenis

1868 3379 2252 3444 eruditionem,
2295 3397 2402 3461 nec
2438 3384 2653 3452 probari
2689 3397 2855 3454 queat
2886 3389 3118 3442 residuis
3142 3389 3255 3456 ejus
3287 3391 3426 3444 scri-

1869 3472 2143 3540 ptionibus
2173 3474 2365 3528 inﬁdas
2397 3494 2593 3532 tnanus
2628 3479 2934 3534 admovisse
2985 3481 3290 3545 hazreticos,
3329 3499 3427 3537 ne-
3468 3479 3477 3488 ’

1868 3578 1976 3624 ιιιο,
2011 3564 2224 3632 opinor,
2261 3566 2470 3620 inﬁcias
2510 3567 2633 3621 ierit
2681 3569 2890 3636 utilem,
2930 3570 3039 3624 imo
3067 3581 3118 3626 et
3172 3587 3425 3627 necessa-

1869 3652 1999 3704 riam
2041 3667 2160 3707 esse
2197 3656 2515 3720 editionem,
2566 3657 2616 3709 in
2649 3673 2752 3725 qua
2787 3659 2894 3712 huc
2921 3669 2974 3714 et
3008 3661 3133 3715 illuc
3169 3663 3430 3732 dispersa:

1870 3745 1999 3797 tanti
2052 3747 2329 3815 scriptoris
2387 3750 2632 3817 reliquis:
2686 3751 2740 3804 in
2794 3766 2959 3805 unum
3015 3755 3176 3807 veluti
3232 3769 3430 3824 corpus

1868 3836 2212 3905 colligantur,
2260 3841 2507 3908 genuina:
2541 3857 2571 3894 a
2618 3843 2818 3910 spuriis
2867 3856 3242 3908 secernuntur,
3274 3848 3428 3900 exhi-

1869 3931 2096 3984 beantur
2131 3932 2317 3987 Grtcea
2349 3935 2561 4002 quoties
2595 3949 2936 4006 comparent,
2963 3940 3144 3993 omnia
3190 3941 3425 4008 denique

1868 4031 1932 4076 ad
1971 4033 2206 4078 veterum
2262 4028 2753 4095 manuscriptorum
2807 4028 2964 4082 [idem
3025 4041 3422 4086 recenseantur.

1872 4116 2073 4185 Duplex
2105 4119 2353 4186 equidem
2397 4127 2601 4172 tentata
2632 4130 2716 4174 est
2760 4121 2994 4189 Operum
3023 4121 3138 4190 ejus
3170 4123 3222 4175 in
3260 4140 3424 4176 lllttlltt

1869 4221 2066 4273 corpus
2096 4207 2381 4265 collectio:
2411 4207 2584 4262 altera
2617 4210 2816 4273 minor,
2843 4226 3004 4279 quam
3031 4210 3262 4266 Iacobus
3290 4213 3428 4266 Mer-

1869 4299 2012 4354 linus
2043 4302 2202 4369 regia:
2233 4299 2490 4355 Navarrte
2520 4304 2707 4357 doctor
2737 4305 3041 4369 adornavit,
3072 4315 3125 4360 et
3159 4307 3207 4359 in
3251 4307 3424 4361 lucent

1869 4394 2038 4446 edidit
2065 4409 2207 4448 attno
2237 4395 2401 4460 l512;
2453 4397 2619 4454 altera
2668 4397 2828 4466 longe
2868 4399 3117 4468 amplior,
3145 4415 3304 4468 quam
3335 4416 3426 4470 puo

205 4492 513 4552 .telinitum,
537 4492 586 4546 id
609 4493 754 4546 velut
776 4494 1133 4547 adulteratum
1154 4497 1220 4549 ab
1239 4493 1504 4548 haereticis
1527 4503 1615 4546 aut
1633 4508 1763 4562 prae-

1872 4481 2154 4550 blicijuris
2189 4485 2315 4538 fecit
2340 4501 2484 4539 anno
2534 4487 2668 4541 1576
2695 4489 2834 4542 alter
2876 4490 3199 4544 Parisiensis
3239 4493 3426 4544 doctor

207 4587 532 4649 termisisse,
547 4593 640 4637 aut
656 4586 722 4637 ad
743 4584 1078 4639 Catholicum
1101 4601 1316 4640 sensum
1341 4587 1662 4655 quilmsdam
1682 4586 1768 4638 de-

203 4680 429 4743 tractis,
478 4676 802 4747 quibusdam
851 4677 1066 4731 aliunde
1107 4679 1390 4732 accersitis
1447 4693 1762 4742 revocasse;

202 4772 397 4826 deinde
420 4789 505 4837 se,
531 4771 620 4826 ubi
645 4772 905 4839 Origenes
926 4772 1294 4838 pronuntiavit
1314 4773 1555 4840 qumdam
1576 4771 1769 4826 obscu-

208 4865 338 4928 rius,
363 4881 428 4918 ea
464 4881 586 4934 qua)
605 4864 656 4916 in
699 4864 819 4916 aliis
843 4862 958 4927 ejus
982 4861 1136 4915 libris
1161 4865 1401 4930 apertius
1425 4864 1648 4933 legerat,
1679 4865 1766 4915 nd-

200 4959 416 5025 jc-cisse,
461 4969 524 5012 ut
552 4958 814 5012 sententia
848 4956 997 5010 ﬁeret
1032 4954 1367 5023 explicatior,
1411 4955 1548 5008 nihil
1584 4965 1762 5008 tamen

205 5067 356 5103 sumn
389 5051 730 5112 dixisse,sed
765 5049 884 5102 licet
911 5047 962 5099 in
988 5045 1262 5110 aliislocis
1284 5046 1560 5109 dicm/sua
1585 5056 1762 5098 tamen

205 5141 422 5211 Oflgt‘lll
456 5143 780 5197 reddidisse.
809 5142 1048 5206 Addidit,
1095 5141 1267 5209 inquit
1292 5137 1764 5210 Hieronymus(a),

203 5252 314 5299 qua:
340 5253 445 5289 non
471 5245 648 5293 erant.
674 5250 907 5288 asserens
931 5234 992 5285 ab
1011 5237 1189 5286 eodem
1218 5233 1271 5284 in
1302 5231 1419 5285 aliis
1442 5233 1567 5285 locis
1585 5234 1764 5301 dispu-

208 5337 310 5379 tata
337 5343 356 5380 :
383 5327 549 5395 quod,
578 5328 680 5380 nisi
715 5328 828 5396 ipsa
865 5326 980 5380 loca
1015 5325 1404 5388 monstraverit,
1425 5327 1561 5377 unde
1590 5335 1764 5378 trans-

209 5418 384 5470 tulisse
430 5434 488 5470 se
514 5417 666 5479 dicit,
701 5419 918 5485 probare
951 5431 1054 5468 non
1091 5416 1298 5477 poterit.
1341 5413 1604 5468 Prartcrea
1641 5431 1760 5468 cum

212 5524 258 5557 ιη
287 5507 637 5561 ltuﬁnianatn
687 5506 1185 5576 interpretationem
1233 5506 1508 5581 incidisset
1545 5517 1764 5559 sanctus

217 5596 433 5661 Doctor,
462 5598 630 5661 illico,
665 5607 722 5651 ut
756 5608 934 5654 monet
963 5599 1181 5661 ibidem,
1221 5596 1619 5671 animadvertit.
1650 5613 1763 5654 qua?

280 5753 348 5821 fa)
376 5752 494 5808 Lib.
529 5768 544 5806 l
579 5754 760 5806 adrers
810 5751 979 5810 Ruﬁn.

1870 4574 2152 4644 theologus
2183 4575 2459 4633 Gilbcrtus
2486 4578 2890 4634 Genebrardus.
2921 4580 3026 4635 Sed
3062 4582 3186 4649 quia
3223 4582 3421 4635 editio-

1871 4679 1964 4717 nes
1995 4664 2110 4717 istae
2138 4665 2251 4720 suis
2281 4667 2525 4720 numeris
2558 4667 2816 4720 absoluta:
2840 4683 2943 4719 non
2970 4679 3146 4729 erant,
3180 4676 3340 4733 atque
3367 4667 3420 4720 in

1867 4757 1947 4809 eis
1991 4757 2178 4812 Crteca
2218 4759 2688 4820 desiderabantur,
2737 4757 2940 4811 idcirco
2989 4759 3040 4810 in
3085 4759 3425 4828 generalibus

1868 4849 1994 4901 clcri
2037 4849 2298 4903 Gallicani
2348 4849 2607 4910 comitiis,
2655 4864 2775 4917 qme
2824 4848 3044 4903 Parisiis
3086 4864 3227 4902 anno
3263 4851 3419 4913 l635,

1867 4940 2096 4992 subinde
2153 4940 2308 5006 1656,
2364 4939 2634 4993 celebrata
2692 4949 2837 5004 sunt,
2891 4940 3168 4994 decretum
3213 4939 3314 4994 fuit
3368 4952 3424 4994 ut

1869 5033 2116 5100 Origenis
2143 5033 2316 5101 Opera
2352 5033 2490 5100 typis
2522 5033 2696 5085 denuo
2723 5033 2910 5086 Graece
2947 5043 3002 5087 et
3036 5032 3224 5086 Latine
3260 5049 3417 5087 accu-

1870 5128 2038 5180 ratius
2068 5135 2118 5178 et
2149 5127 2362 5180 auctius
2391 5142 2552 5192 quam
2597 5134 2754 5179 antea
2793 5129 3101 5180 ederentur.
3132 5127 3416 5179 Decretum

1869 5217 2159 5272 Gallicana:
2181 5217 2436 5270 Ecclesia:
2466 5218 2750 5286 prtcsulum
2777 5228 2953 5272 exstat
2996 5219 3047 5272 in
3077 5219 3416 5272 comitiorum

1869 5310 2078 5362 illorum
2103 5309 2252 5362 Actis
2281 5311 2346 5360 ad
2371 5311 2510 5362 diem
2537 5309 2600 5362 2|
2634 5308 2874 5362 Januarii
2903 5311 3029 5364 anni
3063 5311 3217 5366 l656.

1867 5401 1950 5455 Du
1976 5403 2500 5466 lundivingt-uniéme
2523 5402 2737 5456 Janvier
2757 5404 2789 5454 ὰ
2805 5403 2918 5454 ltuit
2936 5403 3117 5455 lteures
3139 5403 3208 5453 du
3229 5402 3414 5461 matin,

1991 5495 2359 5563 Monseigneur
2386 5495 2751 5566 l‘Arcltevéque
2774 5496 2867 5549 (ΓΑ
2881 5496 2977 5552 rles
3008 5495 3288 5563 president.

1937 5591 2306 5660 Monseigncur
2334 5590 2695 5653 l'Arc/teréque
2729 5592 2790 5643 de
2832 5589 3058 5642 Tholoze
3093 5609 3122 5640 (ι
3155 5587 3413 5656 riu-porte,
