4140 6306
743 319 812 376 ιο
2134 319 2519 378 ΡΒᾸΞΡΑΤΙΟ.
3875 324 3943 382 20

738 446 791 491 et
817 419 918 499 dit,
945 450 1042 500 que
1069 433 1166 496 lui,
1192 444 1238 486 et
1274 434 1637 502 mouscigneur
1657 434 1721 485 de
1751 431 1876 486 Seez
1901 436 2120 497 uroient,
2151 437 2291 487 selon
2320 443 2366 495 Α
2397 434 2728 503 fragmenta,
2765 449 2882 502 qua:
2914 433 3138 487 omnino
3177 437 3456 490 merebant
3510 449 3567 492 Ill
3614 448 3943 509 occuparent

739 526 1033 580 l'inteution
1059 527 1122 578 de
1159 523 1512 588 l'Assemblée,
1551 524 1758 590 conferé
1784 524 2039 577 ensemble
2059 564 2074 585 ,
2103 534 2150 576 et
2179 526 2288 593 pris
2340 595 2344 598 ‘

741 617 885 674 Puris
915 621 977 672 de
999 618 1240 687 quelques
1279 619 1554 678 docteurs,
1594 618 1665 667 du
1703 616 1854 668 cltoia:
1892 616 1979 667 des
2011 616 2160 668 lieres
2198 617 2287 668 des

745 695 898 763 Peres
927 707 1101 772 Grecs,
1136 709 1263 776 qu'il
1290 708 1446 760 seroit
1480 706 1595 773 plus
1631 707 1667 759 ὰ
1695 723 1882 774 propos
1921 709 1985 759 de
2025 707 2160 774 faire
2191 708 2287 757 int-

737 804 951 868 primer.
980 801 1148 866 Qu’ils
1180 801 1376 853 avoient
1392 801 1542 868 jugl,
1576 816 1674 869 que
1711 802 1785 854 les
1819 816 2012 853 curres
2048 801 2112 852 de
2144 801 2296 883 saint.

733 891 869 946 Jean
898 893 1233 957 Damascene,
1259 891 1540 960 d'Origene
1563 932 1580 956 ,
1625 895 1689 944 de
1723 890 1984 945 Maximus
2003 933 2019 957 ,
2052 903 2100 945 et
2150 891 2282 944 (ΓΕ-

731 987 910 1054 phrem
942 983 1127 1052 Syrus,
1156 985 1346 1036 étoient
1369 987 1438 1037 (es
1459 983 1575 1050 plus
1602 984 1933 1046 trecrssaires,
1968 995 2109 1038 eutre
2131 987 2282 1039 cel/es

731 1076 798 1125 de
840 1083 956 1125 tous
1002 1074 1074 1125 les
1117 1074 1327 1126 auciens
1352 1113 1366 1132 ,
1407 1089 1544 1140 pottr
1581 1075 1744 1134 set-vir
1775 1075 1805 1127 ὰ
1839 1073 1889 1125 la
1926 1075 2156 1126 décision
2189 1077 2280 1128 des

727 1175 1078 1215 controversias
1126 1165 1191 1213 de
1234 1161 1287 1213 la
1342 1161 1605 1228 Religion,
1653 1163 1921 1232 lesqlelles
1978 1169 2280 1220 neaumoins

727 1232 982 1305 n'aooient
1016 1269 1108 1319 pas
1129 1254 1211 1305 été
1235 1252 1524 1317 intprimles
1542 1254 1759 1324 jusques
1783 1257 1851 1309 iri
1875 1273 1937 1309 en
1961 1257 2073 1310 leur
2092 1257 2280 1327 langue

728 1343 1017 1409 origittelle;
1044 1345 1181 1397 coire
1196 1360 1290 1412 que
1316 1343 1368 1398 la
1389 1344 1596 1414 pltipart
1617 1346 1682 1399 de
1696 1346 1834 1400 leurs
1858 1363 2107 1420 ottvrages
2135 1349 2276 1404 n'ont

725 1435 870 1500 point
914 1437 995 1487 été
1037 1437 1305 1500 imprime:
1347 1452 1481 1500 pour
1527 1446 1660 1504 tout,
1709 1438 1928 1509 lesquels
1971 1460 2022 1494 se
2059 1455 2274 1508 petiverit

727 1534 932 1578 trourer
958 1542 1019 1578 en
1046 1526 1268 1579 diverses
1294 1527 1684 1597 bibliotheques;
1715 1540 1768 1584 et
1795 1549 1894 1602 que
1930 1549 2064 1602 pour
2095 1535 2204 1588 tela
2235 1536 2275 1587 il

686 1611 692 1621 ’
724 1616 964 1686 fuudroit
1004 1621 1198 1671 choisir
1234 1621 1450 1688 quelqne
1485 1638 1737 1687 personae
1777 1624 1890 1678 bien
1928 1628 2180 1679 entertdue
2209 1645 2272 1681 ert

720 1700 774 1754 la
805 1702 993 1772 langue
1017 1721 1255 1774 grerque,
1282 1710 1372 1776 qui
1400 1709 1506 1776 prit
1535 1726 1593 1761 ce
1618 1714 1770 1775 soin;
1817 1714 1851 1767 ὰ
1891 1717 2013 1782 quoi
2050 1719 2273 1770 monsei-

2396 526 2586 579 ibidem
2619 525 2814 580 locum.

2460 615 2592 670 Cum
2619 617 2688 670 ita
2710 633 2769 671 se
2809 633 2894 672 res
2926 619 3169 685 haberet,
3203 637 3380 692 operm
3421 622 3651 690 pretium
3675 624 3938 679 iacturum

2392 724 2477 774 me
2509 707 2834 771 existimavi,
2860 711 2903 764 si
2934 723 3213 781 postquam
3247 715 3312 772 ιι.
3342 712 3404 768 Ρ.
3439 715 3500 769 D.
3532 715 3841 770 Bernardus
3871 718 3940 770 de

2391 801 2801 856 Montefalconis
2825 804 3111 872 plaudente
3143 809 3272 862 orbe
3301 808 3562 864 litterario
3588 809 3941 878 Origeniano-

2391 904 2508 942 rum
2561 889 2917 959 llexaplorum
2972 893 3224 961 reliquias
3261 899 3465 951 duobus
3509 898 3723 954 iuol’olio
3771 903 3939 954 tomis

2386 980 2444 1034 in
2469 979 2636 1033 lucem
2657 982 2844 1045 edidit,
2866 997 3054 1037 novant
3074 987 3392 1054 aggrederer
3410 989 3697 1042 editionem
3718 990 3939 1044 Grame-

2387 1071 2666 1138 Latinam,
2706 1089 2825 1143 qua:
2874 1092 2974 1131 suo
3020 1092 3246 1147 quaeque
3299 1081 3489 1136 ordine
3542 1070 3743 1152 reliqua
3799 1086 3932 1138 tanti

2386 1154 2670 1233 scriptoris
2697 1181 2862 1236 opera
2895 1168 3384 1240 complecteretur,
3417 1189 3539 1227 cum
3583 1174 3668 1227 illa
3701 1191 3933 1244 quorum

2383 1251 2569 1309 Graeca
2603 1257 2860 1313 interiere
2895 1260 3120 1330 solaque
3150 1272 3395 1330 superest
3425 1265 3800 1334 interpretatio
3823 1266 3933 1320 La-

2385 1349 2518 1405 tina.
2541 1357 2654 1403 tum
2689 1351 2778 1406 illa
2813 1368 2932 1420 qua:
2961 1354 3146 1409 Grmce
3185 1357 3252 1410 ad
3291 1371 3389 1411 nos
3439 1369 3827 1428 pervenerunt.
3853 1361 3940 1414 Ea

2383 1440 2464 1494 vel
2495 1442 2559 1494 ad
2597 1442 2856 1497 librorum
2897 1460 3176 1501 sacrorum
3223 1448 3720 1518 interpretationem
3758 1453 3931 1521 perti.

2382 1539 2534 1598 nent,
2557 1542 2614 1587 et
2647 1534 2947 1604 ἑξηγητικὰ
2975 1539 3310 1607 appellantur
3335 1541 3404 1595 ab
3429 1541 3642 1609 lluetio,
3682 1544 3765 1598 vel
3804 1554 3933 1598 sunt

2380 1625 2668 1692 peculiaris
2692 1628 2944 1694 instituti,
2977 1639 3032 1684 et
3056 1639 3403 1703 Syutagmata
3435 1635 3501 1688 ab
3532 1636 3721 1690 eodem
3751 1638 3931 1691 nomi-

2380 1726 2594 1772 nantur.
2625 1717 2805 1774 Primo
2843 1722 3068 1791 hujusce
3108 1726 3360 1780 editionis
3405 1736 3550 1781 tomo
3581 1729 3934 1783 continentur

719 1809 885 1864 gneur
909 1797 974 1848 de
997 1795 1128 1851 See:
1155 1815 1187 1851 a
1222 1798 1414 1867 njodté,
1439 1818 1537 1868 que
1563 1802 1669 1855 l‘ou
1693 1808 1928 1870 pourroit
1958 1809 2097 1873 prier
2125 1825 2274 1862 mort-
2306 1801 2347 1855 Β
2375 1807 2749 1879 Syutagmata;
2775 1824 3007 1879 quatuor
3033 1817 3255 1886 reliquis
3277 1821 3575 1887 exegetica,
3605 1821 3928 1890 ad-qnortttn

719 1886 965 1954 seigneur
993 1888 1055 1940 de
1091 1887 1317 1942 Tholose
1344 1891 1408 1942 de
1435 1891 1655 1956 prendre
1681 1893 1726 1945 le
1751 1894 1895 1946 siettr
1920 1896 2112 1949 Aubert
2141 1897 2268 1949 doc-

720 1984 837 2028 teur
858 1979 920 2030 de
947 1977 1238 2046 Sorbonne,
1266 1997 1402 2042 pour
1427 1981 1534 2035 l‘utt
1567 1985 1658 2037 des
1683 1985 1841 2050 deus;
1863 2002 1961 2055 que
1985 1988 2036 2040 la
2060 2005 2268 2053 compa-

717 2070 836 2135 gnie
870 2070 942 2122 l'a
969 2072 1227 2124 ci-devant
1251 2074 1368 2141 prie
1390 2075 1452 2127 de
1482 2075 1676 2128 cltoisir
1715 2093 1850 2140 patir
1890 2079 2154 2132 travailler
2178 2081 2272 2134 sur

715 2163 765 2214 Ie
794 2161 930 2215 droit
962 2161 1160 2224 Conon,
1190 2174 1237 2216 et
1269 2182 1362 2218 sur
1391 2164 1644 2220 l'ltistoire
1669 2164 2098 2237 Ecclesiastique,
2121 2183 2167 2223 et
2191 2172 2268 2225 lui

717 2254 917 2305 donner
946 2253 993 2306 le
1025 2255 1140 2307 soin
1171 2261 1235 2309 de
1265 2267 1394 2310 cette
1422 2257 1753 2325 impression,
1789 2276 1925 2327 pottr
1955 2278 2017 2314 tte
2050 2252 2270 2331 citarger

714 2359 808 2410 pas
835 2341 994 2396 l'Etat
1017 2345 1082 2398 de
1112 2345 1226 2412 plus
1258 2347 1455 2415 grande
1475 2350 1710 2415 depenso.

788 2475 937 2530 Ledit
965 2489 1172 2548 rapport
1194 2485 1491 2535 concertéet
1512 2485 1670 2552 agite,
1686 2487 1896 2540 utesdits
1918 2487 2182 2555 seigneurs
2203 2491 2266 2542 de

717 2566 942 2622 Tholoze
971 2580 1019 2623 et
1043 2572 1106 2622 de
1132 2569 1262 2625 Seez
1283 2583 1370 2626 out
1400 2575 1482 2627 ἑτέ
1508 2559 1652 2641 prie;
1669 2576 1734 2628 de
1762 2578 1952 2630 truiter
1977 2594 2099 2631 avet:
2119 2582 2264 2643 quel-

713 2677 839 2729 ques
864 2661 1194 2730 imprimens
1218 2666 1306 2733 qui
1335 2665 1504 2735 [erant
1529 2669 1580 2720 lu
1601 2670 1864 2724 condition
1885 2670 1937 2724 la
1967 2674 2083 2739 plus
2107 2690 2266 2725 avun-

713 2763 925 2817 tugettse
943 2769 964 2817 ;
990 2767 1039 2809 et
1069 2773 1133 2810 eu
1168 2756 1287 2810 leur
1311 2762 1518 2822 prétant
1545 2761 1598 2814 la
1635 2779 1828 2817 somme
1866 2746 1931 2817 de
1971 2766 2083 2818 ltuit
2124 2769 2265 2820 mille

710 2843 904 2909 liores,
953 2848 1041 2913 qui
1080 2859 1156 2900 est
1209 2859 1355 2902 entre
1386 2849 1461 2904 les
1511 2855 1679 2908 maius
1728 2855 1793 2907 de
1844 2855 2132 2919 Crantoisi,
2188 2857 2262 2910 les

712 2934 911 3002 obliger
941 2936 1332 3005 tilliutpression
1356 2943 1550 2998 desdits
1589 2944 1813 2999 Auteurs
1846 2955 1895 3000 et
1939 2963 2046 3001 una!
2087 2960 2288 3003 autrcs'

709 3025 866 3096 qu‘ils
895 3027 1141 3096 jugeront
1181 3035 1538 3100 necessat'res;
1574 3038 1768 3104 aitque!
1801 3037 1958 3092 (ruite
1986 3039 2049 3092 ils
2090 3039 2258 3108 [erant

711 3127 888 3171 entrer
913 3135 1012 3186 par
1039 3121 1335 3190 preference
1363 3127 1413 3180 le
1437 3127 1579 3180 sieur
1613 3126 1760 3183 Vitré
1783 3170 1800 3193 ,
1845 3131 2152 3198 imprinteur
2190 3134 2260 3185 du
2288 3149 2330 3206 ε

713 3209 913 3281 Clerge.
941 3211 1009 3265 Et
1046 3230 1109 3266 en
1134 3226 1282 3268 outre
1305 3217 1357 3268 lu
1382 3223 1685 3287 compagnie
1710 3239 1742 3274 τι
1784 3222 1958 3277 desire
2000 3241 2097 3294 que
2132 3225 2259 3282 ledit

709 3301 854 3355 sieur
873 3304 1065 3357 Aubert
1095 3305 1175 3371 [tit
1194 3307 1414 3374 emploié
1430 3326 1498 3361 au
1520 3311 1633 3363 soin
1657 3314 1721 3365 de
1743 3312 1906 3367 ludite
1929 3316 2259 3384 impression;

656 3466 662 3471 _
709 3402 760 3446 et
787 3410 925 3462 pour
960 3411 1018 3447 ce
1045 3413 1076 3448 α
1107 3398 1341 3452 ordonrté
1361 3438 1375 3462 ,
1403 3401 1531 3470 qu'il
1561 3419 1677 3456 sera
1725 3409 1920 3461 conche
1956 3425 2049 3460 sur
2089 3410 2260 3463 l'estut

709 3486 801 3537 des
831 3487 1233 3554 grati/tentiam,
1267 3507 1386 3544 avoc
1411 3489 1618 3560 l’ittttre,
1659 3513 1758 3564 que
1793 3503 2153 3571 tuouseigneur
2195 3505 2260 3556 de

712 3573 936 3631 Tltolose
961 3597 1224 3634 nornmera
1246 3601 1378 3651 poua'
1402 3585 1449 3639 le
1479 3588 1618 3643 droit
1647 3590 1853 3646 Canos.
1921 3575 1935 3591 ’

784 3687 955 3747 Porro
978 3692 1321 3748 comitiorum
1351 3707 1471 3752 erat
1497 3714 1697 3766 praeses
1731 3702 2132 3763 illustrissimus
2167 3725 2261 3763 ar-

716 3781 1089 3853 chiepiscopus
1115 3786 1446 3844 Arelatensis
1486 3768 1723 3847 Joattties
1757 3792 1981 3852 loubert
2015 3799 2081 3853 de
2126 3799 2261 3855 Bar-

717 3872 880 3937 rault;
907 3877 1342 3948 archiepiscopus
1366 3881 1662 3939 Tolosanus
1690 3887 1782 3957 qui
1816 3889 1868 3942 iit
1898 3890 2118 3946 decreto
2167 3911 2260 3948 no-

714 3966 969 4032 minatur,
999 3968 1222 4026 Carolus
1254 3974 1319 4027 de
1350 3974 1614 4041 Mouchal,
1654 3980 1735 4041 vir
1759 3982 1971 4038 eximiae
2001 3988 2258 4041 eruditio-

716 4057 802 4110 nis
830 4067 883 4113 et
915 4061 992 4114 rei
1024 4062 1298 4119 litteraria:
1320 4068 1770 4135 studiosissimus;
1798 4074 2077 4146 Sagieusis
2105 4081 2259 4134 deuio

711 4151 1125 4220 que’episeOpus
1163 4153 1398 4212 Iacobus
1428 4159 1476 4215 le
1496 4161 1692 4218 Cantus
1714 4160 1782 4221 de
1813 4165 2132 4235 Pontcarré,
2176 4172 2258 4226 vir

711 4240 892 4294 itidem
937 4243 1184 4311 politiore
1246 4249 1542 4310 litteratura
1588 4258 2006 4315 excultissintus.
2057 4261 2253 4318 Verum

706 4329 978 4382 Aubertus
1006 4371 1020 4390 ,
1072 4334 1196 4399 qui.
1248 4336 1578 4397 Damasceno
1618 4354 1673 4399 et
1713 4343 1949 4414 Origene
1994 4349 2251 4410 omissis.

705 4416 967 4487 Ephrem
987 4422 1178 4492 Syrum
1203 4428 1475 4492 publicare
1489 4435 1870 4499 destinaverat.
1888 4451 1986 4493 nec
2003 4438 2252 4508 Ephrem

707 4511 903 4582 Syrum
926 4515 1113 4581 edidit,
1145 4533 1243 4573 nec
1265 4519 1573 4592 Origenem,
1612 4541 1713 4582 nec
1738 4529 2146 4585 Damascenum.

779 4624 967 4682 Postea
1001 4629 1082 4682 vir
1109 4631 1457 4690 doctissimus
1485 4635 1674 4693 Daniel
1705 4638 1927 4697 Huetius
1953 4644 2113 4699 aliam
2145 4647 2252 4702 sibi

705 4722 985 4789 proposuit
1021 4725 1270 4794 Origeuis
1300 4728 1608 4795 editionem,
1639 4746 1757 4801 qua!
1789 4748 1851 4788 ea
1883 4736 2056 4791 solum
2107 4755 2254 4792 cont-

707 4807 1036 4875 plecteretur
1060 4829 1220 4879 upera
1250 4832 1340 4871 seu
1371 4819 1669 4890 fragmenta
1701 4836 1820 4890 quae
1852 4824 1916 4877 ad
1946 4841 2045 4880 nos
2086 4843 2254 4897 usque

706 4896 908 4956 Graeca-
945 4917 1276 4969 pervenere;
1325 4911 1416 4960 sed
1461 4920 1740 4978 postquam
1787 4912 1994 4970 duobus
2039 4896 2254 4972 iit-lolio

709 4995 868 5046 tomis
889 4995 1094 5061 aliquot
1124 4997 1174 5048 in
1205 5009 1421 5053 sanctas
1458 5000 1673 5056 litteras
1697 5005 1893 5072 partim
1933 5005 2046 5072 jam
2085 5008 2251 5070 edita,

710 5082 900 5149 partim
937 5087 1170 5137 nondum
1218 5089 1359 5140 edita
1397 5089 1698 5161 ἐξηγητικὰ
1743 5092 2062 5165 Rothotuagi
2110 5083 2252 5149 a'nno

709 5172 844 5229 l668
873 5177 1196 5243 publicavit,
1235 5184 1549 5248 rcpentedb
1595 5185 1830 5255 incmpto
1861 5188 2066 5242 destitit
2092 5227 2108 5250 ,
2154 5205 2252 5244 nec

707 5265 812 5317 alia
836 5269 1086 5335 Urigenis
1117 5268 1486 5339 Syntagmata,
1514 5290 1632 5344 qua:
1660 5278 1840 5345 priore
1871 5280 2090 5350 hujusce
2119 5297 2252 5335 mete

705 5356 955 5412 editionis
976 5369 1121 5413 tomo
1140 5362 1508 5430 continentur,
1530 5367 1669 5436 typis
1689 5369 1790 5435 (uti
1813 5368 2251 5440 Origettianorunt
2287 5370 2291 5375 ’

709 5444 802 5500 lib.
833 5463 912 5512 ιιι,
945 5462 1080 5506 sect.
1112 5452 1167 5518 2,
1213 5471 1358 5510 nutu.
1388 5456 1419 5508 7
1441 5496 1457 5522 ,
1498 5460 1820 5526 promiserat
1853 5477 1914 5518 se
1960 5463 2248 5535 facturum)

709 5539 952 5592 mandari
981 5543 1215 5606 curavit.
1245 5543 1360 5599 Huc
1390 5548 1528 5602 adde
1557 5553 1697 5618 quod
1724 5554 1776 5606 in
1797 5553 2007 5611 duobus
2021 5556 2138 5623 ejus
2171 5567 2251 5612 to-

707 5629 828 5695 mis,
861 5633 1056 5698 quibus
1086 5635 1138 5688 in
1165 5646 1380 5692 sanctos
1415 5638 1579 5695 libros
1626 5644 1920 5716 ὲξηγητικὰ
1966 5647 2154 5704 στεεο
2193 5659 2250 5705 et

702 5719 894 5781 Latine
921 5725 1281 5794 continentur,
1306 5729 1528 5798 plurima
1555 5738 1752 5791 omissa
1786 5749 1908 5793 sunt
1932 5740 2032 5794 alia
2059 5742 2242 5796 Graeca
2311 5732 2319 5737 ’

2370 1893 2600 1963 calce'm,
2653 1918 2844 1972 nempe
2895 1904 2951 1958 in
3007 1907 3112 1959 line
3159 1909 3334 1962 ultimi
3381 1910 3510 1962 tomi
3563 1911 3928 1979 subjicientttr

2369 1990 2652 2047 clarissimi
2679 1995 2777 2048 viri
2811 1995 2954 2050 Petri
2993 1999 3226 2054 Daniclis
3258 2001 3431 2056 Iluetii
3458 2001 3798 2073 Origeniuna,
3831 2006 3921 2058 tibi

2369 2084 2601 2149 primum
2632 2088 2939 2143 Adamantii
2986 2093 3154 2146 nostri
3191 2095 3477 2162 perscribit
3523 2096 3685 2148 vitam
3726 2117 3740 2152 :
3793 2098 3923 2152 hinc

2367 2176 2434 2231 de
2455 2177 2576 2244 ejus
2599 2178 2901 2235 eruditione
2921 2181 3138 2238 disserit
3160 2194 3213 2238 et
3237 2185 3522 2254 dogmatis,
3551 2201 3671 2255 quae
3697 2202 3924 2258 magnas

2369 2268 2422 2322 itt
2459 2269 2696 2324 Ecclesia
2725 2273 2851 2325 dum
2881 2273 3105 2338 viveret,
3147 2275 3376 2344 maiores
3411 2286 3531 2346 post
3570 2277 3686 2344 ejus
3711 2280 3920 2335 obitum

2368 2363 2557 2415 turbas
2582 2364 2952 2429 conciverunt;
2986 2368 3180 2436 scripta
3212 2368 3424 2422 demum
3452 2370 3593 2438 ejus,
3619 2385 3737 2438 qua:
3772 2371 3916 2424 utul-

2369 2462 2541 2507 torum
2564 2455 2756 2509 critica
2782 2456 3014 2522 vexavit,
3040 2457 3252 2530 attingit
3271 2470 3324 2513 et
3346 2461 3623 2514 discernit.
3649 2462 3918 2531 Magnam,

2368 2558 2465 2596 nec
2492 2543 2843 2613 immeritam,
2880 2548 3085 2603 auctori
3120 2565 3219 2604 suo
3247 2549 3387 2605 istud
3419 2567 3553 2621 Opus
3577 2555 3716 2618 apud
3738 2553 3921 2608 erudi-

2369 2645 2449 2688 tos
2475 2637 2697 2703 gloriam
2731 2641 2953 2708 peperit.
2985 2640 3338 2707 Quamobrem
3371 2645 3692 2701 instituenda
3722 2649 3917 2706 iterum

2367 2725 2613 2796 Origenis
2662 2731 2767 2784 vita
2792 2771 2809 2795 ,
2850 2733 3315 2804 disceptandisque
3363 2735 3479 2804 ejus
3517 2739 3782 2809 dogmatis
3825 2758 3920 2798 su-

2366 2819 2757 2885 persedendum
2791 2824 2998 2892 putavi,
3035 2840 3119 2890 ne,
3166 2830 3307 2896 quod
3332 2829 3516 2894 aiunt,
3565 2843 3742 2887 actum
3785 2850 3916 2906 age-

2365 2920 2500 2975 rem,
2528 2911 2770 2982 satisque
2797 2913 2985 2968 lectori
3027 2932 3144 2973 meo
3175 2916 3294 2972 fore
3338 2921 3635 2976 arbitratus
3665 2939 3782 2978 sum
3805 2964 3820 2990 ,
3865 2927 3914 2981 si

2362 3002 2787 3073 quotiescunque
2841 3006 3014 3060 valida
3065 3024 3151 3062 me
3203 3010 3472 3066 rationum
3529 3026 3800 3070 momenta
3839 3020 3909 3070 ab

2363 3094 2732 3162 amplectenda
2753 3095 3037 3152 clarissimi
3059 3103 3297 3169 praesulis
3318 3107 3586 3161 sententia
3609 3109 3905 3176 abducunt,

2363 3198 2427 3237 ea
2473 3193 2719 3239 notarum
2767 3197 2823 3242 et
2875 3189 3313 3247 Observationum
3363 3195 3531 3250 instar
3559 3198 3618 3252 in
3662 3211 3908 3257 extrema

2361 3287 2572 3343 quaque
2603 3277 2791 3345 pagina
2809 3279 3141 3335 exhiberem.
3166 3282 3240 3336 Ita
3266 3287 3410 3338 enim
3437 3287 3549 3353 lict,
3581 3296 3640 3341 ut
3670 3305 3776 3343 uno
3805 3289 3912 3348 vel-

2364 3365 2440 3416 uti
2480 3366 2758 3421 oculorqu
2785 3369 3032 3438 conjectu
3060 3372 3217 3427 facile
3244 3377 3474 3444 perspici
3510 3389 3676 3446 queat
3701 3382 3828 3450 quid
3854 3385 3905 3436 in

2361 3466 2645 3524 utramque
2690 3469 2897 3528 partem
2936 3464 3002 3515 ad
3039 3468 3398 3521 accusandum
3447 3467 3907 3530 defendendnutve

2358 3548 2642 3618 Origeuent
2683 3548 2958 3606 all'eratur.
2987 3552 3107 3608 1am
3146 3557 3190 3610 si
3233 3558 3356 3626 quis
3391 3553 3456 3612 ἐκ
3505 3576 3589 3614 me
3634 3566 3933 3630 quaesierit

2358 3655 2454 3693 cur
2481 3641 2659 3696 lttecce
2689 3642 3008 3712 Origeniana
3034 3649 3099 3698 ad
3122 3647 3322 3701 calcem
3354 3652 3524 3705 totius
3570 3655 3753 3721 operis
3781 3653 3907 3722 reji-

2358 3745 2503 3795 cere,
2530 3748 2688 3801 quam
2720 3736 2848 3788 tonti
2889 3738 3046 3802 primi
3079 3737 3245 3794 fronti
3290 3741 3565 3811 praeﬁgere
3596 3746 3904 3811 maluerim,

2358 3822 2568 3879 duabus
2598 3826 2664 3879 de
2685 3827 2868 3882 causis
2901 3829 2952 3882 id
2988 3829 3184 3884 factum
3224 3834 3380 3887 sciat.
3431 3837 3486 3889 l-
3523 3833 3656 3902 Quia
3704 3837 3905 3891 volenti

2272 3952 2278 3963 τ
2355 3913 2490 3968 mihi
2513 3917 2692 3968 omnia
2722 3914 2971 3987 Origenis
3002 3935 3163 3990 opera
3191 3938 3313 3992 quae
3338 3934 3462 3978 sunt
3509 3925 3793 3995 peculiaris
3823 3927 3904 3980 in-

2357 4007 2552 4072 slituli,
2581 4008 2634 4062 id
2660 4018 2743 4064 est
2771 4009 3142 4082 Syntagmata,
3187 4030 3293 4068 uno
3337 4015 3604 4072 volumine
3651 4033 3905 4088 compre-

2358 4097 2611 4166 hendere,
2643 4101 2696 4154 in
2733 4105 3046 4173 ampliorem
3074 4109 3400 4177 omninoque
3428 4111 3745 4164 abnormem
3785 4128 3904 4164 uto-

2357 4190 2460 4245 lem
2501 4195 2832 4252 excrevisset
2883 4206 3058 4251 totnus
3103 4199 3342 4266 primus,
3393 4199 3440 4252 si
3477 4199 3697 4269 insuper
3737 4201 3904 4257 fronti

2354 4282 2568 4348 pmﬁxa
2599 4283 2872 4341 habuisset
2898 4286 3236 4358 Origeniuua.
3261 4290 3318 4342 2°
3341 4288 3474 4356 Quia
3498 4305 3620 4345 cum
3643 4307 3746 4346 non
3770 4309 3900 4360 uno,

2355 4375 2583 4439 duobus,
2620 4376 2858 4430 tribusve
2895 4381 3051 4433 anuis
3091 4381 3327 4449 quinque
3369 4381 3581 4437 in-folio
3629 4384 3900 4440 volumina

2354 4481 2386 4519 e
2425 4468 2563 4537 typis
2599 4457 2760 4522 simul
2790 4471 2939 4524 exire
2965 4472 3206 4536 soleant,
3247 4472 3340 4525 sed
3385 4475 3627 4528 decennii
3667 4479 3897 4544 spatium

2355 4556 2420 4610 iis
2441 4559 2666 4612 edendis
2696 4559 2853 4629 vulgo
2881 4559 3189 4628 impendant
3213 4560 3539 4617 Parisienses
3555 4563 3898 4642 typogrspbi.

2352 4664 2461 4703 non
2495 4650 2860 4718 imprudenter
2885 4653 3098 4720 speravi
3127 4653 3241 4707 fore
3269 4693 3285 4717 ,
3332 4663 3393 4707 ut
3438 4665 3588 4711 tanto
3637 4654 3900 4723 temporis

2353 4739 2633 4796 intervallo
2659 4758 2796 4796 nova
2833 4743 2962 4796 mihi
2995 4745 3046 4797 in
3074 4746 3199 4800 dies.
3225 4748 3290 4800 ad
3329 4745 3773 4817 Origenianorum
3806 4760 3897 4800 re-

2352 4832 2658 4885 censionetn
2691 4832 2778 4887 lus
2812 4835 3113 4899 accederet,
3141 4851 3260 4902 nec,
3305 4837 3446 4905 quod
3481 4835 3603 4890 aliis
3633 4835 3896 4904 plurimo-

2351 4937 2471 4976 rttm
2500 4923 2830 4978 voluminum
2857 4926 3159 4981 editoribus
3185 4929 3402 4980 evenire
3429 4926 3597 4992 solet,
3646 4941 3791 4979 meas
3825 4927 3894 4981 ad

2351 5010 2560 5076 priores
2605 5019 2777 5065 tomos
2807 5014 3248 5078 observationes,
3294 5015 3346 5066 itt
3385 5017 3574 5069 ultimo
3620 5015 3894 5072 volumine

2351 5118 2576 5171 cogerer
2620 5105 2886 5171 castigare
2934 5115 2989 5160 et
3029 5106 3353 5175 palinodiam
3403 5122 3624 5163 canere.
3674 5108 3893 5178 Habes,

2353 5191 2607 5246 benevole
2624 5192 2811 5257 lector,
2829 5198 2995 5252 totius
3014 5199 3237 5267 hujusce
3251 5200 3500 5253 editionis
3515 5212 3888 5271 conspectum.

2350 5283 2486 5348 Quid
2518 5300 2547 5337 a
2579 5285 2807 5340 nobisin
2837 5288 2936 5341 hoc
2958 5292 3130 5358 primo
3159 5293 3658 5363 tutuopotissitnum
3681 5296 3894 5366 praesti-

2354 5385 2461 5428 tum
2491 5376 2579 5440 sit,
2609 5392 2750 5432 nunc
2785 5382 3063 5447 speciatim
3095 5384 3401 5438 dicendum.

2352 5487 2425 5540 De
2449 5489 2679 5570 reliquiis
2700 5492 3035 5571 epistolarttnt
3060 5495 3328 5571 Origems,
3339 5509 3391 5551 et
3413 5500 3639 5571 maxime
3657 5501 3722 5554 de
3738 5503 3888 5571 Afri-

2417 5558 2538 5611 cani
2560 5560 2776 5626 epistola
2804 5567 2871 5616 ad
2897 5558 3178 5640 Origeneni
3209 5577 3256 5620 et
3292 5558 3531 5638 Origeuis
3564 5570 3634 5624 ad
3673 5558 3888 5640 Africa-

2417 5643 2540 5680 num
2572 5645 2809 5696 responso
2836 5651 2990 5702 super
3017 5635 3280 5691 Susanna:
3300 5635 3537 5694 historia.

2421 5743 2571 5799 Unde
2621 5748 2915 5815 prodierint
2962 5754 3302 5825 epistolarum
3351 5756 3599 5827 Origeuis
3647 5758 3888 5829 reliquis
