4140 6306
282 398 343 456 εῖι
1668 394 2053 453 ιδιιίιειἈτιυ.
2394 358 2395 361 Ν
3411 405 3483 462 se

286 534 392 588 qua
418 517 581 570 fronti
607 515 1018 586 Syntagmatum
1050 516 1467 584 premittuntur,
1497 517 1691 584 prmvia
1732 519 1825 569 do-
1853 526 1897 578 Α

282 620 359 664 cet
382 608 672 663 admonitio
701 607 986 677 generalis.
1024 606 1075 659 in
1116 624 1220 675 qua
1260 624 1322 659 ea
1376 619 1581 665 tantum
1619 610 1815 663 omissa

284 711 394 755 sunt
417 716 533 768 qme
563 699 629 752 ad
655 700 833 752 varias
864 708 1107 768 spectant
1146 699 1451 768 ἀμοιϐαίων
1484 700 1718 753 Africani
1765 710 1820 754 et

278 791 516 858 Urigenis
548 789 894 857 epistolarum
944 789 1227 841 editiones.
1282 789 1576 857 Utramque
1614 793 1817 859 primus

282 884 459 935 Latine
491 893 699 935 tantum
730 882 897 936 edidit
923 880 1030 934 Leo
1051 881 1315 943 Castrius,
1355 881 1643 950 Hispanus,
1679 900 1817 952 prae-

281 974 493 1041 lixitque
544 974 657 1027 suis
701 973 751 1024 in
803 973 993 1025 Isaiam
1044 975 1359 1041 prophetam
1414 976 1816 1027 commentariis

278 1048 613 1118 Salmantica'e
644 1065 872 1132 vulgatis
896 1079 1041 1118 anno
1072 1064 1229 1118 1570.
1278 1065 1575 1134 Utramque
1623 1068 1816 1121 deinde

276 1156 545 1212 Gilbertus
587 1156 962 1213 Gcnebrardus
1019 1174 1159 1209 anno
1211 1158 1343 1211 157i
1408 1160 1658 1215 editionis
1706 1177 1817 1215 suae

276 1261 416 1305 torno
449 1252 685 1313 secundo
712 1252 959 1312 inseruit,
990 1252 1259 1305 Gentiano
1287 1252 1536 1317 llcrveto,
1568 1254 1814 1307 Aurelia-

276 1342 445 1408 nensi,
483 1353 538 1395 et
564 1344 824 1397 canonico
858 1342 1107 1397 Remensi
1133 1382 1148 1406 ,
1196 1344 1488 1412 interprete
1532 1359 1599 1397 ex
1633 1346 1817 1400 codice

275 1435 636 1503 manuscripto
684 1434 956 1489 Guillelmi
1012 1434 1191 1490 Sirleti
1244 1434 1555 1489 cardinalis.
1626 1436 1813 1491 Postea

270 1524 503 1594 Africani
545 1529 611 1579 ad
658 1527 941 1595 Origenem
989 1527 1212 1595 cpistola
1244 1530 1446 1598 integra
1494 1545 1615 1581 cum
1661 1529 1814 1582 initio

271 1619 509 1685 responsi
558 1618 803 1688 Origenis
841 1620 906 1673 ad
947 1620 1260 1675 Africanum
1309 1622 1497 1677 Graece
1553 1623 1815 1676 duntaxat

232 1716 236 1719 ‘
269 1710 410 1762 edita
436 1718 517 1762 est
556 1712 805 1781 Augustae
847 1711 1248 1768 Vindelicorum
1289 1729 1430 1768 anno
1462 1714 1596 1769 1602
1620 1755 1636 1779 ,
1684 1730 1811 1768 cura

270 1800 482 1853 Davidis
507 1800 793 1859 Hmscbelii
818 1814 935 1874 post
968 1806 1191 1859 Adriani
1235 1806 1488 1878 Isagogen
1535 1824 1811 1861 sacrarum

270 1891 685 1959 Scripturarum,
708 1904 763 1948 et
789 1895 1034 1966 llesychii
1060 1897 1355 1968 presbyteri
1377 1896 1809 1969 Ierosolymitani

266 1983 614 2052 Στιχηρὸνίιι
638 1985 825 2039 Isaiam
853 1997 907 2039 et
926 1988 1201 2041 duodecim
1222 1989 1525 2057 prophetas.
1553 1990 1810 2059 Responsi

267 2072 515 2143 Origeuis
546 2076 610 2130 ad
642 2076 953 2130 Africanum
984 2077 1345 2148 fragmentum
1373 2080 1597 2134 alterum
1623 2081 1811 2136 Graece

268 2166 393 2220 item
423 2162 590 2221 edidit
630 2167 1117 2235 Patriciusluuius,
1162 2168 1419 2235 Londini,
1445 2186 1590 2224 anno
1632 2172 1808 2237 1657,

270 2267 392 2325 post
417 2258 672 2313 Catenam
699 2259 1010 2315 Grtccornm
1056 2262 1272 2315 Patrum
1315 2260 1368 2315 in
1406 2246 1528 2317 Job.
1575 2264 1811 2332 Denique

266 2358 550 2418 utramque
568 2352 844 2421 epistolam
877 2353 1034 2408 simul
1056 2353 1238 2451 Graece
1263 2365 1318 2409 et
1344 2355 1529 2408 Latine
1561 2371 1663 2407 una
1688 2370 1807 2408 cum

267 2440 489 2511 Dialogo
514 2453 699 2511 contra
733 2443 1095 2509 Marcionitas,
1141 2440 1196 2500 et
1243 2444 1497 2514 Origcnis
1543 2446 1806 2500 Exhorta-

262 2533 500 2587 tionead
544 2534 849 2605 Martyrium
893 2536 1116 2591 Basilete
1163 2551 1303 2589 anno
1351 2535 1485 2589 1674
1534 2537 1587 2589 in
1637 2536 1807 2591 lucem

262 2623 432 2677 edidit
463 2622 699 2680 Joannes
741 2625 1048 2693 Rodolphus
1097 2626 1511 2693 Wetsthenius,
1556 2628 1811 2681 oratorias

262 2712 399 2767 artis
427 2713 483 2767 in
510 2714 748 2781 ejusdem
775 2717 925 2771 urbis
948 2718 1228 2772 acadmnia
1264 2718 1557 2785 professor.
1613 2715 1809 2771 Verum

258 2804 377 2872 ejus
392 2802 555 2858 editio
573 2806 770 2874 triplici
787 2807 1120 2875 potissimum
1138 2808 1349 2863 videtur
1372 2807 1619 2864 laborare
1637 2808 1767 2864 vitio
1789 2825 1806 2863 :

262 2896 318 2948 l°
370 2896 511 2963 quod
556 2898 868 2951 mendosum
918 2899 1230 2970 plerumque
1272 2911 1528 2972 sequatur
1572 2903 1807 2957 codicem

258 2987 722 3056 manuscriptum;
764 2988 827 3042 2°
873 2991 1015 3059 quod
1057 2992 1361 3048 barbariem
1414 3005 1471 3049 ut
1522 2995 1807 3063 plurimum

258 3078 500 3131 redoleat
523 3078 892 3148 interpretatio
931 3080 1117 3136 Latina
1148 3097 1180 3137 e
1224 3084 1441 3153 regione
1483 3084 1657 3141 Graeci
1690 3100 1812 3141 ser-

2104 519 2176 571 οε
2206 522 2354 572 libris
2382 520 2517 587 Περὶ
2550 519 2750 589 ἀρχῶν
2779 537 2870 574 seu
2904 522 2978 573 De
3006 521 3293 589 principiis.

1990 610 2229 675 Quatuor
2263 612 2402 678 Περὶ
2435 611 2635 680 ἀρχῶν
2678 612 2843 665 libros
2886 612 3069 665 Latine
3115 621 3315 666 t:mtum
3377 614 3481 666 Ru-

1922 700 2027 751 lino
2056 698 2347 767 interprete
2375 702 2706 769 (jamdudum
2738 701 2880 754 enim
2914 702 3142 755 maxima
3192 718 3315 770 pars
3360 717 3483 755 ora-

1918 791 2078 868 tinnis
2108 790 2307 845 Graecae
2338 793 2639 865 interierat)
2670 797 2875 862 primus
2898 796 3035 866 typis
3064 796 3301 850 mandari
3327 810 3483 848 cura-

1921 880 1994 932 vit
2020 880 2253 935 Jacobus
2282 881 2534 937 Merlinus
2587 900 2729 938 anno
2765 887 2934 951 1512,
2972 902 3078 940 una
3107 902 3227 940 cum
3270 888 3485 940 caeteris

1903 980 2052 1039 quas
2076 973 2264 1029 Latine
2308 962 2599 1043 ‘repererat
2646 977 2896 1046 Origenis
2940 993 3163 1047 operum
3217 977 3482 1047 reliquiis.

1920 1064 2114 1119 Verum
2152 1067 2297 1120 bono
2325 1066 2398 1121 illi
2436 1069 2640 1122 doctori
2686 1085 2875 1138 parum
2903 1085 3047 1124 cura:
3080 1069 3247 1124 fuisse
3275 1070 3485 1124 videtur

1924 1155 2099 1207 llulini
2132 1155 2221 1208 illa
2255 1157 2562 1224 adprecatio
2587 1174 2689 1227 qua
2718 1160 2769 1212 in
2806 1160 2912 1213 line
2947 1160 3149 1229 prologi
3176 1161 3483 1214 suiomnens

1915 1250 2004 1314 qui
2029 1247 2121 1299 hos
2151 1247 2310 1299 libros
2353 1247 2715 1315 descripturus
2758 1261 2833 1303 est
2870 1252 2950 1304 uel
2984 1251 3245 1314 lecturus,
3274 1252 3332 1303 in
3355 1266 3482 1304 con-

1917 1348 2096 1405 spectu
2150 1337 2245 1392 Dei
2294 1339 2473 1392 Patris
2501 1353 2545 1393 et
2578 1340 2711 1395 Filii
2745 1354 2790 1395 et
2827 1340 3059 1410 Spiritus
3101 1345 3270 1397 sancti
3306 1352 3481 1396 conte-

1914 1441 2108 1495 statur,
2152 1440 2307 1500 atque
2358 1434 2589 1496 convenit
2630 1451 2722 1500 per
2777 1437 2942 1502 futuri
2986 1438 3128 1505 regni
3166 1436 3358 1504 ﬁdens,
3392 1452 3482 1504 per

1916 1522 2309 1575 resurrectionis
2357 1538 2421 1575 ex
2457 1524 2674 1575 mortuis
2724 1536 3147 1588 sacramentum.
3202 1542 3294 1592 per
3331 1526 3480 1579 illum

1911 1611 2356 1679 qui’prarparatus
2390 1625 2462 1667 est
2502 1615 2710 1667 diabolo
2740 1623 2788 1667 et
2816 1616 3013 1683 angelis
3069 1617 3184 1685 ejus
3230 1627 3476 1671 (sternunt

1913 1704 2101 1770 ignem,
2148 1721 2211 1758 ne
2248 1708 2407 1758 addat
2461 1707 2660 1776 aliquid
2706 1707 3010 1774 scriptum,
3042 1724 3104 1761 ne
3131 1708 3373 1777 auferat,
3416 1723 3480 1761 ne

1914 1795 2129 1863 inferat,
2158 1813 2219 1850 ne
2247 1799 2506 1863 immittet,
2533 1800 2625 1852 sed
2662 1798 2899 1866 conferat
2939 1816 3056 1851 cum
3097 1798 3477 1867 exemplaribus

1918 1890 2050 1940 unde
2085 1890 2367 1956 scripserit,
2398 1900 2441 1943 et
2466 1891 2697 1944 emendet
2721 1891 2789 1942 ad
2812 1889 3064 1954 litteram,
3096 1901 3141 1943 et
3167 1890 3476 1959 distinguat,

1914 1989 1962 2032 ct
1994 1974 2401 2033 inemendalum
2455 1981 2532 2032 vel
2580 1996 2681 2032 non
2731 1979 3331 2034 distinctum'codicem
3378 1996 3479 2034 non

1910 2075 2120 2136 habeat,
2163 2089 2224 2126 uc
2259 2088 2501 2125 sensuum
2543 2070 2860 2139 difﬁcultas,
2911 2073 2956 2125 si
3000 2073 3278 2125 distinctus
3316 2075 3479 2125 codex

1912 2183 2012 2219 non
2062 2166 2170 2230 sit,
2223 2163 2449 2232 majores
2506 2164 2851 2217 obscuritates
2906 2164 3189 2233 legentibus
3253 2174 3475 2232 generet.

1911 2255 2112 2323 Nempe
2160 2256 2211 2308 in
2261 2263 2503 2307 veterum
2558 2255 3045 2323 manuscriptorum
3099 2252 3328 2306 lectione
3370 2268 3475 2307 non

1913 2344 2051 2397 belle
2093 2345 2424 2398 exercitatus
2446 2343 2722 2408 Merlinus,
2768 2344 2991 2407 incidit,
3023 2345 3098 2398 uti
3138 2343 3386 2411 conjicio,
3423 2345 3476 2398 iu

1911 2437 2127 2490 unicum
2162 2438 2406 2492 codicem
2446 2437 2830 2502 Sorbonicum,
2873 2444 3185 2491 accuratum
3230 2437 3471 2504 quidem,

1909 2528 2003 2582 sed
2031 2528 2406 2596 frequentibus
2433 2530 2830 2585 abhreviaturis
2861 2530 2934 2584 ita
2961 2530 3299 2599 implicitum,
3337 2540 3393 2583 ut
3421 2529 3473 2583 ei

1911 2631 2044 2687 pene
2067 2619 2133 2671 ad
2160 2604 2373 2687 singula
2410 2622 2573 2699 verba
2598 2620 2843 2699 [laeserit
2896 2636 3053 2691 aqua,
3102 2621 3358 2676 divinarit
3383 2636 3477 2689 po-

1911 2696 2202 2777 tiusquam
2233 2690 2523 2781 legerit,“‘et
2558 2691 2850 2767 divinando
2885 2690 3149 2768 absurdus
3181 2712 3475 2781 saepissime

1907 2775 2241 2853 etridiculas
2287 2775 2388 2869 pro
2445 2775 2697 2871 gignuinis
2743 2804 2999 2859 obtrudat
3049 2775 3329 2859 lectiones.
3385 2804 3476 2858 Sic

1908 2892 2203 2961 saepissime
2229 2864 2357 2963 legit
2382 2864 2541 3038 θρὶξ,
2564 2896 2655 2949 ubi
2689 2899 3093 2967 manuscriptus
3116 2899 3281 2952 codex
3312 2897 3475 2953 habet

1908 2984 2219 3038 dicitur.et
2255 2986 2469 3038 exserit)
2524 2995 2543 3038 t
2582 2986 2822 3038 Hebrmis
2870 2988 2955 3038 ubi
3020 2988 3301 3038 legendum
3358 2999 3475 3038 erat

1908 2984 2137 3042 dicitur.
2164 2991 2219 3037 et
2255 2984 2543 3053 exscripsit
2582 2986 2822 3041 Hebraeis
2870 2988 2955 3042 ubi
3020 2988 3301 3059 legendum
3358 2999 3476 3045 erat

1911 3074 2155 3139 habebis;
2181 3083 2233 3127 et
2263 3074 2378 3137 vice
2409 3090 2562 3129 versa
2595 3079 2795 3131 dicitur
2824 3088 2877 3132 et
2905 3078 3137 3139 habebis,
3171 3081 3260 3133 ubi
3291 3080 3473 3150 legen-

255 3170 438 3224 moni‘s
468 3173 732 3241 apposita;
753 3173 810 3228 5°
836 3173 979 3242 quod
1006 3174 1185 3228 omnia
1214 3175 1327 3228 fere
1352 3176 1600 3247 Origenis
1650 3193 1809 3248 argn-

1910 3170 2036 3219 dum
2069 3173 2188 3218 erat
2213 3165 2353 3220 Deus
2380 3175 2434 3220 et
2463 3166 2717 3221 llebrwis.
2750 3168 2983 3237 Longior
3010 3168 3202 3223 fuerim
3239 3170 3284 3225 si
3315 3179 3472 3225 caste-

256 3273 438 3315 menta
468 3265 663 3333 quibus
686 3264 893 3332 objecta
921 3266 990 3319 ah
1020 3264 1275 3319 Africano
1301 3274 1485 3321 contra
1538 3266 1807 3324 Susanna).

253 3354 545 3425 historiam
572 3355 884 3420 diluuntur,
929 3357 1151 3425 prolixis
1185 3365 1238 3410 et
1285 3356 1462 3411 inutili
1504 3360 1805 3414 eruditione

253 3413 475 3499 refertﬁ
506 3447 645 3500 notis
664 3446 880 3502 elevare
899 3457 1141 3501 conetur.
1171 3446 1361 3514 [Sostra
1382 3448 1544 3503 editio
1563 3447 1747 3503 Greca
1756 3467 1804 3503 ιιι

246 3537 559 3591 orationem
576 3537 645 3590 ab
664 3536 960 3591 innumeris
984 3538 1305 3607 mendisope
1324 3540 1806 3609 manuscriptorum

250 3638 541 3697 purgatam
591 3627 810 3683 exhibet
882 3639 939 3683 et
971 3644 1003 3683 e
1043 3633 1263 3697 regione
1310 3632 1803 3700 interpretationem

252 3718 529 3782 Latinam,
552 3732 694 3787 qua,
726 3719 799 3771 uti
828 3733 1010 3787 spero,
1041 3721 1223 3775 minus
1257 3722 1488 3776 barbara
1522 3721 1805 3789 minusque

250 3809 471 3863 hirsuta
504 3808 788 3864 videbitur.
819 3808 947 3876 Qua:
969 3808 1285 3865 Wetslhenii
1311 3823 1450 3866 nota;
1471 3828 1501 3865 a
1531 3814 1803 3867 Cauwnca

248 3897 359 3951 ﬁde
386 3912 493 3952 non
526 3897 801 3963 recedunt,
831 3913 926 3953 eas
945 3913 1044 3952 suo
1072 3900 1189 3952 loco
1212 3899 1266 3953 iu
1291 3906 1553 3955 extremis
1581 3903 1803 3971 quibus-

243 3973 360 4061 que
400 3991 610 4058 paginis
638 3990 1097 4058 repraesentanda
1132 4004 1249 4044 esse
1269 3991 1543 4057 duximus,
1571 3993 1804 4063 reliquas

232 4096 389 4134 vero
428 4090 486 4133 ιιι
526 4080 847 4146 prolixiores
886 4090 943 4133 et
980 4096 1010 4134 a
1047 4080 1317 4136 Catholica
1366 4083 1470 4138 title
1518 4086 1805 4141 abnormes

244 4172 564 4224 confutatus
616 4170 854 4238 reperies
901 4173 953 4225 in
1002 4172 1465 4227 observationibus
1509 4178 1705 4229 nom-is
1737 4180 1803 4232 ad

244 4258 437 4312 Iluetii
472 4257 663 4311 librum
707 4246 997 4313 secundum
1052 4258 1513 4329 Origeuianorum.
1565 4262 1804 4332 Denique

243 4350 545 4416 utriusque
587 4348 824 4418 epistolae
865 4346 1031 4403 fronti
1077 4353 1352 4419 praeﬁxum
1396 4362 1479 4407 est
1518 4352 1799 4416 monitum,

240 4459 377 4512 quo~
394 4442 676 4512 utriusque
704 4430 991 4495 sinceritas
1017 4446 1301 4499 astruitur.

242 4600 351 4673 De,
398 4602 701 4671 fragmentis
750 4602 999 4655 librorum
1053 4603 1128 4656 De
1193 4612 1600 4673 resurrectione,
1644 4621 1694 4663 et
1743 4614 1805 4666 de

320 4672 636 4739 fragmentis
700 4673 950 4725 librorum
1014 4673 1107 4742 qui
1152 4674 1513 4746 Στρωματεῖς
1563 4672 1805 4749 inscripti

316 4753 466 4795 81111.

318 4896 618 4964 Epistulam
671 4892 915 4964 Origenis
969 4896 1035 4957 ad
1078 4895 1393 4951 Africanum
1434 4902 1500 4955 de
1548 4903 1805 4959 Susanna:

237 4976 477 5039 bismria
524 4985 799 5051 excipiunt
842 4985 1156 5052 superstites
1212 4987 1483 5041 nonnulla:
1545 4991 1803 5047 librorum

241 5073 329 5125 De
357 5075 760 5135 resurrectione,
789 5084 845 5127 et
877 5075 1131 5130 librorum
1163 5073 1489 5130 Stromatum
1541 5082 1801 5151 reliquiae.

241 5162 355 5214 Eas
385 5163 525 5215 uinle
552 5164 601 5215 in
650 5163 785 5216 hanc
809 5162 1094 5218 editionem
1147 5165 1549 5233 adduxerimns,
1602 5169 1805 5226 brevis-

239 5252 390 5303 sima
419 5252 574 5305 docet
612 5264 735 5305 nota
780 5268 899 5318 quae
946 5253 1233 5325 unicuique
1275 5257 1575 5324 fragmento
1618 5241 1829 5325 adjun:

241 5340 417 5404 gitur.
453 5338 506 5390 Id
535 5356 695 5393 unum
734 5340 821 5394 hic
862 5343 1181 5396 monendum
1224 5351 1490 5411 superest,
1519 5342 1648 5396 mihi
1696 5358 1799 5395 non

239 5443 463 5485 certum
503 5433 669 5487 videri
694 5449 763 5489 ea
822 5436 997 5487 omnia
1044 5451 1162 5505 quae
1188 5437 1240 5489 in
1268 5435 1566 5504 fragmento
1616 5439 1802 5508 quinto

244 5519 331 5573 De
360 5524 733 5576 resurrectione
759 5524 910 5591 quasi
953 5522 1199 5593 Origenis
1238 5530 1397 5583 verba
1436 5534 1798 5598 proferuntur.

245 5622 446 5662 msera
491 5611 738 5680 (tricenis
779 5627 918 5667 esse.
963 5612 1122 5667 Forte
1158 5615 1301 5666 enim
1343 5617 1418 5668 sic
1456 5617 1602 5669 illum
1649 5617 1803 5670 finxit

247 5696 562 5767 loquentem
592 5699 968 5771 llicrouymus,
1018 5705 1099 5760 uti
1140 5704 1359 5773 conjicit
1404 5706 1631 5763 lluetius
1677 5708 1798 5764 Oris

252 5794 591 5853 genianorom
619 5793 753 5846 libro
788 5797 1047 5861 secundo,
1072 5805 1260 5867 quast.
1289 5795 1342 5862 9,
1372 5812 1517 5852 num.
1551 5800 1605 5853 7.

1915 3271 2002 3311 ras
2034 3255 2260 3310 'Mcrlini
2310 3257 2761 3313 hallucinationes
2800 3260 2887 3315 hic
2930 3275 3263 3317 enumerem.
3294 3261 3471 3317 Facile

1909 3366 2003 3404 cas
2046 3365 2233 3405 omnes
2280 3350 2642 3436 deprehendet
2687 3355 2934 3423 quisquis
2987 3366 3140 3409 n0tas
3173 3368 3384 3408 nostras
3412 3357 3465 3409 in

1907 3451 2149 3494 extrema
2180 3457 2395 3512 quaque
2440 3444 2631 3513 pagina
2685 3445 2957 3514 appositas
3001 3445 3162 3516 leget.
3207 3446 3468 3501 Praeterea

1907 3534 2051 3597 quod
2081 3534 2351 3587 veteribus
2391 3535 2818 3591 amanuensibus
2854 3528 3072 3601 accidit,
3105 3548 3183 3603 ut,
3222 3538 3308 3592 ubi
3355 3554 3471 3591 ma-

1910 3622 2217 3688 nuscriptus
2240 3623 2406 3676 codex
2444 3638 2603 3691 quem
2634 3625 3033 3694 describebant,
3080 3630 3334 3683 continue
3367 3630 3468 3683 du-

1908 3710 2098 3774 plicem
2120 3710 2394 3779 periodum
2441 3713 2839 3782 ὀμοιοτέλευτον
2878 3715 3156 3781 uﬂ'erebat,
3190 3720 3466 3774 oculorum

1905 3816 2093 3856 errore
2119 3803 2326 3871 decepti
2361 3818 2501 3873 saepe
2527 3820 2688 3858 unam
2725 3808 3060 3875 omitterent,
3089 3809 3141 3863 id
3180 3812 3345 3865 etiam
3377 3829 3471 3868 ac-

1908 3892 2039 3944 t-idit
2063 3891 2111 3945 ei
2146 3893 2237 3959 qui
2266 3894 2502 3946 codicem
2539 3895 2895 3951 Sorbonicum
2926 3899 3166 3968 scripsit,
3202 3901 3299 3955 sed
3320 3914 3469 3970 post-

1902 3992 1965 4033 ea
2012 3979 2295 4035 conferens
2317 3982 2457 4049 quod
2478 3982 2834 4052 descripserat
2860 4000 2980 4039 cum
3007 3990 3300 4058 exemplari
3327 3994 3467 4047 unde

1905 4072 2227 4139 scripserat,
2269 4073 2465 4142 adjecit
2504 4076 2569 4127 ad
2604 4089 2755 4128 oram
2784 4078 2963 4130 omnia
3015 4093 3139 4147 qua:
3185 4082 3466 4149 omiserat,

1906 4162 1998 4216 sed
2043 4163 2114 4216 ita
2166 4164 2372 4219 minuto
2424 4167 2741 4222 charactere
2780 4178 2836 4220 ut
2865 4169 2947 4223 eis
2998 4169 3236 4239 legendis
3291 4173 3467 4240 impar

1904 4251 2067 4307 fuerit
2092 4253 2371 4311 Ierlinus.
2400 4255 2756 4323 Quamobrem
2794 4259 3072 4315 innumera
3101 4273 3227 4317 sunt
3265 4264 3316 4315 in
3345 4266 3461 4332 ejus

1902 4340 2137 4396 editione
2177 4344 2314 4408 loca,
2358 4361 2586 4413 quorum
2632 4350 2935 4403 obscuritas
2978 4350 3061 4405 vel
3113 4352 3211 4420 ipsi
3255 4350 3462 4422 (Edipo

1906 4435 2044 4487 foret
2069 4436 2466 4504 insuperabilis.
2493 4440 2677 4510 Neque
2706 4442 2787 4498 eis
2814 4457 3031 4498 manum
3062 4446 3321 4499 medicam
3366 4446 3459 4499 ad-

1841 4523 1880 4576 Β
1914 4525 2088 4577 hibuit
2125 4525 2524 4593 Genebrardus,
2568 4532 2720 4600 cujus
2747 4533 2913 4588 editio
2939 4549 3082 4588 anno
3115 4534 3249 4588 1574
3291 4531 3356 4589 ne
3386 4535 3463 4589 lao

1910 4608 2019 4669 tum
2042 4617 2254 4685 quidem
2288 4634 2517 4687 unguem
2540 4635 2568 4672 a
2602 4620 2917 4677 Merliniana
2953 4626 3198 4688 discedit,
3228 4629 3270 4681 si
3304 4628 3462 4682 modo

1907 4715 2074 4760 novos
2122 4708 2529 4777 typographicos
2567 4723 2783 4764 errores
2819 4716 3130 4781 exceperis,
3170 4728 3225 4769 et
3266 4733 3456 4773 novam

1904 4815 2065 4867 (piam
2093 4800 2243 4854 initio
2275 4801 2393 4855 libri
2421 4802 2561 4856 tertii
2590 4813 2641 4857 et
2674 4803 2828 4858 initio
2855 4806 2976 4859 libri
3022 4811 3199 4875 quarti
3229 4810 3463 4865 instituit

1910 4892 2151 4944 Latinam
2180 4894 2702 4962 interpretationem,
2737 4897 2975 4965 neglecta
3016 4897 3322 4955 Rulluiana.
3354 4902 3458 4957 De-

1907 4982 2065 5049 nique
2095 4982 2293 5037 Graecae
2320 4986 2624 5053 scriptionis
2666 4986 2908 5056 reliquiae
2934 5005 3071 5058 quas
3099 4992 3290 5059 partim
3332 4992 3456 5046 Plii-

1906 5074 2116 5135 localia,
2163 5075 2355 5140 partim
2403 5077 2623 5144 cpistola
2663 5077 2945 5133 Justiuiani
3000 5082 3343 5150 imperatoris
3391 5087 3459 5141 ad

1905 5164 2133 5229 Menam,
2161 5167 2351 5232 partim
2368 5166 2644 5225 Marcellus
2659 5171 2976 5239 Ancyranus
2999 5174 3139 5241 apud
3169 5174 3457 5230 Eusebium

1903 5256 2178 5319 exhibent,
2207 5258 2256 5310 in
2284 5266 2508 5328 utraque
2533 5261 2766 5316 editione
2795 5264 3190 5331 desiderantur,
3218 5284 3316 5322 nec
3350 5286 3453 5323 non

1905 5362 2069 5413 pauca
2111 5348 2573 5417 interpretationis
2620 5351 3049 5423 Hieronymiana:
3093 5360 3413 5427 fragmenta.

1976 5437 2075 5490 Tot
2105 5440 2247 5493 vitiis
2281 5450 2337 5491 ut
2364 5443 2724 5507 mederenmr,
2762 5444 3100 5502 Rulinianam
3134 5449 3453 5518 interpreta-

1905 5528 2100 5580 tionem
2136 5532 2202 5585 ad
2244 5532 2400 5585 ﬁdem
2457 5547 2551 5589 sex
2602 5536 3100 5604 antiquissimorum
3154 5542 3453 5597 manuscri-

1903 5627 2114 5684 ptorum
2165 5623 2444 5689 diligenter
2493 5626 2928 5695 emendavimus,
2969 5640 3022 5684 et
3073 5633 3282 5697 quoties
3331 5647 3450 5688 sese

1900 5710 2094 5763 obtulit
2145 5716 2410 5769 sermonis
2433 5715 2608 5771 αι’ωοὶ
2641 5729 2731 5787 aut
2758 5722 3220 5789 interpretationis
3259 5724 3441 5783 llic-no-

1903 5802 2164 5872 uymiaua:
2192 5806 2449 5878 particula
2470 5849 2485 5873 ,
2517 5807 2634 5864 eam
2666 5826 2697 5868 e
2728 5815 2942 5884 regione
2972 5802 3349 5887 apposuimus,
3386 5831 3448 5878 ut
