4140 6306
613 432 684 480 ⁸25
2026 427 2413 483 Ρ11.·1’ἶ1“”ΛΤΙΟ.
3780 422 3848 478 21

608 554 720 590 ιιιιο
751 538 1028 592 oculorum
1060 540 1304 610 conjectu
1342 540 1552 594 facilius
1585 540 1757 593 lector
1779 541 1984 609 judicet
2014 540 2190 608 qualis
2219 545 2264 599 Α
2295 538 2425 592 Nam
2485 539 2823 593 clarissimus
2867 538 3116 593 dominus
3149 537 3386 592 Joannes
3421 535 3640 589 Walker
3670 579 3683 599 ,
3729 551 3876 604 pre-r

612 630 681 682 sit
721 625 900 682 Ruﬁni
971 631 1284 698 interpretis
1339 633 1490 698 ﬁdes.
1543 631 1820 697 Ejusmodi
1884 632 2193 700 fragmenta—

609 735 837 773 numero
881 729 1006 773 sunt
1036 722 1252 776 circiter
1283 723 1642 792 quadraginta
1680 724 1808 787 duo,
1835 731 1889 775 et
1918 723 2181 776 interdum

607 811 802 864 accidit
832 822 886 864 ut
913 819 1099 866 eadem
1130 814 1380 868 columna
1433 818 1595 868 modo
1627 817 1678 868 in
1721 815 1990 884 duplicem
2035 827 2178 869 secta

607 903 673 952 ab
705 917 807 953 una
837 913 988 968 parte
1018 917 1368 971 repraesentet
1421 905 1608 960 Graeca
1635 947 1650 970 ,
1681 907 1748 960 ab
1781 908 1949 959 altera
2000 907 2178 961 Ruﬁni

607 993 1153 1063 interpretationem;
1184 997 1262 1048 vel
1292 999 1415 1051 hinc
1440 999 1637 1063 Ruﬁni,
1667 1000 1812 1054 illinc
1843 1000 2178 1071 Hieronymi;

604 1084 686 1138 ti-l
723 1088 843 1140 liiuc
873 1087 1081 1151 Grmca,
1142 1090 1289 1143 illine
1341 1093 1756 1146 conversionem
1811 1109 2044 1158 novam,
2091 1095 2178 1147 ubi

599 1177 748 1230 ili-est
781 1178 1099 1245 Ruliuiana;
1135 1185 1289 1234 modo
1320 1183 1370 1235 in
1394 1184 1660 1250 triplicem
1694 1185 1888 1249 divisa,
1923 1187 1974 1238 iu
2006 1187 2182 1238 medio

601 1270 842 1336 proferat
881 1270 1089 1337 Graeca,
1117 1291 1144 1325 a
1179 1274 1618 1340 sinistris‘Ruﬁoi
1650 1277 2180 1344 interpretationem,

598 1370 644 1412 et
670 1380 694 1411 :i
718 1363 920 1414 dextris
939 1381 1152 1429 novam,
1177 1367 1262 1418 tibi
1285 1366 1436 1420 deest
1460 1367 1902 1436 Ilieronyniiana;
1932 1368 2180 1423 velcxbi-

598 1451 725 1506 beat
777 1470 805 1506 a
859 1455 1096 1509 sinistris
1164 1473 1284 1524 quae
1339 1458 1696 1529 Hieronymus
1759 1461 2066 1523 convertit,
2126 1462 2176 1515 iu

600 1547 775 1597 medio
807 1547 1026 1608 Cra-ca,
1057 1561 1108 1600 et
1156 1565 1182 1600 a
1236 1550 1446 1603 dextris
1507 1553 1926 1606 conversionem
1987 1569 2176 1605 novam

599 1634 1020 1706 llicronyniiana
1055 1642 1477 1694 accuratiorem.
1519 1641 1760 1710 Denique
1799 1642 2060 1694 collocata
2096 1654 2177 1697 est

597 1727 651 1777 in
688 1725 862 1780 fronte
894 1729 1061 1783 totius
1098 1731 1278 1797 operis
1316 1733 1644 1797 admonitio,
1688 1747 1793 1801 qua
1837 1735 2072 1786 breviter
2098 1736 2178 1786 in-

598 1819 811 1872 dicatur
845 1841 856 1873 :
894 1821 948 1872 1ο
991 1837 1097 1888 quo
1136 1833 1380 1890 tempore
1410 1824 1507 1877 bos
1539 1822 1712 1878 libros
1740 1826 2023 1891 scripserit
2053 1824 2178 1878 Ori-

2288 633 2472 701 sbyter
2497 632 2717 698 Anglus,
2742 633 2822 684 vir
2849 631 3096 684 etGi-mce
3128 629 3506 698 peritissimus,
3534 629 3653 682 etin
3674 627 3851 694 legen-

2287 724 2369 775 dis
2393 723 2474 776 vel
2505 722 2828 775 iliﬁii-illimis
2855 723 3234 788 manuscripiis
3265 720 3474 775 Graecis
3505 721 3846 774 exercitatis-

2284 816 2474 877 simus,
2509 814 2699 868 iterum
2727 831 2844 868 meo
2879 825 3060 883 rogatu
3092 815 3588 879 Cantabrigiensem
3607 814 3846 866 codicem

2284 919 2537 961 accurate
2589 909 2816 961 contulit
2861 923 2981 960 cum
3029 909 3266 961 editione
3318 906 3630 970 Oxo'niensi,
3673 920 3701 956 a
3746 917 3846 970 qua

2284 1011 2544 1067 quantum
2593 1001 2738 1054 illum
2785 1002 3095 1068 discrepare
3134 999 3565 1070 deprehenderit,
3625 1001 3850 1050 adnota-

2287 1092 2458 1143 vimus
2489 1091 2540 1142 in
2580 1101 2819 1145 extrema
2860 1107 3072 1160 quaque
3120 1093 3331 1161 pagina,
3381 1092 3466 1143 tibi
3514 1098 3724 1143 exstant
3769 1089 3850 1140 iii-

2283 1198 2446 1250 super
2504 1183 2726 1236 alterius
2774 1185 3073 1238 doctissimi
3128 1184 3280 1252 Angli
3339 1182 3588 1237 Ricbardi
3644 1179 3846 1233 Bentlci

2283 1272 2628 1336 conjecturrc,
2688 1272 2883 1339 quibus
2937 1275 3115 1325 omnia
3170 1273 3417 1326 fereloca
3467 1287 3583 1337 qua:
3641 1273 3844 1322 medica

2284 1380 2443 1416 manu
2477 1365 2813 1430 indigebant,
2867 1365 3084 1417 sanitati
3142 1365 3370 1417 feliciter
3411 1363 3662 1416 restituit.
3705 1362 3848 1414 Prse-

2285 1465 2432 1507 terca
2485 1470 2512 1507 a
2562 1469 2782 1507 numero
2831 1456 2891 1508 ’51
2953 1457 3016 1507 ad
3066 1455 3227 1508 ﬁnem
3270 1471 3436 1523 usque
3481 1452 3657 1523 operis
3704 1453 3844 1503 nacti

2282 1560 2468 1598 sumus
2515 1548 2941 1614 manuscriptum
2987 1548 3232 1600 codicem
3287 1547 3651 1600 Colbertinum
3683 1544 3842 1606 5607,

2283 1656 2423 1691 nunc
2457 1639 2684 1705 regium,
2723 1640 2773 1691 in
2807 1655 2914 1707 quo
2939 1641 3330 1708 amplissimum
3364 1649 3451 1692 est
3483 1639 3639 1705 hujus
3680 1637 3844 1689 libelli

2280 1730 2780 1799 fragmentuin,quo
2807 1733 3031 1799 plurima
3053 1734 3406 1786 emendantur
3429 1731 3680 1784 editionis
3701 1729 3844 1785 Oxo-

2285 1823 2484 1877 niensis
2509 1823 2645 1884 loca,
2677 1834 2734 1889 et
2769 1823 3095 1889 Bentleiana:
3123 1825 3177 1876 in
3215 1823 3302 1877 illa
3340 1824 3665 1891 conjectura:
3704 1837 3846 1879 con-

597 1926 784 1980 genes,
815 1921 870 1966 et
898 1914 1166 1980 quodnam
1194 1916 1260 1967 sit
1293 1912 1719 1985 uniuscujusque
1741 1917 1862 1971 libri
1889 1935 2178 1989 argumen-
2211 1896 2252 1949 Β
2282 1913 2584 1968 ﬁrmantur.

597 2015 748 2067 tum;
795 2005 850 2056 2°
897 2015 1153 2072 quantam
1190 2006 1409 2074 Origeui
1463 2006 1719 2060 invidiam
1767 2010 2063 2062 concitarit
2098 2009 2178 2063 fa-

599 2096 962 2148 mosissimum
1021 2096 1161 2148 istud
1214 2112 1378 2164 opus;
1449 2096 1506 2148 5°
1557 2097 1717 2163 cujus
1773 2101 2021 2163 hortatu,
2071 2115 2177 2168 quo

599 2201 759 2248 anno,
793 2197 846 2238 et
872 2203 974 2254 qua
1016 2189 1119 2239 liilc
1167 2186 1359 2240 Latine
1393 2189 1522 2241 illud
1558 2190 1784 2242 verti-rit
1813 2189 2080 2259 Ruﬁnus;
2119 2195 2175 2246 4⁸

595 2294 694 2329 cur
718 2279 942 2330 alteram
976 2279 1163 2331 beatus
1193 2279 1552 2351 Hieronymus
1581 2297 1869 2349 aggressus
1905 2285 1975 2337 sit
2005 2285 2174 2339 illlcr-

596 2372 952 2438 pretationem
980 2372 1250 2424 Latinam.

810 2462 882 2515 De
905 2463 1035 2515 libro
1068 2465 1206 2530 Περὶ
1234 2463 1448 2530 εὐχῆς,
1477 2483 1565 2518 seu
1601 2465 1672 2519 De
1703 2468 1964 2520 oratione.

664 2550 1015 2604 Clarissimus
1046 2550 1272 2605 Huetius
1311 2552 1757 2621 Origenianornm
1807 2555 1947 2611 libro
1991 2557 2174 2619 tertio.

596 2642 625 2716 ς
652 2645 708 2706 2,
739 2659 884 2697 nmn.
911 2642 961 2706 7,
994 2657 1142 2712 spem
1176 2643 1374 2698 fet-erat
1399 2648 1610 2698 erudito
1635 2649 1756 2702 orbi
1780 2664 1836 2703 se
1860 2652 2172 2720 propediem

596 2737 647 2788 in
677 2736 838 2789 tertio
885 2735 1175 2798 volumine,
1202 2738 1344 2804 quod
1389 2726 1736 2808 syntaginata
1773 2740 2022 2816 Qrigenis
2050 2761 2175 2797 con-

595 2831 812 2894 tineret,
863 2830 1102 2883 libellum
1160 2831 1233 2882 De
1281 2834 1518 2884 oratione
1577 2834 1717 2902 typis
1759 2838 2172 2891 commissurum

592 2936 711 2975 esse
748 2936 813 2974 ex
870 2921 1239 2989 manuscripto
1303 2923 1489 2977 codice
1553 2924 1853 2979 lloliniensi
1907 2945 1935 2981 a
1988 2945 2044 2983 se
2085 2932 2176 2982 de-

594 3013 815 3081 scripto.
861 3011 964 3065 Sed
1005 3012 1192 3079 elapso
1226 3010 1338 3065 fere
1369 3014 1564 3066 saeculo
1607 3031 1671 3067 ex
1702 3032 1808 3082 quo
1843 3018 1997 3070 ﬁdem
2024 3019 2172 3085 oppi-

591 3113 908 3164 gneraverai
926 3116 1098 3162 suam,
1123 3102 1333 3153 tandem
1354 3119 1495 3154 anno
1525 3103 1658 3156 1685
1700 3104 1892 3158 Oxonii
1914 3109 1964 3160 in
1988 3110 2173 3176 Anglia

591 3208 622 3242 e
649 3191 858 3243 theatro
892 3188 1256 3243 Slieldoniano
1307 3190 1492 3243 Grmce
1519 3206 1565 3246 ei
1600 3191 1795 3246 Latine
1863 3212 1999 3262 opus
2032 3199 2174 3249 istud

595 3284 646 3336 in
681 3279 853 3336 lucem
898 3282 1116 3349 prodiit.
1177 3282 1374 3336 Eodem
1430 3285 1608 3336 editor
1670 3302 1798 3337 usus
1851 3296 1934 3339 est
1985 3291 2172 3343 codice

593 3372 784 3430 Grzcco
834 3390 943 3442 quo
995 3376 1242 3438 lluetius,
1296 3391 1489 3443 nempe
1536 3375 1858 3442 lloluiiensi,
1912 3397 2068 3449 quem
2107 3384 2174 3435 ab

595 3469 784 3522 Isaaco
845 3465 1036 3520 Vossio
1092 3468 1302 3536 accepit
1346 3467 1738 3532 Tliorndicius,
1780 3488 1809 3523 a
1844 3470 2174 3528 Tborudicio

593 3557 812 3620 Caieus,
845 3560 932 3626 qui
978 3560 1126 3612 iiliiiii
1173 3561 1413 3627 reposuit
1460 3560 1512 3612 in
1553 3562 1792 3614 arcliivis
1835 3561 2175 3618 bibliotheca:

593 3652 806 3720 collegii
841 3652 1211 3704 Sanctissima:
1246 3651 1530 3704 Trinitatis
1555 3651 2052 3720 Cautabrigieusis,
2085 3655 2172 3707 ubi

593 3760 736 3796 nunc
772 3752 1103 3796 asservatur.
1157 3744 1232 3796 Ex
1276 3745 1374 3797 hoc
1419 3759 1527 3797 uno
1567 3744 1753 3797 codice
1795 3745 1992 3814 (neque
2031 3747 2172 3798 enim

593 3838 822 3889 alterum
866 3836 1077 3902 uSpiam
1116 3835 1385 3901 integrum
1435 3827 1650 3888 exstare
1691 3846 2023 3904 compertum
2069 3839 2172 3907 est)

596 3926 748 3978 ﬂuxit
802 3937 913 3978 tuin
968 3928 1155 3979 istliicc
1219 3929 1386 3980 editio
1436 3927 1790 3991 Oxoniensis,
1835 3938 1944 3981 tum
2004 3929 2172 3982 altera

597 4014 942 4079 Basileensis,
973 4033 1135 4083 quam
1168 4033 1309 4070 anno
1345 4017 1498 4076 1695.
1523 4019 1689 4080 iii-4°,
1716 4020 1896 4072 emisit
1922 4021 1974 4072 in
2002 4021 2172 4074 lllt'eln

593 4107 832 4161 Joannes
877 4107 1192 4174 Rodolphus
1253 4107 1607 4164 Wctstenius.
1684 4109 2176 4168 pOSlCI‘iOI‘iSliI'J'C

593 4199 760 4251 editio
788 4200 888 4251 hoc
910 4209 1112 4251 tantum
1142 4218 1166 4251 a
1197 4201 1360 4268 priori
1382 4200 1581 4263 diﬂ‘ert,
1620 4204 1762 4268 quod
1785 4213 1978 4267 printer
2001 4203 2176 4254 diver-

597 4305 714 4342 sam
775 4290 1064 4344 voluminis
1091 4292 1346 4356 formam,
1376 4307 1406 4343 e
1433 4295 1653 4358 regione
1705 4293 1972 4345 sermonis
2001 4290 2173 4346 (ἓνκαὶ

592 4381 853 4435 collocata
886 4382 955 4435 sit
989 4381 1180 4435 Latina
1211 4383 1605 4448 interpretatio,
1641 4398 1805 4450 quam
1837 4383 2014 4436 editor
2042 4384 2179 4438 Oxo-

596 4474 798 4527 nieusis
829 4474 1088 4540 reiecerat
1113 4477 1176 4528 ad
1207 4475 1410 4527 calcem
1433 4476 1634 4542 operis.
1655 4476 1904 4544 quodque
1936 4473 2173 4529 Wetste-

2353 2007 2430 2060 Ad
2459 2021 2767 2060 sermonem
2806 2004 3056 2059 Graecum
3093 2007 3142 2060 in
3176 2020 3282 2074 quo
3328 2004 3638 2058 doctissimi
3685 2003 3847 2055 amici

2283 2107 2388 2148 tam
2426 2095 2718 2164 diligentes
2745 2105 2802 2148 et
2839 2095 3011 2148 seduli
3046 2094 3291 2157 fuerunt,
3325 2095 3667 2160 adiunximus
3691 2094 3843 2148 Lati-

2279 2201 2402 2236 nam
2450 2185 2951 2248 interpretationem
2983 2179 3276 2237 Oxoniensi
3331 2181 3484 2248 longe
3532 2181 3842 2233 acetiratie-

2283 2292 2416 2339 rem,
2456 2290 2517 2327 ac
2540 2275 2873 2327 nitidiorcm.
2905 2274 2975 2327 Ea
3019 2273 3146 2327 oliui
3175 2289 3202 2324 a
3243 2268 3846 2337 ClaudioFieurleis-

2280 2368 2429 2419 terim
2470 2369 2833 2420 ecclesiastici?
2865 2369 3127 2441 scriptore
3157 2365 3528 2426 celeberrimo,
3562 2362 3837 2414 elaborata

2280 2458 2454 2512 fuerat
2479 2460 2529 2510 iu
2567 2476 2721 2512 usuin
2766 2460 3120 2511 illustrissimi
3155 2458 3366 2522 lluetii,
3418 2459 3468 2508 in
3503 2459 3657 2524 cujus
3691 2459 3844 2507 si-be-

2279 2551 2359 2602 dis
2385 2567 2504 2603 cum
2541 2552 2904 2618 manuscripta
2937 2551 3236 2602 etiamnum
3267 2559 3481 2612 exstet,
3538 2549 3677 2600 ultro
3725 2563 3844 2598 eam

2280 2659 2343 2694 ac
2376 2643 2786 2710 perhumaniter
2824 2656 3031 2694 mecum
3083 2641 3503 2692 communicavit
3536 2639 3600 2695 11.
3635 2638 3694 2691 Ρ.
3731 2638 3842 2691 Lu-

2279 2734 2502 2785 dovicus
2544 2733 2611 2786 de
2637 2732 3023 2792 Tournemiuc,
3050 2730 3340 2784 Societatis
3365 2729 3487 2782 Jesu
3514 2772 3526 2792 ,
3582 2739 3633 2782 et
3663 2729 3843 2794 reipu—

2279 2824 2429 2875 biiea:
2463 2822 3160 2874 litterariaeornamentum.
3194 2820 3430 2888 Denique
3464 2819 3628 2870 totius
3653 2816 3835 2882 operis

2280 2913 2443 2966 fronti
2473 2915 2634 2966 breve
2673 2914 2948 2980 praeﬁxum
2972 2921 3055 2965 est
3085 2912 3365 2974 monitum,
3388 2926 3494 2978 quo
3531 2909 3722 2960 validis
3747 2922 3840 2958 ar-

2279 3007 2548 3076 gumentis
2583 3009 2668 3060 liic
2699 3007 2906 3059 libellus
2935 3005 3152 3076 Origeui
3202 3006 3493 3067 asseritur;
3527 3002 3839 3070 explicatur

2278 3097 2497 3164 quinam
2527 3098 2727 3151 fuerint
2755 3098 3076 3150 Ambrosius
3101 3105 3156 3149 et
3185 3095 3432 3158 Tatiana,
3459 3108 3685 3160 quorum
3712 3093 3843 3146 lior-

2282 3200 2392 3241 tatu
2424 3191 2762 3256 conscriptus
2800 3198 2915 3253 est;
2946 3198 3195 3257 tempus,
3220 3200 3326 3254 quo
3353 3187 3590 3253 scriptus
3616 3192 3719 3246 est,
3753 3184 3840 3234 iii-

2281 3281 2598 3349 vestigator.

2347 3371 2612 3425 Czeterum
2647 3371 2861 3425 biennio
2893 3370 3003 3422 fere
3032 3377 3313 3437 postquam
3356 3381 3385 3419 e
3432 3366 3571 3438 typis
3616 3365 3844 3419 Vincen-

2275 3465 2434 3518 tianis
2459 3465 2665 3517 exierat
2697 3465 2782 3517 hic
2813 3461 3025 3515 libellus
3044 3477 3070 3513 a
3102 3460 3258 3513 nobis
3281 3476 3378 3528 pro
3407 3459 3626 3513 modulo
3650 3467 3842 3511 nostro

2274 3556 2350 3607 sic
2387 3556 2691 3623 recognitus
2717 3568 2770 3607 et
2802 3553 3137 3616 emendatus,
3168 3551 3368 3620 prodiit
3418 3551 3644 3605 Londini
3695 3564 3840 3603 anno

2280 3645 2415 3697 i728
2444 3647 2609 3699 altera
2664 3647 2902 3714 eiusdem
2948 3647 3127 3710 operis
3173 3645 3340 3698 editio
3391 3642 3840 3704 Grseco-Latina,

2275 3736 2418 3787 curis
2454 3735 2723 3788 Guillclmi
2770 3735 3004 3803 Rcading
3060 3738 3126 3787 A.
3158 3735 3256 3798 Μ.,
3289 3735 3417 3788 cleri
3472 3733 3838 3787 Londmeusis

2278 3830 2328 3881 in
2352 3830 2581 3898 eollcgio
2616 3829 2864 3882 Sionensi
2899 3828 3297 3882 liibliotliecarii
3323 3868 3337 3889 ,
3372 3829 3463 3896 qui
3510 3829 3684 3880 eidem
3711 3827 3838 3880 sub.

2272 3925 2456 3991 juoxit
2491 3926 2730 3990 eruditi,
2759 3927 2850 3979 sed
2882 3925 3133 3994 anonyini
3169 3924 3449 3991 cujusdam
3495 3924 3648 3992 Angli
3679 3935 3841 3980 notas

2280 4018 2476 4086 partim
2507 4020 2757 4084 ciiticas,
2791 4019 2988 4088 partim
3026 4018 3266 4071 locorum
3320 4016 3618 4072 diﬁ‘iriliuni
3643 4033 3841 4086 eiu-ge-

2281 4112 2435 4167 ticas.

2598 4201 2671 4254 De
2697 4200 3070 4254 Exhortatiorie
3099 4200 3165 4251 ad
3189 4203 3521 4269 martyrium.

2351 4294 2737 4362 Fragmentum
2766 4310 2795 4346 e
2834 4292 3154 4360 Protrepiico
3188 4293 3255 4343 ad
3285 4293 3598 4352 martyrium
3628 4288 3834 4343 Biblio-

2283 4387 2435 4440 tlieca
2476 4389 2636 4452 Regia
2684 4383 3012 4450 suppeditat,
3046 4393 3216 4437 totum
3247 4399 3374 4434 vero
3407 4387 3542 4450 Opus
3575 4383 3834 4435 illustris-

2280 4481 2399 4533 simi
2429 4478 2629 4532 domini
2656 4477 2720 4528 de
2746 4477 2789 4526 la
2819 4475 3010 4536 Barde,
3038 4474 3485 4527 Christianis-ﬁmi
3517 4475 3657 4543 regis
3689 4479 3836 4543 apud

595 4564 720 4617 nius
742 4565 790 4617 in
818 4565 920 4616 ﬁne
953 4565 1222 4618 addiderit
1250 4566 1482 4617 nondum
1509 4566 1710 4618 editum
1735 4582 2040 4620 sermonem
2061 4561 2176 4620 ’Με-
2207 4584 2250 4637 υ
2282 4570 2552 4622 Helvetios
2591 4565 2777 4635 legati,
2810 4582 2940 4619 cura
2969 4582 2998 4618 e
3035 4565 3330 4618 Basileensi
3357 4566 3699 4620 bibliotheca
3739 4569 3832 4618 di:-

596 4656 664 4707 I'ii
687 4654 942 4708 Diadochi
963 4665 1148 4709 contra
1185 4658 1432 4709 Arianos.
1453 4657 1525 4710 De
1552 4667 1746 4710 cartcro
1759 4649 1946 4711 cadem
1967 4660 2171 4713 utrobi—

595 4763 702 4816 que
732 4749 782 4801 in
811 4746 999 4802 Grmco
1035 4764 1288 4801 sermone
1330 4760 1630 4803 cernantur
1652 4749 1995 4819 σφάλματα,
2026 4753 2174 4804 simi-

601 4839 667 4891 lis
701 4839 984 4908 utrobique
1017 4842 1066 4893 in
1103 4840 1295 4894 Latino
1332 4842 1614 4894 barbaries
1637 4853 1691 4894 et
1717 4843 2029 4910 interpretis
2059 4844 2172 4897 bal—

600 4934 880 4987 lucinatio.
929 4935 1114 5004 Neque
1146 4936 1197 4988 id
1229 4936 1425 4988 mirum
1465 4935 1643 4986 videri
1686 4936 1876 4998 debet,
1916 4953 2036 4988 cum
2087 4951 2173 4989 ne-

599 5038 751 5077 cesse
770 5025 934 5078 fuerit
953 5025 1158 5080 Graecae
1179 5027 1445 5078 orationis
1469 5026 1730 5078 editcrem
1750 5037 1801 5079 et
1822 5027 2168 5096 interpretem

599 5132 664 5170 ex
692 5118 849 5168 unius
884 5118 1090 5170 codicis
1144 5117 1520 5184 manuscripti,
1547 5125 1602 5169 et
1645 5117 1939 5185 apograplii
1977 5118 2171 5171 exinde

601 5209 890 5263 infeliciter
923 5210 1173 5278 descripti
1204 5209 1430 5262 arbitrio
1463 5215 1716 5278 pendere.
1745 5207 1963 5263 Scilicet
1995 5214 2168 5263 codex

603 5303 1004 5369 manuscriptus
1037 5302 1244 5356 lacunis
1270 5303 1380 5354 biat
1416 5317 1518 5354 non
1555 5302 1773 5370 paucis,
1803 5310 1857 5354 ct
1889 5302 2168 5370 perpetuis

598 5397 932 5460 compendiis
991 5411 1179 5448 voeoin
1241 5395 1535 5463 implicitus
1587 5395 1968 5463 nonnullisque
2018 5410 2167 5447 ama-

602 5491 819 5541 nuensis
849 5490 1170 5556 corruptelis
1200 5489 1431 5541 foedatus
1461 5499 1632 5541 vatem
1669 5491 1845 5557 potius
1869 5506 2030 5558 quain
2089 5490 2164 5542 le-

596 5590 799 5629 ctm-em
825 5579 1134 5631 desiderare
1164 5578 1395 5640 videtur,
1429 5580 1491 5641 iis
1525 5580 1820 5646 praesertim
1855 5581 1944 5646 qui
1982 5595 2168 5632 mauu—

596 5669 920 5735 scriptorum
963 5669 1270 5723 Grtecorum
1315 5686 1411 5722 usu
1463 5688 1564 5722 non
1616 5681 1744 5722 sunt
1787 5673 2021 5735 subacti,
2069 5688 2165 5727 nec

605 5759 733 5810 satis
761 5761 988 5814 solertes
1013 5772 1068 5813 ut
1089 5750 1496 5812 amanuensiuin
1530 5763 1846 5815 oscitantias
1878 5762 2165 5832 ingeniosis

601 5864 845 5916 reparant
905 5853 1254 5922 coniecturis.
1292 5851 1416 5906 Mihi
1469 5854 1691 5920 contigit
1745 5869 1860 5909 esse
1909 5855 2158 5912 beatiori.

2278 4673 2582 4732 promptum
2612 4678 2734 4715 cum
2764 4677 2928 4732 penes
2953 4676 3011 4714 se
3035 4661 3262 4712 haberet
3291 4659 3513 4714 lluetius
3533 4701 3548 4724 ,
3574 4663 3834 4728 promisc-

2281 4769 2362 4810 rat
2397 4757 2490 4810 lib.
2518 4772 2578 4809 iii
2609 4756 3070 4824 Origenianorum,
3099 4753 3124 4822 §
3152 4753 3204 4813 2.
3233 4769 3379 4806 num.
3413 4752 3466 4813 4,
3490 4769 3547 4808 se
3575 4754 3702 4806 illud
3734 4768 3838 4807 suo

2278 4850 2421 4902 inter
2450 4847 2701 4915 Origenis
2734 4848 3091 4916 Syntaginaia
3129 4847 3320 4898 ordine
3353 4846 3490 4914 typis
3511 4844 3834 4898 commissu-

2276 4957 2429 5004 rum;
2465 4942 2553 4993 sed
2585 4942 2712 5009 quia
2755 4956 2859 4991 non
2896 4939 3160 4992 liberabat
3219 4940 3397 5001 ﬁdem,
3429 4938 3639 4990 tandem
3673 4937 3833 4991 Basi-

2275 5035 2368 5085 lcai
2394 5019 2536 5086 anno
2569 5033 2706 5086 1674
2730 5032 2913 5085 Gra‘ce
2937 5043 2990 5085 et
3021 5033 3207 5085 Latine
3231 5034 3432 5085 editum
3469 5039 3551 5083 est
3579 5045 3680 5081 una
3707 5044 3830 5082 cum

2274 5123 2496 5193 Dialogo
2535 5113 2716 5176 cdntra
2745 5121 3082 5176 Marcioniias
3117 5135 3170 5174 ei
3202 5136 3461 5188 responso
3485 5119 3736 5188 Origenis
3761 5117 3831 5170 ad

2272 5216 2511 5270 Africani
2549 5217 2614 5268 de
2649 5215 2907 5268 Susanna!
2964 5215 3184 5267 historia
3240 5215 3519 5283 epistolam
3543 5255 3558 5279 ,
3593 5228 3721 5266 cura
3773 5219 3831 5264 et

2271 5308 2450 5361 studio
2489 5305 2714 5359 Joannis
2750 5306 3012 5374 ltodolpbi
3068 5307 3415 5371 Wclstlieuii,
3450 5307 3540 5375 qui
3601 5307 3832 5360 eruditis

2269 5401 2416 5453 notis
2446 5397 2623 5451 omnia
2662 5398 2775 5450 haec
2813 5414 2975 5464 opera
3007 5398 3318 5451 illustravit.
3354 5397 3552 5450 Eodem
3585 5412 3716 5449 usus
3745 5403 3830 5449 cst

2269 5492 2460 5545 codice
2499 5488 2870 5556 manuscripto
2918 5504 3024 5554 quo
3077 5489 3318 5544 lluetius.
3373 5489 3567 5541 Eodem
3619 5496 3672 5540 et
3725 5501 3826 5540 nos

2271 5584 2433 5635 unico
2464 5582 2544 5633 usi
2569 5597 2776 5644 sumus,
2816 5578 3010 5645 quibus
3040 5582 3191 5648 copia
3220 5578 3416 5631 nullius
3457 5586 3651 5647 praeter
3681 5576 3823 5632 hunc

2269 5672 2409 5737 fuit;
2448 5672 2542 5724 sed
2581 5670 2858 5739 repudiata
2892 5667 3213 5722 Wetsdienii
3248 5669 3696 5737 interpretatione
3726 5668 3826 5720 La-

2216 5800 2223 5805 --
2269 5766 2402 5828 tina,
2436 5764 2596 5816 aliain
2619 5779 2646 5815 e
2676 5763 2892 5830 regione
2919 5760 3227 5814 Graecorum
3253 5760 3638 5814 collocavimus
3663 5758 3825 5825 longe

2268 5858 2597 5921 nitidiorcm,
2644 5871 2801 5924 quam
2850 5855 2899 5906 in
2930 5870 3082 5910 usum
3132 5852 3306 5909 Huetii
3340 5859 3626 5921 paraverat
3652 5848 3817 5904 Clam
