4140 6306
230 409 300 463 25
1392 466 1395 468 ,
1640 412 1798 468 ΡΒτΈ

1902 413 2028 467 no.
2687 396 2689 399 ’
3385 412 3458 467 ρει

224 521 354 574 dius
377 521 596 595 Fleury.
629 523 1043 579 Describendam
1089 527 1217 580 mihi
1257 529 1401 582 illam
1430 530 1601 584 amice
1632 530 1796 599 largi-
1822 537 1867 589 Α
1900 529 2010 585 Nec
2037 533 2145 600 ipse
2165 532 2370 600 quidem
2403 531 2606 599 inﬁcias
2633 547 2712 584 eo.
2734 530 2932 594 Quidni
2959 530 2985 584 2
3011 533 3100 600 qui
3135 528 3456 597 experientia

229 622 318 666 tus
352 625 435 668 est
475 615 542 667 ﬂ.
586 614 646 670 P.
693 613 997 673 Ludovicus
1051 618 1126 672 De
1175 617 1567 684 Tournemine,
1630 636 1793 690 penes

226 717 393 770 quem
417 716 615 761 exstat.

587 797 665 851 De
685 809 798 851 octo
819 800 969 854 libris
999 810 1184 854 contra
1211 800 1442 857 Celsum.

301 887 603 942 Aureorum
636 890 889 945 horumce
920 893 1180 946 librorum
1239 896 1412 963 prima
1461 895 1629 950 editio
1690 897 1793 948 La-

229 979 348 1032 tine
396 989 604 1034 tantqu
646 983 698 1036 in
743 983 917 1038 lucem
964 987 1165 1053 prodiit
1215 987 1400 1041 Romte
1453 1003 1595 1041 anno
1635 987 1790 1050 1481,

227 1069 392 1122 Sixto
448 1070 538 1134 IV,
588 1087 800 1126 summo
833 1076 1114 1144 pontiﬁci,
1166 1077 1344 1131 dicata
1395 1080 1462 1132 ab
1502 1079 1796 1148 interprete

225 1161 632 1233 Christophoro
678 1165 937 1232 Persona,
980 1169 1249 1232 Retuano.
1303 1169 1517 1225 Sanctae
1561 1163 1797 1225 Balbina:

230 1256 438 1324 priore,
475 1258 555 1311 uti
610 1267 760 1327 patet
789 1276 858 1314 ex
893 1261 976 1313 his
1008 1279 1127 1330 qua:
1176 1247 1243 1316 ad
1302 1263 1507 1317 calcem
1545 1265 1796 1318 editionis

229 1346 528 1414 leguntur,
577 1350 758 1404 verbis
794 1367 808 1403 :
849 1351 1091 1420 Origenis
1144 1364 1327 1408 contra
1372 1354 1579 1408 Celsum
1619 1356 1742 1423 finis
1777 1370 1794 1407 :

226 1458 382 1510 quem
407 1441 816 1510 Christopltorus
846 1443 1103 1508 Persona,
1142 1445 1412 1501 Romanus
1433 1488 1446 1511 ,
1476 1449 1623 1515 prior
1655 1438 1795 1502 San-

227 1545 332 1586 cite
361 1532 600 1587 Balbinw
637 1535 700 1587 de
723 1533 880 1603 Urbe,
908 1535 1093 1592 Latine
1118 1538 1398 1609 Grarceque
1426 1543 1794 1610 peritissimus,

229 1639 354 1676 cum
381 1624 488 1691 ﬁde
519 1643 547 1678 e
594 1625 773 1680 Cra'co
812 1631 1045 1682 traduxit
1087 1641 1139 1683 et
1193 1633 1506 1685 emendavit.
1547 1632 1798 1702 Magister
1841 1679 1844 1683 .

231 1732 351 1768 vero
382 1715 638 1786 Georgius
673 1718 855 1778 Herolt
885 1730 947 1772 de
985 1720 1278 1790 Bamberga
1311 1720 1487 1776 Roma:
1510 1724 1794 1790 impressit.

232 1807 387 1860 Anno
419 1806 815 1862 lucarnationis
847 1811 1057 1864 Domini
1092 1811 1366 1864 millesimo
1389 1815 1819 1882 quadringente—'

230 1900 367 1952 sima
398 1903 707 1970 octogesima
729 1904 914 1968 primo,
943 1915 1190 1970 regnante
1228 1901 1376 1956 Sixto
1410 1917 1599 1973 quarto
1619 1907 1796 1973 ponti-

229 1991 330 2058 fice
374 1993 627 2054 maximo.
678 2010 816 2046 anno
861 1995 976 2062 ejus
1016 1995 1239 2047 decimo.
1293 1995 1350 2048 ln
1400 1996 1584 2051 fronte
1617 2007 1797 2052 autem

231 2083 436 2135 eximia
461 2094 646 2137 exstat
674 2083 945 2138 Theodori
978 2081 1170 2139 Gazini
1216 2085 1287 2157 (is
1324 2098 1408 2142 est
1438 2089 1596 2159 vulgo
1622 2091 1800 2145 dictus

231 2174 556 2256 Theodorus
580 2176 749 2247 Gaza)
779 2217 794 2242 ,
828 2177 1411 2248 ConstantinOpolitani
1440 2219 1456 2246 ,
1511 2184 1575 2234 ad
1605 2182 1798 2236 Perso-

231 2283 361 2320 nam
409 2267 659 2336 epistola,
705 2285 999 2337 quaecum,
1043 2282 1267 2341 propter
1310 2274 1604 2326 maximam
1638 2275 1800 2343 lmjns

228 2360 490 2416 editionis
547 2365 1143 2433 raritatem,tanquam
1199 2378 1298 2433 pro
1351 2365 1556 2420 inedita
1615 2368 1801 2422 haberi

234 2463 420 2517 cncat,
453 2459 562 2508 nan
597 2454 887 2523 injucunda
932 2456 1066 2512 forte
1096 2429 1284 2511 [lectori
1326 2459 1472 2521 erit,
1515 2462 1561 2513 si
1595 2462 1683 2515 hic
1714 2479 1787 2516 re-

231 2554 597 2614 praesentetur
632 2536 988 2601 {Theodorus
1020 2545 1286 2612 Casinus,
1315 2549 1800 2621 Constantinopoli-

231 2648 414 2701 tanus,
452 2621 829 2708 Christophoro
875 2638 1122 2694 Persona:
1166 2638 1226 2694 S.
1255 2641 1318 2694 P.
1352 2642 1418 2696 ι).
1449 2642 1579 2696 Cum
1619 2646 1800 2700 diebus

228 2729 377 2782 hisce
426 2733 786 2797 superioribus
832 2734 1048 2797 aninto,
1098 2743 1152 2784 ut
1203 2734 1342 2787 soleo
1378 2751 1547 2803 sirpe,
1583 2734 1800 2791 Latinos

229 2821 374 2873 viros
401 2837 700 2884 versarent,
748 2809 836 2891 qui
880 2822 1062 2893 Gra'ce
1091 2826 1227 2878 scire
1253 2825 1451 2892 aliquid
1479 2827 1796 2891 uiderentur,

227 2923 276 2963 et
323 2908 538 2965 Crtecos
589 2914 804 2981 insuper
839 2924 1097 2980 auctores,
1139 2918 1230 2986 qui
1279 2919 1334 2970 in
1385 2917 1633 2972 Latinum
1671 2923 1799 2973 verti

235 3019 338 3054 non
367 3003 622 3055 mediocri
656 3018 772 3055 cum
790 3003 947 3057 laude
967 3018 1196 3073 possent,
1226 3009 1338 3076 ipse
1362 3010 1626 3073 inprimis
1654 3011 1799 3064 obla-

228 3107 314 3146 tus
346 3112 400 3148 es
426 3139 439 3161 ,
468 3103 619 3165 queat
645 3112 807 3148 unum
847 3098 963 3150 nari
997 3099 1061 3150 ab
1096 3101 1305 3153 ineunte
1350 3103 1698 3156 adolescentia
1721 3105 1797 3157 sic

230 3192 450 3245 Graecas
484 3194 688 3247 litteras
730 3195 993 3248 imbibisse
1018 3235 1034 3259 ,
1069 3206 1154 3258 et,
1183 3197 1320 3267 quod
1339 3197 1618 3265 plurimum
1634 3199 1796 3268 juvit,

227 3286 282 3335 in
321 3282 530 3338 Greecia
558 3288 694 3353 ipsa,
729 3297 776 3340 et
820 3285 1018 3342 Crwcis
1047 3306 1111 3343 ex
1153 3291 1580 3359 praeceptoribus,
1619 3303 1672 3344 ut
1703 3295 1802 3347 nisi

229 3390 281 3428 te
313 3378 480 3429 civem
510 3377 806 3431 Romanum
835 3381 1023 3434 scirem
1051 3421 1069 3448 ,
1112 3391 1162 3436 et
1196 3384 1517 3452 prapinquos
1542 3396 1658 3438 tuos
1693 3388 1804 3455 pri-

236 3471 444 3544 marius
479 3468 634 3522 Urbis
663 3472 803 3524 uiros
833 3484 910 3525 sat
941 3490 1179 3539 nossem,
1208 3475 1452 3528 dicturus
1485 3476 1646 3542 facile
1679 3479 1799 3539 sim,

227 3555 294 3616 ea:
324 3560 534 3616 Graecia
561 3574 608 3616 te
631 3566 950 3630 oriundum;
984 3584 1106 3620 nam
1130 3578 1177 3621 et
1205 3570 1320 3637 ipsa
1346 3551 1440 3621 tua
1468 3570 1654 3622 (λι-(ιτα
1687 3588 1804 3635 pro-

228 3661 498 3712 nuntiatio
529 3656 771 3710 Graecum
820 3667 868 3712 te
900 3659 1130 3728 pra’fert.
1165 3660 1429 3724 Quorsum
1475 3662 1627 3716 Itazc?
1676 3664 1805 3716 Vide

229 3750 599 3820 Chrysostcmi
650 3766 909 3804 sermones
956 3768 1059 3804 ron
1087 3769 1302 3818 paucos,
1353 3770 1483 3824 quos
1525 3771 1552 3807 e
1603 3754 1803 3808 Griecis

232 3840 456 3893 Latinos
481 3840 674 3909 fecisti,
707 3852 754 3893 et
791 3840 994 3895 Liuanii
1026 3843 1242 3897 meletas
1292 3845 1574 3898 nonnullas
1596 3886 1610 3908 ,
1640 3846 1802 3899 veluti

228 3933 528 3998 majoribus
581 3935 733 3986 rebus
782 3935 965 4002 futura
1007 3934 1292 4003 praeludia.
1335 3935 1457 3989 Vidi
1504 3936 1662 4004 paulo
1690 3947 1801 4004 post

229 4025 376 4082 apud
405 4031 453 4073 te
484 4023 834 4077 Athanasium
865 4033 1010 4078 tuum
1035 4066 1049 4089 ,
1101 4026 1256 4097 cujus
1300 4029 1804 4081 traductioitrrme

232 4112 532 4177 oblectavit,
565 4124 623 4166 u.‘
651 4117 704 4168 in
742 4134 880 4177 spent
914 4120 1103 4170 bonam
1137 4137 1195 4171 eo
1231 4136 1294 4171 ex,
1318 4131 1544 4187 tempore
1577 4122 1803 4194 venerim

229 4223 387 4272 posse
403 4217 454 4257 te
470 4217 518 4257 et
542 4203 818 4272 Origenem
841 4209 1086 4260 adversus
1109 4208 1316 4261 Celsum
1333 4211 1641 4270 traducem
1656 4228 1805 4280 quem

231 4300 451 4358 librum,
479 4297 604 4358 quia
637 4297 1056 4365 elegantissimus
1093 4313 1191 4363 est,
1222 4311 1270 4354 et
1306 4302 1361 4353 in
1385 4301 1508 4368 ﬁdei
1540 4301 1806 4355 Christia-

236 4406 317 4440 na-
387 4388 744 4455 defensionem
776 4394 1119 4459 conscriptus,
1153 4392 1414 4446 Nicolaus
1448 4393 1722 4460 pontifex,
1757 4403 1804 4444 et

233 4483 277 4532 si
312 4481 380 4534 de
414 4497 468 4533 se
498 4490 609 4532 erat
641 4497 892 4534 novorum
919 4499 1130 4549 operum
1151 4524 1165 4547 ,
1193 4494 1241 4536 et
1277 4481 1583 4537 ercorum
1611 4485 1806 4551 pra’ci-

1872 625 2079 684 _do_ctus
2107 626 2162 677 id
2182 627 2355 679 ausim
2393 626 2727 694 confirmare,
2762 641 2853 676 nec
2875 624 3137 692 principes
3164 623 3295 675 tales
3320 637 3458 674 nunc

1895 734 2026 779 esse,
2049 718 2226 786 quales
2254 719 2474 771 ante/iac
2504 718 2782 780 exstitere,
2809 733 2901 768 nec
2923 733 2985 769 ea
3018 716 3258 769 laborum
3285 717 3458 768 virtu-

1896 806 2496 876 tnmqueprtcmia.Sed
2531 808 2648 875 quis
2679 806 2811 858 adeo
2858 806 2962 858 sive
3005 805 3309 867 illiberalis,
3355 820 3462 856 sive

1896 899 2283 964 ingratissimus
2307 899 2569 968 princeps,
2598 899 2710 968 qui,
2743 897 2832 949 ubi
2858 895 3054 949 librum
3075 897 3213 949 hunc
3234 895 3316 948 illi
3347 907 3458 947 tra-

1896 990 2110 1043 ductum
2153 992 2287 1043 dono
2329 991 2604 1055 detuleris,
2660 1007 2762 1042 non
2792 999 2839 1041 te
2884 987 3185 1041 muneribus
3225 987 3458 1056 principe

1897 1083 2092 1152 dignis,
2123 1093 2168 1134 et
2199 1083 2400 1150 magnis
2424 1082 2709 1134 honoribus
2744 1089 3096 1148 prosequatur
3118 1081 3143 1134 .’
3169 1079 3460 1146 Aggredere

1896 1192 2017 1244 ergo
2047 1174 2102 1226 id
2129 1169 2279 1240 opus,
2322 1185 2367 1226 et
2397 1191 2488 1240 pro
2505 1175 2618 1241 ejus
2635 1184 2687 1226 ut
2711 1174 2968 1240 dignitate
2997 1170 3255 1234 absolvas,
3287 1169 3457 1222 conti-

1898 1277 2074 1318 nenter
2090 1266 2348 1318 incumbe.
2370 1266 2474 1333 Age
2494 1265 2783 1318 Romanum
2801 1266 2987 1326 uirum,
3002 1275 3046 1316 et
3064 1264 3239 1315 animo
3263 1264 3460 1332 ingenti

1898 1355 2221 1424 difﬁcultates
2261 1372 2436 1406 omnes
2463 1355 2701 1420 pervade.
2738 1352 2829 1405 Est
2865 1353 3074 1422 quidem
3108 1353 3244 1419 hoc,
3266 1351 3460 1419 fateor,

1898 1447 2243 1514 interpretata
2267 1446 2504 1514 difficile,
2540 1449 2628 1498 sed
2655 1460 2713 1495 eo
2742 1443 2860 1511 plus
2899 1442 3458 1518 laudis_consequeris.

1898 1553 1998 1605 quo
2020 1552 2127 1588 rem
2153 1552 2252 1588 non
2278 1534 2487 1603 facilem
2527 1550 2802 1604 aggressus
2849 1533 3104 1586 videbere.
3153 1530 3302 1585 Vale.
3367 1529 3460 1585 His

1900 1628 2082 1696 itaque
2124 1627 2484 1680 incitamentis
2553 1628 2823 1680 adductus
2877 1635 2968 1678 est
3033 1623 3461 1691 Christophorus

1899 1715 2162 1778 Persona,
2196 1727 2251 1768 ut
2282 1717 2450 1768 libros
2491 1726 2614 1769 octo
2652 1716 2918 1770 adversus
2972 1714 3186 1770 Celsum
3241 1714 3462 1768 Latinos

1899 1805 2124 1871 laceret,
2157 1817 2210 1860 et
2237 1806 2397 1861 Sixto
2427 1818 2621 1875 quarto
2654 1823 2868 1862 summo
2908 1806 3154 1876 pontilici
3186 1808 3464 1861 dedicaret

1899 1899 2160 1968 epistola,
2212 1915 2332 1967 qua:
2361 1900 2566 1967 utique,
2606 1900 2660 1952 ni
2693 1909 2844 1953 esset
2879 1899 3115 1968 longior,
3153 1899 3329 1952 locum
3377 1899 3464 1951 hic

1901 2001 1957 2045 ut
1987 1991 2210 2044 haberet
2233 2002 2554 2044 mereretur.
2581 1990 2692 2045 Hoc
2718 1992 2877 2046 habet
2908 1991 3121 2045 initium
3155 2009 3169 2045 :
3202 1991 3354 2046 Sixto
3379 1990 3462 2045 IV

1901 2080 2135 2151 pontiﬁci
2162 2082 2392 2133 maximo
2419 2081 2831 2150 Christophorus
2866 2079 3124 2146 Persona,
3144 2085 3289 2152 prior
3320 2084 3464 2138 San-

1901 2182 1998 2226 cta:
2042 2171 2294 2239 Balbina’.
2339 2172 2705 2226 Animadverti
2737 2190 2906 2240 stupe,
2945 2176 3243 2228 beatissime
3277 2174 3455 2240 Pater,

1901 2263 2101 2330 priscos
2125 2261 2263 2328 illos,
2288 2272 2334 2316 et
2357 2263 2632 2332 prwstanti
2662 2263 2873 2331 ingenio
2903 2265 3063 2326 viros,
3099 2275 3206 2316 etc.
3234 2265 3303 2317 At
3336 2281 3463 2318 vero

1903 2369 1997 2408 seu
2026 2356 2172 2423 quod
2216 2356 2419 2425 aptatis
2473 2353 2592 2422 ejus
2646 2370 2750 2407 non
2793 2355 3164 2422 respondisset
3205 2352 3343 2407 Sixti
3395 2353 3460 2407 IV

1903 2446 2274 2501 tnunil‘tcentia
2298 2490 2312 2513 ,
2357 2462 2450 2500 seu
2483 2446 2584 2501 alia
2620 2461 2957 2515 quaicunque
2987 2449 3054 2501 de
3102 2463 3286 2512 causa,
3313 2449 3466 2500 val’re

1902 2548 1956 2594 et
1986 2540 2176 2595 callide
2203 2539 2575 2608 c‘supradicta
2617 2539 2860 2593 editione
2890 2554 2990 2593 sua
3039 2541 3263 2594 sustulit
3321 2541 3463 2594 hanc

1903 2631 2208 2701 epistolam,
2243 2632 2402 2700 eique
2430 2630 2663 2692 alteram
2699 2629 2988 2690 substituit
3019 2629 3251 2685 Joannis
3282 2630 3465 2685 Mace-

1903 2726 2011 2779 uici
2051 2723 2397 2778 Venetiarum
2427 2722 2706 2791 principis
2743 2717 2962 2772 nomine
2997 2723 3314 2791 inscriptam
3347 2739 3467 2791 quae

1903 2815 2200 2883 εῖείηρῑρῑι
2234 2831 2247 2867 ε
2280 2787 2482 2866 ,ιοαηΏί
2528 2797 2809 2865 Μοίεηὶεο
2854 2787 3206 2865 illustrissimi)
3249 2787 3466 2879 Veneto-

1901 2925 2016 2960 rum
2052 2906 2295 2976 principi,
2330 2906 2676 2973 unirersoque
2722 2907 2919 2957 senatui
2951 2904 3145 2972 inclyta
3179 2904 3464 2958 consultis—

1899 3002 2132 3068 simoque
2182 2997 2590 3064 ChrisMprrus
2643 2995 2918 3060 Persona,
2994 2993 3290 3048 Romanus.
3347 2994 3465 3047 Etsi

1899 3092 2129 3160 plerique
2159 3106 2332 3142 omnes
2361 3087 2620 3156 pra‘clara
2643 3088 2883 3155 facinora
2915 3086 3133 3156 aggredi
3168 3087 3364 3139 idcirco
3395 3088 3467 3140 vi-

1905 3188 2105 3250 demur,
2133 3194 2236 3238 etc.
2272 3183 2337 3237 Ut
2367 3182 2431 3235 ad
2461 3184 2627 3250 ipsam
2661 3181 3164 3250 interpretationem
3198 3187 3462 3242 revertar,

1906 3253 2010 3348 non
2042 3277 2181 3333 male
2198 3275 2585 3331 existimationi
2616 3290 2726 3327 sua:
2780 3275 2844 3326 ad
2888 3274 3224 3342 aliquantum
3263 3283 3466 3340 tempe.

1906 3374 1983 3427 ris
2014 3372 2356 3428 consuluisse
2399 3371 2612 3424 videtur
2640 3368 2880 3422 Persona
2904 3408 2919 3431 ,
2959 3383 3083 3420 cum
3124 3364 3313 3420 Graeca
3345 3364 3470 3420 Ori-

1906 3468 2057 3537 geuis
2080 3466 2222 3536 typis
2239 3463 2578 3518 committere
2603 3476 2702 3530 pro
2728 3461 2944 3514 illorum
2973 3469 3275 3527 temporum
3310 3472 3471 3511 more-

1905 3559 2164 3629 ncglexit.
2207 3557 2501 3624 Postquam
2533 3555 2678 3608 enim
2712 3552 2913 3620 puli-lini
2962 3552 3105 3619 juris
3141 3550 3290 3606 facta
3321 3561 3469 3612 sunt,

1905 3648 2225 3704 incredibile
2251 3648 2396 3700 dictu
2430 3654 2510 3697 est
2533 3650 2789 3710 quantam
2824 3641 3024 3694 eruditi
3074 3641 3128 3694 in
3159 3639 3267 3695 hoc
3299 3643 3468 3694 inter-

1904 3752 2052 3809 prete
2084 3755 2241 3807 quem
2268 3737 2402 3790 tanti
2449 3737 2686 3789 faciebat
2713 3734 3034 3787 Theodorus
3066 3732 3328 3795 Gazinus,
3362 3735 3469 3786 lin-

1905 3847 2018 3901 gnte
2052 3830 2250 3884 Graeca:
2276 3829 2702 3897 ignorationem,
2739 3840 2900 3892 quam
2934 3825 3187 3892 exiguam
3223 3825 3274 3876 in
3309 3824 3466 3877 inve-

1905 3923 2168 3994 Stigandis
2187 3921 2473 3974 sententiis
2493 3918 2854 3988 diligentiam,
2875 3931 3034 3985 quam
3066 3916 3315 3969 obtusum
3340 3929 3469 3968 acu-

1905 4033 2048 4080 men,
2079 4028 2236 4082 qnam
2266 4012 2436 4066 levem
2470 4021 2522 4064 et
2553 4009 2848 4064 sublestam
2897 4007 3053 4062 tidem
3087 4007 3465 4075 deprehende-

1907 4109 2033 4162 rint.
2063 4106 2440 4161 Verumtamcn
2478 4106 2874 4172 qualiscunque
2897 4111 3016 4156 erat
3053 4103 3166 4155 haec
3199 4101 3468 4168 interpre-

1905 4202 2058 4262 talio,
2091 4215 2212 4253 eam
2240 4199 2394 4252 avide
2425 4198 2654 4269 arripuit
2684 4196 2946 4250 Met-linus
2985 4205 3038 4248 et
3083 4192 3306 4248 editioni
3358 4206 3472 4246 sum

1905 4303 2127 4362 cperunt
2172 4290 2420 4360 Origcnis
2475 4305 2602 4340 ann.
2657 4288 2795 4340 1512
2831 4288 3096 4354 integram
3135 4284 3468 4340 inserendam

1905 4403 2028 4441 esse
2059 4385 2230 4440 duxit.
2265 4384 2501 4437 Tandem
2535 4396 2677 4434 anno
2704 4380 2877 4442 1605,
2920 4380 3181 4446 Augusta:
3219 4376 3467 4442 Vindeli-

1906 4491 2091 4530 corum
2120 4518 2134 4540 ,
2171 4489 2201 4530 e
2251 4471 2592 4527 bibliothecis
2634 4468 2885 4522 electuris
2916 4464 3182 4529 Palatini,
3218 4463 3381 4517 Boica
3413 4471 3466 4516 et

236 4591 337 4638 pne
395 4575 873 4640 cupientissimns,
937 4589 1048 4626 meo
1095 4575 1306 4628 hortatu
1369 4572 1801 4643 Constantinopo-

1908 4569 2218 4634 Augustana
2245 4606 2258 4630 ,
2286 4565 2410 4619 libri
2444 4574 2567 4617 celo
2600 4572 2782 4615 contra
2810 4560 3016 4613 Celsum
3043 4558 3231 4612 Grtece
3261 4575 3325 4612 ac
3359 4557 3469 4612 La-

236 4668 331 4715 lim
369 4667 538 4730 misit,
563 4668 652 4733 qui
685 4665 755 4716 ad
785 4681 836 4715 se
865 4672 1157 4730 coemptum
1177 4666 1400 4733 deferret
1431 4665 1804 4734 :delatumque

236 4774 363 4808 mea:
388 4759 518 4809 milii
552 4759 718 4818 dedit,
746 4755 1226 4817 dixitqumeliese
1264 4759 1312 4809 ei
1359 4760 1561 4828 quidvis
1603 4761 1803 4828 prtuntii

237 4850 502 4916 polliceri,
528 4853 620 4914 qui
659 4847 902 4901 Latinum
935 4849 1070 4898 hunc
1101 4849 1314 4907 faceret.
1356 4848 1422 4901 Et
1457 4869 1580 4905 sane
1606 4853 1714 4918 ipse
1748 4852 1803 4903 id

241 4957 371 5004 opus
395 4956 676 5008 aggressus
713 4957 876 5006 esscin
905 4956 965 4990 ac
1002 4937 1201 5002 lubens,
1256 4939 1359 4991 nisi
1410 4957 1492 4993 me
1538 4951 1661 4995 tunc
1695 4937 1804 4996 alia

240 5034 412 5104 gravis
437 5033 700 5085 traductio
717 5042 1147 5100 prwoccupasset.
1178 5030 1356 5083 Restat
1383 5033 1547 5101 igitur
1570 5036 1698 5087 liber
1720 5037 1807 5090 ille

241 5127 292 5175 in
329 5120 596 5191 pontiﬁcis
627 5119 934 5171 bibliotheca
964 5124 1209 5182 intactus,
1237 5129 1307 5182 et,
1340 5131 1393 5171 ut
1435 5122 1686 5188 arbitror,
1713 5126 1805 5176 tibi

242 5227 502 5277 seruatus,
526 5223 581 5265 ut
607 5228 667 5264 ea
699 5226 815 5263 cum
839 5210 1119 5278 dignitate,
1143 5227 1301 5281 quam
1326 5208 1504 5263 Cra’ce
1527 5222 1698 5275 sonat,
1728 5215 1806 5265 uet’

243 5309 426 5360 saltem
455 5306 719 5377 proxima;
740 5302 983 5354 Latinum
1010 5302 1196 5369 facias,
1221 5315 1266 5356 et
1293 5320 1441 5370 spero
1469 5302 1578 5371 fore
1603 5320 1696 5371 pro
1715 5315 1807 5358 tua

246 5400 518 5468 atriusque
540 5399 739 5462 lingua!
765 5393 1019 5463 singulari
1042 5395 1253 5461 peritia,
1286 5407 1338 5449 ut
1369 5413 1470 5449 nou
1494 5397 1665 5448 minus
1695 5395 1808 5448 law

246 5492 324 5542 dis
353 5491 403 5542 in
430 5491 527 5542 hoc
549 5487 894 5540 convertenda
924 5489 1286 5554 promerearis,
1304 5504 1460 5555 quam
1486 5499 1669 5540 auctor
1700 5488 1806 5555 ipse

246 5583 298 5634 its
319 5579 520 5631 edendo
550 5577 866 5647 promeritus
890 5577 980 5629 sit.
1007 5576 1068 5626 At
1097 5575 1258 5641 dices,
1292 5594 1392 5629 non
1416 5594 1523 5630 esse
1552 5578 1643 5630 illa
1669 5595 1807 5629 nunc

244 5670 487 5736 exposita
528 5667 748 5736 pra'mia
776 5705 789 5727 ,
822 5682 938 5733 qua:
971 5662 1253 5716 Nicolaum
1280 5666 1582 5736 pontiﬁcem
1619 5681 1806 5719 narras

247 5760 601 5827 proposuisse,
634 5774 724 5811 nec
754 5756 882 5806 tales
915 5770 1049 5806 nunc
1081 5753 1359 5822 principes,
1390 5759 1480 5824 qui
1511 5759 1623 5825 ejus
1650 5759 1804 5811 vesti-

246 5870 326 5918 φη
343 5864 724 5905 consectentur.
755 5846 862 5901 Cur
887 5863 1004 5915 ergo
1038 5853 1236 5899 tantum
1275 5845 1467 5902 laboris
1499 5851 1807 5904 insaniam?

1905 4657 2014 4710 tine
2033 4658 2346 4726 prodierunt
2371 4658 2667 4724 interprete
2693 4651 3323 4723 Sigismundo(ieslenio,
3345 4669 3466 4704 cum

1911 4750 2053 4802 notis
2089 4749 2307 4802 Davidis
2341 4748 2650 4802 llmschelii.
2692 4747 2916 4799 Eosdem
2945 4745 3123 4796 denuo
3158 4743 3343 4797 Gra‘ce
3373 4745 3472 4794 ad-

1898 4840 2083 4908 juncta
2115 4841 2352 4908 ejusdem
2375 4840 2610 4895 Gcslenii
2640 4839 3091 4907 interpretatione
3115 4833 3308 4889 Latina
3337 4835 3470 4888 Can-

1909 4933 2151 5000 tabrigiae
2197 4934 2526 5004 ωηο-1658
2581 4936 2632 4987 in
2700 4933 2873 4986 lucem
2925 4929 3095 4984 édidit
3145 4929 3469 4984 Guillelmus

1908 5029 2232 5096 Spcncerus,
2268 5028 2476 5097 collegii
2498 5027 2864 5082 Sanctissimae
2879 5023 3160 5077 Trinitatis
3183 5025 3439 5076 Cantahri
3455 5057 3468 5063 -

1907 5119 2108 5190 gieusis
2140 5119 2341 5182 socius,
2386 5123 2476 5187 qui
2505 5123 2667 5173 etiam
2702 5120 2766 5170 ad
2811 5104 3016 5172 calcem
3056 5115 3236 5183 operis
3269 5117 3466 5185 adjecit

1907 5208 2280 5262 adnotatioucs
2309 5210 2670 5264 doctissimas.
2725 5208 2851 5262 llaec
2889 5207 3058 5261 editio
3104 5206 3245 5276 typis
3276 5220 3466 5258 recusa

1907 5311 1992 5354 est
2018 5299 2376 5368 Cantabrigitn
2409 5317 2550 5355 armo
2588 5302 2747 5354 1677.
2785 5299 3090 5368 Optandum
3130 5314 3256 5351 vero
3304 5299 3466 5359 foret,

1908 5402 2252 5461 utquantum
2285 5407 2428 5444 cura:
2463 5393 2562 5445 luit
2625 5393 2898 5462 Spem-ero
2941 5391 3272 5445 doctissimis
3325 5403 3470 5442 notis

1907 5484 2178 5540 illustrare
2202 5486 2314 5539 loca
2341 5487 2723 5554 propemodum
2755 5490 3038 5542 innumera
3063 5526 3078 5552 ,
3128 5501 3247 5555 qua:
3286 5485 3364 5535 vel
3398 5483 3466 5535 :I'J

1907 5577 2216 5640 historiam,
2241 5577 2324 5629 vel
2349 5580 2412 5630 ad
2455 5577 2748 5644 peculiaria
2786 5578 3042 5646 Origenis
3076 5578 3346 5644 dOgmata,
3385 5572 3464 5622 re!

1909 5667 1974 5720 ad
2000 5669 2239 5736 priorum
2269 5667 2583 5722 saeculorum
2608 5669 2975 5737 disciplinam.
3006 5679 3099 5721 aut
3129 5668 3193 5719 ad
3227 5673 3465 5717 veterem

1909 5759 2304 5830 philosophiam
2352 5760 2664 5831 pertinent,
2720 5770 2924 5812 tantum
2951 5757 3245 5828 diligentia:
3302 5753 3461 5804 adhi-

1911 5853 2139 5915 buisset,
2172 5870 2291 5910 cum
2335 5856 2399 5911 ad
2445 5854 2709 5911 orationis
2762 5852 2962 5908 Graeca
3005 5849 3456 5908 entendat‘iouem,
