4140 6306
662 366 721 423 ﬂ
2053 362 2435 422 ΡΒᾸΞΕΑΤΙΟ.
3786 367 3876 426 ςι·

655 501 768 544 tum
801 489 867 544 ad
891 488 1238 558 corrigendas
1271 487 1587 556 frequentes
1619 487 1930 556 interpretis
1967 487 2204 543 Geslenii
2238 496 2283 568 Α
2309 491 2408 543 sibi
2437 505 2537 542 non
2567 505 2764 557 semper
2787 488 3070 542 intellectas
3095 489 3164 541 ad
3197 487 3404 541 libitum
3438 493 3688 560 recoquit.
3725 489 3862 558 Spe-

657 582 1132 636 ballucinationes.
1186 579 1412 640 Grteca,
1462 589 1620 648 prout
1665 579 1879 634 Davidis
1918 578 2213 640 limscltelii

601 740 604 742 γ
657 674 840 727 editio
864 675 1095 736 ferebat,
1128 672 1335 740 integra
1373 662 1594 726 secutus
1630 682 1749 738 est,
1783 673 1825 725 si
1857 674 2016 727 modo
2041 689 2206 742 pauca

657 766 1000 835 excipiantur
1033 765 1181 829 loca,
1225 765 1311 816 ubi
1350 766 1626 817 variantes
1659 763 1920 832 quasdam
1949 765 2210 820 lectiones

657 874 792 927 quas
825 859 889 911 ad
913 875 1063 912 oram
1100 857 1362 925 rejecerat
1384 856 1737 922 llmschelius,
1771 858 1821 910 in
1843 858 2041 913 seriem
2069 857 2213 912 Grat-

655 968 778 1005 cam
814 960 999 1019 utpote
1048 952 1300 1002 meliores
1333 950 1556 1004 invexit.
1589 948 1874 1003 lnnumera
1927 950 2031 1003 alia
2088 965 2208 1019 qua:

655 1043 862 1096 medica
895 1057 1051 1094 manu
1088 1043 1338 1110 egebant.
1374 1041 1591 1110 reliquit
1620 1042 1846 1106 intacta,
1884 1055 1950 1094 ne
1980 1041 2206 1095 minima

654 1135 878 1202 quidem
903 1133 1180 1202 proposita
1207 1135 1544 1200 conjectura,
1571 1149 1677 1203 qua
1723 1134 1911 1188 saltem
1955 1135 2021 1188 ad
2056 1150 2208 1189 eont-

657 1214 952 1278 modiorieut
997 1237 1222 1276 sensum
1263 1236 1669 1278 revocarentur.
1713 1220 1895 1279 Monet
1935 1224 1986 1277 in
2018 1225 2209 1295 praefa-

657 1317 802 1370 tione
833 1315 962 1369 nihil
989 1330 1173 1368 eorum
1197 1331 1314 1385 quae
1343 1316 1463 1372 aliis
1489 1327 1888 1372 consueverunt
1910 1332 2028 1372 esse
2059 1317 2207 1387 adju-

656 1418 857 1472 mento,
886 1407 1012 1461 licet
1039 1407 1287 1461 maxima:
1315 1410 1416 1462 sibi
1452 1425 1595 1464 cura:
1622 1409 1812 1463 luisset
1839 1410 1904 1463 de
1937 1410 2003 1463 iis
2025 1409 2211 1477 acqui-

657 1499 862 1563 rendis,
922 1514 981 1552 se
1047 1499 1288 1568 potuisse
1338 1515 1675 1569 comparare.
1739 1499 1948 1567 Erant,
2013 1501 2205 1568 inquit.

657 1587 954 1642 "wschelio
991 1590 1095 1641 duo
1133 1591 1474 1656 manuscripti
1506 1591 1746 1654 codices,
1769 1607 1898 1660 quos
1943 1608 1970 1644 e
2018 1591 2205 1644 biblio-

654 1683 1102 1736 thecis‘electoris
1143 1680 1403 1748 Palatini,
1444 1682 1610 1737 Boica
1677 1694 1724 1736 et
1771 1687 2078 1753 Augustana
2117 1684 2208 1736 de-

654 1784 1000 1840 prompserat.
1036 1774 1147 1843 Ego
1178 1776 1261 1828 Itis
1295 1775 1420 1829 solis
1452 1775 1719 1844 impressis
1762 1791 1887 1828 usus
1919 1791 2053 1830 sum.
2099 1774 2205 1830 Sed

655 1865 787 1932 quid
814 1866 1062 1922 obstabat
1104 1869 1398 1936 quominus
1438 1868 1794 1925 Oxuniensem
1825 1869 2205 1924 bibliothecam

654 1958 740 2011 vel
772 1958 885 2025 ipse
917 1958 997 2012 vel
1025 1973 1120 2028 per
1148 1960 1352 2013 amicos
1381 1959 1596 2015 adiret?
1629 1961 1703 2016 lbi
1737 1971 1888 2017 certe
1922 1972 2033 2017 tres
2070 1963 2207 2022 alios

654 2049 872 2103 codices
906 2050 1302 2118 manuscriptos
1337 2053 1645 2119 reperisset.
1679 2067 1779 2107 nec
1804 2061 1948 2106 esset
1969 2068 2208 2122 conque-

655 2149 772 2194 stus
795 2142 1120 2194 accurandas
1167 2158 1276 2195 esse
1320 2143 1574 2196 librorum
1611 2143 1868 2198 editiones
1910 2144 1963 2197 in
1989 2161 2206 2224 _summa

653 2235 884 2288 omnium
909 2233 1328 2303 adjuntentorum
1359 2245 1408 2289 et
1430 2238 1665 2290 codicum
1686 2246 1926 2306 egestate.
1950 2235 2014 2291 Ut
2037 2249 2093 2290 ut
2112 2240 2202 2303 sit,

658 2333 866 2377 tantam
921 2326 1034 2393 ipse
1085 2328 1574 2395 tnanuscriptorunt
1622 2329 1871 2382 codicum
1924 2330 2245 2398 penuriam.

657 2428 918 2483 expertus
949 2432 1053 2470 non
1090 2433 1232 2484 sum,
1255 2420 1453 2488 quippe
1481 2420 1565 2473 cui
1601 2435 1708 2474 non
1735 2420 1908 2475 solum
1935 2425 2099 2477 varia:
2124 2423 2203 2480 le-

655 2506 861 2558 ctiones
890 2520 952 2558 ex
1011 2514 1135 2560 octo
1193 2507 1578 2576 manuscriptis
1629 2507 1960 2576 deprompta;-
2013 2524 2205 2578 magno

657 2595 873 2648 fuerunt
903 2597 1235 2664 adjumento,
1261 2597 1356 2649 sed
1384 2606 1438 2650 et
1469 2608 1608 2650 nota:
1634 2612 1697 2652 ac
1722 2597 2056 2664 conjectura:
2093 2609 2203 2652 tum

653 2689 848 2741 eruditi
901 2686 1174 2754 Francisci
1209 2687 1392 2750 Guiet.
1441 2687 1687 2751 Jesnitze.
1734 2684 1870 2758 quas
1931 2704 2095 2757 pettes
2147 2705 2206 2743 se

656 2779 1054 2847 manuscriptas
1106 2779 1266 2834 liabet
1302 2778 1366 2832 Β.
1423 2779 1463 2831 Ρ
1533 2780 1834 2834 Ludovicus
1868 2780 1934 2834 de
1963 2779 2204 2834 Tourne-

658 2871 801 2925 tuine
821 2911 838 2930 .
873 2879 982 2924 lunt
1018 2869 1135 2923 alize
1166 2886 1390 2924 numero
1427 2871 1581 2940 longe
1623 2870 1807 2939 plures
1828 2884 1962 2938 quas
1994 2872 2206 2932 erudito

653 2961 772 3015 orbi
804 2961 1079 3030 proposuit
1119 2960 1266 3016 Elias
1309 2962 1619 3016 Bohercllus
1650 2962 1716 3013 ad
1744 2961 1949 3016 calcem
1994 2962 2207 3025 eximite

655 3065 767 3106 sua
788 3051 1008 3106 Gallica
1026 3053 1484 3122 interpretationis
1505 3051 1763 3106 librorum
1798 3066 1977 3107 contra
1997 3051 2205 3107 Celsum

653 3157 800 3198 anno
833 3144 966 3198 l700
995 3144 1378 3199 Amstelodatni
1413 3146 1464 3198 in
1490 3145 1663 3199 lucem
1696 3145 1875 3200 edita).

722 3236 1028 3307 Arcltetypo
1052 3234 1246 3292 Greco
1263 3246 1339 3290 tot
1363 3237 1663 3306 talibusque
1689 3238 1905 3293 auxiliis
1928 3237 1994 3292 ad
2021 3236 2208 3292 melio-

653 3339 770 3380 rem
805 3337 1003 3381 statum
1043 3338 1314 3394 revocato,
1355 3329 1442 3381 diu
1478 3329 1835 3383 deliberatum
1867 3339 1974 3392 est.
2003 3345 2071 3383 an
2116 3330 2206 3384 Si-

581 3427 589 3434 '
654 3418 920 3486 gismnndi
955 3418 1192 3473 Geslenii
1229 3420 1606 3488 interpretatio
1645 3419 1835 3474 Latina
1879 3430 2207 3485 servaretur,

657 3523 724 3560 an
760 3509 1144 3575 procuderetur
1187 3524 1347 3564 nova.
1383 3509 1718 3562 Servandam
1757 3525 1879 3565 esse
1930 3508 2210 3565 Gcslenia-

657 3612 781 3651 natn
808 3598 1105 3652 suadebant
1132 3599 1320 3656 laudes
1347 3600 1544 3668 quibus
1584 3599 1883 3655 laboriosus
1922 3600 2012 3654 ille
2041 3602 2197 3656 inter-

657 3700 831 3755 presa
863 3689 1189 3745 doctissimis
1224 3691 1353 3744 viris
1381 3702 1697 3746 exornatur.
1737 3688 1824 3744 Ita
1869 3703 2058 3758 septem
2098 3693 2207 3756 (itt-

656 3780 774 3848 quit
807 3781 996 3834 Czelius
1035 3782 1310 3836 Secundus
1345 3781 1534 3844 Curio,
1567 3781 1776 3850 praiat.
1817 3783 2204 3851 adAppiauum

656 3870 1094 3939 Alexandrinum)
1140 3889 1322 3941 eosque
1362 3857 1713 3924 nobilissimos
1757 3872 2029 3940 scriptores
2059 3875 2206 3926 nobis

653 3964 719 4014 de
750 3961 945 4015 Cra-cis
976 3979 1244 4016 conuersos
1277 3963 1500 4030 reliquit,
1532 3972 1688 4030 atque
1723 3965 1798 4016 ita
1826 3979 2118 4027 conversos,
2149 3973 2206 4015 ut

653 4051 743 4121 qui
766 4052 962 4122 majore
987 4070 1104 4105 cunt
1143 4053 1300 4105 laude
1327 4055 1380 4104 in
1404 4055 1500 4105 liae
1537 4069 1698 4105 arena
1726 4065 1954 4106 versutus
1996 4055 2080 4112 sit.
2113 4060 2205 4106 aut

657 4139 878 4202 nullum,
918 4152 1008 4192 aut
1055 4142 1396 4208 paucissimos
1449 4144 1520 4196 sis
1576 4140 2203 4210 reperturusallagttum

660 4231 800 4282 istud
823 4231 1060 4300 profecto
1093 4237 1422 4298 cncomium,
1466 4235 1562 4289 sed
1602 4250 1711 4302 quo
1743 4206 2018 4299 indignum
2056 4232 2204 4286 illum

658 4337 764 4375 non
797 4320 1000 4388 jndicat
1035 4323 1294 4378 Henricus
1327 4323 1571 4379 Valesius
1601 4325 1804 4393 puniat.
1852 4325 1917 4377 ad
1965 4323 2207 4377 Ammia-

657 4427 785 4465 num
833 4414 1222 4480 Marcellinum,
1261 4418 1349 4470 ubi
1393 4418 1458 4470 de
1494 4416 1823 4486 Mariangelo
1848 4417 2106 4471 Accursio
2151 4426 2204 4471 et

2313 597 2552 634 raverant
2584 581 2747 650 igitur
2788 581 2919 634 tanti
2961 582 3062 634 viri
3093 580 3306 634 nomine
3332 579 3523 646 fretus,
3565 582 3873 646 nonnullis.‘

2310 688 2536 741 quorum
2567 687 2780 726 sensum
2804 672 2980 725 minus
3007 671 3145 726 belle
3163 681 3446 725 assecutus
3473 682 3580 736 est,
3609 673 3860 727 immuta-

2311 766 2380 818 tis
2403 775 2459 818 et
2480 763 2778 818 emendatis
2802 762 2959 827 locis,
2981 764 3099 832 ejus
3119 763 3612 833 interpretationem
3635 765 3856 820 retineri

2311 873 2486 928 posse.
2521 856 2624 911 Sed
2654 857 2741 909 ubi
2768 857 2833 909 ad
2866 858 3119 910 horumce
3149 855 3385 909 locorum
3421 856 3859 910 emendationem

2308 957 2525 1023 ventum
2555 957 2656 1012 est,
2688 957 2744 1001 et
2760 957 3115 1017 compertum,
3154 946 3242 1001 vix
3277 947 3439 1001 ullam
3472 962 3590 1001 esse
3612 949 3861 1016 paginam

2310 1035 2397 1091 ubi
2429 1038 2594 1092 semel
2618 1047 2671 1090 et
2702 1036 2897 1106 saepius
2930 1052 2959 1089 a
2998 1052 3127 1090 vero
3157 1034 3408 1106 Origenis
3443 1052 3603 1091 sensu
3637 1054 3740 1092 non
3776 1053 3864 1091 re-

2309 1129 2484 1196 cedat,
2514 1129 2695 1183 statim
2724 1127 2965 1184 intellexi
2994 1143 3188 1181 novam
3220 1127 3431 1184 lucilius
3463 1129 3864 1198 interpretatio-

2311 1238 2431 1276 nem
2476 1222 2654 1292 parari
2700 1236 2876 1289 posse,
2915 1236 3075 1290 quam
3114 1230 3346 1274 veterem
3390 1221 3688 1275 emendari.
3744 1220 3861 1275 Huc

2309 1312 2445 1366 adde
2485 1311 2625 1380 quod
2665 1311 2892 1365 aliorum
2927 1309 3426 1378 interpretationem
3466 1309 3759 1377 corrigere,
3799 1317 3862 1362 ut

2310 1403 2588 1457 tnulcstum
2618 1419 2712 1472 per
2738 1418 2797 1456 se
2835 1417 2900 1457 ac
2939 1401 3176 1466 diﬁicile,
3205 1401 3277 1454 ita
3313 1401 3475 1455 etiam
3509 1401 3754 1455 odiosum
3781 1399 3863 1454 vi-

2307 1494 2549 1548 debatur.
2569 1492 2676 1548 Sua
2707 1494 2850 1548 enim
2871 1493 3067 1561 cuique
3093 1492 3233 1559 laus,
3268 1507 3399 1547 suus
3429 1493 3600 1547 honor
3637 1491 3865 1546 debetur

2307 1600 2336 1638 a
2368 1586 2541 1652 nobis,
2571 1600 2798 1654 quorum
2827 1585 3064 1639 laborem
3113 1585 3186 1638 illi
3219 1600 3316 1638 suo
3345 1584 3523 1639 levare
3544 1593 3597 1639 et
3621 1584 3864 1638 minuere

2308 1676 2483 1738 conati
2513 1686 2654 1730 sunt.
2683 1674 2914 1729 Proinde
2935 1690 3070 1743 opus
3109 1675 3526 1744 uniuscujusque
3553 1675 3861 1748 interpretis

2309 1765 2627 1820 laudandum
2656 1750 2837 1833 potius
2857 1750 2941 1821 est
2962 1783 2990 1818 ει
3014 1766 3188 1831 nobis,
3215 1782 3374 1835 quam
3405 1767 3862 1836 interpolandum.

2309 1857 2602 1926 prsesertint
2638 1858 2681 1912 si
2723 1857 3114 1925 frequentiores
3147 1856 3338 1911 futura:
3357 1857 3466 1912 sint
3495 1857 3866 1927 interpolatio-

2308 1962 2422 1998 nes.
2450 1944 2571 1999 llaec
2597 1961 2803 2000 mecum
2833 1946 3012 2000 animo
3051 1945 3377 2015 re'putabam,
3401 1962 3522 2000 cum
3560 1960 3687 2002 ecce
3715 1958 3865 2002 vete-

2308 2039 2352 2094 ri
2393 2054 2599 2093 ntecum
2632 2041 2870 2094 amicitia
2897 2040 3223 2108 conjunctus
3272 2039 3502 2095 domnus
3544 2041 3861 2094 Vincentius

2307 2128 2583 2195 Tbuillier,
2623 2132 2836 2200 quicum
2889 2146 3039 2185 meas
3079 2130 3348 2185 sermonis
3387 2131 3561 2186 Graeci
3599 2132 3860 2186 emenda-

2307 2222 2478 2275 tiones
2517 2221 3064 2286 communicaveram,
3103 2235 3317 2284 novam,
3337 2236 3499 2290 quam
3527 2231 3637 2274 tum
3665 2223 3858 2275 virium

2304 2325 2520 2363 suarum
2543 2311 3008 2381 experientlarttm,
3037 2321 3147 2364 tum
3171 2311 3300 2364 mihi
3323 2311 3658 2382 gratiﬁcandi
3692 2328 3854 2367 causa

2305 2413 2628 2470 susceperat.
2679 2399 3176 2471 interpretationem
3215 2401 3464 2456 Latinam
3509 2410 3729 2472 repente
3755 2405 3858 2458 ob-

2307 2497 2450 2549 tulit.
2479 2495 2749 2549 Continuo
2782 2496 2938 2550 avide
2966 2495 3094 2565 legi,
3118 2505 3330 2548 mature
3363 2495 3566 2565 singula
3604 2497 3670 2551 ad
3709 2494 3860 2552 Grie-

2305 2603 2488 2650 corum
2521 2587 2675 2652 ﬁdem
2715 2587 2976 2657 expendi;
3023 2602 3255 2652 cumque
3287 2589 3387 2641 tria
3423 2589 3760 2656 potissimum
3802 2591 3855 2644 in

2291 2678 2741 2747 interpretatione
2795 2676 3158 2746 requirantur.
3196 2686 3251 2729 ut
3303 2676 3476 2752 ﬁdelis
3521 2679 3610 2740 sit,
3649 2689 3708 2733 ut
3743 2681 3858 2738 ele-

2305 2782 2454 2836 gans,
2489 2782 2553 2820 ac
2575 2766 2879 2835 perspicua,
2906 2779 3012 2820 non
3041 2764 3159 2818 sine
3193 2779 3384 2832 magna
3419 2765 3581 2818 animi
3623 2766 3724 2820 mei
3762 2781 3860 2822 vo-

2306 2858 2506 2927 luptate
2542 2857 2864 2926 deprehendi
2917 2853 3117 2908 nullam
3161 2869 3226 2908 ex
3260 2856 3346 2910 bis
3385 2856 3596 2911 dotibus
3632 2858 3685 2911 in
3738 2855 3858 2924 ejus

2305 2949 2594 3016 scriptione
2637 2946 2950 3001 desiderari.
2998 2945 3112 3000 Non
3141 2948 3319 3001 verbis
3371 2948 3639 3002 serviliter
3679 2949 3860 3003 adlic-

2307 3050 2406 3105 ret,
2435 3040 2528 3094 sed
2556 3054 2768 3094 sensum
2801 3038 3028 3092 ﬁdeliter
3060 3039 3334 3106 exprimit,
3366 3028 3529 3107 atque
3557 3039 3628 3092 ita
3657 3039 3857 3103 reddit.

2308 3145 2368 3188 ut
2391 3134 2637 3204 quamvis
2669 3133 2934 3187 interdum
2968 3132 3075 3187 alio
3100 3132 3312 3196 ordine,
3351 3147 3620 3200 nunquam
3673 3142 3854 3187 tamen

2310 3236 2400 3279 aut
2424 3226 2609 3290 saltem
2635 3239 2856 3294 perraro
2889 3225 3037 3293 plura
3067 3235 3160 3276 aut
3184 3222 3436 3291 pauciora
3464 3238 3626 3292 quam
3656 3222 3853 3295 Orige-

2309 3335 2404 3374 ttes
2432 3320 2595 3373 dicat.
2622 3318 2720 3372 Ubi
2749 3318 2956 3386 longior
2987 3325 3073 3371 est
3117 3316 3169 3368 itt
3197 3312 3386 3368 Graeco
3419 3315 3693 3384 periodus,
3735 3329 3858 3372 eam

2309 3411 2361 3466 iu
2385 3410 2563 3480 plures
2587 3419 2755 3474 secat,
2780 3409 2880 3463 nisi
2919 3408 3134 3464 aliunde
3164 3410 3216 3464 id
3257 3410 3372 3465 ﬁeri
3403 3407 3683 3477 prohibeat
3726 3422 3856 3464 ora-

2309 3505 2469 3559 tionis
2489 3511 2792 3560 connexus:
2820 3505 2963 3572 quod
2995 3518 3133 3572 sape
3156 3503 3369 3560 accidit.
3387 3501 3694 3558 Fecundum
3710 3501 3859 3558 enim

2306 3593 2555 3664 Origenis
2597 3596 2867 3665 ingenium
2920 3595 3215 3650 sententias
3256 3595 3452 3662 passim
3485 3593 3747 3663 congerit,
3795 3602 3859 3647 at

2308 3688 2485 3742 verbis
2534 3688 2588 3742 in
2637 3688 2867 3757 speciem
2918 3687 3342 3742 redundantibus
3385 3687 3621 3741 maxima
3676 3700 3855 3740 rerum

2308 3780 2526 3833 ubertas
2555 3780 2918 3832 contineatur.
2962 3780 3115 3846 Quod
3154 3793 3284 3833 sane
3329 3778 3744 3848 insuperabilem
3772 3776 3860 3832 ia-

2306 3869 2526 3936 terpreti
2569 3868 2864 3924 Tltuillerio
2893 3870 3206 3939 praebuisset
3251 3867 3634 3936 dillicultatem,
3665 3872 3710 3924 si
3750 3885 3855 3924 non

2305 3972 2485 4010 onnna
2517 3959 2730 4012 vicisset
2759 3961 3018 4025 praeclara
3052 3959 3142 4011 illa
3165 3973 3270 4027 qua
3296 3959 3548 4026 pmditus
3574 3969 3678 4022 est,
3707 3960 3860 4031 inge-

2309 4049 2380 4101 nii
2425 4051 2711 4117 sagacitas,
2749 4067 2953 4105 summa
2996 4054 3272 4118 utriusque
3317 4049 3509 4118 lingua:
3554 4050 3752 4117 Greca:
3788 4069 3857 4106 ac

2306 4138 2506 4192 Latina:
2554 4141 2765 4210 peritia,
2819 4152 2875 4195 et
2903 4141 3034 4194 illud
3066 4155 3174 4210 quo
3211 4141 3454 4205 ardebat,
3488 4139 3653 4196 veteri
3682 4142 3857 4197 amico

2305 4231 2505 4286 laboris
2525 4233 2795 4289 minuendi
2809 4232 3158 4286 desiderium.

2373 4305 2867 4394 Interpretationem
2914 4332 3210 4391 sequuntur
3255 4332 3411 4398 noue,
3460 4339 3686 4393 quarum
3735 4324 3858 4381 alia

2305 4416 2575 4472 variantes
2602 4415 2856 4469 exhibent
2875 4416 3119 4468 codicum
3150 4417 3635 4484 tnauttscriptorutu
3663 4415 3878 4497 ῐευιίοτ

657 4501 1000 4568 Sgistuuudo
1030 4504 1281 4560 Gesleuio
1307 4509 1386 4562 sic
1415 4508 1653 4576 loquitur
1682 4525 1696 4560 :
1730 4505 1858 4561 Erat
1893 4509 1946 4560 in
1984 4521 2201 4577 utroque
2234 4514 2276 4568 D
2305 4523 2424 4577 nes,
2457 4507 2574 4560 alia:
2613 4518 2846 4561 veterem
2879 4507 3155 4561 historiam
3199 4522 3264 4561 ac
3308 4506 3725 4576 philosophiam.
3752 4509 3856 4564 do-

654 4593 840 4646 narunt
872 4596 1098 4648 virorum
1131 4614 1319 4666 magna
1352 4600 1606 4656 doctrina.
1639 4609 1692 4650 at
1715 4599 1906 4665 scripta
1936 4601 2202 4668 utriusque

656 4693 932 4742 testantur.
959 4684 1061 4740 Sed
1089 4688 1142 4740 in
1173 4686 1411 4742 Ceslenio
1437 4689 1607 4758 major
1631 4692 1869 4752 quadam
1910 4691 2097 4761 ingenii
2130 4694 2202 4744 vis

654 4786 700 4828 et
713 4776 971 4843 judicium
998 4781 1174 4830 aerius
1197 4779 1316 4848 fuit.
1349 4777 1500 4842 Quod
1531 4797 1646 4836 cum
1678 4779 1826 4832 multi
1859 4781 2098 4847 prteclari
2124 4783 2206 4835 la-

657 4869 802 4920 bores
848 4869 990 4922 illius
1019 4871 1118 4922 viri
1164 4879 1442 4932 testantur,
1475 4883 1586 4923 tum
1615 4872 1840 4924 maxime
1891 4872 2205 4937 interpreta-

653 4958 822 5010 tiones
869 4955 1070 5010 Latina:
1114 4959 1350 5028 Dionysii
1403 4959 1910 5024 llalicarnassensis,
1954 4960 2204 5038 Appiani,

658 5042 896 5098 Philonis
940 5049 1057 5100 item
1109 5065 1170 5100 ac
1200 5048 1433 5115 Iosephi,
1465 5051 1703 5120 Origenis
1741 5062 1786 5103 et
1821 5051 2068 5104 aliorum.
2122 5050 2225 5105 Eat“

658 5137 842 5203 quibus
889 5149 1100 5204 apparet
1154 5156 1269 5191 eum
1309 5142 1576 5195 excellenti
1609 5144 1903 5211 ingettio‘el
1949 5143 2206 5210 singulari

659 5228 900 5281 doctrina
924 5230 1202 5297 pra-ditant
1235 5232 1414 5298 fuisse.
1456 5235 1533 5286 Ad
1561 5247 1675 5287 rem
1714 5236 1935 5303 propius
1995 5235 2204 5288 accedit

659 5320 1058 5378 illustrissimus
1087 5323 1312 5380 lluetius
1349 5328 1486 5382 libro
1520 5327 1596 5381 De
1629 5329 1783 5380 claris
1821 5323 2204 5396 interpretibus.

660 5425 782 5480 pag.
843 5411 970 5464 225.
1022 5411 1087 5466 In
1144 5417 1206 5467 iis
1249 5432 1466 5484 quoque,
1531 5417 1722 5485 inquit.
1776 5427 2076 5470 numeratur
2115 5419 2201 5472 Si-

659 5502 966 5569 gismundus
1007 5502 1291 5563 Geslenius.
1345 5507 1622 5570 Baltemus,
1653 5525 1755 5576 quo
1803 5510 1890 5574 vix
1931 5511 2204 5580 quisquam

660 5591 895 5659 pluribus
917 5595 1053 5649 Itane
1079 5608 1242 5650 artem
1274 5583 1615 5653 monumentis
1641 5601 1848 5653 ditauit.
1898 5599 2128 5656 Disertus
2151 5607 2204 5656 iit
2228 5658 2236 5665 ,

664 5683 843 5746 primis
866 5683 1073 5738 Ital-itus
1112 5696 1187 5740 est
1212 5697 1262 5741 et
1299 5688 1541 5759 elegans:
1587 5690 1764 5743 audax
1793 5694 2204 5762 constringeudis

662 5774 901 5843 pluribus
954 5778 1009 5832 in
1052 5795 1207 5834 unum
1238 5782 1468 5849 periodis
1517 5781 1986 5854 veldisjttngcndis,
2023 5801 2201 5839 sensus

2304 4608 2481 4669 gmata
2510 4599 2800 4662 interdum,
2842 4613 2907 4652 ac
2940 4599 3173 4668 priscam
3229 4597 3481 4652 Ecclesia:
3516 4601 3853 4669 disciplinam

2305 4692 2598 4747 elucidant.
2661 4690 2858 4744 llarutn
2906 4707 3031 4758 pars
3075 4693 3249 4761 major
3299 4691 3522 4745 debetur
3568 4692 3858 4748 Guillelmo

2307 4786 2596 4851 Spcncero,
2625 4784 2859 4850 quicum
2891 4784 3082 4838 Grtece
3108 4790 3314 4834 tantum
3355 4781 3668 4836 Graecorum
3714 4783 3853 4835 scri-

2306 4885 2517 4943 ptorum
2535 4875 2845 4929 testimonia
2877 4873 3176 4944 protulerit,
3218 4875 3560 4944 adjunximus
3605 4871 3853 4927 Latinam

2309 4967 2818 5034 interpretationem,
2873 4980 2941 5017 ue
3001 4963 3186 5019 Grece
3238 4964 3504 5034 imperitis
3563 4963 3855 5018 lectoribus

2308 5054 2601 5116 molestiam
2670 5057 3026 5115 facesserent,
3074 5055 3272 5124 quippe
3320 5055 3516 5124 quibus
3573 5063 3728 5108 antea
3783 5051 3842 5111 ad

2305 5146 2542 5215 singulos
2585 5154 2838 5199 auctores
2879 5146 3019 5199 unde
3067 5137 3156 5200 illa
3209 5149 3320 5200 loca
3353 5145 3629 5214 exscripta
3670 5154 3844 5207 erant.

2308 5237 2689 5291 recurrentium
2719 5241 2858 5299 erat;
2890 5245 2947 5290 ut
2977 5253 3162 5292 eorum
3199 5237 3698 5305 interpretationem
3748 5237 3844 5290 Ita-

2307 5329 2514 5381 bereut.
2548 5326 2810 5383 Prmterea
2832 5345 2863 5383 e
2884 5327 3140 5397 Spenceri
3175 5329 3316 5382 notis
3347 5327 3629 5382 nonnullas
3662 5325 3856 5380 recidi-

2308 5436 2444 5484 mus,
2473 5425 2652 5489 utpote
2673 5435 2793 5491 qua
2822 5421 2954 5475 nihil
2970 5422 3222 5475 docerent
3248 5419 3391 5487 quod
3425 5423 3476 5473 in
3509 5419 3689 5474 lluetii
3723 5415 3852 5471 Ori-

2306 5513 2538 5579 genianis
2571 5511 2737 5565 iusius
2761 5526 2862 5565 non
2889 5514 2961 5567 sit
2981 5518 3391 5580 'pertractatum.
3421 5509 3660 5579 Denique
3681 5509 3852 5586 totius

2305 5604 2482 5672 operis
2535 5602 2692 5656 fronti
2744 5607 2958 5672 praeﬁxa
3011 5611 3096 5657 est
3133 5603 3428 5658 admonitio
3480 5617 3587 5671 qua
3630 5601 3853 5656 docetur

2306 5709 2414 5763 quo
2435 5702 2671 5762 tempore
2701 5694 2916 5758 vixerit,
2945 5710 3063 5763 quae
3089 5695 3386 5764 scripserit,
3420 5693 3504 5745 cui
3533 5692 3695 5746 etiam
3731 5690 3850 5762 plli-

2308 5783 2646 5854 losopltorum
2703 5793 2864 5840 secta:
2920 5800 2977 5840 se
3031 5785 3330 5856 adjnnxcrit
3385 5783 3590 5838 (Μωσ-
3629 5783 3866 5854 quicotn'
