4140 6306
288 374 349 426 ιο
1670 353 2059 411 primum.
3410 342 3480 399 ω

287 488 495 556 Origeni
520 502 605 540 res
630 496 743 549 est;
771 498 878 552 quo
913 492 1152 551 tempore
1181 482 1605 536 adversusillum
1636 480 1824 547 scripti
1853 481 1899 535 A
1926 477 1979 532 in
2014 494 2069 532 re
2094 477 2316 545 multum
2348 479 2396 533 ei
2428 477 2631 548 profuit
2658 473 2883 529 Joannis
2920 471 3034 526 Pici
3077 467 3477 551 interpretatio,

285 583 384 635 sint
427 591 551 633 ueto
595 578 842 647 Origenis
882 575 1043 639 libri;
1084 576 1300 644 quantis
1343 575 1589 628 laudibus
1623 575 1825 627 eximia

282 675 361 729 illa
397 673 719 727 Christiana:
739 669 1012 737 religionis
1038 668 1293 738 Apologia
1323 676 1378 722 et
1412 683 1441 721 a
1477 669 1749 721 veteribus
1774 676 1828 721 et

282 780 311 819 a
346 762 738 820 recentioribus
760 768 1073 814 exornetur.

280 922 350 975 De
373 919 653 983 suppositis
678 916 892 984 Origeni
913 915 1174 983 operibus.
1203 931 1264 966 ac
1294 916 1518 979 primum
1545 914 1609 966 de
1642 913 1827 967 Dialo-

343 1009 407 1059 go
432 1000 613 1042 contra
635 986 999 1048 Marcionitas,
1019 1002 1106 1037 seu
1125 984 1199 1037 De
1223 995 1359 1037 recta
1377 986 1431 1037 in
1454 986 1615 1038 Deum
1634 986 1755 1053 fide.

340 1122 621 1177 Genuinas
646 1118 892 1189 Origenis
926 1119 1247 1186 scriptiones
1287 1126 1585 1187 sequuntur
1626 1118 1830 1185 aliquot

273 1216 491 1285 spuria,
525 1212 764 1279 dialogus
818 1210 1067 1263 nimirum
1103 1209 1176 1262 lie
1224 1221 1363 1263 recta
1412 1210 1464 1262 in
1498 1209 1659 1262 Deum
1701 1210 1828 1275 ﬁde,

274 1303 375 1366 vel,
409 1313 468 1356 ut
514 1302 568 1355 in
613 1301 733 1354 aliis
775 1299 1175 1366 esetltplaribus
1219 1298 1437 1368 legitur,
1467 1308 1650 1351 contra
1683 1298 1831 1352 Har-

274 1398 531 1457 cionttas;
565 1404 617 1447 et
657 1392 1167 1459 Φιλοσοεςούμενα,
1196 1406 1289 1444 seu
1340 1390 1476 1442 liber
1522 1390 1595 1442 De
1623 1389 1828 1458 placitis

271 1487 722 1554 philosophorum.
773 1482 1047 1547 Dialogum
1098 1481 1307 1549 primus
1352 1480 1590 1533 omnium
1643 1480 1830 1533 Grmce

273 1578 434 1629 simul
462 1584 517 1628 ct
558 1574 743 1627 Latine
774 1575 825 1626 in
852 1573 1025 1627 lucem
1064 1573 1234 1627 edidit
1262 1573 1483 1626 Basilea:
1515 1588 1657 1626 anno
1694 1572 1829 1628 1674

198 1726 201 1727 ,
268 1668 509 1725 Joannes
534 1668 838 1735 Rodolpbns
886 1664 1245 1725 Wetslenius,
1290 1667 1381 1734 qui
1424 1666 1476 1718 in
1511 1664 1827 1733 prmfatione

270 1762 341 1815 ad
368 1761 628 1815 lectorem
661 1759 840 1813 omnia
869 1766 1045 1811 movet
1072 1769 1386 1827 argumenta
1414 1767 1475 1811 ut
1502 1758 1677 1826 ipsum
1707 1754 1829 1810 Ori-

1933 570 2100 623 IllllllO
2130 569 2402 623 astrictior
2428 568 2602 621 verbis
2629 563 2834 619 Grmcis
2854 573 2908 617 et
2937 561 3118 615 multis
3145 561 3196 612 in
3226 558 3361 613 locis
3393 557 3480 609 lu-

1926 662 2209 715 culentior.
2233 661 2339 715 Nos
2368 660 2548 713 multis
2588 659 2639 710 in
2670 657 2805 710 locis
2847 654 3165 722 castigatam
3198 651 3366 703 secuti
3392 666 3484 702 su-

1928 771 2046 807 mus
2068 754 2462 813 Perionianam,
2496 751 2690 819 quippe
2716 764 2835 816 quze
2868 747 3080 801 cznteris
3104 745 3316 799 duabus
3364 745 3475 795 visa

1925 849 1996 899 sit
2020 847 2217 900 clarior
2245 857 2297 899 et
2318 844 2631 911 elegantior.
2676 838 2956 893 Wetstenii
3021 847 3173 890 notas
3208 838 3273 890 ad
3300 847 3481 890 extre-

1928 956 2043 992 mas
2070 940 2287 1008 paginas
2315 936 2687 1006 opposuimus,
2717 932 2944 1001 demptis
2971 930 3129 983 modo
3153 929 3216 980 iis
3242 944 3360 995 qum
3390 936 3480 978 aut

1928 1031 2063 1086 nihil
2088 1031 2370 1085 continent
2402 1044 2560 1097 quam
2586 1025 2725 1095 quod
2767 1023 2872 1089 iam
2908 1037 2938 1075 a
2976 1019 3249 1090 Spencero
3293 1010 3358 1071 ad
3412 1017 3479 1069 li-

1926 1122 2056 1177 bros
2099 1133 2280 1176 contra
2307 1119 2517 1174 Celsum
2552 1119 2725 1173 fuerat
2754 1116 3126 1191 observatum,
3169 1122 3261 1163 aut
3294 1111 3485 1163 callio-

1928 1214 2197 1268 iieze'lidei
2246 1212 2485 1280 apertius
2528 1210 2900 1269 adversantur,
2944 1215 2997 1259 et
3037 1206 3090 1259 in
3142 1202 3480 1270 Origenianis

1928 1304 2105 1360 lluetii
2130 1305 2419 1358 confutata:
2454 1310 2603 1357 sunt.

2334 1417 2340 1423 -
2424 1394 2495 1447 De
2520 1392 2893 1458 Philosophicis
2918 1390 3016 1460 (τι).

1999 1486 2485 1554 Φμὶοσοφούμενα
2523 1499 2615 1537 seu
2674 1482 2865 1535 librum
2919 1479 2994 1532 De
3024 1477 3229 1545 placitis
3260 1476 3484 1544 philoso-

1932 1581 2149 1644 phorum
2206 1576 2414 1643 primus
2441 1574 2629 1629 Graece
2658 1588 2722 1628 ac
2766 1572 2958 1631 Latine
2986 1585 3016 1623 e
3046 1570 3235 1623 codice
3287 1568 3481 1622 biblio-

1932 1671 2101 1721 lbet‘a‘.
2134 1667 2383 1720 Medicete
2444 1666 2494 1717 in
2528 1665 2704 1718 lucem
2759 1663 2929 1717 edidit
2978 1662 3225 1730 notisque
3275 1660 3482 1729 aliquot

1934 1759 2219 1813 illustravit
2268 1761 2349 1809 vir
2403 1756 2737 1810 clarissimus
2781 1754 3016 1811 Iacobus
3064 1752 3369 1809 Gronovius
3424 1752 3477 1806 in

269 1852 394 1921 geni
430 1860 655 1910 asserat,
686 1850 778 1903 sed
807 1849 959 1903 irrito
989 1864 1214 1916 prorsus
1248 1858 1472 1910 conatu,
1507 1860 1565 1901 ut
1593 1857 1739 1915 patet
1759 1863 1826 1901 ex
1858 1834 1901 1887 Β
1934 1851 2190 1905 Tlirsaur.
2222 1834 2467 1916 antiquit.
2509 1858 2638 1901 tom.
2669 1847 2737 1910 Χ,
2770 1848 2859 1901 ubi
2913 1848 3053 1901 lnmc
3102 1846 3337 1899 libellum
3383 1860 3478 1913 ge-

268 1944 481 1995 monito
509 1944 648 2006 quod
682 1942 733 1994 in
788 1941 943 2005 hujus
974 1940 1215 2007 opusculi
1258 1940 1430 1994 fronte
1474 1940 1821 2007 przelixit'nus,

270 2036 363 2086 ubi
391 2036 443 2087 id
472 2050 632 2086 unum
660 2033 959 2095 omisimus,
997 2047 1188 2099 nempe
1214 2032 1409 2102 stylmu
1441 2041 1551 2085 toto
1596 2032 1734 2086 caelo
1758 2031 1824 2085 ab

268 2124 603 2194 Origeniano
649 2122 884 2187 differre,
932 2132 984 2176 et
1021 2123 1321 2176 innumeris
1362 2130 1570 2176 scatere
1604 2122 1825 2175 vocibus

267 2213 503 2276 Graecis,
531 2229 665 2281 quas
700 2215 893 2266 frustra
916 2214 967 2266 in
990 2213 1106 2265 aliis
1125 2211 1371 2279 Origenis
1398 2213 1651 2278 aperibus
1677 2210 1824 2265 Gne-

270 2308 355 2359 cis
382 2306 677 2373 quaesieris,
722 2321 946 2373 qumque
984 2305 1228 2361 Grtecnm
1280 2305 1546 2357 hominem
1593 2302 1825 2373 Origene

270 2395 435 2463 longe
467 2397 817 2449 recentiorem
860 2395 1198 2464 sapiunt._Es
1236 2397 1394 2448 unico
1418 2395 1823 2449 codice'mauu-

269 2486 480 2551 scripto
510 2485 658 2538 hunc
696 2485 935 2538 libellum
986 2483 1172 2538 Gratee
1225 2484 1394 2537 edidit
1461 2480 1821 2548 Wetstenitis,

269 2591 375 2630 nos
399 2578 466 2627 ad
496 2587 726 2644 quatuor
765 2577 993 2630 aliorum
1033 2577 1189 2629 fidem
1237 2574 1623 2637 reeensuimus,
1651 2563 1825 2626 varia-

269 2679 380 2733 que
397 2668 752 2734 expuuximus
784 2666 998 2731 menda,
1032 2667 1226 2734 quibus
1279 2660 1678 2716 Wetstenianus
1725 2678 1821 2717 co-

269 2756 377 2805 dex
399 2763 517 2807 erat
537 2753 785 2807 findatus.
807 2754 948 2807 Ante
981 2751 1265 2807 Wetstenii
1305 2753 1590 2808 editionem
1610 2754 1825 2809 Graeco-

268 2844 541 2906 Latinam,
569 2856 677 2899 tres
705 2846 822 2899 alia:
860 2848 913 2898 in
939 2845 1108 2899 lucem
1137 2847 1474 2914 prodierant.
1502 2846 1593 2899 sed
1624 2846 1824 2901 Latina:

194 2960 197 2961 ν
270 2946 504 2991 tantum.
535 2935 712 2989 Prima
739 2936 840 2989 fuit
880 2935 1015 3000 l’ici,
1048 2938 1315 2990 senatoris
1346 2936 1665 2990 Parisieusis
1714 2937 1813 2989 do-

267 3028 521 3091 ctissimi,
550 3043 713 3097 quam
752 3028 982 3081 llenrico
1009 3026 1070 3093 ll,
1103 3027 1395 3082 Galliarum
1437 3028 1572 3096 regi,
1624 3027 1821 3082 obtulit

269 3136 415 3174 anno
463 3122 620 3182 1555,
676 3116 922 3191 quamVis
950 3122 1203 3176 editionis
1256 3120 1441 3175 titulus
1486 3136 1682 3174 annum
1732 3134 1822 3173 se-

268 3222 525 3278 queuletn
566 3210 705 3265 1556
749 3226 856 3278 pra:
892 3227 951 3265 se
977 3212 1136 3267 ferat.
1178 3198 1385 3266 Eodem
1410 3222 1648 3281 tempore
1672 3210 1825 3267 Basi-

271 3299 370 3352 le:e
404 3299 727 3355 Laurentius
750 3301 1142 3372 Hnmpbredus,
1164 3302 1388 3372 Anglus,
1410 3301 1634 3355 alteram
1668 3304 1829 3357 ador-

273 3391 437 3444 nabat
459 3392 596 3460 apud
625 3391 1008 3462 Hieronymum
1050 3392 1408 3471 Frobenium,
1436 3404 1492 3447 ut
1522 3394 1633 3449 haec
1658 3395 1825 3465 ipsius

271 3481 433 3534 verba
449 3482 642 3535 docent
658 3498 674 3535 :
697 3479 893 3534 Contra
915 3481 1284 3536 Marcionistns
1301 3484 1542 3554 Dialegos
1562 3478 1691 3541 duos
1708 3499 1826 3540 ante

269 3574 640 3641 mquiannum
672 3589 738 3626 ex
786 3571 1112 3625 Frobeniana
1165 3564 1339 3627 codice
1387 3579 1745 3645 manuscripto
1797 3596 1826 3632 e

268 3661 454 3719 Greco
481 3667 713 3729 traduxi,
741 3681 968 3727 sensum,
997 3680 1099 3716 non
1123 3666 1276 3716 verba
1293 3666 1537 3729 reddens,
1562 3677 1610 3718 et
1635 3684 1827 3736 appen-

266 3755 396 3810 ιω
422 3759 595 3823 potius
643 3774 799 3825 quam
826 3772 1102 3810 intolerans
1126 3772 1146 3809 :
1168 3756 1354 3825 ubique
1382 3772 1585 3821 cavens,
1612 3774 1673 3810 ne
1693 3761 1823 3828 quid

268 3846 450 3902 Grece
503 3850 726 3914 positum
757 3848 996 3901 vertendo
1032 3858 1348 3901 everteretur
1390 3858 1440 3901 et
1473 3850 1820 3904 intercideret.

268 3940 394 3995 Haec
422 3940 513 3993 ille
539 3956 683 3993 anno
722 3940 879 4003 l557,
903 3940 1130 4009 Augusti
1159 3940 1245 3994 die
1272 3948 1447 3994 sexta.
1482 3941 1609 4009 Ejus
1641 3954 1820 3995 autem

266 4030 643 4098 interpretatio
664 4032 918 4100 operibus
946 4030 1195 4100 Origenis
1241 4045 1384 4084 anno
1427 4032 1556 4085 1571
1599 4032 1822 4098 ῑίιιςίΙεω

264 4124 428 4177 editis
446 4123 647 4190 adjecta
664 4131 770 4176 est.
783 4111 1025 4176 Tertiam
1044 4119 1274 4176 confecit
1289 4112 1605 4181 ιιοιιιιῑιίιιιιιςΔ
1635 4124 1787 4177 ἕξει-ιο
1800 4154 1819 4163 -

268 4214 414 4276 nius,
438 4212 814 4266 Benedictinns
829 4211 1295 4275 Cormeriacenus,
1312 4229 1471 4281 quam
1514 4224 1658 4266 anno
1685 4215 1821 4269 ιδτι

265 4301 603 4357 Gilbertinus
626 4300 1005 4357 Genebrardus
1037 4302 1209 4370 primo
1248 4302 1503 4355 editionis
1524 4289 1635 4356 sine
1675 4314 1818 4379 tonio

266 4394 514 4449 inseruit.
553 4392 686 4447 Tres
715 4394 800 4447 isti
833 4394 1156 4460 interpretes
1180 4394 1261 4448 usi
1287 4392 1640 4449 suutGraeis
1668 4396 1817 4449 codi-

1931 1944 2147 1995 nuinum
2168 1938 2425 2008 Origenis
2448 1953 2571 1992 esse
2594 1938 2754 1991 fetum
2785 1946 3110 2006 propugnat,
3134 1936 3225 1991 sed
3250 1936 3479 1989 inﬁrmis

1930 2035 2068 2086 adeo
2115 2032 2492 2101 argumentis,
2547 2041 2602 2084 ιιι
2634 2041 2784 2084 tanto
2821 2031 2941 2084 viro
2989 2030 3203 2098 indigna
3258 2043 3479 2096 prorsus

1930 2125 2169 2179 Joannes
2213 2124 2638 2191 Cbristopborus
2673 2122 2899 2177 Wolﬁus
2922 2122 3045 2191 jure
3072 2125 3265 2175 merito
3290 2121 3480 2175 existi-

1931 2215 2177 2267 maverit.
2212 2213 2454 2266 Prinmm
2493 2214 2616 2268 inde
2650 2214 2782 2281 petit
2832 2214 2972 2283 quod
3003 2213 3249 2281 Origenis
3280 2227 3475 2265 nomen

1932 2321 2042 2372 ιιι-ει-
2080 2321 2137 2359 se
2171 2304 2277 2358 fert
2314 2306 2716 2374 manuscriptns
2745 2304 2911 2358 mdes
2944 2303 3232 2365 Mediceus,
3262 2319 3290 2356 a
3324 2302 3478 2369 cujus

1930 2398 2258 2451 auctoritate
2279 2436 2295 2458 ,
2326 2396 2498 2464 inquit
2518 2438 2533 2461 ,
2569 2413 2673 2454 non
2729 2407 2933 2452 temere
2966 2406 3050 2451 est
3094 2397 3474 2451 recedendum.

1928 2489 2035 2543 Sed
2067 2490 2189 2559 quis
2211 2493 2409 2554 nescit,
2439 2492 2651 2560 reponit
2672 2490 2923 2554 Wolfius,
2960 2490 3090 2544 illud
3117 2490 3316 2544 fraudis
3346 2490 3478 2545 fuci-

1927 2596 2033 2649 que
2058 2597 2227 2651 genus
2252 2582 2381 2635 olim
2410 2582 2896 2636 familiarissimum
2939 2581 3104 2636 fuisse
3135 2581 3391 2643 librariis,
3418 2590 3478 2634 ut

1930 2672 2128 2726 librum
2157 2657 2459 2747 quemdani
2498 2673 2587 2726 illo
2622 2672 2982 2726 inscriberent
3019 2673 3234 2725 nomine
3260 2713 3276 2737 ,
3322 2672 3474 2737 cujus

1929 2764 2213 2831 splendore
2237 2766 2333 2834 ipsi
2365 2750 2517 2834 oﬂéri
2543 2763 2708 2817 decus
2741 2773 2794 2817 et
2822 2763 3054 2831 pretium
3073 2764 3478 2817 COnciliaretur?

1928 2848 2219 2917 Speeiatim
2251 2826 2623 2993 coast—aﬂsub
2649 2826 2900 2918 Origenis
2930 2851 3145 2903 nomine
3176 2861 3250 2905 tot
3279 2866 3475 2919 suppo-

1928 2939 2026 2992 sita
2058 2941 2263 2993 serinta
2298 2940 2445 2993 circa
2511 2939 2664 2993 ferri.
2701 2948 2757 2991 ut
2783 2938 3005 2992 lluetins
3034 2938 3469 2993 Oriaenianorum

1927 2939 2026 2992 sita
2058 2941 2263 3007 scripta
2298 2938 2664 3003 circumferri,
2701 2948 2757 2991 ut
2783 2938 3005 2992 lluetius
3034 2938 3469 3008 Origenianorum

1927 3029 2065 3083 libro
2083 3031 2264 3095 tertio,
2293 3030 2554 3099 peculiari
2585 3033 2848 3095 sectione,
2874 3046 2978 3085 non
3008 3024 3271 3085 modicam
3288 3047 3472 3086 eorum

1927 3122 2135 3189 capiant
2187 3121 2241 3174 in
2278 3122 2514 3175 medium
2566 3121 2766 3190 afferre
2812 3122 3069 3191 potuerit.
3106 3122 3283 3190 Atque
3317 3121 3475 3191 hujus

1925 3214 2143 3282 quidem
2180 3214 2255 3267 rei
2282 3215 2416 3267 ratio
2443 3214 2494 3266 in
2520 3223 2766 3282 promptu
2796 3223 2898 3268 est.
2933 3214 3006 3269 Ea
3033 3215 3175 3267 enim
3202 3214 3473 3268 fuit-vete-

1929 3321 2047 3358 rum
2078 3306 2145 3359 de
2184 3306 2488 3360 eruditione
2515 3305 2768 3375 Origenis
2799 3307 3099 3374 persuasio,
3153 3317 3211 3360 ιιι
3240 3307 3474 3360 librariis

1929 3396 2074 3450 nulla
2104 3396 2382 3451 dubitandi
2405 3413 2566 3451 causa
2599 3397 2761 3461 foret,
2797 3400 2928 3466 quin
2966 3398 3085 3452 libri
3111 3399 3230 3467 ejus
3257 3400 3475 3469 nomine

1928 3489 2171 3557 inscripti
2223 3488 2409 3543 faciles
2444 3500 2717 3557 emptores
2764 3477 3089 3545 invenirent.
3123 3489 3197 3543 Ex
3229 3505 3334 3557 quo
3359 3489 3468 3544 emo

1925 3578 2071 3629 citur
2104 3578 2203 3631 ltoc
2251 3578 2467 3646 quidem
2511 3576 2768 3630 Gronovii
2815 3594 2912 3645 pro
2946 3576 3106 3633 libelli
3150 3579 3471 3633 auctoritate

1925 3678 2304 3735 argumentum
2336 3669 2508 3736 parvi,
2541 3677 2636 3720 aut
2679 3668 2873 3721 nullius
2896 3682 3020 3722 esse
3050 3654 3344 3733 momenti,
3370 3668 3470 3723 nisi

1923 3759 2043 3813 alia:
2075 3759 2293 3827 majoris
2345 3760 2597 3826 ponderis
2631 3760 2870 3814 rationes
2922 3760 3273 3816 accesserint.
3322 3760 3472 3815 Alte-

1925 3864 2041 3901 rtun
2073 3847 2323 3903 Gronovii
2350 3858 2721 3918 argumentum
2753 3863 2905 3917 arque
2933 3849 3200 3903 infirmum
3232 3849 3469 3913 videtur,

1920 3942 2115 4011 quippe
2138 3940 2474 4009 desumptum
2493 3956 2521 3992 a
2550 3942 2896 4010 manuscripti
2918 3941 3122 3996 codicis
3139 3940 3469 3997 conditione.

1922 4032 2021 4087 Ille
2047 4035 2205 4095 enim,
2240 4032 2439 4102 inquit,
2469 4034 2590 4087 licet
2639 4034 2710 4087 sit
2738 4033 3065 4098 cltartaceus,
3117 4033 3271 4102 plane
3296 4042 3469 4086 tamen

1919 4144 2050 4182 auro
2082 4130 2420 4199 undequaque
2455 4131 2753 4195 pretiosior,
2785 4130 2972 4196 quippe
3027 4127 3245 4189 unicus,
3282 4126 3335 4179 in
3368 4141 3468 4189 quo

1918 4219 2392 4271 emendatissimum
2437 4228 2512 4272 est
2544 4217 2760 4271 Arriani
2782 4216 3123 4281 'Avalidoew;
3180 4216 3468 4269 Alexandri

1921 4310 2103 4379 Magni
2130 4311 2396 4378 exemplar
2423 4311 2601 4365 eadem
2634 4326 2795 4362 manu
2819 4311 3089 4376 scriptum,
3119 4321 3166 4362 et
3206 4306 3340 4361 unde
3374 4321 3466 4358 nos

1917 4403 2039 4456 olim
2064 4403 2267 4471 egregia
2311 4402 2405 4455 illa
2447 4402 2560 4471 ejus
2601 4399 2868 4467 scriptoris
2916 4400 3272 4467 supplementa
3302 4398 3465 4451 edidi-

266 4488 417 4540 cibus
445 4484 600 4538 valde
654 4485 911 4549 diversis;
967 4484 1368 4551 llumpltredum
1426 4496 1610 4541 autem
1656 4504 1811 4540 usum

1919 4512 2054 4555 mus,
2077 4493 2161 4548 cui
2188 4494 2356 4547 simile
2386 4502 2435 4546 et
2465 4509 2562 4560 par
2581 4503 2844 4560 propterea
2866 4503 3034 4544 exstat
3065 4490 3285 4544 nullum.
3316 4486 3464 4542 Prte-

267 4592 387 4633 esse
413 4576 709 4632 sinceriore
738 4585 899 4645 atque
927 4577 1177 4633 uberiore
1206 4578 1501 4647 exemplari
1529 4593 1687 4645 quam
1719 4587 1815 4631 aut

266 4670 449 4723 Picum
481 4677 573 4721 aut
609 4667 939 4730 Perionium,
976 4668 1149 4722 cuivis
1183 4684 1247 4722 es
1278 4670 1685 4737 comparatione
1714 4686 1812 4739 pa-

268 4761 363 4824 tlet,
407 4762 566 4830 idque
610 4759 719 4829 jam
753 4760 1092 4813 observatum
1136 4770 1220 4814 est
1255 4761 1322 4815 ab
1357 4761 1568 4815 Andrea
1620 4760 1813 4815 Riveto

263 4850 443 4905 Critie.
469 4869 607 4909 ωιτν.
642 4851 733 4904 lib.
769 4866 829 4915 ιι,
860 4866 976 4919 cap.
1005 4851 1083 4911 l5,
1120 4849 1435 4919 etPhilippo
1472 4851 1685 4905 Labbeo
1732 4852 1811 4907 De

265 4945 443 5008 script.
473 4944 597 4998 cret.
633 4952 761 5000 tom.
790 4944 850 5007 ll,
885 4958 1007 5014 pag.
1039 4941 1157 4994 HS.
1205 4940 1583 4998 Verumtamen
1608 4941 1805 4997 Joanui

266 5035 545 5103 Rodolpho
573 5036 872 5091 Wetstenio
950 5035 1228 5090 videbatur
1259 5032 1637 5105 llmuphredus
1668 5052 1809 5103 saepe

266 5129 651 5196 paraplirasten
686 5129 861 5193 potius
889 5142 1047 5196 agere
1085 5141 1241 5193 quam
1273 5124 1643 5192 interpretem,
1711 5143 1808 5182 nec

266 5234 391 5273 raro
434 5219 729 5274 inseruisse
772 5220 1044 5287 qumdam,
1071 5227 1127 5271 ιιι
1164 5216 1481 5271 sententiam
1510 5221 1808 5286 quomodo-

263 5324 474 5375 cuuque
508 5323 905 5378 assequeretur.
933 5308 1287 5376 Quamobrem
1322 5324 1445 5361 cum
1488 5309 1658 5362 fusior
1699 5308 1807 5376 ple-

268 5417 491 5471 rumque
522 5401 590 5454 sit
609 5402 727 5470 ejus
753 5402 1123 5472 interpretatio
1150 5414 1307 5469 quam
1335 5410 1393 5451 ut
1414 5398 1603 5455 Grmco
1625 5416 1807 5455 exemo

269 5495 397 5563 plari
436 5494 818 5563 :rquiparclur,
867 5496 1085 5549 coaetus
1125 5506 1209 5548 est
1254 5493 1587 5548 Wetstenius
1661 5495 1804 5547 illam

269 5588 659 5657 constringere,
690 5602 754 5639 ac
789 5587 917 5640 locis
946 5588 1189 5656 plurimis
1214 5590 1372 5641 aliam
1410 5603 1671 5657 pangere;
1707 5605 1807 5657 qua

329 5686 400 5740 ιη)

1920 4594 2060 4638 terea
2095 4583 2138 4635 is
2169 4582 2277 4649 ipse
2322 4582 2485 4633 codex
2513 4589 2609 4641 est,
2636 4580 2690 4630 in
2719 4596 2820 4647 quo
2870 4575 3133 4630 Hieroclis
3183 4576 3252 4629 ad
3300 4589 3462 4625 aureo

1920 4652 2233 4745 Pythagorae
2262 4672 2493 4724 carmina
2521 4670 2904 4723 eruditissimus
2932 4665 3337 4719 commentarius
3356 4673 3465 4716 tam

1916 4766 2113 4832 integer
2141 4773 2187 4815 et
2217 4762 2497 4815 inviolatus
2526 4762 2816 4822 exhibetur,
2844 4770 2897 4811 ut
2929 4774 3031 4809 non
3077 4757 3293 4808 aliunde
3319 4772 3466 4824 irque

1916 4873 1977 4909 ac
1990 4871 2054 4909 ex
2083 4855 2190 4921 ipso
2219 4854 2471 4905 columine
2492 4850 2669 4919 colligi
2696 4849 2884 4917 possit,
2913 4863 3071 4916 quam
3098 4846 3357 4899 maculosi
3372 4863 3463 4899 co-

1914 4947 2056 4999 dives
2080 4945 2145 4996 ab
2174 4942 2519 5011 typograpltis
2549 4939 2742 4993 nostris
2791 4938 2859 4989 ad
2919 4935 3323 5004 multiplicando
3350 4937 3464 5001 ejus

1914 5036 2227 5099 exemplaria
2266 5033 2499 5099 usurpati
2532 5030 2750 5097 fuerint.
2779 5038 2836 5081 nt
2883 5030 3105 5095 scriptor
3155 5026 3269 5095 ejus
3304 5026 3467 5095 fuerit

1911 5131 2121 5184 omnino
2153 5128 2231 5180 rir
2263 5135 2310 5177 et
2356 5126 2467 5191 ipse
2503 5123 2834 5175 doctissimus
2861 5129 2911 5173 et
2943 5121 3033 5187 qui
3062 5118 3365 5187 ﬁdelissima
3392 5120 3460 5170 ad

1911 5221 2269 5275 bibliothecam
2296 5234 2444 5269 suam
2492 5216 2813 5283 exemplaria
2843 5211 3243 5277 conquisivrrit:
3273 5210 3458 5279 quibus

1907 5323 2222 5379 postremum
2250 5307 2440 5375 adjecit
2492 5308 2590 5358 hoc
2617 5305 2857 5369 Origenis
2910 5303 3257 5375 fragmentum
3280 5337 3297 5362 ,
3322 5300 3458 5362 quod

1906 5402 2110 5455 nomine
2137 5397 2259 5466 falsi
2293 5408 2340 5451 et
2370 5398 2537 5465 spurii
2568 5396 2794 5463 deferre,
2820 5404 2869 5448 et
2898 5394 3019 5447 hinc
3044 5395 3175 5446 adeo
3202 5391 3461 5443 eruditum

1912 5509 2124 5548 manum
2152 5506 2245 5558 pro
2276 5491 2373 5543 leui
2399 5490 2672 5543 traducere
2696 5504 2799 5540 non
2823 5496 2895 5539 est
2943 5485 3160 5537 alterius
3210 5480 3457 5544 hominis,

1913 5599 2069 5652 quant
2097 5580 2186 5643 qui
2224 5582 2417 5648 optima
2469 5580 2674 5648 egregia
2718 5589 2961 5645 tanquam
3002 5588 3167 5642 nugas
3244 5567 3452 5637 aspicit.

673 5707 737 5728 ο...
772 5678 918 5727 libros
934 5695 994 5729 ex
1018 5684 1182 5731 codice
1223 5684 1271 5732 in
1311 5683 1603 5730 monasterio
1630 5682 1800 5732 Montis
1844 5681 1994 5730 Athos
2014 5682 2285 5725 asservatos
2307 5678 2499 5736 integre
2542 5675 2725 5735 primus
2759 5673 2912 5722 edidit
2954 5672 3013 5724 D.
3056 5668 3237 5736 ῌΙῖίθνο
3276 5663 3460 5736 om?“

273 5728 406 5807 18.5);
430 5728 736 5803 ἶιῖ-έδῖῧριις
762 5742 871 5807 hoc.
896 5728 2231 5807 Origemipriniurn—e’tHippolytupostcasuppositum,
2262 5728 2462 5788 edemus
2485 5728 2839 5797 in'Appcndice
2865 5736 2922 5783 ad
2943 5731 3173 5781 saeculum
3215 5741 3303 5781 tu.
3326 5728 3458 5777 iuta

274 5804 569 5858 εοαιινισια
591 5812 800 5855 veterum
819 5804 1161 5856 harent-artua.
1194 5808 1325 5858 Eutr.
1354 5804 1499 5854 Pnul
