4126 6308
639 388 714 461 δι’
2042 404 2216 461 ΡΒΑῑΙ

2315 405 2427 461 l'lO.
3784 404 3855 459 3‘2.

640 522 847 596 Nempe
876 527 1055 581 omnis
1108 526 1299 579 isthtec
1329 523 1589 580 Gronovii
1646 529 2043 597 argumentatio
2095 528 2199 583 huc
2226 533 2274 606 ᾼ
2299 527 2491 583 eadem
2518 528 2914 599 significatione
2944 536 3254 596 usurpatur.
3289 526 3453 582 Iidem
3490 527 3853 599 lexicographi

594 623 598 627 '
644 621 786 672 redit
819 626 877 670 ut
904 632 970 671 ex
1000 618 1249 673 codicum
1284 617 1513 672 aliorum
1548 619 1673 672 huic
1707 618 1964 673 similium
1997 621 2198 690 inopia,

641 726 709 765 ex
741 711 1027 779 singulari,
1053 726 1159 780 qua
1186 710 1482 765 Mediceum
1513 713 1792 783 exemplar
1812 724 2093 791 exaratum
2118 724 2203 769 est

644 801 922 871 diligentia
952 812 1008 856 et
1037 804 1343 857 eruditione
1400 805 1606 859 librarii
1644 806 1879 870 evincat,
1936 808 2037 862 hoc
2068 822 2203 876 opus

644 905 981 963 praepostere
1036 895 1245 958 νοθείας
1268 896 1536 954 accusari.
1567 898 1763 953 Verum
1813 914 1917 953 non
1950 908 2095 952 tanta
2120 908 2205 953 est

645 986 892 1041 codicum
920 989 1049 1041 huic
1080 989 1335 1043 similium
1369 989 1600 1055 raritas,
1654 998 1909 1059 quantam
1956 1007 2077 1045 esse
2101 993 2202 1046 sibi

649 1077 825 1140 ﬁnxit,
858 1093 983 1132 eum
1034 1088 1145 1133 tres
1181 1080 1269 1134 alii
1328 1079 1491 1149 hujus
1540 1082 1722 1149 aperis
1749 1092 1963 1136 ex5tent
1992 1082 2206 1137 codices

648 1170 1029 1239 tnannscripti,
1059 1174 1166 1225 duo
1197 1171 1383 1226 Romae
1405 1212 1421 1238 ,
1462 1184 1514 1226 et
1556 1173 1691 1228 alter
1722 1173 1969 1228 Taurini.
2005 1174 2208 1230 Deinde

646 1262 914 1331 quodnam
946 1263 1047 1318 hoc
1076 1272 1161 1319 est
1192 1265 1598 1334 argumentandi
1634 1280 1807 1332 genus
1855 1285 1868 1319 :
1909 1266 2103 1330 Rarus,
2153 1276 2209 1321 et

649 1354 766 1408 fere
793 1355 982 1409 unicus
1013 1364 1095 1409 est
1127 1357 1295 1410 codex
1345 1356 1436 1426 qui
1466 1356 1721 1426 Origenis
1756 1374 1951 1412 nomen
1993 1376 2107 1429 pra:
2150 1375 2208 1415 se

648 1447 781 1505 fert;
808 1462 935 1517 ergo
956 1447 1173 1517 Origeni
1207 1449 1583 1518 snpposititius
1620 1466 1724 1503 non
1756 1449 1885 1504 est?
1914 1450 2096 1504 Risum
2130 1463 2209 1503 te-

651 1539 845 1597 nealis,
877 1539 1056 1591 amici.
1096 1538 1238 1592 Idem
1291 1540 1600 1605 dicendum,
1634 1542 1807 1611 inquit
1835 1541 2085 1607 Wolfius,
2144 1546 2211 1600 de

647 1628 911 1695 singulari
960 1645 1119 1697 quam
1171 1632 1455 1700 praedicat.
1491 1633 1845 1703 descriptoris
1883 1634 2207 1690 eruditione.

648 1717 788 1782 Quid
820 1718 961 1771 enim
988 1720 1101 1775 haec
1127 1724 1193 1775 ad
1226 1738 1341 1777 rem
1374 1722 1545 1777 facit?
1568 1723 1892 1793 Largiamur
1914 1741 2211 1782 amanuen-

650 1825 763 1863 sem
806 1811 952 1865 illum
984 1810 1155 1869 fuisse
1179 1816 1609 1870 eruditissimum
1640 1827 1690 1871 et
1725 1818 1805 1871 vel
1828 1833 1951 1871 cum
1977 1820 2212 1873 Aristar-

650 1904 755 1955 cho
780 1902 1197 1967 conferendum;
1233 1905 1353 1974 quis
1377 1907 1676 1975 praestabit,
1699 1908 1949 1962 eumdem
1984 1923 2207 1962 examen

653 1993 773 2047 libri
810 1994 1132 2058 instituisse,
1170 1993 1267 2051 nec
1298 1998 1479 2067 potius
1506 2000 1630 2052 data
1660 2014 1825 2067 opera
1872 2001 2209 2067 neglexisse,

656 2085 736 2135 vel
769 2072 1091 2139 si‘fraudem
1118 2088 1610 2154 animadverterit,
1638 2089 1761 2145 aliis
1792 2091 2069 2159 imponere
2112 2100 2209 2145 no-

654 2177 842 2237 luisse,
866 2194 973 2247 qtto
994 2178 1174 2233 carius
1198 2195 1325 2234 suas
1351 2168 1562 2236 merces
1586 2181 1870 2246 venderet,
1887 2191 1979 2237 aut
2000 2197 2121 2238 cum
2146 2184 2213 2238 de

654 2269 797 2323 illius
828 2270 1074 2339 opusculi
1124 2275 1476 2341 possessione.
1514 2273 1613 2327 sibi
1647 2274 2210 2345 gratularetur,-prae-

652 2371 930 2430 conceptae
965 2367 1031 2417 de
1080 2361 1318 2432 Origene
1346 2374 1572 2419 auctore
1622 2381 1729 2420 non
1758 2366 1981 2421 nimium
2034 2365 2215 2419 indul-

653 2453 793 2508 sisse
840 2455 1115 2521 opinioni?
1140 2456 1222 2511 Ad
1253 2456 1357 2510 hoc
1405 2457 1637 2512 imbellis
1667 2459 1769 2513 ista
1801 2458 1938 2513 ratio
1976 2468 2078 2522 est,
2103 2472 2210 2527 qua

655 2545 893 2599 libellum
931 2547 1075 2602 hunc
1105 2547 1224 2601 ideo
1270 2546 1522 2618 Origenis
1564 2564 1683 2604 esse
1720 2559 1909 2620 putare
1957 2548 2171 2603 videtur
2196 2587 2212 2612 ,

656 2639 796 2705 quod
825 2639 877 2691 in
903 2640 1093 2693 eodem
1123 2640 1313 2695 codice
1337 2640 1660 2706 conjunctus
1694 2644 1769 2697 sit
1795 2658 1915 2696 cum
1942 2642 2063 2696 aliis
2086 2653 2214 2709 Ope-

659 2729 808 2783 ribus
839 2744 957 2801 quae
990 2728 1109 2787 Sine
1155 2734 1531 2788 controversia
1557 2742 1685 2788 sunt
1732 2734 1945 2793 illorum
1979 2731 2212 2801 scripto-

663 2841 782 2877 rum
832 2841 1063 2895 quorum
1114 2828 1333 2883 nomina
1377 2845 1485 2897 pra:
1536 2828 1827 2884 seferunt.
1876 2828 2042 2894 Quasi
2086 2842 2216 2883 vero

660 2919 819 2989 hujus
881 2923 1281 2977 consecutionis
1343 2938 1569 2978 nervum
1635 2941 1744 2980 non
1819 2925 2059 2980 incidant
2136 2931 2217 2977 tot

656 3013 775 3067 alia:
849 3016 1340 3082 nianuseriptorum
1406 3018 1757 3074 collectiones
1824 3034 1944 3088 qua:
2016 3009 2252 3089 γνήσια

658 3113 712 3157 et
761 3102 1046 3159 νοθεύοντα
1096 3104 1258 3159 simul
1317 3109 1644 3176 scriptorum
1707 3119 2055 3164 monumenta
2112 3112 2213 3162 mi-

660 3206 836 3249 scent.
874 3197 1118 3251 Tertium
1158 3198 1417 3268 Crono/vii
1471 3212 1845 3273 argumentum
1902 3216 1931 3255 e
1964 3201 2106 3270 stylo
2134 3202 2214 3253 di-
2241 3230 2285 3288 ρ

664 3286 932 3354 ceudique
979 3288 1186 3341 ratione
1215 3290 1268 3343 in
1293 3292 1553 3359 epusculo
1589 3293 1747 3346 obvia
1780 3292 2018 3346 ducitur.
2070 3291 2215 3344 Belle

663 3379 909 3445 quidem,
943 3378 988 3432 si
1023 3378 1222 3449 singuli
1276 3381 1403 3448 loci,
1439 3396 1574 3451 quos
1601 3383 1742 3438 banc
1782 3383 1834 3436 in
1874 3398 1986 3436 rem
2012 3382 2214 3447 attulit,

665 3484 772 3542 non
804 3471 877 3523 ita
907 3480 1033 3523 sunt
1063 3474 1387 3540 comparati,
1416 3482 1605 3528 utnon
1637 3475 1816 3528 minus
1844 3473 1912 3528 ab
1933 3473 2041 3527 alio
2080 3487 2216 3541 quo—

664 3575 878 3631 cunque
903 3577 1061 3630 quam
1085 3566 1154 3618 ab
1172 3565 1404 3635 Origene
1425 3563 1693 3635 proficisci
1715 3567 2011 3635 potuerint.
2031 3565 2217 3634 Neque

662 3654 805 3705 enim
836 3654 958 3723 styli
990 3659 1358 3711 convenientia
1392 3659 1706 3712 :estimanda
1748 3668 1833 3713 est
1877 3674 1943 3713 ex
1994 3658 2216 3712 vocibus

664 3746 1018 3813 phrasibusve
1036 3750 1262 3816 receptis
1277 3761 1333 3803 et
1349 3751 1621 3804 communi
1639 3750 1879 3825 omnium
1894 3750 2217 3819 scriptorum

669 3852 765 3888 usu
799 3836 967 3899 tritis,
993 3839 1084 3890 sed
1115 3837 1196 3891 vel
1226 3852 1289 3892 ex
1320 3840 1649 3909 integrarum
1683 3840 2027 3908 periodorum
2050 3840 2217 3901 serie,

668 3928 748 3980 vel
783 3928 973 3980 saltem
1006 3944 1072 3982 ex
1096 3929 1317 3983 vocibus
1343 3947 1464 3998 qua!
1498 3931 1641 3985 illius
1669 3933 1907 3986 auctoris
1932 3933 2219 3985 videantur

669 4018 826 4086 plane
866 4021 1094 4088 propria:
1122 4061 1135 4083 ,
1188 4033 1241 4075 et
1295 4022 1495 4074 ttetnini
1526 4037 1679 4089 teque
1717 4022 2029 4076 familiares.
2083 4022 2220 4075 llinc

668 4124 855 4178 parum
885 4110 1154 4165 Gronovio
1193 4114 1406 4181 prolicit
1439 4115 1578 4179 quod
1600 4115 1855 4167 observat
1889 4128 2074 4168 verum
2100 4114 2217 4192 Ori-

668 4216 856 4269 genem
899 4203 982 4256 his
1012 4204 1087 4256 uti
1118 4206 1364 4271 vocibus,
1395 4204 1717 4267 ἀσυστάτοις
1743 4204 1973 4273 δόγμασι
2007 4216 2060 4258 et
2089 4202 2221 4256 ἀσύ-

671 4311 861 4349 στατον
888 4297 1153 4366 πρᾶγμα;
1185 4308 1462 4350 auctorem
1484 4304 1663 4349 autem
1688 4296 2223 4363 Φιλοσοφουμένων

671 4370 837 4441 istis:
890 4386 1227 4439 ἀσεϐέστατα
1282 4386 1392 4439 τῶν
1441 4385 1758 4455 δογμάτων,
1820 4395 1874 4439 et
1928 4385 2224 4439 ἀσύστατον

670 4479 917 4549 πρᾶγμα.
938 4477 1174 4531 Primum
1212 4478 1353 4530 enim
1402 4476 1737 4530 ἀσεϐέστατα
1774 4476 1881 4528 τῶν
1938 4478 2223 4547 δογμάτων

672 4582 777 4619 non
805 4566 1091 4633 respondet
1117 4566 1443 4628 ἀσυστάτοις
1474 4566 1727 4636 δόγμασι.
1763 4567 1962 4624 Deinde
1988 4568 2223 4623 ἀσύστα-

670 4672 759 4709 τον
789 4656 1020 4726 πρᾶγμα
1051 4655 1181 4711 tlixit
1229 4656 1445 4725 quidem
1474 4673 1634 4712 verus
1662 4659 1944 4729 Origenes,
1993 4673 2051 4715 at
2081 4662 2220 4714 idem

670 4743 825 4799 alteri
851 4746 1032 4801 dicere
1062 4745 1229 4801 licuit.
1260 4747 1360 4802 Ubi
1383 4749 1525 4801 enim
1553 4749 1619 4802 de
1642 4751 1922 4817 gentilium
1953 4752 2222 4821 dogmatis

672 4836 872 4905 agitur,
901 4850 965 4889 ea
1001 4851 1104 4893 vox
1142 4846 1228 4890 est
1263 4838 1336 4890 ita
1387 4835 1546 4907 hujus
1573 4840 1876 4908 argumenti
1905 4842 2140 4910 propria,
2170 4852 2223 4895 et

670 4926 1033 4992 scriptoribus
1068 4928 1458 4981 ecclesiasticis
1503 4928 1637 4983 adeo
1670 4928 1954 4984 familiaris
1977 4973 1992 4997 ,
2026 4943 2083 4987 ut
2124 4949 2223 4989 nec

670 5013 979 5069 Lactantius
1004 5019 1095 5073 lib.
1129 5020 1377 5075 tttDivin.
1425 5021 1650 5075 inuitat.
1682 5036 1800 5075 eam
1831 5021 2024 5077 Latine
2045 5026 2224 5093 expri-

672 5120 821 5159 mere
852 5109 1054 5164 veritus
1082 5112 1173 5176 sit,
1202 5113 1327 5164 dum
1364 5100 1653 5180 asystamm
1677 5114 1815 5167 dixit
1839 5110 2219 5182 argumentum.

672 5192 817 5250 Idem
851 5189 1410 5271 ferendumjttdicinm
1442 5204 1508 5257 de
1528 5206 1694 5259 verbo
1722 5203 2049 5268 ἐκτίθεσθαι,
2082 5206 2223 5272 quod

674 5303 739 5341 ex
772 5286 880 5341 alio
914 5288 1161 5357 Origenis
1189 5292 1307 5344 loco
1333 5291 1491 5345 aﬂ'ert
1542 5293 1866 5348 Gronovius.
1915 5294 2044 5346 Illud
2075 5293 2218 5346 enim

675 5376 924 5445 Origenis
960 5380 1096 5433 adeo
1124 5395 1226 5434 non
1270 5394 1349 5438 est
1374 5385 1676 5454 proprium,
1707 5393 1764 5436 ut
1786 5384 1855 5439 de
1883 5385 2223 5453 expositione

675 5473 985 5542 degmatnm
1014 5474 1331 5544 plerumque
1354 5494 1459 5531 non
1496 5488 1806 5545 usurpetur.
1836 5480 2079 5535 Laertius
2108 5476 2227 5533 non

676 5562 848 5618 solum
872 5564 926 5616 in
957 5564 1290 5630 Parmenide,
1320 5569 1410 5621 sed
1438 5578 1492 5622 et
1516 5570 1636 5623 aliis
1665 5571 1716 5627 in
1744 5572 1874 5627 locis
1903 5573 2094 5641 sacpius
2124 5572 2222 5626 hac

679 5651 852 5706 utitur
875 5668 1027 5719 voce,
1060 5663 1119 5707 ut
1145 5655 1791 5727 alios.taceam,quorum
1823 5662 1922 5718 loci
1956 5680 1985 5717 a
2020 5665 2223 5720 lexieo—

674 5742 892 5811 grapbis
913 5744 1121 5800 collecti
1148 5758 1292 5810 sunt,
1320 5750 1458 5804 inter
1479 5765 1612 5819 quos
1634 5752 1856 5809 Budaeus
1880 5756 1978 5808 tria
2000 5758 2221 5812 omnino

680 5831 937 5890 eiustino
962 5846 1195 5906 martyre
1222 5842 1468 5910 exempla
1507 5842 1681 5909 aﬂ'ert,
1720 5846 1807 5901 ubi
1863 5850 2079 5904 verbum
2120 5850 2222 5904 hoc

2292 622 2589 676 ostendent
2614 621 2675 674 τὸ
2704 622 2980 675 κοινωνεῖν
3014 636 3118 675 τινι
3163 622 3299 675 adeo
3342 636 3446 675 non
3497 636 3618 675 esse
3666 619 3859 691 Orige-

2304 713 2545 775 nianum,
2603 721 2661 765 ut
2693 712 2909 780 Optimis
2964 722 3180 780 quoque
3232 709 3456 766 Gracia:
3497 712 3855 781 scriptoribus

2306 820 2409 856 non
2445 791 2513 857 sit
2551 803 2809 867 solemne,
2842 818 3071 871 quorum
3118 801 3252 857 locis
3297 803 3627 882 adnotandis
3660 812 3859 873 praeter

2308 896 2573 949 rationem
2608 896 3042 949 immoraremur.
3079 894 3314 958 Quartus
3347 899 3582 949 auctoris
3613 898 3863 949 Φιλοσο-

2306 984 2617 1057 φουμένων
2640 985 2787 1040 locus
2816 996 2996 1057 exstat
3018 986 3105 1043 ubi
3132 986 3199 1040 de
3231 985 3452 1040 Platone
3473 987 3671 1056 agitur,
3699 1001 3730 1040 a
3752 1002 3860 1055 quo

2306 1079 2586 1134 materiam
2646 1078 2777 1133 dicit
2830 1078 3145 1146 appellatam
3179 1093 3297 1133 esse
3329 1078 3733 1149 ἀσχημάτιστον
3766 1078 3862 1134 καὶ

2307 1168 2515 1223 ἄποιον.
2552 1170 2631 1222 Ad
2675 1169 2819 1222 hunc
2865 1168 3042 1222 locum
3084 1168 3218 1222 duos
3246 1168 3405 1222 all‘ert
3435 1169 3741 1224 Gronovius
3790 1185 3859 1223 ex

2308 1262 2466 1315 libris
2505 1262 2557 1314 in
2587 1259 2817 1325 Celsum,
2846 1262 2897 1314 in
2924 1276 3150 1329 quorum
3183 1262 3349 1330 priori
3374 1260 3583 1325 ἄποιος,
3613 1262 3663 1314 in
3692 1260 3864 1315 altero

2310 1366 2440 1406 vero
2472 1350 2661 1415 ἄποιος
2706 1336 2800 1405 καὶ
2826 1351 3227 1423 ἀσχημάτιστος
3259 1352 3457 1406 dicitur
3512 1336 3759 1407 materia.
3794 1355 3867 1408 At

2312 1457 2426 1496 rem
2462 1444 2706 1497 eamdem
2741 1446 2928 1497 eadem
2963 1444 3177 1498 ratione
3202 1458 3391 1498 onmes
3423 1444 3663 1500 historiae
3686 1444 3865 1513 philo—

2310 1534 2547 1601 sophicze
2573 1544 2825 1588 auctores
2844 1535 3303 1591 edisserunt.rSed
3331 1544 3385 1590 et
3412 1537 3591 1591 verbis
3615 1538 3735 1591 aliis
3764 1552 3869 1591 nec

2311 1626 2595 1694 Origenes,
2630 1642 2729 1680 nec
2758 1627 3289 1697 Φιλοσοφουμένων
3321 1637 3514 1683 auctor
3549 1628 3623 1681 uti
3658 1628 3861 1696 potuit.

2313 1719 2357 1773 si
2385 1719 2624 1788 prepriis
2656 1720 3057 1774 Platonicorum
3092 1722 3295 1784 verbis,
3331 1722 3476 1789 quod
3526 1720 3643 1775 ﬁeri
3680 1723 3869 1786 debet,

2313 1794 2632 1873 sententiam
2663 1810 2900 1865 Platonis
2921 1814 3227 1876 exprimere
3254 1823 3483 1882 uterque
3509 1812 3697 1867 voluit.
3731 1812 3869 1867 Nam

2315 1900 2390 1955 illi
2433 1904 2651 1971 proprie
2681 1913 2732 1956 et
2766 1914 3027 1961 consuete
3055 1905 3184 1977 ὓλην
3209 1907 3465 1961 dicebant
3486 1908 3695 1973 ἄποιον,
3728 1907 3872 1963 unde

2314 1996 2428 2063 ipse
2466 1995 2724 2067 Origenes
2765 2006 2948 2051 monet
2993 1998 3106 2069 ἰδίῳ
3153 1998 3294 2071 λόγῳ
3342 2003 3412 2055 ita
3447 2001 3652 2055 vocari.
3698 2000 3790 2053 Sic
3813 2009 3873 2053 et

2312 2086 2558 2142 Laertius
2592 2104 2657 2143 ex
2682 2089 2924 2145 Platonis
2954 2100 3260 2157 meute,m,
3295 2091 3388 2157 69,
3422 2094 3703 2147 materiam
3732 2091 3873 2147 dicit
3913 2131 3915 2134 ‹

2312 2178 2717 2250 ἀσχημάτιστον
2770 2182 2863 2233 και
2894 2181 3104 2246 ἄποιον,
3142 2181 3187 2235 si
3223 2180 3531 2251 Menagiaua
3562 2176 3879 2239 emendatio

2311 2269 2486 2324 locum
2519 2272 2736 2325 habeat.
2780 2272 2894 2326 Non
2945 2272 3117 2342 major
3185 2271 3436 2329 habenda
3486 2284 3570 2329 est
3599 2275 3735 2330 ratio
3766 2276 3870 2332 loci

2314 2362 2509 2417 ibidem
2547 2364 2830 2428 cxstantis,
2868 2365 2965 2419 ubi
3006 2381 3107 2421 vox
3138 2363 3624 2438 μετενσωμάτωσις
3657 2371 3872 2437 reperio

2316 2463 2422 2521 tur,
2466 2468 2628 2523 quam
2662 2457 2801 2524 apud
2834 2454 3119 2526 Origenem
3158 2458 3252 2513 lib.
3305 2475 3357 2513 IV
3424 2470 3607 2514 contra
3646 2458 3871 2515 Celsum

2310 2544 2494 2599 itidem
2527 2560 2814 2599 occurrere
2828 2555 3006 2601 monet
3034 2546 3360 2602 Gronovius.
3393 2546 3527 2601 Nam
3563 2555 3617 2601 et
3649 2547 3738 2602 illa
3765 2563 3872 2604 vox

2314 2636 2560 2705 Origenis
2594 2652 2701 2691 non
2727 2646 2809 2691 est
2841 2638 3077 2707 propria,
3127 2653 3250 2693 cum
3278 2648 3334 2691 et
3373 2639 3487 2707 ipse
3516 2638 3671 2692 Plato
3700 2639 3795 2693 lib.
3837 2655 3872 2692 x

2319 2726 2393 2780 De
2427 2727 2624 2796 legibus
2669 2731 2851 2785 eadem
2904 2738 3108 2794 utatur,
3154 2733 3252 2784 sed
3296 2730 3632 2799 Epiphanius
3654 2746 3874 2800 quoque

2312 2820 2558 2874 eamdem
2590 2831 2815 2890 usurpet
2848 2821 2940 2875 lib.
2972 2838 2986 2875 ι
3015 2819 3270 2889 Pan.,Pr.
3296 2823 3349 2887 5,
3378 2834 3441 2877 nt
3472 2821 3703 2877 similem
3726 2823 3875 2881 Stoi-

2314 2926 2502 2966 corum
2555 2914 2862 2982 opinionem
2917 2916 3211 2980 exprimat.
3260 2917 3371 2970 IIIIO
3416 2917 3529 2972 lure
3582 2932 3686 2970 vox
3735 2918 3874 2971 adeo

2314 3011 2439 3071 apta
2465 3012 2520 3057 et
2550 3003 2679 3057 huic
2727 3014 3048 3071 argumento
3092 3004 3425 3058 conveniens
3466 3006 3576 3059 visa
3620 3014 3705 3059 est
3730 3004 3874 3059 Her-

2314 3096 2477 3162 mice,
2534 3108 2591 3149 ut
2620 3111 2760 3150 novo
2794 3097 3043 3163 exemplo
3099 3096 3316 3151 verbum
3358 3098 3689 3167 ὲνσωματεῖν
3744 3100 3873 3153 inde

2316 3183 2555 3239 formare
2588 3202 2691 3239 non
2726 3186 2889 3239 fuerit
2924 3187 3126 3241 veritus
3152 3185 3458 3257 διασυρμῷ,
3493 3185 3600 3257 §4,
3640 3188 3727 3242 ubi
3758 3190 3870 3243 ait:

2316 3277 2379 3328 Oi
2410 3274 2468 3329 δὲ
2500 3275 2621 3347 τρὶς
2652 3274 3052 3345 ἐνσωματοῦσιν
3081 3276 3308 3345 (scilicet
3341 3275 3437 3347 τὴν
3459 3276 3667 3349 ψυχήν)
3687 3295 3704 3310 ο
3736 3282 3787 3334 οἱ
3811 3268 3875 3334 δὲ

2315 3363 2626 3434 τρισχιλίων
2651 3363 2785 3418 ἐτῶν
2810 3360 3088 3435 περιόδους
3115 3364 3250 3435 αὐτῇ
3295 3364 3587 3437 ὁρίζουσιν,
3620 3378 3726 3424 etc.
3757 3370 3877 3426 Prae

2320 3457 2532 3510 caneris
2587 3457 2685 3510 niti
2744 3457 2953 3511 videtur
3007 3457 3315 3523 Gl'OllOVlUS
3346 3456 3463 3513 loco
3496 3460 3876 3518 inAristotele

2320 3557 2587 3615 exstante,
2633 3548 2721 3603 ubi
2775 3550 2993 3604 ve‘rbum
3036 3551 3400 3625 ἐπιδιαμένειν
3431 3548 3691 3620 Occurrit,
3725 3556 3873 3625 quod

2321 3652 2545 3706 prorsus
2576 3638 2823 3709 Origenis
2877 3655 2999 3694 esse
3050 3643 3284 3711 probare
3330 3652 3563 3697 conatur
3598 3645 3774 3699 tribus
3803 3659 3871 3697 ex

2324 3729 2479 3785 libris
2510 3732 2626 3800 ejus
2657 3741 2846 3785 contra
2880 3732 3097 3785 Celsum
3127 3733 3280 3799 locis,
3313 3720 3511 3802 quibus
3543 3733 3745 3789 addere
3777 3749 3877 3804 po-

2324 3816 2515 3870 tuisset
2545 3817 2710 3871 alium
2745 3818 2887 3871 hunc
2915 3836 2980 3873 ex
3024 3818 3261 3884 ejusdem
3290 3822 3342 3874 in
3381 3823 3689 3878 Mattheum
3710 3826 3879 3877 (Lom—

2322 3906 2590 3959 tnentario
2619 3925 2633 3960 :
2666 3908 2729 3961 Oi.
2754 3908 3087 3962 Σαδδουκαῖοι
3114 3910 3294 3981 μέντοι
3324 3911 3573 3980 λέγοντες
3626 3913 3707 3984 μὴν
3734 3909 3877 3967 εἶναι.

2304 3982 2613 4050 ’ἀνάστασιν
2641 3998 2838 4069 σαρκὸς
2867 4000 3106 4069 ἡθὲτουν,
3133 4002 3267 4057 ἀλλά
3292 4006 3386 4058 καὶ
3419 3982 3721 4068 πλυτελῶξ
3747 4006 3878 4077 (inf,-

2323 4103 2447 4156 ρουν
2483 4088 2579 4157 τὴν
2605 4090 2701 4159 τῆς
2744 4089 2915 4162 ψυχῆς
2952 4094 3010 4145 οὐ
3056 4090 3221 4163 μόνον
3265 4094 3585 4161 ἀθανασίαν,
3610 4095 3747 4149 ἀλλά
3780 4099 3881 4151 καὶ

2322 4179 2671 4252 ἐπιδιαμονὴν
2703 4223 2717 4247 ,
2771 4185 2999 4254 οἰόμενοι
3040 4186 3303 4258 μηδαμῶς
3346 4190 3401 4241 ὲν
3441 4191 3556 4251 τοῖς
3599 4188 3880 4253 Μωΰσέως

2323 4272 2610 4344 γράμμασι
2666 4279 3020 4348 σημαίνεσθαι
3068 4281 3164 4351 τὴν
3190 4282 3288 4351 τῆς
3314 4281 3491 4351 ψυχῆς
3526 4282 3663 4353 μετά
3701 4283 3879 4337 ταῦτα

2325 4362 2491 4435 ζωήν.
2522 4368 2588 4421 At
2617 4369 2729 4423 haec
2764 4386 2865 4423 non
2897 4372 3112 4424 obstant
3151 4373 3439 4441 quominus
3467 4373 3612 4427 idem
3646 4375 3877 4429 verbum

2324 4457 2390 4509 ab
2439 4458 2559 4512 aliis
2609 4474 2927 4529 usurpatum
2980 4464 3147 4516 fuisse
3200 4472 3285 4517 aut
3334 4466 3585 4534 usurpari
3634 4466 3883 4533 potuisse

2255 4586 2300 4642 ο
2328 4559 2647 4607 statuamus.
2674 4554 2816 4619 Quid
2846 4556 2990 4608 enint
3023 4556 3113 4609 (iet
3169 4556 3234 4610 de
3279 4555 3492 4612 Laertio
3516 4599 3533 4624 ,
3565 4572 3639 4612 vn
3666 4602 3682 4626 ,
3730 4557 3876 4624 15L,

2327 4638 2417 4704 qui
2450 4639 2631 4694 itidem
2665 4641 2764 4696 hac
2796 4658 2926 4696 voce
2957 4658 3086 4699 usus
3113 4653 3219 4711 est,
3254 4662 3375 4701 cum
3407 4651 3652 4703 eamdem
3683 4646 3884 4702 Clean-

2327 4730 2434 4783 this
2461 4729 2783 4786 sententiam
2813 4750 2933 4789 esse
2960 4747 3201 4791 moneret
3232 4739 3317 4793 his
3346 4740 3565 4795 verbis:
3594 4737 3881 4809 Κλεάνθης

2328 4821 2426 4890 μὲν
2458 4820 2551 4875 οὖν
2584 4825 2759 4888 πάσας
2790 4827 3147 4899 ἐπιδιαμένειν
3182 4829 3339 4902 μέχρι
3365 4831 3462 4900 τῆς
3488 4828 3879 4901 ἐκπυρώσεἰς.

2328 4914 2465 4980 Quid
2518 4919 2585 4971 de
2628 4918 2697 4971 Μ.
2730 4922 3034 4991 Antonino,
3078 4927 3166 4993 qui
3209 4925 3261 4977 in
3319 4925 3477 4977 libris
3522 4925 3611 4989 είς
3656 4920 3884 4977 ἑαυτὸν

2324 5006 2419 5060 lib.
2453 5024 2523 5075 tv,
2562 5010 2589 5080 ᾗ
2625 5011 2711 5074 21,
2742 5030 2845 5068 non
2879 5018 3049 5070 solum
3080 5017 3246 5079 verbo
3275 5015 3516 5084 διαμένει
3558 5017 3623 5069 tle
3652 5016 3878 5083 animis,

2324 5102 2419 5155 sed
2462 5104 2624 5156 etiam
2662 5121 2788 5159 voce
2840 5108 3161 5179 ὲπιδιαμονή
3194 5108 3407 5161 utitur?
3460 5109 3569 5161 lmo
3606 5107 3880 5163 innumeri

2324 5195 2414 5247 alii
2447 5198 2512 5248 de
2539 5197 2723 5249 eodem
2758 5213 3074 5271 argumento
3096 5204 3176 5255 vel
3205 5215 3325 5254 cum
3352 5200 3617 5256 Numenio
3646 5201 3881 5256 verbum

2325 5287 2691 5357 ἐπιδιαμένειν
2710 5330 2724 5352 ,
2754 5294 2833 5345 vel
2864 5310 2982 5347 cum
3016 5294 3212 5348 Tzetze
3245 5292 3611 5362 παραμένειν,
3636 5292 3718 5357 νει
3747 5288 3882 5346 cum

2327 5378 2579 5449 Dionysio
2594 5380 2992 5439 Halicarnasseo
3012 5386 3225 5447 lib.vttt,
3243 5384 3570 5455 ἐνδιαμένειν
3586 5384 3879 5440 adhibent.

2323 5469 2507 5539 Neque
2532 5473 2681 5527 aliter
2706 5477 2921 5531 omnino
2950 5484 3195 5544 possunt,
3228 5491 3349 5528 eum
3378 5486 3489 5531 tres
3516 5477 3785 5543 prtecipne
3803 5470 3887 5527 de

2325 5565 2519 5620 anima:
2552 5576 2692 5620 statu
2725 5578 2844 5636 post
2872 5581 3101 5633 mortem
3137 5567 3338 5622 fuerint
3375 5581 3615 5623 veterum
3658 5562 3878 5632 Opinio-

2327 5673 2444 5722 nes,
2477 5675 2701 5729 quorum
2734 5662 2822 5715 alii
2861 5677 2977 5714 eam
3028 5659 3390 5716 immortalem
3439 5664 3738 5727 negarunt,
3777 5654 3880 5712 alii

2326 5753 2688 5819 allirmarunt,
2722 5756 2808 5807 alii
2845 5754 3013 5808 media
3061 5754 3373 5809 incedentes
3399 5752 3484 5805 via
3508 5758 3717 5804 certum
3747 5757 3879 5801 tan-

2328 5853 2437 5901 tum
2473 5848 2518 5902 ei
2550 5834 2866 5902 deﬁnierunt
2904 5858 3130 5919 tempus,
3184 5862 3289 5917 quo
3340 5840 3549 5909 corpori
3589 5848 3877 5909 essetsu-
