4140 6306
279 442 345 496 as
891 503 893 505 ,
1674 440 2049 495 PR/EFATIO.
3415 446 3480 502 at

280 565 512 626 perstes.
554 554 829 614 Postrema
860 557 1123 612 sententia
1157 558 1354 611 Stoicis
1390 560 1438 610 in
1471 557 1660 626 primis
1706 556 1825 627 pla-
1859 563 1902 616 Α
1935 557 2056 611 nius
2086 567 2139 610 et
2173 556 2365 609 librum
2399 538 2680 622 scripserit
2730 555 2796 611 de
2828 558 3122 614 hmresibus
3152 601 3166 624 ,
3205 562 3328 618 inde
3360 580 3466 620 non

280 650 516 712 cuit,.de
544 651 742 718 quibus
773 651 1017 704 videatur
1042 649 1338 704 Gatakerus
1383 651 1448 703 ad
1500 651 1829 704 Antoninum

281 743 400 796 loco
431 757 598 810 supra
621 743 804 805 citato,
833 755 887 796 et
913 740 1189 811 Menagius
1217 742 1337 796 loco
1367 741 1492 793 item
1527 746 1684 808 supra
1717 739 1834 792 lau-

280 834 431 888 dato.
464 832 605 886 Hinc
639 832 795 886 modo
826 832 1023 886 laudati
1055 845 1259 887 veteres
1286 833 1600 899 scriptores.
1631 841 1687 885 et
1720 832 1833 900 ipse

280 937 498 991 quoque
527 921 811 989 Origenes,
839 923 1063 976 sollicite
1091 923 1385 976 ἀθανασίαν
1417 925 1482 1003 ab
1515 923 1829 994 ἐπιδιαμονῇ

279 1012 460 1083 ψυχῆς
485 1015 844 1082 distinguunt.
875 1015 1044 1081 Quam
1087 1016 1280 1069 ibidem
1311 1015 1611 1070 Gronovius
1638 1019 1692 1067 in
1741 1030 1829 1068 se-

283 1103 578 1173 quentibus
607 1104 785 1159 verbis
816 1120 935 1158 cum
977 1105 1084 1159 alio
1111 1105 1356 1176 Origenis
1384 1105 1498 1160 loco
1525 1104 1732 1159 collatis
1761 1105 1833 1158 si-

290 1197 649 1251 militudinem
672 1210 946 1267 agnoscat,
964 1201 1300 1271 perspicuum
1320 1215 1422 1254 non
1445 1210 1548 1264 est,
1572 1200 1671 1252 nisi
1698 1200 1832 1253 forte

286 1303 402 1342 eam
435 1298 613 1357 putet,
644 1305 763 1359 qua:
791 1306 854 1346 ex
892 1292 1169 1346 relationis
1200 1293 1567 1347 convenientia
1599 1300 1828 1347 constat.

284 1376 418 1431 Eam
458 1395 589 1432 vero
617 1391 670 1434 et
700 1380 753 1433 in
785 1381 909 1435 aliis
939 1381 1294 1451 scriptoribus
1325 1395 1585 1450 agnoscas
1613 1390 1666 1435 et
1692 1380 1832 1441 forte

283 1469 708 1538 majorem,cum
740 1471 789 1525 in
816 1473 881 1527 iis
912 1471 1072 1526 verba
1094 1473 1465 1536 observentur,
1496 1488 1614 1540 qua:
1647 1475 1712 1526 atl
1737 1476 1833 1525 Φι-

281 1560 758 1629 λοσοφουμένων
807 1563 1041 1616 auctoris
1079 1577 1378 1616 sermonem
1412 1565 1630 1633 propius
1674 1579 1833 1619 acce-

285 1647 440 1701 dunt.
499 1649 638 1705 Vide
688 1650 868 1706 Laert.
902 1668 953 1716 v,
1000 1653 1088 1718 55,
1127 1663 1180 1707 et
1225 1655 1563 1708 Amtuonium
1601 1654 1652 1710 in
1711 1654 1831 1710 Vita

282 1739 610 1795 Aristotelis.
669 1730 780 1798 Nec
806 1747 992 1816 magis
1035 1763 1062 1801 a
1098 1746 1366 1802 Gronovio
1398 1747 1526 1801 facit
1570 1748 1716 1802 locus
1764 1749 1830 1802 de

283 1830 507 1895 Stoicis,
538 1834 628 1903 qui
660 1837 751 1888 eos
780 1836 940 1889 Deum
969 1852 1164 1904 corpus
1193 1837 1391 1890 dixisse
1415 1846 1672 1890 testatur:
1706 1851 1828 1889 nam

1933 646 2146 699 inanem
2171 644 2500 699 existimavit
2520 643 2744 699 ﬂuetius
2768 648 2903 699 sumi
2928 663 3084 715 posse
3106 652 3473 720 conjecturam

1933 738 2034 791 hoc
2058 752 2191 804 opus
2221 737 2284 790 ad
2321 738 2492 804 ipsum
2515 754 2634 793 esse
2665 738 3018 792 referendum.
3054 739 3158 794 Sed
3198 759 3467 810 quasnam,

1933 829 2372 900 inquitWollius,
2402 832 2518 886 ha-c
2559 831 2956 887 consecutionis
3003 833 3137 885 ratio
3181 845 3301 887 est:
3342 834 3474 904 Epi-

1931 920 2160 989 phanius
2219 920 2316 974 fuit
2368 923 2688 991 cpiscopus.
2727 931 2782 974 et
2831 921 3027 973 librum
3084 923 3152 974 de
3183 921 3477 978 harrcsibus

1932 1010 2195 1078 scripsit:
2232 1025 2360 1079 ergo
2425 1012 2583 1078 hujus
2635 1012 2796 1065 libelli
2842 1021 3036 1064 auctor
3084 1012 3342 1067 dicendus
3366 1015 3469 1066 est!

1933 1099 2094 1165 Quasi
2132 1115 2259 1155 vero
2289 1103 2448 1155 etiam
2475 1105 2546 1156 .de
2577 1103 2698 1155 aliis
2733 1113 3018 1169 utrumque
3069 1103 3171 1155 dici
3220 1114 3470 1170 nequeat,

1931 1200 1987 1244 et
2017 1191 2181 1245 fuisse
2229 1195 2549 1260 episeopos,
2605 1202 2658 1245 ct
2705 1193 2772 1245 de
2819 1191 3118 1244 hteresibus
3169 1193 3471 1259 scripsisse.

1937 1300 1957 1332 ι
1985 1282 2113 1346 lmo,
2153 1282 2328 1351 pergit
2368 1281 2618 1346 Wolfius,
2670 1282 2838 1349 ipsum
2892 1281 3019 1332 illud
3065 1282 3130 1334 de
3174 1282 3495 1345 hzeresibus,

1931 1387 2083 1442 opus,
2120 1373 2260 1442 quod
2297 1372 2589 1425 Panarium
2644 1371 2918 1440 inscripsit
2971 1370 3331 1439 Epiphanius,
3370 1390 3474 1425 non

1931 1465 2319 1519 contemnenda
2356 1463 2706 1533 suppeditare
2743 1464 2952 1515 videtur
2982 1472 3314 1530 argumenta,
3358 1479 3476 1531 qua:

1931 1558 2245 1612 lluetian'tm
2284 1564 2530 1610 evertant
2557 1554 2904 1611 sententiam.
2936 1554 3067 1608 Nam
3099 1555 3149 1606 itt
3184 1554 3272 1608 illo
3294 1569 3473 1622 Opere,

1935 1659 2066 1704 tom.
2097 1649 2136 1714 Ι,
2168 1665 2219 1718 p.
2251 1647 2386 1702 l086
2413 1657 2467 1699 et
2496 1646 2818 1715 seq.,brevis
2866 1646 3096 1700 habetur
3117 1657 3171 1698 et
3193 1645 3474 1715 synoptica

1932 1756 2100 1808 usque
2132 1741 2196 1793 ad
2228 1755 2351 1810 pag.
2410 1737 2542 1792 l091
2585 1750 2850 1792 sectarum
2888 1739 3083 1792 veteris
3128 1739 3474 1809 philosnphia:

1931 1831 2188 1891 recensio,
2227 1845 2344 1898 qua:
2375 1840 2550 1882 tamen
2584 1843 2611 1880 a
2648 1836 2916 1896 pmsente
2967 1839 3075 1882 toto
3107 1831 3245 1882 etnlo
3271 1829 3470 1895 tlilfcrt,

282 1923 413 1978 licet
451 1925 720 1994 Origenes
747 1927 799 1980 in
827 1929 946 1982 aliis
991 1929 1196 1982 duobus
1222 1929 1358 1982 locis
1380 1943 1408 1980 a
1440 1928 1711 1982 Gronovio
1749 1928 1830 1980 al-
1863 1923 1902 1977 Β
1931 1937 2049 1975 cum
2080 1930 2132 1972 et
2164 1921 2374 1988 plenior
2405 1932 2466 1970 ea
2497 1919 2587 1983 sit,
2634 1919 2676 1971 si
2717 1932 2993 1970 numerum
3047 1919 3196 1972 ineas
3236 1919 3473 1989 philoso-

281 2015 410 2069 latis
439 2017 609 2070 Deum
645 2017 944 2072 Stoicorum
971 2019 1126 2090 σῶμα
1160 2035 1276 2074 esse
1298 2022 1459 2084 dicat,
1483 2023 1830 2089 eamdemque

280 2106 596 2162 Stoicorum
632 2112 954 2163 sententiam
985 2113 1142 2164 tertio
1175 2111 1288 2164 loco
1323 2111 1507 2165 innuat
1535 2153 1549 2177 ,
1607 2127 1712 2166 non
1747 2118 1828 2164 ta-

281 2213 401 2252 men
431 2199 539 2254 hoc
569 2199 719 2254 solus
751 2199 926 2255 facere
955 2203 1126 2270 potuit
1166 2202 1446 2271 Origenes,
1470 2219 1589 2257 cum
1619 2202 1828 2256 Stoico-

281 2305 400 2344 rum
442 2290 678 2360 placita,
725 2294 816 2361 qui
872 2294 1010 2348 hanc
1068 2311 1246 2348 rerum
1297 2296 1697 2350 universitatem
1734 2293 1828 2349 Dei

279 2385 502 2434 nomine
539 2381 872 2446 indicabant,
906 2399 1090 2438 omnes
1121 2385 1192 2438 ita
1247 2385 1390 2454 loqui
1419 2385 1684 2455 juberent.
1722 2384 1830 2440 Nec

279 2470 456 2539 reipsa
489 2472 642 2526 solus
667 2471 928 2543 Origenes
980 2474 1049 2526 ita
1083 2473 1290 2528 locutus
1313 2483 1429 2538 cst;
1482 2491 1602 2526 nam
1628 2485 1681 2527 ct
1711 2473 1830 2527 Cle-

280 2573 437 2614 mens
464 2559 859 2616 Alexantlrinus
881 2563 974 2615 lib.
1002 2579 1016 2615 ι
1043 2562 1259 2629 Strom.,
1290 2580 1341 2633 p.
1365 2563 1467 2617 295
1487 2565 1614 2617 edit.
1639 2563 1826 2618 Colon.

278 2649 350 2702 ait
375 2667 390 2704 :
415 2649 585 2720 Σῶμα
604 2651 730 2704 ὄντα
746 2653 833 2706 τὸν
858 2653 986 2705 Θεὸν
1006 2652 1093 2705 διὰ
1115 2655 1209 2724 τῆς
1233 2655 1556 2725 ἀτιμοτάτης
1577 2655 1706 2727 ὕλης
1737 2673 1832 2709 πε-

276 2746 594 2819 φοιτηκέναι
625 2747 866 2816 λέγουσιν
893 2750 950 2801 οὐ
986 2749 1181 2812 καλῶς.
1211 2750 1271 2802 Et
1297 2733 1389 2802 libi
1415 2766 1450 2827 v
1472 2770 1484 2804 :
1515 2750 1650 2804 Φασὶ
1675 2749 1830 2819 σῶμα

277 2828 421 2887 εἶναι
451 2836 545 2888 τὸν
583 2835 718 2889 Θεὸν
746 2839 793 2890 οἱ
825 2837 1050 2890 Στωϊκοὶ
1075 2839 1168 2890 καὶ
1215 2838 1426 2909 πνεῦμα
1473 2839 1588 2891 κατ’
1613 2839 1794 2891 οὐσίαν
1813 2877 1826 2900 ,

275 2921 465 2995 ὥσπερ
495 2924 689 2994 ἀμέλει
721 2928 810 2978 καὶ
838 2926 934 2996 τὴν
961 2927 1140 2994 ψυχήν
1160 2966 1174 2989 ,
1208 2935 1265 2978 ιιι
1293 2929 1535 2980 omittam
1565 2927 1696 2980 alios
1721 2941 1830 2978 ma-

279 3029 386 3084 gno
409 3030 639 3068 numero
669 3016 735 3068 ab
761 3017 826 3068 iis
861 3016 1108 3082 laudatis,
1137 3018 1223 3084 qui
1249 3018 1554 3070 Stoicorum
1579 3018 1826 3086 dogmata

279 3104 455 3159 fusius
485 3115 875 3175 exposuerunt.
910 3107 965 3161 In
990 3108 1177 3161 ultimo
1205 3108 1434 3176 denique
1457 3107 1572 3162 loco
1609 3109 1673 3164 de
1703 3107 1827 3178 Epi-

286 3198 403 3250 euri
434 3197 545 3250 diis
581 3212 649 3251 ex
677 3199 870 3254 atomis
911 3199 1047 3253 ortis
1072 3240 1088 3263 ,
1132 3201 1216 3254 cui
1267 3201 1496 3254 similem
1532 3217 1595 3253 ex
1648 3202 1823 3256 librat

1929 2013 2154 2082 phorum
2190 2026 2413 2080 quorum
2445 2009 2694 2079 dogmata
2741 2020 3149 2075 commemorat,
3189 2019 3241 2064 ct
3275 2012 3470 2080 imper-

1928 2104 2141 2168 feCtior,
2183 2103 2228 2158 si
2268 2094 2577 2171 dogmatum
2606 2103 2840 2171 ipsorum
2874 2102 3071 2155 habeas
3103 2102 3383 2155 rationem.
3416 2099 3471 2154 lu

1928 2197 1981 2250 id
2019 2196 2411 2265 enimvoperam
2451 2193 2664 2248 dedisse
2717 2194 2984 2262 praecipue
3017 2193 3229 2246 videtur
3281 2203 3471 2247 auctor

1928 2285 2476 2355 Φιλοσορουμένων,
2505 2291 2562 2338 ut
2586 2283 2856 2338 variorum
2881 2289 2946 2336 de
2978 2282 3258 2350 principiis
3287 2297 3468 2336 rerum

1928 2378 2226 2432 sententias
2259 2384 2621 2440 enumeraret,
2658 2389 2779 2428 cum
2821 2373 3018 2426 nullius
3064 2372 3117 2425 in
3158 2372 3477 2427 collectione

1927 2465 2298 2536 Epiphaniana
2351 2464 2554 2519 mentio
2585 2465 2698 2528 liat,
2733 2462 2884 2530 cujus
2921 2477 3022 2514 non
3056 2462 3174 2515 alia:
3217 2472 3472 2530 prmtcrea

1928 2558 2210 2627 opiniones
2239 2563 2640 2610 recenseantur.
2680 2553 2882 2609 Deinde
2936 2569 3040 2607 non
3075 2554 3289 2608 videtur
3335 2555 3472 2608 idem

1929 2651 2157 2704 diversis
2209 2649 2339 2702 locis
2371 2648 2559 2702 eodem
2617 2647 2864 2700 instituto
2907 2647 3080 2714 egisse
3125 2646 3470 2716 Epiphanius,

1937 2758 2047 2795 :um
2071 2742 2189 2797 loco
2232 2741 2447 2794 laudato
2496 2755 2600 2798 non
2629 2739 2800 2794 solum
2825 2739 3030 2806 plenam
3062 2738 3268 2793 dederit
3297 2748 3474 2793 secta-

1931 2847 2046 2884 rum
2081 2831 2505 2899 designationem
2531 2869 2549 2894 ,
2587 2830 2690 2883 sed
2747 2829 2940 2882 deinde
2973 2829 3296 2883 accuratiori
3338 2829 3473 2901 stle

1930 2923 2262 2992 singulorum
2317 2921 2694 2975 haereticorum
2741 2921 3025 2990 opiniones
3056 2921 3370 2991 plerumque
3409 2939 3473 2976 ex

1927 3015 2368 3083 philosophorum
2394 3013 2602 3068 lacunis
2629 3016 2889 3070 derivarit
2910 3033 2924 3071 :
2949 3017 3088 3085 quod
3119 3019 3359 3072 auctoris
3387 3020 3476 3070 Φι-

1923 3104 2393 3173 λοσοφουμένων
2413 3105 2719 3159 institutttm
2743 3109 2901 3161 etiam
2929 3107 3092 3161 fuisse
3111 3124 3174 3161 ex
3202 3100 3316 3176 ejus
3340 3125 3474 3176 prte-

1931 3197 2128 3251 fatione
2160 3197 2219 3249 fit
2243 3195 2610 3250 manifestum.
2646 3197 2756 3252 Nec
2788 3200 2968 3252 obstat
2996 3201 3135 3267 quod
3167 3212 3355 3254 auctor
3385 3203 3476 3254 Φι-

278 3297 464 3342 contra
519 3289 728 3344 Celsum
763 3290 958 3346 aﬂerrc
1009 3307 1066 3347 se
1116 3302 1266 3362 putat
1313 3293 1643 3360 Gronovius,
1693 3295 1826 3349 nihil
1855 3261 1894 3316 Ο
1927 3289 2395 3358 λοσοφουμένων
2435 3290 2750 3358 profiteatur
2802 3304 2862 3343 se
2914 3292 3054 3344 idem
3093 3303 3468 3360 arguznentum

279 3380 456 3435 simile
488 3384 784 3452 reperitur,
836 3387 936 3440 nisi
968 3387 1109 3455 quod
1144 3388 1282 3442 idem
1319 3389 1382 3442 de
1411 3371 1675 3457 ejusmodi
1701 3390 1829 3443 deo-

281 3484 404 3524 rum
437 3473 658 3540 origine
693 3489 758 3526 ex
795 3474 1009 3544 Epicuri
1059 3487 1236 3531 mente
1268 3476 1524 3533 refertur.
1558 3480 1661 3534 Sed
1695 3495 1830 3550 quo-

282 3563 603 3630 tusquisque
629 3573 733 3628 est,
761 3566 850 3632 qui
879 3579 981 3618 non
1012 3566 1151 3619 idem
1175 3567 1240 3620 de
1261 3568 1363 3622 diis
1390 3568 1602 3637 Epicuri
1627 3570 1827 3624 dixerit

275 3653 618 3707 senseritve?
654 3655 830 3722 Atque
861 3655 973 3708 haec
1002 3665 1127 3708 sunt
1155 3669 1466 3726 argumenta
1499 3675 1530 3728 q
1557 3661 1696 3714 tibus
1735 3661 1820 3713 vir

278 3742 620 3797 clarissimus
649 3742 885 3801 Joannes
906 3747 1322 3817 Christophorus
1349 3748 1574 3803 Wolfius
1610 3754 1820 3806 erudite

277 3834 530 3890 exsuﬂlat
561 3852 749 3892 omnes
783 3840 1112 3895 ratiunculas
1146 3857 1262 3910 qua:
1290 3856 1354 3894 co
1386 3841 1714 3896 Gromvium
1745 3846 1824 3896 vi-

277 3943 392 3981 rum
427 3928 631 3998 alioqui
679 3932 1044 3986 doctissimum
1093 3933 1434 4003 impulerunt,
1482 3944 1539 3988 ut
1572 3937 1824 3988 Φιλοσο-

277 4020 546 4088 φούμενα
576 4020 793 4090 Origeni
824 4025 1089 4080 mordicus
1119 4025 1432 4080 ascriberet.

346 4109 478 4165 Post
509 4110 905 4167 Gronoviauam
939 4116 1250 4181 editionem,
1284 4115 1484 4184 prodiit
1531 4113 1840 4184 llamburgi~

280 4215 422 4257 anno
455 4205 594 4259 1706
625 4206 790 4260 altera
819 4207 1227 4264 Graeco-Latina
1250 4225 1377 4264 cura
1402 4219 1455 4263 et
1485 4210 1657 4264 studio
1689 4210 1828 4278 ejus-

281 4291 402 4347 dem
452 4295 619 4350 modo
647 4300 928 4352 memorati
963 4298 1165 4364 Wollii,
1203 4299 1292 4369 qui
1325 4299 1656 4353 doctissimis
1678 4300 1821 4354 notis

281 4391 450 4439 totum
497 4401 633 4455 opus
680 4387 993 4455 illustravit,
1023 4391 1296 4458 prmmissa
1331 4391 1668 4460 praefatiune,
1718 4407 1822 4461 qua

279 4479 516 4532 ostendit
565 4479 688 4534 libri
737 4482 1058 4549 scriptorem
1095 4481 1358 4535 incertum
1413 4499 1552 4546 esse,
1587 4485 1824 4552 adeoque

279 4586 374 4626 nec
398 4570 606 4638 Huetii,
631 4587 732 4627 nec
756 4572 927 4639 Galei,
954 4589 1049 4628 nec
1074 4573 1326 4629 Gronovii
1358 4575 1422 4629 de
1443 4591 1506 4630 eo
1529 4578 1822 4630 sententias

281 4673 372 4718 aut
397 4663 739 4733 conjecturas
768 4665 936 4721 firmis
957 4681 1134 4720 rerum
1156 4669 1482 4735 argumentis
1504 4668 1622 4722 ltiti.
1659 4668 1822 4722 Suam

281 4768 404 4825 post
436 4771 608 4811 annos
651 4757 858 4826 aliquot
891 4759 1183 4814 editionem
1209 4775 1273 4813 ex
1322 4763 1440 4830 ipso
1462 4762 1824 4832 manuscripto

281 4848 522 4905 Hediceo
539 4851 714 4904 denuo
735 4851 934 4910 collato.
950 4859 1004 4906 et
1021 4851 1125 4905 alio
1143 4849 1452 4906 Tauriuensi
1475 4855 1696 4922 repetita
1714 4855 1828 4909 vice

278 4943 660 5008 etnendavit,et
675 4942 823 4996 novis
841 4943 978 4995 notis
998 4942 1302 5003 illustravit,
1325 4943 1704 5012 subjunxitque
1719 4945 1826 4998 dis-

281 5034 668 5098 ceptationem,
703 5048 805 5102 qua
834 5041 1027 5087 contra
1054 5031 1499 5101 CltristOphorum
1528 5036 1823 5103 Augustum

282 5119 656 5178 Heumannutn
693 5125 848 5177 docet
893 5123 1170 5193 Didymum
1204 5122 1623 5176 Alexandrinum
1669 5125 1826 5193 hujus

282 5216 468 5286 scripti
500 5229 776 5272 auctorem
808 5234 912 5272 non
942 5232 1081 5272 esse.
1105 5216 1352 5270 Palmare
1379 5228 1541 5283 atque
1569 5217 1826 5271 inelucta-

283 5305 386 5359 bile
434 5322 860 5377 argumentum,
913 5327 1017 5380 quo
1048 5325 1146 5364 nec
1186 5309 1467 5378 Origenem
1498 5348 1513 5373 ,
1574 5324 1671 5363 nec
1718 5311 1825 5362 Ae-

285 5399 458 5464 tium,
502 5417 604 5453 uec
661 5402 942 5472 Didymum
996 5402 1417 5458 Aleitandrinum
1451 5400 1606 5468 hujus
1661 5401 1823 5455 libelli

283 5501 558 5559 parentem
592 5506 712 5547 esse
748 5496 1104 5560 demonstrat,
1141 5495 1261 5548 inde
1301 5495 1475 5563 petit,
1527 5494 1666 5562 quod
1726 5509 1824 5547 au-

285 5592 396 5638 ctor
454 5586 1007 5655 Φιλοσοφουμένων,
1041 5587 1289 5644 editionis
1336 5596 1533 5640 nostrae
1565 5601 1620 5654 p.
1675 5584 1774 5639 876
1807 5627 1821 5650 ,

285 5685 465 5745 aperte
492 5689 552 5729 se
593 5676 905 5744 episcOpum
937 5695 1058 5734 esse
1085 5679 1326 5734 declarat
1357 5701 1368 5732 :
1418 5693 1519 5746 qua
1564 5677 1824 5744 dignitate

285 5784 378 5823 nec
407 5767 718 5838 Origenem,
757 5784 853 5823 nec
878 5770 1109 5836 Aetium,
1142 5787 1239 5826 nec
1287 5771 1564 5841 Didymum
1595 5769 1821 5837 potitum

284 5877 400 5917 csse
427 5872 660 5918 constat.
693 5861 990 5932 Episcopus
1019 5874 1198 5921 autem
1239 5880 1360 5919 cum
1400 5862 1559 5919 fuerit
1589 5861 1822 5933 Epipha-

1928 3383 2055 3437 alibi
2094 3382 2267 3437 fusius
2301 3391 2644 3452 persecutum
2710 3396 2830 3435 esse
2865 3398 2879 3434 :
2938 3399 3058 3436 nam
3098 3385 3147 3438 vi
3185 3385 3469 3439 verborum

1929 3473 2035 3528 hoc
2094 3466 2499 3540 intelligendum
2555 3483 2639 3527 est
2670 3473 2737 3527 de
2770 3474 3052 3528 Interesium
3083 3476 3471 3540 confutatione,

1928 3581 1956 3620 a
1996 3582 2101 3636 qua
2142 3582 2380 3635 prmsens
2414 3567 2667 3620 tractatio
2704 3565 2893 3621 saltem
2930 3569 2981 3620 in
3027 3583 3092 3622 eo
3121 3579 3202 3623 est
3235 3569 3470 3631 diversa,

1930 3663 2073 3730 quod
2106 3663 2218 3715 haec
2269 3659 2431 3712 simul
2463 3660 2758 3713 sententias
2796 3661 3226 3730 philosophornn‘
3289 3673 3343 3715 ct
3369 3664 3474 3716 ha:-

1927 3751 2216 3803 reticorutn
2245 3747 2509 3800 conferat.
2544 3748 2811 3802 Prmterea
2839 3751 3087 3817 pluribus
3114 3753 3166 3804 in
3225 3753 3359 3806 locis
3406 3756 3473 3806 ab

1926 3843 2222 3911 Epiphanio
2258 3841 2509 3894 dissentit
2555 3851 2744 3895 auctor
2776 3843 3222 3912 Φιλοσοφουμέν
3245 3861 3323 3896 ar.
3383 3844 3472 3898 Sie

1923 3948 2041 4000 Cap.
2083 3934 2149 3988 19
2178 3933 2458 3987 Platonem
2485 3933 2563 3984 ait
2593 3935 2849 3986 mundum
2891 3935 3146 4004 ἀγένητον
3180 3936 3468 3997 statuisse;

1923 4036 1977 4077 at
2005 4025 2334 4094 Epiphanius
2366 4036 2497 4078 tom.
2526 4025 2570 4091 l,
2594 4041 2716 4095 pag.
2747 4026 2904 4091 1088,
2935 4043 3000 4080 ex
3031 4027 3265 4080 l'latonis
3295 4036 3472 4079 mente

1928 4118 2096 4184 :uquit
2137 4116 2225 4168 τὸν
2281 4116 2486 4187 κόσμον
2515 4122 2742 4189 γενητὸν
2785 4118 2878 4171 καὶ
2908 4117 3142 4190 φθαρτὸν
3190 4119 3468 4187 ὑπάρχειν.

1892 4228 1896 4234 λ
1930 4209 2073 4261 Adde
2108 4207 2201 4262 lib.
2239 4223 2278 4274 ι,
2325 4207 2517 4263 haeres.
2569 4211 2626 4265 6.
2659 4209 2985 4279 Epiphanius
3015 4211 3194 4278 itaque
3221 4214 3470 4263 Φιλοσο-

1921 4300 2235 4370 ερουμένων
2269 4309 2454 4356 auctor
2484 4301 2669 4355 haberi
2713 4305 2918 4370 nequit,
2952 4303 3049 4356 nisi
3105 4304 3334 4370 turpiter
3369 4303 3469 4356 sibi

1923 4393 2027 4461 ipsi
2081 4393 2474 4446 contradixissc
2540 4394 2778 4447 dicatur.
2836 4413 2853 4444 ι
2908 4395 3178 4448 llacteuus
3230 4395 3472 4448 eruditus

1921 4483 2169 4548 Wolfius,
2202 4485 2353 4555 cujus
2407 4499 2469 4539 ea
2519 4486 2585 4540 de
2619 4500 2675 4539 re
2722 4487 3042 4539 sententiam
3072 4485 3468 4553 amplectimur,

1855 4611 1897 4664 υ
1925 4586 1980 4629 et
1998 4593 2168 4646 .quam
2206 4577 2498 4645 publicavit
2547 4578 2704 4646 hujus
2753 4576 2913 4630 libelli
2940 4577 3228 4631 editionem
3267 4575 3378 4630 fere
3419 4577 3469 4629 in

1924 4671 2172 4724 omnibus
2205 4670 2373 4723 secuti
2401 4685 2607 4724 sumus.

1996 4763 2152 4816 Modo
2186 4771 2430 4829 superest
2463 4771 2521 4814 ut
2548 4770 2744 4831 praeter
2804 4761 3046 4814 eruditos
3095 4761 3240 4813 viros
3266 4800 3281 4824 ,
3330 4775 3468 4826 quos

1923 4840 2029 4918 iam
2087 4856 2140 4909 in
2187 4854 2343 4922 hujus
2394 4853 2724 4922 prtefationis
2780 4854 3006 4906 decursu
3052 4853 3468 4905 commemoravi

1928 4958 2183 5019 tanquam
2218 4948 2517 5016 przecipuos
2543 4945 2841 4997 studiorum
2875 4958 3112 4997 meorum
3145 4944 3384 4998 fautores
3414 4955 3468 5000 et

1925 5041 2222 5108 adjutores,
2258 5039 2393 5091 alios
2449 5037 2667 5104 insuper
2724 5035 2812 5088 hic
2857 5034 3152 5089 honoriﬁce
3186 5035 3471 5105 appellem,

1925 5132 2018 5200 qui
2050 5131 2298 5185 codicum
2332 5128 2821 5195 manuscriptorum
2851 5128 2980 5181 mihi
3029 5143 3124 5197 per
3148 5145 3208 5184 se
3259 5131 3340 5184 vel
3374 5148 3468 5200 per

1927 5223 2063 5276 alios
2088 5220 2298 5288 copiam
2329 5219 2594 5273 fecerunt.
2643 5217 2698 5272 ltt
2727 5219 2915 5288 primis
2941 5220 3300 5274 nominandus
3337 5223 3468 5274 mihi

1926 5312 2057 5366 esto
2095 5307 2399 5379 μακαρίτης
2423 5291 2908 5370 excelledtissimus
2948 5311 3199 5364 Ecclesia:
3228 5321 3281 5364 et
3327 5314 3468 5365 sacri

1924 5403 2141 5474 Imperii
2203 5405 2452 5469 princeps
2499 5403 2750 5458 dominus
2804 5403 3070 5457 Henricus
3120 5404 3350 5458 Carolus
3398 5407 3467 5458 du

1925 5495 2204 5559 Cambout,
2241 5494 2345 5545 dux
2381 5493 2446 5547 de
2473 5494 2695 5560 Coislin,
2721 5510 2816 5563 par
2841 5493 3076 5549 Franciae
3110 5505 3166 5548 et
3189 5498 3470 5563 episc0pus

1924 5584 2202 5649 Metensis,
2237 5585 2325 5651 qui
2364 5585 2559 5654 insigni
2589 5587 2764 5640 omnis
2805 5587 3019 5656 generis
3071 5587 3469 5652 manuscripto-

1928 5695 2044 5732 rum
2095 5675 2339 5731 codicum
2425 5675 2792 5746 supellectile,
2848 5693 3006 5745 qnam
3056 5676 3167 5745 jam
3215 5690 3243 5728 a
3291 5675 3466 5726 multis

1928 5770 2082 5824 annis
2108 5769 2162 5823 in
2212 5777 2397 5823 nostro
2422 5769 2754 5822 monasterio
2780 5769 3114 5835 deposuerat,
3149 5774 3467 5820 testamento

1925 5875 2022 5918 suo
2049 5859 2205 5917 nobis
2229 5858 2425 5930 legata,
2459 5869 2714 5914 aeternum
2754 5859 2987 5913 moriens
3035 5872 3142 5911 sua:
3183 5870 3304 5923 erga
3337 5866 3466 5907 con-
