4140 6306
608 489 678 544 55

1385 495 1452 550 IN
1491 491 1813 550 ORIGENIS
1844 490 2222 548 EPISTOLAS
2256 488 2634 560 ADMOMTIO
2673 488 3073 546 GENERALIS.

3747 487 3873 545 36.

604 618 972 689 gregationem
1017 626 1259 672 nostram
1288 615 1676 670 benevolentia:
1707 614 1899 684 pignus
1927 611 2162 681 reliquit.
2193 619 2240 674 Α
2272 610 2582 680 impendere
2627 619 2835 680 pergat,
2890 610 3021 664 nihil
3071 611 3176 664 mei
3215 610 3513 675 immemor,
3565 606 3820 678 quidquid
3863 643 3866 646 ~

605 711 861 766 Laudabo
895 720 951 765 et
1007 709 1432 765 illustrissimum
1483 706 2039 774 eruditissitnumque,
2093 721 2160 760 ac

605 802 910 856 liberalium
960 803 1202 856 omnium
1256 801 1452 852 artium
1508 807 1792 868 patronum
1844 805 2157 866 perpetuum

606 893 887 948 dominum
958 891 1212 946 abbatem
1277 888 1539 944 Jozinuem
1613 887 1835 942 Paulum
1911 887 2157 953 Bignon,

603 989 861 1040 comitem
909 984 1358 1039 consistoriannm
1393 1021 1411 1046 ,
1460 990 1516 1034 et
1551 981 1757 1051 regium
1805 979 2162 1034 bibliotheca-

606 1080 742 1132 rium
768 1118 785 1141 ,
837 1093 968 1147 quo,
998 1090 1099 1145 pro
1135 1073 1417 1143 congenita
1453 1072 1553 1127 sibi
1604 1072 1959 1134 humanitate,
2004 1071 2160 1126 beni-

602 1185 707 1241 gne
763 1170 972 1223 favente
998 1177 1050 1222 et
1075 1176 1350 1220 annuente
1391 1165 1559 1219 libros
1588 1165 1806 1232 quosvis
1838 1164 2017 1234 regios
2061 1178 2158 1217 seu

602 1276 766 1314 manu
797 1271 1052 1313 exaratos
1095 1270 1189 1312 seu
1240 1271 1468 1311 excuses
1512 1255 1820 1311 consulendi
1858 1265 1914 1309 et
1951 1255 2162 1310 exscri-

602 1351 762 1405 bendi
794 1351 1122 1420 pet-amplam
1152 1350 1284 1404 mihi
1331 1363 1546 1417 semper
1587 1347 2034 1416 liberrimamque
2081 1346 2163 1399 fa-

602 1442 860 1497 cultatem
911 1441 1161 1495 fcto-erunt
1210 1438 1450 1509 ejusdem
1503 1439 1844 1495 bibliothecae
1906 1437 2162 1492 custodes

600 1537 701 1589 viri
747 1536 1032 1590 clarissimi
1062 1544 1117 1590 et
1163 1535 1458 1589 notissimae
1497 1533 1615 1587 orbi
1666 1533 1928 1586 litterario
1977 1531 2160 1584 erudi—

600 1630 764 1684 tionis
815 1615 1391 1698 atqne.bumanitatis
1439 1627 1691 1682 dominus
1752 1627 1819 1679 de
1858 1622 2156 1694 Targnies,

602 1721 859 1777 Sorbonze
903 1723 1089 1777 doctor
1130 1721 1532 1784 celeberrimus,
1579 1728 1635 1774 et
1661 1717 1913 1790 dominus
1939 1717 2159 1783 Sallier,

599 1815 876 1884 professor
905 1815 1100 1883 regius,
1129 1822 1184 1868 et
1210 1813 1495 1882 utriusque
1543 1811 1849 1866 Academia:
1885 1808 2161 1864 Francieze

599 1914 655 1958 et
702 1904 1117 1972 Inscriptionum
1165 1903 1346 1958 socius
1397 1901 1803 1956 meritissimus.
1832 1900 2161 1956 Colbertinre

603 1994 963 2060 bibliothecas,
1000 2005 1291 2062 antequam
1347 1989 1725 2046 divenderctur
1775 2001 1832 2045 et
1892 1990 2159 2044 luculenta

601 2087 1089 2156 manuscriptorum
1139 2087 1253 2156 ejus
1280 2085 1587 2140 accessione
1646 2083 1810 2156 Regia
1862 2083 2158 2147 ditaretur,

2267 707 2391 761 hinc
2417 707 2541 761 inde
2570 706 2636 759 ad
2653 705 2900 774 Origeuis
2926 703 3211 758 editionem
3235 712 3418 770 aptum
3466 711 3521 757 et
3569 703 3817 755 idoneum

2266 798 2488 868 reperit,
2544 798 2648 852 hoc
2694 813 2904 852 mecum
2949 800 3034 851 vir
3081 797 3319 866 optimus
3373 793 3814 850 communicavit.

2264 887 2533 953 Quantum
2559 886 2685 940 item
2719 889 2834 950 τοῖς
2863 877 3186 958 μακαρίταις
3223 887 3425 941 Domno
3443 884 3636 938 Carolo
3653 882 3817 952 Petey

2261 980 2338 1034 De
2369 978 2759 1046 Litostallerie,
2800 977 3232 1048 congregationis
3306 986 3505 1031 nostrae
3552 974 3815 1046 superiori

2261 1072 2527 1142 generali,
2549 1081 2604 1125 et
2619 1071 2859 1138 ejusdem
2880 1071 3078 1125 seniori
3124 1070 3394 1125 assistenti
3410 1069 3613 1124 Damno
3632 1064 3817 1121 lauro

2258 1166 2472 1219 Audren
2521 1164 2767 1227 debeam,
2802 1163 2959 1232 digne
3005 1163 3137 1217 satis
3164 1178 3194 1217 a
3237 1178 3322 1216 me
3375 1150 3668 1232 significari
3701 1175 3812 1215 non

2260 1265 2460 1326 potest.
2485 1256 2580 1311 Hic
2601 1256 2744 1310 enim
2765 1256 3132 1311 studiosorum
3153 1256 3393 1309 omnium
3425 1254 3816 1308 monachorum

2260 1350 2694 1412 amantissimus,
2721 1359 2778 1402 et
2828 1348 2941 1415 ipse
2985 1348 3224 1402 historia:
3260 1349 3554 1403 Gallicana:
3592 1345 3814 1402 consul-

2261 1442 2528 1506 tissimus,
2551 1448 2818 1511 quotquot
2833 1440 2946 1495 fere
2965 1441 3019 1493 in
3035 1440 3196 1494 variis
3215 1439 3609 1510 provinciarum
3625 1437 3815 1494 Gallia

2261 1537 2596 1592 bibliothecis
2642 1535 2834 1590 Latine
2876 1543 3092 1589 exstant
3125 1549 3282 1587 manu
3324 1532 3534 1587 exarati
3596 1531 3815 1586 codices

2261 1628 2532 1700 Origenis,
2576 1643 2669 1683 eos
2725 1627 3021 1682 amicorum
3073 1640 3292 1681 suorum
3349 1639 3449 1693 ope
3493 1639 3612 1678 cum
3656 1623 3816 1678 editis

2261 1712 2492 1779 conferri
2515 1722 2766 1786 curavit;
2810 1721 2899 1775 ille
2926 1735 3053 1774 vero
3100 1735 3199 1789 pro
3239 1719 3428 1773 innato
3453 1719 3552 1773 sibi
3579 1718 3814 1789 quodam

2262 1815 2562 1870 incredibili
2617 1814 3101 1883 promovendarum
3169 1813 3308 1880 apud
3354 1826 3453 1866 nos
3508 1813 3810 1866 litterarum

2259 1907 2639 1980 studia(quod
2688 1907 2742 1961 in
2797 1907 2954 1960 tertio
2999 1905 3118 1975 ejus
3164 1918 3478 1958 successore
3521 1902 3814 1958 reverenda

2259 2000 2543 2054 admodum
2585 1998 2744 2053 Patre
2784 1997 2988 2052 Damno
3039 1995 3242 2051 Joanne
3287 1994 3521 2064 Baptista
3565 1991 3810 2062 Alaydon

2259 2089 2590 2162 renascitur)
2629 2090 2754 2145 dum
2771 2091 2958 2160 ingens
2982 2088 3458 2159 Sangermauensis
3473 2086 3812 2141 bibliotheca:

604 2179 881 2247 thesauros
913 2178 1070 2232 nobis
1119 2179 1284 2232 etiam
1337 2177 1743 2245 perhumaniter
1773 2175 1981 2244 aperuit
2023 2190 2160 2242 pra:-

2257 2185 2568 2251 aedifieium,
2597 2193 2924 2252 cooperante
2956 2185 3077 2238 .viro
3105 2183 3309 2252 optimo
3341 2180 3548 2234 Domno
3577 2178 3808 2232 Bartho—

597 2273 963 2328 stantissitnus
1012 2285 1197 2325 comes
1274 2268 1342 2325 de
1371 2268 1693 2340 Seignelay,
1745 2265 1969 2335 ejusque
2003 2265 2157 2335 jussu
2252 2280 2444 2334 10mm,
2497 2275 2831 2344 Detaprade,
2889 2275 3094 2344 magnis
3123 2273 3425 2343 δυηιριίδιη
3474 2270 3808 2334 usu-nebat,

596 2367 814 2421 codices
840 2381 937 2434 pro
967 2376 1093 2417 voto
1125 2361 1488 2418 commodavit
1533 2360 1786 2415 dominus
1826 2357 2014 2413 Millet.
2061 2357 2155 2412 llic

597 2443 810 2527 quoque
851 2457 1141 2511 honorifica
1175 2458 1375 2509 mentio
1402 2455 1507 2508 erit
1549 2452 1844 2507 doctissimi
1897 2451 2157 2517 Sot‘bonte

598 2549 832 2602 doctoris
859 2544 912 2601 et
952 2537 1345 2601 bihliotite‘carii
1377 2545 1577 2598 domini
1628 2541 1872 2610 Salmou,
1925 2541 2015 2612 qui
2072 2542 2156 2595 in—

598 2640 807 2715 signem
830 2637 1074 2714 Origenis
1085 2638 1232 2711 Περὶ
1245 2637 1429 2708 ἀρχῶν
1449 2636 1686 2690 codicem
1704 2637 2154 2705 inamiscriptuiu,

596 2748 708 2803 quo
739 2717 1020 2805 ususzerat
1049 2731 1327 2798 Merlinus,
1379 2731 1557 2784 denuo
1585 2728 1973 2784 conferendum
2021 2728 2154 2783 mihi

597 2826 837 2881 officiose
876 2824 1164 2879 admodum
1211 2823 1440 2879 obtulit.
1488 2822 1658 2878 Grato
1720 2824 1925 2891 pariter
1976 2822 2158 2877 animo

598 2913 933 2974 testificabor
979 2917 1272 2988 singularia
1328 2933 1452 2986 erga
1503 2931 1589 2971 me
1649 2914 1828 2971 ollicia
1877 2915 2160 2971 ornatissi-

597 3027 806 3065 morum
835 3012 1035 3066 civium
1058 3010 1445 3066 Basileensium
1477 3010 1818 3066 dominorum
1851 3008 2078 3076 Battier,
2102 3021 2158 3066 et

597 3103 894 3168 Wetsteiu,
979 3119 1207 3175 quorum
1268 3106 1415 3174 prior
1475 3105 1835 3161 Basileensem
1909 3106 2150 3161 codicem

595 3195 874 3261 Grecam,
924 3212 1032 3267 quo
1085 3209 1210 3253 octo
1255 3198 1500 3267 Origenis
1537 3210 1722 3252 contra
1771 3181 1991 3252 Celsum
2033 3198 2154 3253 libri

595 3289 974 3360 continentur,
1013 3291 1421 3346 accuratissime
1472 3305 1594 3344 meo
1633 3301 1797 3360 atque
1852 3291 2153 3347 doctissimi

596 3377 737 3435 lselii
769 3393 976 3452 -rogatu
1009 3398 1132 3435 cum
1165 3383 1327 3437 editis
1366 3382 1618 3449 contulit,
1672 3393 1729 3436 et
1764 3378 2038 3437 variantes
2076 3383 2157 3439 len

594 3472 803 3527 ctiones
829 3473 896 3526 ad
919 3488 1003 3526 me
1030 3474 1357 3538 transmisit;
1378 3473 1514 3528 alter
1544 3489 1700 3535 vero,
1732 3474 1856 3526 dum
1888 3476 1938 3526 in
1965 3475 2155 3544 Anglia

597 3564 1061 3632 peregrinabatur,
1095 3564 1419 3634 Anglicauos
1447 3580 1636 3618 omnes
1657 3565 1970 3619 eorumdem
1991 3567 2158 3620 libro-

2259 2371 2422 2426 nullis
2464 2368 2682 2424 interim
2734 2370 2990 2435 parcebat
3029 2369 3315 2435 expensis,
3365 2374 3425 2419 ut
3480 2361 3738 2435 quidquid
3778 2378 3812 2419 e

2257 2462 2423 2515 variis
2451 2459 2678 2527 Europa:
2703 2458 3044 2512 bibliothecis
3068 2457 3472 2526 expetebamus,
3500 2457 3552 2511 id
3580 2465 3812 2524 quanto-

2256 2556 2373 2608 eius
2407 2531 2829 2614 exscrili‘iiretur,
2862 2561 2917 2605 et
2951 2553 3017 2605 ad
3059 2567 3156 2604 nos
3181 2551 3480 2604 deferretur
3517 2562 3529 2596 ε
3558 2549 3810 2604 mandato

2253 2649 2372 2717 ejus
2420 2648 2558 2702 haud
2581 2657 2798 2715 gravate
2833 2645 3017 2698 Roma:
3077 2642 3568 2712 obtemperantibus
3605 2643 3812 2696 Domuo

2258 2742 2502 2811 Philippo
2547 2738 2774 2802 Baftier,
2827 2736 3258 2806 congregationis
3317 2745 3516 2788 nostra:
3567 2733 3619 2786 in
3655 2733 3809 2788 curia

2258 2835 2503 2890 Romana
2550 2842 2676 2888 tunc
2713 2839 3064 2902 procuratore
3105 2826 3369 2898 generali,
3402 2825 3608 2881 Domno
3635 2824 3809 2880 Fran-

2255 2928 2399 2982 ciseo
2425 2924 2499 2981 Le
2521 2925 2635 2991 Bel,
2663 2925 2778 2993 ejus
2810 2924 2978 2987 socio,
3009 2923 3124 2975 viro
3173 2921 3365 2984 docto;
3400 2934 3497 2972 nec
3527 2934 3630 2973 non
3686 2923 3810 2988 post

2255 3019 2395 3083 illos,
2431 3017 2638 3074 Domno
2665 3016 2860 3072 Carolo
2889 3015 3157 3091 Ludovico
3185 3013 3427 3067 Conrade
3453 3029 3468 3077 ;
3498 3011 3590 3082 qui
3617 3011 3807 3066 eodem

2251 3113 2520 3185 generalis
2556 3113 2610 3167 in
2674 3112 2828 3165 curia
2888 3109 3129 3163 Romana
3173 3106 3538 3175 procuratoris
3593 3104 3809 3159 functus

2252 3204 2456 3269 officio,
2489 3217 2680 3273 magna
2717 3218 2898 3256 rerum
2929 3201 3282 3269 gerendarum
3309 3196 3636 3250 dexteritate
3687 3196 3806 3250 eni-

2255 3297 2378 3352 tuit.
2409 3295 2663 3362 Ingratus
2719 3297 2875 3364 plane
2912 3293 3102 3347 fuerim
3142 3292 3186 3346 si
3224 3291 3404 3344 debita
3448 3303 3659 3358 quoque
3697 3287 3806 3342 sibi

2252 3386 2409 3440 laude
2465 3385 2785 3440 fraudavero
2861 3384 3237 3439 cbarissimum
3303 3381 3432 3435 mibi
3487 3379 3808 3450 συμμύστην

2257 3479 2515 3532 Domuum
2541 3475 2804 3532 Joannem
2854 3475 3150 3547 Baptistam
3216 3473 3440 3537 Robart,
3469 3472 3642 3527 virum
3672 3488 3808 3528 cano

2253 3572 2383 3626 dore
2437 3565 2670 3648 moram.
2723 3571 2932 3625 sincera
2997 3571 3048 3622 in
3105 3569 3270 3622 Deum
3315 3569 3548 3637 pietate,
3611 3565 3809 3636 linguae

597 3672 715 3709 rum
753 3672 850 3711 nec
877 3671 979 3709 non
1035 3657 1258 3710 aliorum
1288 3656 1543 3726 Origenis
1581 3665 1909 3710 tractatuum
1942 3657 2155 3712 codices
2179 3642 2223 3700 (ἶ
2254 3661 2456 3717 Graece
2484 3642 2624 3716 haud
2650 3663 2852 3732 vulgari
2885 3663 3096 3732 peritia,
3126 3677 3226 3716 nec
3277 3677 3379 3714 non
3438 3659 3702 3713 indefesso
3738 3657 3807 3713 ad

596 3748 993 3817 manuscriptos
1023 3765 1142 3804 cum
1166 3750 1384 3804 excusis
1408 3766 1596 3818 magna
1630 3765 1760 3804 cura
1789 3761 1843 3803 et
1870 3750 1972 3804 fide
1998 3767 2147 3805 com-

593 3842 824 3910 paravit,
851 3850 901 3894 et
963 3841 1332 3910 discrepantes
1362 3842 1432 3896 ab
1467 3841 1694 3895 invicem
1738 3841 2007 3895 lectiones
2046 3844 2149 3897 tnei

589 3931 725 4000 juris
740 3931 887 3986 fecit.
908 3932 1047 3999 Quid
1072 3934 1139 3987 de
1173 3945 1436 3988 aeternum
1468 3933 1694 3988 colendo
1725 3934 1852 3986 tuibi
1894 3934 2150 4002 magistro

591 4025 809 4079 domino
840 4024 1111 4079 Bernardo
1161 4023 1227 4078 de
1254 4025 1594 4079 Montfaucon
1624 4025 1832 4088 dicant,
1861 4027 2003 4093 quod
2029 4025 2147 4092 ejus

593 4129 719 4186 erga
766 4131 849 4169 rue
876 4117 1086 4170 meritis
1117 4117 1272 4187 longe
1299 4131 1402 4170 non
1446 4118 1514 4171 sit
1566 4116 1829 4171 inferius?
1863 4117 1983 4185 Ipse
2038 4135 2144 4171 non

592 4207 762 4260 solum
790 4207 858 4261 ad
891 4209 1111 4277 hujusce
1154 4209 1413 4263 editionis
1464 4209 1702 4263 laborent
1749 4208 2146 4277 suscipiendum

591 4299 848 4363 incendit,
885 4302 978 4354 sed
1003 4312 1056 4354 et
1079 4317 1201 4355 cum
1245 4301 1320 4356 rei
1366 4299 1756 4355 ecclesiastica:
1786 4308 1840 4354 et
1867 4299 2147 4354 litterariae

589 4391 865 4459 praeclaris
916 4392 1169 4461 operibus
1216 4400 1272 4446 et
1329 4392 1625 4461 priscorum
1681 4399 2146 4445 monumentorum

590 4483 927 4552 evulgatione
953 4484 1347 4551 locupletanda:
1378 4499 1437 4537 se
1473 4493 1642 4536 totum
1690 4483 2002 4552 longissimo
2026 4485 2148 4536 vitze

590 4579 765 4647 spatio
800 4577 1138 4659 impenderit,
1165 4587 1214 4628 et
1247 4573 1266 4643 (
1300 4576 1502 4626 utinam
1550 4574 1615 4626 ad
1664 4575 1859 4627 multos
1892 4573 2144 4640 annosi.)

1461 4681 1534 4687 .——-
1547 4680 1768 4687 ——--—..

1285 4681 1454 4688 —.———

670 4685 870 4692 —————

605 4687 663 4694 Η

1975 4678 2288 4687 _.___——_———

2253 3755 2464 3810 civilem
2493 3755 3037 3823 Ecclesiasticamque
3069 3753 3361 3810 Orientalis
3392 3751 3600 3820 imperii
3623 3751 3802 3805 bisto-

2254 3848 2393 3905 riam
2419 3847 2828 3919 perdiscendum
2859 3858 2915 3901 et
2952 3846 3320 3902 illustrandmn
3375 3845 3552 3898 studio
3579 3855 3806 3912 prorsus

2254 3940 2597 4007 laudabilem.
2646 3937 2762 4008 Ipse
2798 3953 3007 3993 mecum
3048 3953 3260 3991 omnem
3311 3936 3364 3989 in
3416 3937 3516 3988 hac
3570 3931 3809 4009 editione

2253 4032 2561 4085 adornanda
2623 4031 2881 4092 laborem,
2932 4037 3192 4096 quantum
3258 4029 3310 4079 in
3349 4040 3408 4080 se
3459 4025 3581 4088 fuit,
3631 4023 3801 4077 alacri

2252 4137 2463 4190 semper
2489 4136 2552 4174 ac
2587 4129 2834 4190 prompto
2856 4118 3039 4172 animo
3090 4118 3318 4185 partitus
3355 4125 3459 4175 est.
3501 4113 3801 4182 przesert’m

2249 4214 2340 4268 ubi
2388 4213 2683 4280 locupletes
2732 4211 2969 4263 locorum
3022 4207 3314 4275 Scriptura:
3363 4221 3533 4259 sacra!
3597 4205 3801 4259 iudices

2247 4303 2605 4366 conficiendi,
2677 4299 3051 4368 interpretatio
3116 4296 3305 4351 Latina
3356 4305 3609 4350 ac¢urate
3675 4310 3798 4350 cum

2245 4394 2446 4469 Grmcis
2474 4391 2818 4454 conferenda,
2871 4398 2964 4443 aut
2994 4390 3172 4459 operis
3213 4387 3582 4459 typOgi-apbici
3623 4386 3800 4458 speci-

2248 4488 2393 4540 mina
2417 4483 2730 4554 castiganda
2761 4480 2981 4535 fuerunt
3009 4490 3065 4535 et
3087 4481 3422 4549 corrigenda.

2303 4680 2318 4685 -
2325 4675 2704 4685 ---..--

985 4791 1085 4888 ΙΝ
1156 4785 1607 4888 ORIGENIS
1655 4786 2162 4911 EPISTOLAS
2223 4782 2753 4881 ADMONITIO
2819 4783 3383 4888 GENERALIS.

659 5049 792 5132 1-3
837 5036 1086 5132 (Euseli'ius
1237 5063 1290 5129 γι
1321 5045 1458 5100 Iiist.
1481 5045 1703 5132 eccles"
1728 5042 1926 5132 cap._2,
1957 5044 2121 5132 ait}:
2148 5041 2403 5113 quidquid
2423 5038 2499 5091 ad
2538 5036 2774 5105 Origem's
2802 5037 2959 5100 vitam
2994 5037 3242 5132 pertinet:
3261 5032 3545 5111 maximam
3587 5039 3788 5096 partem

587 5103 805 5185 είς-ε]ἷὶ
843 5117 1030 5169 litteris
1070 5117 1361 5186 collegisse;
1391 5128 1438 5170 et
1476 5103 1708 5186 ejusdem
1748 5103 1870 5166 libri
1901 5103 2015 5186 cap.
2043 5113 2112 5167 56
2159 5103 2349 5186 narrat
2373 5127 2427 5162 se
2472 5103 2794 5186 quotcunque
2837 5107 3242 5186 sparsimmpud
3279 5103 3459 5186 uarios.
3499 5115 3787 5154 asservatas

590 5170 814 5254 repei'ire
842 5187 1035 5254 potuit.
1063 5170 1291 5239 seors'int
1310 5170 1364 5239 in
1393 5170 1630 5254 proprios
1661 5185 1846 5245 libros,
1875 5200 1937 5236 ne
1965 5170 2165 5254 'iterum
2195 5170 2963 5254 gdissiparentur,dgessisse;
3011 5174 3168 5254 fuisse
3201 5182 3372 5254 autem
3401 5170 3552 5254 illasn
3569 5185 3782 5248 nurnero

548 5239 744 5320 —s1r'pra
761 5239 982 5309 cetitum.
1010 5239 1223 5308 Librum
1245 5239 1560 5309 collec'tioitis
1577 5241 1734 5324 hujus
1763 5239 2005 5324 quartum
2032 5253 2158 5304 citat
2181 5239 2403 5319 Ruﬁnus
2431 5251 2487 5303 in
2513 5239 2682 5324 libello
2704 5239 2783 5300 De
2810 5239 3203 5324 adulter-alioue
3223 5241 3483 5324 librorum
3513 5239 3782 5324 Origenis.

589 5325 636 5378 Ε
653 5311 804 5377 tanto
835 5336 1003 5376 autent
1035 5325 1372 5390 epistolarum
1395 5342 1606 5379 nuntero
1630 5311 1815 5393 paucae
1843 5311 2720 5393 admodum?sunt'quarumlaliqua
2749 5319 2818 5368 ad
2854 5329 2946 5365 nos
2985 5313 3225 5393 specialis
3262 5311 3448 5389 notitia
3478 5311 3782 5393 pervenerit:

662 5395 719 5449 1ο
754 5378 1073 5448 Βεεεηεεηιί
1107 5409 1169 5444 ea
1199 5410 1374 5460 quam,
1418 5378 1540 5447 teste
1573 5378 1796 5448 Eusebio
1847 5392 1986 5446 Hist.
2031 5392 2165 5447 eccl.
2194 5378 2524 5455 lib.'vt,cap.
2550 5388 2606 5453 2,
2629 5378 2705 5460 ’μά
2749 5395 2947 5460 patrem
2991 5378 3284 5460 _l_.eo_nidam
3321 5382 3376 5432 in
3407 5396 3612 5460 carcere
3656 5378 3782 5444 ﬁdei

592 5481 751 5520 causa
781 5466 1039 5514 detentum
1074 5451 1233 5526 misit,
1263 5451 1463 5528 quaque
1488 5463 1636 5516 illum
1654 5466 1728 5516 ad
1760 5463 2073 5532 martyrium
2105 5451 2542 5532 vehementissime
2568 5451 2956 5516 cohortabatur,
2983 5454 3064 5505 his
3091 5455 3227 5532 inter
3252 5463 3439 5503 uetera
3470 5451 3781 5532 verb-liceant

589 5519 868 5587 admonens
893 5548 912 5585 .'
950 5522 1166 5601 Ἐπεχε,
1322 5519 1390 5586 δις
1415 5533 1560 5604 ἡμᾶς
1595 5537 1724 5592 ἄλλο
1740 5558 1792 5593 τι
1828 5519 2099 5604 φρόνήσῃς
2123 5547 2137 5562 ⁶

2257 5529 2364 5582 Iuve
2397 5546 2458 5582 ne
2507 5539 2687 5580 nostra
2729 5540 2890 5576 causa
2919 5523 3225 5576 sententiam
3279 5531 3508 5573 mutesu
3561 5519 3780 5585 Reliqua

587 5605 743 5671 hujus
773 5617 946 5655 aurea:
981 5605 1210 5667 epistola:
1240 5605 1454 5668 periere.

657 5662 715 5725 :2-
744 5662 1184 5743 Commemoratur
1224 5662 1314 5724 illa
1356 5690 1455 5743 qua
1496 5671 1752 5724 Ambrosii
1795 5676 2034 5727 ardorem
2077 5687 2199 5743 erga
2245 5686 2426 5743 sacras
2471 5668 2672 5743 litteras
2726 5665 2989 5724 describit,
3039 5672 3086 5716 et
3132 5663 3280 5732 cujus
3332 5662 3678 5731 fragmentum
3713 5669 3782 5707 ex

587 5745 817 5801 Cedreno
847 5759 966 5809 pag.
990 5741 1114 5804 9.53,
1145 5754 1190 5794 et
1222 5738 1386 5796 Suidu
1418 5745 1470 5794 iit
1499 5757 1617 5811 voce
1659 5743 1973 5811 Ὡριτένης,
2000 5738 2149 5809 infra
2176 5740 2342 5808 primo
2383 5742 2494 5792 loco
2513 5738 2812 5811 eas/tibetur.
2839 5807 2849 5811 Α
2941 5805 2952 5811 _
3221 5806 3268 5811 __
3388 5801 3400 5811 .
3675 5794 3685 5811 ρ

652 5813 711 5864 5ο
741 5801 982 5880 Refertur
1027 5801 1108 5864 ea?
1136 5815 1186 5864 in
1239 5830 1339 5882 qua
1406 5823 1528 5864 teste
1573 5801 1797 5864 Eusebii;
1853 5801 2023 5866 lilii-vr
2061 5801 2180 5866 vllist

2257 5811 2468 5882 :ccl.,rc.
2505 5808 2600 5882 l9,
2635 5819 2680 5882 et
2719 5805 2884 5882 ﬁuida
2935 5805 2989 5856 in
3051 5821 3178 5882 uoce
3213 5801 3535 5882 fﬂpirérng,
3571 5801 3781 5882 seuipse

588 5865 772 5949 purgat
806 5865 1050 5935 adversus
1089 5899 1172 5933 eos
1211 5865 1297 5949 qui
1335 5883 1550 5935 nimium
1579 5883 1695 5949 ejus
1736 5865 1959 5937 studium
2012 5865 2153 5952 erga
2180 5865 2514 5936 ercanicas
2550 5865 2852 5946 disciplinas
2896 5865 3356 5948 reprehendebant:
3395 5871 3568 5934 Hujus
3598 5865 3779 5931 aliqua

589 5954 845 6015 particula
877 5954 1018 6021 inira
1051 5956 1274 6008 secundo
1307 5954 1419 6007 loco
1450 5962 1866 6022 repraesentetur.
