4140 6306
220 421 302 490 ,ετ
1433 417 1522 472 ne
1557 415 1886 472 HISTORIA
1929 414 2297 473 summa.
3412 422 3484 480 sa

235 542 372 612 θήκα
379 557 482 612 μεν
496 541 627 604 τοὺς
641 537 1002 610 καλουμένους
1018 538 1148 610 παρ’
1170 539 1422 610 Ἕλλησιν
1441 539 1657 602 ὀϐελοὺς
1679 540 1808 610 (59),

1916 537 2107 603 obelis,
2141 549 2196 590 ut
2229 536 2398 592 Graeci
2422 545 2636 602 vocant,
2667 534 2991 607 antepositis
3017 537 3372 607 signavimus,
3422 548 3483 594 ut

234 633 298 686 iv‘
330 634 466 704 ἡμῖν
508 631 784 702 γνώριμον
835 627 952 704 ῂτὸ
995 630 1251 691 τοιοῦτον
1292 631 1367 693 ὼς
1403 631 1564 684 πάλιν
1597 631 1812 700 ἀστερί-

237 742 416 788 σκους,
449 727 566 788 τοῖς
601 725 870 793 κειμένοις
898 723 997 793 μὲν
1023 726 1078 776 ἐν
1104 723 1183 793 τῷ
1220 722 1505 792 Ἐϐραῖκῷ,
1529 723 1655 793 παρ’
1679 725 1810 792 ἡμῖν

235 818 288 870 δὲ
316 817 392 886 μὴ
419 817 848 888 εὑρισκομένοις.
895 817 960 868 Τί
997 816 1054 868 δέ
1101 833 1166 886 με
1211 815 1290 867 δεῖ
1322 816 1500 883 λέγειν
1551 813 1678 885 περὶ
1712 814 1810 883 τῆς

247 907 482 972 Ἐξὸδου,
520 907 646 959 ἔνθα
666 906 735 958 τὰ
765 925 828 958 πε
838 907 890 977 ρ).
926 905 1021 977 τὴν
1055 905 1256 978 σκηνὴν
1283 907 1375 958 καὶ
1395 906 1493 977 τὴν
1519 905 1684 975 αὐλὴν
1709 907 1808 958 αὑ-

238 1001 351 1070 τῆς,
380 999 478 1052 καὶ
493 999 590 1068 τὴν
617 998 865 1063 κιεωτδν,
893 998 983 1051 καὶ
997 997 1066 1049 τὰ
1090 997 1205 1049 ὲνδύ
1216 1013 1360 1066 ματα
1382 997 1474 1049 τοῦ
1492 997 1808 1068 ἀρχιερέως,

238 1093 330 1145 καὶ
354 1091 466 1144 τῶν
494 1092 704 1160 ἱερέων,
741 1091 832 1142 ἐπὶ
863 1090 996 1141 πολὺ
1034 1089 1426 1160 παρήλλακται,
1459 1091 1532 1152 ὡς
1562 1089 1691 1160 μηδὲ
1714 1090 1811 1159 τὴν

238 1182 474 1236 διάνοιαν
491 1181 875 1252 παραπλησίαν
898 1175 1034 1232 εἶναι
1062 1181 1265 1244 δοκεῖν;
1295 1181 1432 1250 Ὦρα
1463 1179 1639 1231 τοίνυν
1678 1179 1808 1250 (40),

238 1275 285 1326 εί
315 1273 387 1340 μὴ
406 1271 662 1324 λανθάνει
695 1271 840 1341 ἡμᾶς
872 1269 940 1322 τὰ
977 1269 1218 1331 τοιαῦτα,
1263 1269 1474 1321 ἀθετεῖν
1502 1267 1568 1320 τὰ
1597 1270 1652 1319 ἐν
1690 1271 1810 1330 ταῖς

254 1364 608 1432 Ἐκκλησίαις
627 1363 897 1433 φερόμενα
927 1362 1249 1432 ἀντίγραφα,
1268 1363 1360 1414 καὶ
1373 1361 1722 1430 νομοτεθῆσαι
1742 1363 1806 1430 τῇ

247 1456 580 1524 αδελφὸτητι,
611 1454 904 1507 ἀποθέσθαι
938 1453 1034 1522 μὲν
1068 1453 1166 1515 τὰς
1200 1455 1326 1523 παρ’
1351 1453 1530 1514 αὐτοῖς
1562 1454 1809 1522 ἐπιφερο-

242 1545 405 1616 μένας
459 1546 616 1614 ἱερὰς
656 1545 888 1615 βίϐλους,
925 1543 1237 1596 κολακεύειν
1262 1546 1317 1598 δὲ
1363 1545 1665 1607 Ἰουδαίους,
1720 1545 1812 1596 καὶ

253 1638 467 1696 τῖίθειν,
499 1637 585 1687 ἵνα
618 1637 916 1705 μεταδῶπιν
945 1638 1073 1705 ἡμῖν
1095 1635 1201 1688 τῶν
1227 1635 1500 1706 καθαρῶν,
1531 1639 1623 1690 καὶ
1650 1637 1812 1708 μηδὲν

240 1730 467 1801 πλάσμα
500 1729 754 1800 ἐχόντων.
783 1723 927 1799 Ἀρα
954 1729 1009 1781 δὲ
1043 1729 1134 1782 καὶ
1172 1731 1204 1800 ή
1249 1731 1502 1801 Πρόνοια,
1543 1732 1598 1782 ὲν
1633 1730 1814 1798 ἁγίαις

1916 626 2072 680 nobis
2100 628 2243 694 quod
2275 625 2540 695 ejusmodi
2572 637 2678 687 est,
2708 628 3032 693 innotescat,
3061 630 3205 682 sicut
3262 643 3477 687 sursum

1916 717 2214 781 asteriscis,
2255 732 2376 785 quae
2427 718 2480 771 in
2520 718 2747 773 Hebraao
2788 720 3005 787 quidem
3051 728 3288 783 exstant,
3340 722 3480 789 apud

1917 823 2014 862 nos
2042 823 2168 863 vero
2196 823 2300 862 non
2342 809 2711 865 inveniuntur.
2741 811 2883 877 Quid
2922 828 3007 866 me
3030 828 3163 880 opus
3191 821 3276 865 est
3302 812 3483 866 dicere

1917 901 1981 954 de
2031 900 2234 964 Exodo,
2277 900 2366 953 ubi
2415 916 2534 968 qure
2575 902 2848 970 pertinent
2896 905 2962 956 ad
2994 904 3396 956 tabernaculum
3425 911 3481 955 et

1915 991 2030 1058 ejus
2066 991 2290 1056 atrium,
2345 992 2409 1044 ad
2457 1007 2662 1057 arcam,
2697 1003 2752 1047 et
2803 994 2869 1048 ad
2920 995 3226 1048 indumenta
3282 1009 3479 1050 summ

1917 1083 2192 1152 pontiﬁcis
2217 1093 2270 1136 et
2302 1086 2641 1138 sacerdotum
2675 1085 2825 1138 valde
2853 1094 2977 1138 sunt
3001 1093 3227 1148 mutata.
3261 1087 3397 1141 adeo
3423 1094 3482 1141 ut

1916 1190 1982 1228 ne
2030 1175 2223 1230 similis
2268 1177 2482 1244 quidem
2523 1193 2713 1233 sensus
2757 1193 2876 1232 esse
2928 1179 3209 1232 videatur?
3245 1177 3482 1248 Tempus

1911 1277 1994 1319 est
2023 1266 2207 1334 igitur,
2240 1268 2281 1320 si
2313 1267 2426 1321 hzec
2451 1284 2550 1321 nos
2581 1284 2684 1321 non
2729 1269 2919 1332 latent,
2958 1269 3221 1337 abrogare
3245 1285 3364 1338 quae
3421 1269 3476 1323 in

1914 1358 2167 1413 Et'clesiis
2189 1358 2435 1412 feruntur
2459 1361 2812 1428 exemplaria,
2832 1369 2885 1414 et
2912 1361 3170 1414 fratribus
3198 1362 3313 1428 iege
3341 1373 3483 1429 pra:-

1913 1453 2116 1521 cipere,
2159 1463 2218 1507 ut
2258 1454 2483 1520 abiectis
2513 1470 2650 1525 quos
2705 1469 2869 1521 penes
2919 1469 2978 1508 se
3025 1455 3256 1521 habent},
3293 1453 3481 1508 “sacris

1915 1543 2090 1608 libris,
2122 1545 2390 1599 adulando
2434 1545 2634 1598 Judazis
2676 1544 3042 1612 persuadeant
3078 1556 3136 1597 ut
3169 1559 3264 1598 nos
3309 1545 3479 1613 puris,

1916 1646 1970 1690 et
1998 1639 2085 1704 qui
2115 1638 2243 1690 nihil
2275 1637 2512 1692 habeant
2547 1637 2804 1703 figmenti,
2838 1637 3170 1704 impertiant.
3209 1641 3289 1691 An
3317 1639 3480 1692 etiam

1917 1727 2280 1782 Providentiae
2308 1744 2425 1798 quae
2451 1730 2504 1783 in
2537 1728 2706 1783 sacris
2729 1727 3023 1797 Scripturis
3053 1729 3201 1782 dedit
3229 1729 3480 1785 omnibus

242 1967 346 2006 non
376 1952 678 2021 ascriptum
711 1961 794 2006 est
819 1950 921 2005 diei
951 1951 1222 2005 secundo?
1253 1949 1551 2019 Respondit
1592 1951 1664 2004 illi
1694 1969 1707 2004 :
1737 1949 1806 2005 Ut

1913 1949 2244 2021 διορθώσεως
2295 1949 2403 2021 τῶν
2455 1951 2828 2020 γραφομένων,
2853 1952 2983 2021 *εἴτε
3013 1950 3107 2003 καὶ
3135 1950 3240 2003 ἀπὸ
3272 1951 3379 2006 τῶν
3410 1952 3481 2008 τὰ

241 2034 301 2075 ut
331 2023 434 2076 hoc
463 2020 667 2075 factum
703 2037 803 2074 non
836 2021 1139 2091 sit,repetit
1165 2031 1341 2091 tamen
1373 2022 1558 2091 (Deus)
1581 2031 1635 2075 et
1656 2037 1806 2075 com-

243 2092 533 2159 prehendit
569 2090 952 2159 omnes_(dies)
1003 2091 1053 2143 in
1113 2091 1217 2143 fine
1247 2090 1464 2146 dicens:
1515 2090 1545 2159 σέ
1577 2099 1631 2144 et
1678 2091 1808 2144 vidit

240 2155 612 2214 EDeusomne
632 2156 774 2227 quod
793 2157 1147 2230 I'ecit,bonum
1194 2176 1332 2216 esse.
1369 2180 1387 2212 ι
1427 2155 1670 2230 [ιεεςόεείι
1709 2161 1806 2228 ipsi

243 2244 337 2296 per
381 2231 836 2283 similitudinem:
875 2229 978 2282 Sex
1034 2231 1279 2283 homines
1302 2229 1569 2284 venerunt
1604 2231 1667 2284 ad
1711 2241 1803 2284 te:

241 2300 499 2352 erunibus
529 2309 580 2352 et
607 2298 862 2364 singulis,
893 2309 1119 2366 excepto
1160 2316 1283 2359 uno,
1334 2302 1531 2353 minam
1568 2301 1806 2368 largiris,

240 2379 292 2421 et
326 2370 393 2422 de
429 2384 570 2422 novo
609 2368 832 2420 alteram
884 2369 1052 2432 donas
1090 2370 1369 2432 omnibus;
1416 2384 1592 2422 nonne
1633 2371 1682 2422 in
1718 2387 1812 2422 cu-

240 2388 292 2421 ει
326 2388 393 2422 ue
429 2388 570 2422 novo
609 2388 832 2420 aueram
884 2388 968 2421 om
993 2388 1052 2422 as
1090 2388 1369 2432 ominous;
1416 2388 1592 2422 nonne
1633 2388 1682 2422 Ill
1718 2388 1808 2422 cu-

237 2437 462 2505 juslibet
492 2453 651 2505 manu
689 2439 829 2491 mina
864 2449 919 2492 et
959 2388 1110 2502 skxta
1152 2456 1277 2503 pars
1321 2441 1616 2506 reperitur;
1667 2440 1808 2508 apud

243 2524 410 2577 unum
441 2524 572 2562 vero
601 2518 752 2560 sexta
782 2524 904 2577 pars
932 2509 1172 2562 tantum?
1197 2510 1508 2562 Admiratus
1545 2519 1626 2563 est
1664 2509 1812 2577 (rab-

243 2576 316 2638 hi)
344 2588 401 2630 et
447 2580 620 2632 verbo
670 2576 921 2631 revecato
961 2580 1114 2642 dixit,
1161 2589 1218 2631 ttt
1259 2590 1382 2632 ante
1409 2579 1620 2632 dixerat
1656 2578 1805 2631 rabbi

238 2645 560 2710 Schemttei,
596 2648 852 2700 nimirum
905 2664 1162 2717 aquarum
1191 2665 1326 2716 opus
1367 2653 1597 2702 nondum
1645 2647 1808 2712 fuisse

241 2717 569 2770 confectum.
599 2717 734 2785 (Iiuc
761 2717 931 2785 ipsum
957 2719 1104 2771 rabbi
1129 2718 1346 2772 Salomo
1375 2718 1554 2772 Jarchi
1587 2721 1637 2771 in
1669 2720 1807 2770 hunc

241 2786 421 2839 locum
449 2787 718 2856 adducit.)
749 2788 914 2842 ltabhi
970 2789 1092 2841 Levi
1129 2787 1180 2841 in
1229 2789 1443 2842 nomine
1485 2789 1632 2843 rabbi
1669 2787 1810 2840 Tan-

240 2859 403 2910 chum
426 2859 520 2911 lilii
553 2858 802 2912 Chuuilai
827 2859 962 2912 dixit
993 2876 1007 2910 :
1043 2858 1314 2926 Scriptum
1350 2871 1428 2912 est
1468 2858 1602 2923 (Im.
1663 2873 1804 2918 xui,

243 2927 361 2992 10):
397 2946 416 2978 ι
452 2928 761 2981 Annuntias
792 2943 822 2981 a
862 2930 1126 2996 principio
1162 2930 1341 2994 tinem.
1393 2947 1410 2979 ι
1463 2930 1724 2983 Nimirum
1776 2942 1807 2980 a

240 2998 517 3064 principio
564 2999 832 3051 mundum
875 3000 1099 3053 creavit.
1155 2998 1297 3052 Vidit
1340 3000 1658 3052 benedictus
1699 2997 1806 3062 ille,

239 3070 388 3133 quod
413 3067 628 3138 Moyses
670 3066 762 3136 qui
808 3066 986 3122 dictus
1046 3079 1124 3122 est
1154 3071 1323 3122 bonus
1377 3069 1573 3136 (Exod.
1619 3070 1707 3134 ιι).
1755 3076 1810 3121 et

240 3139 381 3204 quod
411 3154 572 3192 suum
595 3146 678 3191 est
712 3152 808 3206 per
833 3153 1003 3206 aquas
1050 3139 1329 3192 habiturus
1364 3149 1542 3196 esset:
1584 3141 1808 3206 ideoque

241 3208 345 3261 illis
379 3223 488 3262 non
533 3208 776 3261 additum
816 3218 918 3272 est,
951 3226 968 3260 ι
1011 3211 1151 3279 quod
1188 3212 1406 3268 bonum.
1452 3227 1470 3258 ι
1504 3207 1675 3262 Rabbi
1709 3210 1809 3276 Sy-

1910 2019 2139 2096 eautoig
2170 2020 2427 2096 δοκοῦντα
2474 2019 2959 2096 ὲν-τῇ“.διορθώαει
3003 2021 3477 2096 *προστιθέντωνμῆ

1909 2091 2322 2164 ἀφαιρούντων)-
2350 2091 2450 2160 τὴν
2472 2085 2716 2164 ⁸μὲνοῦν
2743 2085 2801 2142 ἐν
2819 2093 2942 2164 ,τοῖς
2973 2085 3342 2164 ⁸ἀντιγράφοις

1869 2165 1876 2171 “
1911 2159 2144 2234 παλαιᾷς
2167 2159 2436 2234 Διαθήκης
2467 2160 2780 2234 διαφωνίαν,
2810 2159 2942 2234 Θεοῐι
2969 2159 3478 2234 δ-ιδόντος,ξεῦρομεν

1909 2281 2035 2354 fit);
2045 2281 2159 2370 ὴὰίρ
2175 2281 2480 2369 aggestis
2488 2281 2830 2370 summa
2846 2281 2967 2362 τοῖξ
2981 2281 3209 2370 cessa
3216 2281 3478 2356 sategit;

1909 2371 2009 2440 τὴν
2035 2371 2140 2442 τῶν
2177 2370 2526 2442 ἀντιγράφων
2562 2371 2875 2438 διαφωνίαν,
2903 2370 3003 2442 τὴν
3030 2371 3208 2442 κρίᾳιν
3243 2373 3477 2442 ποιησά-

1955 2438 2062 2493 ενοι
2096 2441 2200 2494 ἀπὸ
2226 2438 2554 2511 τῶνλοιπῷν
2579 2442 2863 2505 ὲκδὸσεων,
2897 2438 2968 2492 τι
2992 2438 3210 2511 συνᾷδον
3240 2438 3478 2505 ἐκείναις

1955 2459 2062 2493 ενοι
2096 2459 2200 2494 απο
2226 2459 2330 2492 των
2356 2459 2554 2492 Αοιπων
2579 2459 2863 2505 εκοοσεων,
2897 2459 2957 2492 το
2992 2459 3210 2511 συνᾳοον
3240 2459 3478 2505 εκειναις

1910 2459 2268 2581 ἴφυλάξαμεν,
2292 2511 2384 2584 καὶ
2409 2510 2530 2584 τινὰ
2559 2511 2654 2580 μὲν
2674 2511 3010 2584 ὡὸελίααμεν
3035 2512 3091 2584 εν
3106 2509 3181 2581 τῷ
3208 2511 3478 2584 Ἑϐραῖκῷ

1913 2583 1986 2652 μὴ
2007 2580 2265 2653 κείμενα,
2288 2582 2371 2653 οὐ
2419 2580 2781 2653 τολμήσαντες
2811 2581 2950 2653 αὐτὰ
2979 2580 3162 2653 πάντη
3189 2580 3472 2653 περιελεῖν·

1910 2651 2026 2723 flvit
2072 2652 2145 2723 6e
2183 2652 2298 2722 μετ’
2331 2651 2666 2723 ἀστερίσκων
2715 2651 3152 2723 προαεθήκαμεν,
3196 2651 3280 2705 ἵνα
3319 2653 3477 2723 δῆλον

1907 2718 1940 2793 ᾖ
1982 2722 2066 2793 ὅτι
2093 2718 2419 2793 μὴ’κείμενα
2463 2718 2610 2792 napi
2636 2718 2772 2793 ﬁmi;—
2816 2718 3232 2793 'Eﬁﬁopﬁxovpa,
3277 2725 3338 2776 ὲκ
3369 2718 3514 2776 λεῶν-

1909 2782 2110 2844 λοιπῶν
2154 2782 2412 2866 suadeam:
2463 2782 2868 2866 oppetiit/uiget?)
2905 2782 3175 2866 Ἑϐρξιῖκῷ
3211 2782 3479 2866 ἆτροσεθή-
3535 2860 3539 2862 _

1909 2879 2100 2932 καμεν.
2135 2879 2154 2912 ι
2194 2864 2254 2933 Et
2289 2875 2438 2933 sane,
2465 2862 2561 2915 nisi
2597 2865 2649 2915 iu
2686 2863 2806 2916 aliis
2845 2862 3478 2933 exentplaribus'quam-

1911 2931 2159 2999 plurimis
2203 2931 2514 2984 discrimina
2555 2941 2930 2999 occurrerent,
2957 2934 3091 2988 adeo
3125 2942 3184 2988 ut
3211 2931 3314 2987 non
3352 2935 3473 2988 uni-

1909 3017 2061 3056 Versa
2089 3018 2208 3073 qua;
2239 3012 2453 3073 exstant
2491 3003 2628 3073 apud
2666 3001 2998 3068 Matthzeum,
3033 3018 3096 3057 ac
3145 3004 3352 3073 reliqua
3385 3005 3478 3058 iti-

1916 3073 2035 3142 dem
2069 3072 2354 3142 Evangelia
2382 3072 2483 3124 sibi
2517 3071 2745 3124 invicem
2774 3082 3092 3138 congruant,
3128 3071 3326 3142 impius
3354 3089 3479 3142 pro-

1911 3141 2053 3195 fecto
2086 3141 2359 3193 videretur
2393 3143 2485 3207 qui
2513 3146 2826 3213 mandatum
2854 3142 2979 3196 illud
3007 3159 3038 3213 :7
3063 3161 3080 3193 ι
3125 3141 3324 3213 Diliges
3355 3141 3478 3213 pro-

1922 3214 2167 3268 cximum
2199 3223 2350 3266 tuum
2381 3213 2523 3282 sicut
2567 3212 2819 3276 tcipsum,
2876 3229 2896 3263 ι
2939 3229 2965 3264 a
3017 3212 3306 3268 Servato’re
3349 3212 3474 3282 erga

1913 2231 2199 2316 ideas‘iat,
2218 2231 2484 2316 κριῖηρξῳ
2507 2231 2836 2316 x’oncrdpsvot
2852 2233 2969 2316 re};
2981 2231 3202 2316 ολέποιλταῖς
3215 2231 3473 2286 ὲκδόσέσι.

242 3293 398 3351 incon
445 3280 585 3351 dixit
629 3279 938 3351 parabolam
988 3281 1122 3349 regi,
1161 3279 1245 3351 cui
1273 3279 1370 3332 fuit
1402 3279 1534 3351 dura
1563 3281 1806 3351 quaedam
1838 3285 1880 3342 α
1915 3285 2133 3334 divitem
2166 3283 2386 3351 minime
2430 3281 2742 3351 allegatum,
2770 3282 2857 3337 hic
2888 3283 3051 3337 fuisse
3091 3284 3350 3337 insertmn
3383 3279 3476 3336 su-

241 3349 405 3417 legio.
440 3350 586 3402 Dixit
624 3365 738 3413 rex,
767 3350 890 3418 quia
927 3350 1026 3404 ista
1072 3350 1212 3419 legio
1255 3351 1413 3402 nimis
1457 3350 1610 3413 dura,
1663 3350 1812 3401 ideo-

239 3433 341 3486 que
371 3435 575 3472 nomen
597 3433 776 3473 meum
807 3437 910 3472 non
937 3436 1045 3488 pra:
1071 3436 1129 3474 se
1166 3422 1320 3473 lerat.
1359 3420 1450 3473 Sic
1473 3419 1609 3471 dixit
1643 3420 1810 3488 bene-

239 3488 422 3543 dictus
467 3489 594 3554 ille;
640 3489 762 3558 quia
805 3505 900 3556 per
938 3486 1070 3543 istas
1097 3505 1265 3558 aquas
1303 3489 1570 3552 homines,
1602 3489 1691 3557 qui
1735 3486 1812 3540 vi-

236 3560 421 3629 xerint
452 3567 696 3629 tempore
726 3559 932 3619 diluvii,
963 3569 1204 3629 tempore
1237 3559 1461 3622 Euochi,
1495 3569 1548 3612 et
1586 3560 1810 3612 divisio-

238 3629 318 3682 nis
341 3627 702 3698 (linguarum)
754 3629 1009 3697 puniendi
1061 3627 1205 3694 sttttt,
1261 3629 1382 3684 ideo
1433 3644 1536 3682 non
1575 3630 1814 3684 ascrihet

239 3698 362 3762 illis,
396 3699 548 3766 quod
580 3699 798 3750 horrent.
831 3716 850 3749 ι
903 3698 1026 3753 ΙΙωο
1060 3698 1175 3752 illi:
1218 3701 1405 3754 eadem
1453 3700 1720 3753 habentur
1757 3698 1809 3752 in

238 3766 419 3823 Jalkut
459 3769 513 3822 in
564 3766 852 3823 Berescltil.
889 3769 1036 3821 Aben
1071 3768 1204 3821 Ezra
1246 3770 1299 3822 in
1329 3770 1718 3824 commentario
1757 3768 1810 3823 in

238 3837 414 3910 legem
445 3839 618 3893 dicit:
659 3855 678 3890 ι
714 3837 864 3902 Illud,
898 3840 1037 3907 quod
1074 3839 1269 3892 bonum
1301 3839 1456 3910 (Gen.
1502 3855 1540 3904 ι,
1576 3840 1685 3909 10),
1721 3853 1813 3892 co-

239 3909 412 3962 haeret
441 3925 564 3962 cum
595 3911 872 3966 creatione
899 3910 1001 3963 diei
1031 3910 1309 3974 secundae;
1353 3929 1370 3962 ι
1408 3911 1812 3976 absurdumque

239 3989 391 4042 putat
447 3978 882 4033 benedictionem
943 3981 1024 4034 bis
1081 3980 1252 4048 repeti
1313 3981 1399 4033 die
1433 3981 1630 4033 tertioi:
1684 3980 1813 4032 hinc

239 4049 399 4114 paulo
426 4060 550 4117 post
580 4052 759 4102 subdit
784 4051 848 4103 ad
882 4051 1168 4104 versumll
1210 4067 1224 4104 :
1263 4069 1280 4101 ι
1316 4049 1597 4105 Germinet
1631 4058 1807 4102 terra:

238 4121 578 4189 Principium
607 4120 710 4191 dici
744 4121 909 4172 tertii.
949 4138 966 4170 ι
1000 4120 1185 4175 Refert
1221 4121 1399 4191 itaque
1435 4130 1591 4173 terrae
1631 4119 1808 4191 exsic-

239 4191 515 4243 cationem
557 4190 623 4244 ad
675 4203 840 4259 opera
904 4191 1127 4244 secundi
1180 4189 1328 4252 diei.‘
1365 4192 1504 4259 quod
1553 4189 1813 4258 approbat

238 4263 405 4314 etiam
447 4259 689 4314 Joannes
739 4258 1008 4314 Mercerus
1061 4262 1302 4318 Prwlect.
1336 4258 1393 4314 in?
1445 4260 1804 4326 Gencs.,pag.

237 4330 328 4393 20,
391 4340 504 4385 etc.
553 4330 856 4383 Abat‘beuel
901 4331 952 4382 in
997 4349 1095 4387 suo
1141 4344 1283 4392 'nnn
1330 4341 1506 4392 ωηνξ)
1563 4331 1649 4383 ubi
1690 4346 1811 4399 qua:

239 4403 495 4469 superius
525 4415 594 4454 ex
618 4399 885 4473 Beresc/tit
916 4399 1104 4473 liablta
1143 4407 1404 4473 producta
1438 4413 1582 4464 sunt,
1615 4406 1813 4455 recita-

239 4473 340 4542 vit,
384 4481 544 4539 putat
604 4487 668 4525 ea
725 4472 846 4524 huic
893 4472 1057 4526 dubio
1103 4472 1413 4542 neutiquam
1473 4473 1806 4526 satisfacere.

240 4541 424 4607 Quare
464 4544 546 4596 sic
585 4542 746 4595 solvit
787 4543 938 4610 ipse:
1000 4558 1018 4591 ι
1079 4545 1211 4608 Quia
1254 4541 1342 4597 illo
1393 4546 1478 4598 die
1525 4543 1652 4596 facti
1686 4552 1806 4594 sunt

239 4614 402 4666 orbes
441 4613 652 4676 absque
691 4613 980 4667 luminibus
1007 4621 1059 4666 et
1087 4613 1292 4678 stellis;
1326 4615 1546 4682 insuper
1573 4613 1696 4681 quia
1721 4628 1809 4666 se-
1842 4622 1918 4681 D-

240 4684 457 4750 paratio
481 4685 723 4737 onmium
761 4683 1145 4738 elementorum
1194 4700 1220 4736 a
1258 4699 1375 4738 sese
1408 4686 1635 4738 invicem
1671 4698 1808 4735 non—

241 4755 344 4808 nisi
385 4755 552 4807 tertio
589 4755 805 4808 demum
843 4755 926 4809 die
976 4755 1211 4824 perfecta
1247 4763 1352 4819 est,
1400 4756 1555 4823 aquis
1587 4764 1698 4806 tum
1758 4753 1811 4805 in

244 4841 408 4877 unum
429 4829 809 4893 congregatis.
841 4826 1097 4894 aridaque
1126 4837 1438 4893 apparentc.
1475 4845 1494 4875 ι

312 4895 428 4963 (59)
484 4896 631 4960 Τοὺς
693 4893 1098 4965 καλουμένους
1149 4895 1282 4962 παρ’
1335 4897 1629 4963 Ἓλλησιν
1685 4893 1813 4946 66’s-

241 4967 412 5030 λούς,
443 4977 550 5018 etc.
583 4967 657 5020 De
684 4967 1547 5030 asteriseorumetobclorummsu
1582 4965 1698 5017 vide
1726 4967 1815 5020 do-

241 5035 1051 5104 ctissimutn,Montefalconium
1091 5045 1334 5089 nostrum
1374 5036 1724 5104 praeliminar.
1761 5039 1812 5090 in

244 5106 493 5172 Hexapla
543 5103 812 5176 Origenis,
848 5123 966 5176 cap.
996 5109 1050 5170 4,
1081 5122 1228 5160 nunt.
1265 5107 1318 5160 5.
1363 5103 1434 5160 De
1474 5108 1556 5160 his
1598 5107 1817 5176 insuper

239 5177 391 5244 juvat
442 5177 533 5229 hic
590 5192 859 5244 apponere
888 5179 1151 5247 insignem
1201 5178 1450 5245 Urigenis
1488 5178 1664 5231 locum
1721 5180 1814 5245 qui

247 5249 482 5300 habetur
533 5257 675 5300 tonio
714 5249 924 5301 decimo
961 5249 1148 5316 quinto
1173 5248 1224 5299 in
1259 5249 1611 5316 Maltincum;
1634 5248 1741 5300 Καὶ
1767 5249 1816 5300 εί

246 5317 346 5387 μὲν
395 5316 474 5386 μὴ
526 5317 619 5388 διαὶ
648 5320 774 5388 περ)⁵
825 5313 998 5372 ἄλλων
1032 5317 1236 5371 πολλῶν
1278 5318 1542 5387 διαφωνία
1585 5313 1651 5388 ἦν
1683 5318 1816 5388 πρὸς

244 5386 449 5458 ἄλληλα
484 5386 596 5460 τῶν
637 5386 1004 5460 ἀνειγρὰφων,
1035 5388 1170 5442 ὥστε
1209 5386 1473 5442 πάντατὰ
1499 5386 1638 5442 κατὰ
1668 5386 1818 5443 Ματ-

243 5457 392 5513 θαῖον
437 5457 515 5531 μὴ
556 5457 812 5528 συνᾴδειν
828 5460 1091 5531 αλλήλοις,
1130 5462 1327 5531 ὁμοίως
1363 5460 1419 5512 δὲ
1445 5463 1537 5514 καὶ
1570 5461 1636 5512 τὰ
1660 5460 1816 5512 λοιπὰ

243 5530 572 5597 Εὑαγγέλια,
602 5531 926 5600 κανὰσεὸής
947 5528 1224 5596 messem
1254 5528 1389 5583 εἶναι
1411 5533 1437 5583 ὁ
1468 5531 1704 5583 ὑπονοῶν
1732 5535 1816 5582 ἐν-

243 5601 418 5656 ταῦθα
445 5599 847 5672 πθοῖερρίφθαι
865 5599 963 5653 οὐκ
988 5603 1277 5672 εἰρημένην
1310 5603 1413 5654 ὑπὸ
1438 5601 1530 5654 τοῦ
1570 5603 1817 5672 Σωτῆρος

245 5673 380 5744 πρὸς
399 5672 491 5724 τὸν
516 5669 769 5744 πλούσιον
803 5671 920 5744 τὴν,
946 5692 963 5723 ι
1003 5669 1332 5744 ’Ᾱγαπήάεις
1360 5674 1448 5725 τὸν
1476 5669 1816 5744 πλησίονὲου

243 5739 322 5808 di;
347 5743 593 5804 σεαυτὸν,
612 5812 618 5813 γ
639 5761 656 5793 ι
687 5739 918 5813 ἐντολήν.
953 5744 1089 5813 Νυνὶ
1111 5743 1167 5796 δὲ
1202 5739 1441 5813 δηλονότι
1471 5739 1636 5813 πολλὴ
1669 5745 1820 5811 γέγο-

247 5818 408 5888 νενκὴ
454 5813 567 5866 τῶν
599 5810 1222 5888 ᾁντιγράφῳνριειφορά,
1259 5810 1373 5888 ags
1417 5810 1818 5888 ἁπὸζρᾳονμίας

246 5881 408 5942 τινῶν
438 5883 718 5958 γραφέων,
747 5881 986 5940 εἶτειάπὸ
1007 5881 1208 5948 τόλμης
1227 5884 1384 5939 τινῶν
1419 5881 1701 5946 μογθήῥᾶςν
1722 5884 1818 5944 τῆς

1914 3353 2240 3416 spicaretur.
2301 3350 2452 3423 Nunc
2499 3350 2678 3406 autem
2738 3353 2852 3420 sive
2899 3362 3120 3422 propter
3148 3353 3477 3423 scriptorum

1913 3423 2267 3490 quorumdam
2325 3421 2733 3490 indiligentiam,
2788 3424 2903 3476 sive
2955 3421 3170 3491 propter
3213 3421 3476 3478 nefariam

1914 3492 2215 3561 aliquorum
2248 3492 2556 3558 Scripturas
2603 3494 3008 3546 emendautium
3036 3495 3340 3558 audaciam,
3381 3509 3474 3547 seu

1914 3571 2138 3630 propter
2167 3576 2285 3632 ﬁcos
2327 3564 2416 3630 qui
2452 3563 2576 3615 dum
2632 3565 2942 3628 emendant,
2974 3576 3070 3632 pro
3119 3565 3344 3617 arbitrio
3383 3564 3478 3617 ad-

1913 3634 2045 3686 dttnt
2093 3631 2179 3685 vel
2242 3633 2576 3693 detrahunt,
2643 3648 2836 3693 magna
2913 3631 3303 3700 exemplarium
3374 3648 3472 3688 εις

1916 3702 2062 3758 sistit
2091 3699 2413 3757 differentia.
2447 3702 2696 3755 Profecto
2729 3699 3108 3769 discrepantia:
3132 3717 3252 3770 qua:
3281 3703 3333 3756 in
3372 3701 3476 3756 Ve-

1915 3775 2044 3827 teris
2098 3770 2432 3826 Testamenti
2480 3770 2886 3838 exemplaribus
2935 3772 3195 3834 occurrit,
3233 3773 3340 3825 Deo
3378 3787 3477 3825 an-

1915 3851 2134 3904 nuente,
2167 3842 2461 3895 remedium
2492 3841 2747 3911 adhibere
2772 3841 3080 3911 potuimus;
3111 3842 3332 3911 reliquis
3364 3842 3477 3902 edi-

1914 3913 2152 3965 tionibus
2181 3913 2282 3974 usi,
2337 3921 2392 3963 nt
2441 3928 2507 3964 ex
2555 3913 2627 3964 iis
2659 3909 2919 3978 judicium
2961 3909 3304 3966 faceremus:
3349 3927 3473 3966 nam

1913 3995 2032 4050 quae
2066 3982 2203 4049 apud
2228 3983 2553 4049 lnterpretes
2571 3981 2915 4050 Septuaginta
2951 3988 3174 4048 propter
3197 3980 3477 4049 exempla-

1915 4054 2055 4104 rium
2094 4053 2406 4103 varietatem
2447 4053 2606 4104 dubia
2641 4061 2820 4114 erant,
2847 4065 2878 4105 e
2910 4051 3132 4116 reliquis
3151 4052 3476 4106 editionibus

1911 4121 2266 4173 mstimatione
2300 4124 2462 4184 facta,
2497 4131 2813 4189 perpetuum
2856 4136 2977 4174 cmn
3017 4121 3122 4175 illis
3146 4136 3469 4175 consensum

1914 4191 2272 4254 retinuimus;
2327 4201 2382 4244 et
2434 4191 2688 4244 nonnulla
2736 4191 2954 4260 quidem
3006 4191 3059 4245 in
3103 4190 3326 4246 Hebraeo
3369 4205 3473 4244 non

1912 4263 2178 4315 exstantia
2211 4261 2366 4314 obelo
2394 4262 2736 4323 contiximus,
2767 4277 2885 4314 cum
2921 4277 2981 4314 ea
3009 4263 3223 4329 penitus
3249 4262 3476 4330 rejicere

1914 4333 2134 4384 minime
2171 4330 2430 4384 fuerimus
2463 4336 2610 4395 ausi;
2645 4331 2821 4400 aliqua
2868 4347 2994 4385 vero
3037 4347 3158 4383 cum
3197 4331 3476 4384 asteriscis

1914 4402 2242 4461 addidimus.
2275 4413 2330 4455 ut
2353 4403 2691 4470 perspicuum
2725 4403 2794 4454 sit
2831 4417 2892 4456 ea
2927 4418 3025 4455 nos
3053 4418 3082 4453 e
3114 4401 3334 4470 reliquis
3360 4400 3476 4454 edi-

1915 4473 2152 4525 tionibus
2197 4472 2419 4525 Hebraeo
2467 4473 2889 4526 consonantilms
2927 4473 3216 4534 addidisse,
3249 4486 3370 4523 cum
3421 4471 3474 4522 in

1915 4543 2266 4612 Septuaginta
2322 4543 2714 4611 interpretibus
2756 4543 2974 4596 minime
3015 4543 3400 4612 reperirentur.
3449 4557 3471 4590 ι

1985 4611 2096 4682 (40)
2119 4612 2256 4680 Ὥρα
2282 4614 2507 4676 τοίνυν,
2532 4614 2738 4666 etc.Sie
2757 4623 2900 4667 recte
2919 4614 3075 4667 habet
3094 4613 3260 4664 codex
3281 4611 3476 4682 Regius

1918 4680 2404 4755 [ctirnllantubnh
2469 4686 2875 4740 Wetstenianus
2907 4699 3033 4737 vero
3068 4703 3080 4737 :
3110 4685 3249 4752 Ὅρα
3277 4680 3475 4755 τοίνυν,

1916 4752 1963 4806 εί
1985 4752 2058 4823 μὴ
2076 4753 2321 4806 λανθάνει
2350 4752 2516 4823 ἡμᾶς,
2541 4761 2609 4806 τὰ
2634 4770 2854 4806 τοιαυτα
2880 4755 3088 4806 ἀθετεῖν
3100 4755 3162 4804 τὰ
3184 4754 3326 4820 τε]ζᾶ
3355 4753 3475 4811 ταῖς

1929 4824 2294 4894 Ἑκκλησίαις.
2316 4825 2426 4878 Hoc
2443 4837 2762 4894 argumento
2787 4826 3021 4878 abutitur
3044 4825 3262 4877 “illitum
3283 4827 3415 4876 libro
3436 4835 3472 4874 ιι

1917 4895 2299 4950 Invectivarum
2349 4897 2399 4947 iu
2455 4895 2837 4964 Hieronymum
2873 4913 2888 4946 :
2929 4912 2948 4946 ι
3000 4896 3277 4959 Quomodo
3320 4907 3471 4960 ergo.

1918 4967 2112 5036 inquit,
2141 4967 2251 5029 isti,
2274 4968 2363 5035 qui
2399 4967 2777 5034 praecipiebant
2807 4966 3082 5033 discipulis
3125 4974 3203 5036 ut_
3233 4967 3475 5036 attende-

1919 5033 2039 5091 ιρι-ιι
2065 5033 2308 5098 lectioni,
2333 5033 2647 5091 eluendatas
2672 5037 2752 5089 eis
2778 5046 2833 5088 et
2856 5051 3008 5087 veras
3046 5049 3150 5087 non
3177 5034 3376 5085 dabant
3403 5033 3477 5085 ie-

1917 5109 2164 5163 ctiones?
2193 5118 2246 5161 et
2283 5108 2369 5176 qui
2400 5108 2742 5177 praecipiunt,
2775 5121 2841 5157 ne
2873 5106 3214 5177 attendamus
3238 5102 3476 5157 Judaicis

1918 5180 2115 5234 fabulis
2141 5190 2193 5234 et
2221 5176 2576 5248 genealogiis,
2599 5191 2720 5243 quae
2759 5176 3086 5248 quzestiones
3115 5177 3285 5243 magis
3337 5189 3470 5242 prte-

1919 5259 2064 5305 stant
2126 5266 2284 5318 quam
2325 5250 2759 5307 mdilicationem,
2793 5255 2848 5298 et
2891 5247 3085 5298 iterum
3128 5260 3320 5318 cavere
3376 5259 3476 5318 nos

1913 5321 2105 5391 jubent
2141 5316 2194 5373 et
2225 5320 2514 5391 observare
2559 5318 2789 5368 maxime
2833 5331 2927 5391 eos
2954 5319 3046 5391 qui
3078 5331 3144 5369 ex
3190 5316 3474 5391 circumci-

1918 5386 2070 5447 Sioue
2097 5401 2242 5454 sunt,
2273 5388 2542 5455 quomodo
2573 5403 2677 5439 non
2715 5389 3081 5454 prtevidebant
3107 5402 3202 5457 per
3227 5386 3472 5457 spiritum

1919 5465 2059 5531 quod
2087 5452 2333 5531 futurum
2354 5466 2498 5531 esset
2524 5452 2734 5531 tempus
2763 5469 2884 5526 post
2911 5452 3333 5531 quadringentos
3362 5452 3481 5510 fere.

1919 5526 2111 5598 annos,
2160 5528 2374 5598 quando
2415 5528 2674 5592 Ecclesia,
2724 5531 2941 5599 cognito
2973 5526 3214 5599 eo__quod
3247 5528 3477 5599 ab_apow

1920 5602 2074 5656 stolis
2098 5593 2207 5654 non
2245 5599 2346 5654 sibi
2376 5608 2520 5654 esset
2567 5601 2763 5654 tradita
2797 5593 3002 5651 veritas
3033 5593 3243 5649 \‘eteris
3293 5593 3477 5647 Testa-

1919 5675 2107 5733 menti,
2133 5672 2339 5740 legatos
2374 5672 2612 5725 tnitteret
2648 5673 2714 5724 ad
2754 5673 2884 5722 istos
2938 5682 3075 5737 quos
3104 5666 3178 5720 illi
3212 5676 3338 5718 tunc
3363 5665 3472 5720 eir-

1919 5743 2306 5798 cumcisionem
2357 5740 2642 5804 vocabant,
2686 5741 2978 5794 obsecrans
3040 5746 3093 5791 et
3126 5750 3373 5812 exorans
3418 5743 3476 5812 ut

1919 5815 2019 5868 sibi
2063 5815 2129 5867 de
2167 5813 2411 5874 veritate,
2441 5827 2563 5882 qua:
2595 5813 2734 5878 apud
2777 5814 2920 5879 ipsos
2944 5821 3048 5874 est,
3088 5808 3288 5882 aliquid
3317 5805 3474 5882 largi:

1921 5894 2123 5938 rentur.
2167 5903 2184 5935 ι
2215 5885 2328 5938 Dixi
2361 5879 2685 5948 Origeuiano
2704 5895 3020 5948 argumento
3051 5880 3194 5933 abuti
3224 5879 3472 5930 llutinum
