4126 6308
692 385 755 440 τι
1015 400 1040 417 κ
1700 386 2023 444 ORIGENIS
2055 386 2393 444 EPISTOLA
2429 386 2522 441 AD
2552 383 2960 440 AFRICANUM
3871 403 3931 456 pg

697 507 970 578 quomodo
996 517 1178 564 autem
1213 517 1398 578 patres
1426 523 1612 564 eorum
1643 511 1733 578 qni
1772 511 1822 564 in
1854 510 2128 565 Christum
2152 527 2258 564 non

2364 508 2455 561 ἐπὶ
2483 507 2698 569 πολλοῖς
2726 505 2856 576 (67),
2896 507 2988 559 καὶ
3019 506 3188 560 ταῦτα
3227 509 3392 578 λέγει⁹
3427 531 3444 564 ι
3486 513 3618 568 Τίνα
3661 516 3772 570 τῶν
3801 535 3934 589 προ-

695 599 1072 666 crediderunt,
1111 603 1307 655 merito
1341 601 1662 654 criminetur
1691 609 1747 653 ut
1790 610 2166 670 persecutores
2203 611 2258 656 et

2367 596 2550 667 φητῶν
2577 597 2677 648 ούκ
2704 594 2925 658 ἐδίωξαν
2953 599 2999 648 οἱ
3018 598 3249 666 πατέρες
3283 601 3455 670 ὑμῶν,
3489 605 3580 656 καὶ
3607 606 3932 661 ἀπέκτειναν

700 691 1000 746 homicidas
1028 693 1439 760 prophetarum,
1481 694 1531 746 id
1574 691 1936 746 demonstrari
1970 693 2157 761 nequit
2190 707 2257 748 ex

697 777 912 833 Veteris
947 779 1282 835 Testamenti
1322 779 1498 835 libris.
1539 779 1631 834 Sic
1667 787 1721 832 et
1761 778 1965 834 Paulus
1998 780 2050 835 in
2086 781 2254 851 priori

640 909 643 912 -
697 870 764 924 ad
798 870 1312 927 Thessalonicenses
1341 873 1579 942 Epistola
1616 873 1730 926 haae
1772 873 1837 925 de
1861 872 2060 928 Judaeis
2096 883 2260 928 testa-

699 971 786 1015 tur
819 977 834 1015 :
865 982 883 1014 ι
924 963 1030 1018 Vos
1064 966 1370 1018 imitatores
1417 965 1543 1018 facti
1580 966 1710 1018 eSIis
1754 963 2118 1019 Ecclesiarum
2162 965 2259 1019 Dei

697 1066 820 1120 quae
861 1064 989 1105 sunt
1027 1054 1080 1105 in
1118 1053 1300 1107 Judma
1345 1054 1398 1107 in
1437 1054 1650 1108 Christo
1693 1053 1854 1116 Jesu;
1900 1056 2029 1123 quia
2069 1057 2258 1110 eadem

697 1146 841 1214 passi
872 1147 1002 1219 estis
1035 1154 1090 1200 et
1132 1161 1226 1198 vos
1254 1160 1283 1197 a
1329 1144 1728 1199 contribulibus
1767 1146 1984 1209 vestris,
2032 1147 2173 1200 sicut
2205 1155 2260 1201 et

630 1253 632 1255 ·
697 1236 798 1304 ipsi
829 1253 856 1288 a
885 1235 1110 1297 Judreis,
1153 1238 1245 1306 qui
1281 1245 1335 1289 et
1367 1237 1651 1291 Dominum
1687 1237 2009 1290 occiderunt
2050 1236 2256 1304 Jesuni,

697 1336 752 1380 et
781 1329 1074 1398 prophetas
1105 1336 1159 1380 et
1191 1341 1288 1381 nos
1314 1328 1584 1397 persecuti
1617 1336 1776 1392 sunt;
1805 1339 1861 1384 et
1886 1329 1995 1384 Deo
2026 1345 2131 1384 non
2153 1330 2263 1399 pla-

697 1428 842 1482 cent,
894 1428 949 1472 et
995 1420 1251 1474 omnibus
1283 1417 1598 1472 hominibus
1648 1418 2027 1481 adversantur,
2079 1420 2263 1488 prohi-

697 1511 887 1565 bentes
927 1525 1027 1565 nos
1059 1510 1312 1579 gentibus
1348 1511 1517 1580 loqui,
1548 1519 1606 1563 ut
1649 1509 1812 1565 salva
1853 1511 1981 1564 [iant
2006 1512 2072 1564 ³⁷.
2110 1523 2131 1556 ι
2166 1511 2260 1564 His

695 1602 961 1671 exemplis
1016 1602 1258 1657 arbitror
1298 1618 1383 1656 me
1433 1603 1733 1656 ostendisse
1784 1605 1914 1657 nihil
1957 1618 2260 1672 repugnare

699 1691 989 1762 quominus
1013 1695 1127 1748 hzee
1152 1695 1379 1748 historia
1411 1697 1724 1767 contigerit,
1754 1705 1809 1750 et
1831 1711 1948 1761 quae
1974 1697 2260 1749 libidinose

697 1786 856 1839 simul
891 1796 945 1841 et
985 1786 1282 1842 crudeliter
1318 1790 1578 1843 adversus
1631 1788 1935 1844 Susannam
1969 1799 2255 1857 perpetra-

2364 690 2488 752 τοὺς
2528 687 3097 758 προκαταγγείλαντας
3130 690 3256 760 περὶ
3291 693 3389 762 τῆς
3419 694 3682 759 ἐλεύσεως
3718 697 3811 750 τοῦ
3837 701 3929 750 Δι-

2366 781 2541 841 καίου,
2574 774 2633 833 οὗ
2669 778 2762 831 νῦν
2784 780 2938 848 ὑμεῖς
2969 780 3219 850 προδόται
3246 783 3338 834 καὶ
3372 788 3547 852 φονεῖς
3575 788 3821 854 ἐγένεσθε
3848 807 3862 854 ;
3904 810 3923 842 ι

2379 869 2686 940 Ἀληθεύειν
2717 869 2813 938 μὲν
2842 870 2948 937 γὰρ
2978 868 3066 921 τὸν
3095 870 3361 939 Στέφανον
3407 875 3513 936 πᾶς
3552 877 3798 944 ὁστισοῦν
3822 879 3930 932 τῶν

2367 963 2735 1034 προσιεμένων
2752 961 2848 1024 τὰς
2875 959 3105 1032 ΙΙράξεις
3128 961 3234 1014 τῶν
3255 964 3563 1018 ἀποστόλων
3585 967 3922 1038 ὁμολογήσειο

2330 1096 2332 1099 .
2366 1054 2642 1118 ἀποδεῖξαι
2684 1053 2740 1104 δὲ
2787 1053 2880 1104 καὶ
2916 1053 3024 1105 ἀπὸ
3068 1052 3169 1121 τῆς
3214 1052 3445 1118 παλαιάς
3483 1058 3773 1128 Διαθήκης,
3815 1062 3932 1124 πῶς

2367 1145 2599 1213 εὐλόγως
2635 1145 2905 1214 μέμφεται
2934 1147 3045 1206 τοῖς
3078 1142 3318 1214 πατράσι
3351 1145 3458 1199 τῶν
3491 1150 3567 1211 εἰς
3596 1151 3684 1201 τὸν
3724 1151 3933 1220 Ἰησοῦν

2367 1237 2754 1300 ἀπιστούντων,
2780 1220 2872 1299 ’ἶῦς
2908 1234 3125 1297 διώξασι
3163 1237 3289 1299 τοὺς
3327 1239 3611 1308 προφήτας
3647 1240 3741 1292 καὶ
3795 1243 3934 1294 ἀπο-

2367 1329 2654 1390 κτείνασιν,
2681 1329 2741 1380 οὐ
2767 1327 2982 1379 δυνατὸν
3010 1326 3246 1378 ἀπὸ-τῶν
3269 1327 3577 1397 φερομένων
3599 1329 3813 1396 βιϐλίων
3838 1331 3934 1400 τῆς

2367 1423 2571 1490 Καινῆς
2605 1421 2709 1491 (68)
2736 1420 3032 1490 Διαθήκης·
3063 1421 3152 1472 καὶ
3185 1421 3213 1471 ό
3250 1419 3460 1482 Παῦλος
3497 1421 3555 1474 ὲν
3597 1426 3662 1494 τῇ
3694 1425 3934 1495 προτέρᾳ

2364 1512 2461 1581 τῆς
2498 1512 2632 1583 πρὸς
2678 1511 3084 1572 Θεσσαλονικεῖς
3127 1511 3410 1581 ἐπιπολῆς
3440 1511 3610 1565 ταῦτα
3641 1513 3770 1582 περὶ
3813 1513 3937 1567 Ἰου-

2364 1603 2526 1656 δαίων
2549 1602 2837 1674 μαρτυρῶν
2871 1601 3051 1671 φησίν·
3085 1621 3102 1653 ι
3125 1601 3309 1670 Ὑμεῖς
3339 1605 3449 1672 γὰρ
3483 1602 3714 1673 μιμηταὶ
3743 1604 3898 1672 ἐγινή
3920 1631 3934 1642 -

2367 1695 2494 1766 θητε
2521 1695 2629 1748 τῶν
2667 1694 2998 1766 Ἐκκλησιῶν
3021 1694 3113 1746 τοῦ
3140 1694 3292 1755 Θεοῦ,
3310 1694 3414 1746 τῶν
3443 1694 3686 1748 ούσῶνὲν
3713 1696 3780 1764 τῇ
3814 1695 3938 1746 Ἰου-

2365 1783 2487 1854 δαία
2521 1787 2577 1836 ὲν
2610 1783 2827 1853 Χριστῷ
2869 1784 3063 1855 Ἰησοῦ·
3097 1785 3175 1835 ὅτι
3210 1784 3304 1836 κα).
3344 1783 3500 1853 ὑμεῖς
3526 1786 3594 1838 τὰ
3629 1783 3768 1836 αὑτά
3792 1783 3933 1837 ἐ.πὰ-

647 1872 654 1883 ’
700 1887 826 1927 runt
846 1876 1087 1930 seniores
1118 1877 1206 1945 qui
1238 1887 1363 1931 tunc
1394 1888 1582 1939 erant,
1615 1892 1677 1930 ea
1705 1878 1922 1946 quidem
1949 1879 2261 1945 providente

2367 1878 2486 1929 Οετε
2520 1878 2621 1928 ὑπὸ
2652 1876 2759 1930 τῶν
2796 1877 2938 1930 ἰδίων
2973 1878 3082 1946 (69)
3113 1877 3484 1947 συμφυλετῶν,
3511 1876 3693 1940 καθὼς
3722 1877 3815 1929 κα).
3839 1877 3936 1931 αὺ-

700 1966 905 2036 Sp‘iritu
935 1969 1138 2038 scripta
1173 1969 1310 2032 sint,
1345 1972 1437 2025 sed
1474 1971 1815 2040 postmodum
1861 1984 1888 2022 a
1919 1969 2258 2038 principibus

699 2059 1079 2126 Sodomorum,
1108 2061 1535 2116 utdixeritidem
1564 2063 1798 2131 Spiritus
1821 2061 1888 2126 ’⁸,
1958 2061 2094 2115 clam
2129 2062 2258 2115 sub-

695 2149 826 2206 iam.

695 2259 817 2306 ποις
849 2242 1124 2296 ἐναντίων
1163 2241 1476 2295 κωλυόντων
1507 2245 1653 2314 ἡμᾶς
1674 2245 1786 2306 τοῖς
1835 2243 2007 2298 ἔθνεσι
2055 2244 2300 2314 λαλῆσαι,

2361 1969 2445 2021 τοὶ
2478 1968 2580 2022 ὑπὸ
2614 1967 2719 2020 τῶν
2759 1968 3047 2031 Ἰουδαίων,
3081 1969 3186 2020 τῶν
3215 1969 3306 2020 κα).
3339 1968 3427 2020 τὸν
3452 1969 3653 2040 Κύριον
3680 1971 3938 2022 ἀποκτει-

2363 2061 2587 2122 νάντων,
2643 2061 2737 2112 καὶ
2778 2061 2902 2122 τοὺς
2954 2064 3255 2131 προφήτας,
3302 2062 3395 2114 καὶ
3442 2063 3587 2131 ἡμᾶς
3639 2059 3935 2125 ἐκδιωξάν-

2361 2171 2467 2206 των
2491 2153 2622 2220 (70),
2660 2152 2751 2203 κα).
2781 2151 2898 2222 Θεῷ
2923 2152 2994 2222 μὴ
3023 2153 3385 2222 ἀρεσκόντων,
3418 2153 3512 2204 καὶ
3541 2154 3704 2204 πᾶσιν
3722 2149 3935 2221 ἀνθρὼ-

2365 2244 2451 2298 ῖνα
2495 2242 2725 2294 σωθῶσι.
2777 2261 2796 2293 ι
2839 2243 2948 2294 Καὶ
2991 2239 3141 2313 οἶμαι
3185 2243 3239 2294 δὲ
3291 2243 3686 2314 ἀπδεδειχέναι
3731 2245 3788 2295 ὲν
3819 2242 3940 2307 τοῖς

698 2336 1091 2405 προκειμένοις,
1130 2336 1213 2387 ὃτι
1244 2334 1393 2388 οὐδὲν
1434 2333 1630 2387 ἄτοπόν
1664 2334 1773 2404 (7|)
1805 2339 1938 2397 ἐστι,
1992 2335 2269 2402 γεγονέναι
2316 2335 2414 2405 μὲν
2455 2336 2556 2406 τὴν
2615 2335 2875 2404 ἱστορίαν,
2944 2335 3038 2387 καὶ
3082 2335 3179 2405 τὴν
3227 2335 3361 2406 μετὰ
3397 2335 3592 2405 πολλῆς
3641 2335 3939 2398 ἀκολασίας

695 2427 951 2498 ὠμότητα
976 2427 1335 2498 τετολμῆσθαι
1375 2429 1489 2490 τοῖς
1522 2427 1641 2480 τότε
1689 2429 2074 2500 πρεσϐυτέροις
2110 2431 2248 2483 κατά
2271 2431 2368 2500 τῆς
2399 2431 2698 2499 Σωσάννης,
2731 2429 2822 2481 καὶ
2844 2428 3146 2497 γεγράφθαι
3205 2429 3302 2500 μὲν
3353 2432 3576 2500 προνοίᾳ
3631 2428 3726 2481 τοῦ
3773 2428 3947 2482 Πνεύ·

701 2535 886 2590 ματος,
921 2518 1325 2590 ὑπεξαιρεῖσθαι
1347 2518 1422 2580 δὲ,
1444 2517 1517 2582 ὡς
1547 2516 1612 2572 ἂν
1639 2521 1778 2572 εἴποι
1810 2521 1870 2572 τὸ
1891 2520 2131 2590 Πνεῦμα,
2161 2521 2264 2574 ὑπὸ
2290 2521 2399 2573 τῶν
2428 2521 2700 2592 ἀρχόντων
2724 2519 2990 2588 Σοδόμων.

771 2609 858 2662 10.
894 2608 1162 2663 Praeterea
1202 2609 1387 2663 aiebas
1426 2609 1703 2663 Danielem
1732 2612 1783 2664 in
1814 2612 1914 2665 hac
1977 2611 2257 2681 Scriptura

700 2700 806 2755 diri
842 2702 1049 2772 Spiritu
1102 2711 1412 2771 correptum
1480 2703 1818 2758 exclamasse
1861 2703 2099 2771 iniquam
2140 2718 2260 2758 esse

698 2795 1054 2859 sententiam,
1095 2794 1148 2848 in
1198 2794 1286 2846 illa
1347 2807 1478 2850 vero
1514 2795 1580 2847 de
1631 2810 1736 2863 qua
1808 2776 1992 2848 Inullus
2036 2795 2261 2862 ambigit

699 2887 828 2956 quin
855 2886 998 2940 illius
1024 2887 1119 2951 sit,
1149 2886 1401 2942 exhiberi
1432 2886 1538 2940 alio
1562 2887 1721 2942 modo
1749 2887 2258 2956 prophetantem,id

697 2977 1362 3045 est,postvisa,somnia,
1413 2987 1577 3046 atque
1621 2979 1791 3046 angeli
1845 2979 2258 3049 apparitionem’,

701 3068 888 3124 nullihi
941 3077 1121 3122 autem
1171 3081 1238 3121 ex
1289 3067 1645 3136 inspiratione
1688 3069 2026 3138 prophetica.
2078 3070 2164 3122 At.
2201 3081 2255 3122 tu

701 3158 834 3213 mihi
874 3157 1075 3212 videris
1120 3172 1228 3211 non
1271 3161 1562 3213 admodum
1604 3157 1922 3212 observasse
1957 3177 1974 3208 ι
2023 3158 2260 3211 multifa-

701 3249 838 3303 riam
923 3247 1214 3316 nmltisque
1278 3249 1451 3302 modis
1521 3247 1648 3300 olim
1763 3242 1932 3297 Deum
2005 3242 2254 3310 patribus

700 3338 936 3394 locutum
977 3353 1100 3393 esse
1152 3339 1202 3390 in
1272 3339 1636 3408 prophetis",
1672 3357 1690 3389 ι
1726 3352 1831 3391 non
1860 3338 2033 3391 solum
2084 3339 2262 3392 omni-
2291 3369 2332 3426 ο

700 3430 823 3493 bus,
869 3429 960 3482 sed
1013 3439 1068 3482 et
1118 3430 1365 3497 singulis.
1418 3430 1474 3482 Si
1517 3438 1695 3482 autem
1739 3429 2133 3494 observaveris,
2174 3431 2261 3483 in-

700 3522 884 3576 venies
917 3521 1104 3574 iisdem
1145 3523 1346 3575 sanetis
1386 3533 1441 3575 et
1487 3522 1667 3576 divina
1709 3521 1966 3591 obtigisse
2027 3523 2260 3586 somnia,

698 3621 756 3668 et
807 3613 1172 3682 apparitiones
1220 3613 1494 3682 angelicas
1545 3624 1601 3668 et
1654 3612 2056 3682 inspirationes.
2119 3611 2262 3666 Satis

699 3713 784 3760 est
809 3715 987 3760 autem
1005 3705 1088 3772 “in
1125 3705 1374 3774 praesenti
1404 3706 1661 3760 adhibere
1708 3721 1805 3773 pro
1860 3706 2166 3759 testimonio
2199 3720 2260 3760 ea

701 3812 820 3863 quae
850 3799 1053 3866 scripta
1087 3807 1213 3852 sunt
1238 3797 1305 3851 de
1344 3795 1646 3867 Jaeubgqui
1691 3798 1757 3853 de
1805 3797 1999 3853 divinis
2038 3799 2262 3855 somniis

704 3891 820 3941 haec
867 3897 1104 3942 narrat:
1160 3906 1179 3940 ι
1233 3888 1298 3942 Ει
1343 3888 1544 3942 factum
1571 3898 1675 3954 est,
1727 3904 1847 3944 cum
1891 3905 2018 3944 oves
2059 3891 2261 3945 coitum

701 3989 1034 4048 appeterent,
1093 3988 1148 4034 et
1204 3981 1307 4034 vidi
1368 3981 1539 4036 oculis
1602 3981 1737 4036 meis
1787 3996 1879 4036 eas
1917 3982 1970 4036 in
2027 3995 2269 4037 somno:

702 4083 757 4125 et
803 4087 931 4128 ecce
981 4071 1116 4126 hirci
1156 4082 1211 4127 et
1261 4075 1456 4130 arietes
1509 4075 1874 4130 ascendebant
1924 4089 2090 4143 super
2133 4088 2263 4130 oves

702 4165 808 4236 23
836 4177 890 4220 et
917 4181 1128 4236 capras,
1160 4167 1288 4228 albi,
1323 4177 1370 4220 el
1410 4167 1566 4230 varii,
1617 4166 1775 4231 l'usei,
1807 4175 1862 4218 et
1892 4166 2168 4220 maculosi.
2199 4167 2264 4222 Et

703 4257 840 4327 dixit
894 4257 1023 4320 mihi
1074 4259 1294 4327 angelus
1347 4258 1441 4311 Dei
1488 4259 1540 4311 in
1600 4271 1790 4311 somno
1840 4271 1855 4308 :
1900 4255 2092 4324 Iacob.
2150 4258 2263 4327 Ego

701 4359 884 4406 autem
916 4349 1024 4402 dixi
1059 4364 1074 4404 :
1107 4349 1244 4415 Quid
1266 4351 1386 4425 est?
1418 4350 1484 4404 Et
1510 4349 1643 4403 dixit
1674 4365 1690 4402 :
1720 4351 1912 4420 Aspice
1937 4351 2108 4406 oculis
2136 4352 2261 4417 tuis,

702 4451 758 4497 et
784 4443 908 4497 vide
939 4442 1122 4497 hircos
1155 4451 1210 4497 et
1239 4441 1440 4498 arietes
1463 4442 1814 4497 ascendentes
1847 4457 2010 4512 super
2053 4459 2179 4499 oves
2211 4453 2265 4500 et

704 4547 912 4602 capras,
965 4532 1141 4597 albos,
1173 4533 1387 4598 varios,
1440 4532 1620 4588 luscos
1671 4541 1725 4587 et
1770 4533 2090 4590 maculosos.
2148 4532 2263 4587 Vidi

702 4617 846 4679 enim
879 4639 1210 4694 quaecunque
1248 4624 1345 4680 tibi
1390 4624 1521 4680 facit
1554 4624 1762 4680 Lahan.
1797 4626 1908 4697 Ego
1946 4642 2062 4680 sum
2098 4627 2259 4689 Deus,

2435 2611 2577 2681 Πρὸς
2632 2609 2840 2672 τούτοις
2907 2611 3161 2679 ἔφασκες,
3182 2610 3261 2662 ὅτι
3298 2611 3325 2663 ό
3357 2609 3550 2680 Δανιὴλ
3588 2610 3691 2662 ὑπὸ
3711 2610 3808 2680 μὲν
3836 2611 3939 2682 τῆς

2362 2702 2582 2772 Γραφῆς
2609 2700 2808 2772 ταύτης
2824 2701 3036 2769 λέγεται
3054 2702 3328 2773 Πνεύματι
3359 2701 3581 2772 ληφθεὶς
3613 2702 3940 2774 ἐκϐεϐοηκέ-

2362 2811 2468 2856 ναι,
2503 2793 2577 2854 ὡς
2600 2793 2797 2855 ἀδίκως
2830 2795 2861 2862 ἡ
2888 2793 3161 2861 ἀπόφασις
3199 2792 3308 2862 ἔχοι
3337 2792 3470 2862 (72),
3508 2795 3540 2862 ἡ
3579 2793 3634 2844 δὲ
3661 2792 3938 2863 φερομένη

2360 2884 2802 2953 ὁμολογουμένως
2833 2884 2923 2934 ὑπ’
2957 2882 3120 2936 αὑτοῦ
3171 2883 3209 2933 Γ
3217 2882 3358 2954 ραφὴ
3416 2883 3558 2953 ἄλλῳ
3598 2885 3784 2954 τρόπῳ
3836 2899 3940 2936 πε-

2365 2974 2531 3045 ριέχει
2572 2975 2732 3027 αὐτὸν
2773 2973 3202 3044 προφητεύοντα,
3237 2975 3512 3028 τουτέστιν
3535 2976 3795 3045 όράμασι,
3830 2975 3929 3028 καὶ

2362 3067 2608 3138 ὀνείροις,
2641 3067 2732 3118 καὶ
2763 3067 2992 3134 ἀγγέλου
3045 3068 3355 3138 ἐπιφανείᾳ’
3410 3067 3644 3138 οὐδαμοῦ
3681 3067 3762 3121 ’δὲ
3816 3069 3940 3122 ὲπι·

2365 3159 2524 3230 πνοίᾳ
2555 3162 2881 3230 προφητικῇ.
2919 3160 2990 3212 Σὺ
3028 3159 3083 3212 δέ
3108 3177 3196 3230 μοι
3220 3159 3399 3222 ἔοικας
3436 3159 3509 3230 μὴ
3533 3161 3672 3213 πάνυ
3705 3177 3945 3233 τετηρηο

2365 3252 2518 3305 κέναι
2546 3253 2628 3317 τὸ,
2670 3270 2688 3302 ι
2715 3251 3043 3322 Πολυμερῶς
3076 3252 3171 3304 καὶ
3203 3251 3558 3322 πολυτρόπως
3627 3253 3796 3307 πάλαι
3844 3257 3938 3309 τὸν

2364 3342 2496 3396 Θεὸν
2527 3343 2874 3414 λελαληκέναι
2917 3346 3030 3405 τοῖς
3071 3345 3335 3415 πατράσιν
3353 3346 3410 3398 ἐν
3432 3349 3543 3408 τοῖς
3575 3352 3932 3418 προφήταις,»

2364 3434 2423 3485 οὐ
2475 3433 2632 3503 μόνον
2665 3435 2721 3486 ὲν
2754 3436 2866 3497 τοῖς
2897 3435 3081 3498 πᾶσιν,
3121 3435 3254 3489 ἀλλά
3285 3437 3377 3489 καὶ
3427 3437 3484 3488 ὲν
3533 3441 3644 3501 τοῖς
3673 3439 3794 3492 καθ’
3816 3440 3935 3493 ἕνα.

2365 3523 2766 3596 Παρατηρήσας
2793 3524 2848 3576 δὲ
2883 3525 3133 3596 εὑρήσεις
3159 3528 3270 3588 τοῖς
3296 3527 3483 3588 αὐτοῖς
3499 3525 3671 3594 ἁγίοις
3695 3529 3788 3582 καὶ
3815 3527 3938 3582 ὲνύ-

2367 3627 2495 3664 πνια
2522 3612 2788 3682 γενόμενα
2820 3612 2938 3665 θεῖα
2972 3614 3064 3666 καὶ
3119 3615 3436 3683 ἐπιφανείας
3475 3615 3804 3684 ἀγγελικάς,
3839 3619 3938 3672 καὶ

2365 3703 2665 3766 ἐπιπνοίας.
2730 3705 2913 3775 ’Λρκεῖ
2954 3705 3009 3757 δὲ
3050 3705 3141 3757 ἐπὶ
3172 3705 3264 3756 τοῦ
3313 3705 3572 3774 παρόντος
3609 3710 3936 3780 μαρτυρίαις

2364 3794 2666 3864 χρήσασθαι
2710 3797 2823 3856 τοῖς
2870 3796 2998 3865 περὶ
3051 3794 3144 3848 τοῦ
3205 3795 3393 3849 Ἰακὼϐ
3448 3798 3556 3869 (75)
3608 3801 3934 3870 γεγραμμέ-

2364 3901 2502 3947 νοις·
2532 3884 2591 3947 ὃς
2622 3885 2748 3955 περ).
2781 3885 2878 3956 μὲν
2903 3885 3060 3939 θείων
3085 3886 3349 3942 ἐνυπνίων
3381 3889 3604 3942 τοιαῦτα
3639 3890 3930 3960 διηγεῖται·

2371 3994 2391 4028 ι
2429 3978 2538 4030 Καὶ
2564 3977 2809 4046 ἐγένετο,
2840 3979 3002 4049 ἡνίκα
3033 3981 3323 4035 ὲνεκίσσων
3364 3982 3432 4035 τὰ
3483 3984 3730 4054 πρόϐατα
3778 3983 3932 4057 (74),

2367 4069 2458 4122 καὶ
2487 4065 2620 4122 εἶδον
2649 4071 2707 4122 ὲν
2741 4073 2850 4134 τοῖς
2879 4069 3176 4141 ὀφθαλμοῖς
3217 4089 3316 4142 μου
3353 4071 3490 4125 αὐτά
3524 4075 3583 4125 ὲν
3614 4073 3786 4144 ὕπνῳ,
3830 4058 3935 4128 διαὶ

2369 4161 2475 4214 ἰδοὺ
2509 4163 2556 4214 οἱ
2583 4163 2773 4232 τράγοι
2807 4164 2898 4215 κα).
2921 4164 2967 4214 οἱ
2998 4163 3140 4232 κριοὶ
3164 4163 3541 4227 ἀναϐαίνοντες
3570 4159 3707 4234 ἦσαν
3737 4166 3829 4218 ἐπὶ
3863 4166 3936 4220 τὰ

2365 4255 2608 4326 πρόϐατα
2641 4256 2733 4307 καὶ
2760 4254 2855 4316 τὰς
2879 4250 3058 4321 αἶγας,
3095 4255 3364 4308 διάλευκοι
3384 4294 3397 4318 ,
3448 4258 3542 4310 καὶ
3557 4258 3807 4328 ποικίλοι,
3835 4262 3937 4315 καί

2367 4349 2687 4410 σποδοειδεῖς
2716 4347 2914 4418 ῥαντοί.
2957 4347 3062 4399 Καὶ
3092 4341 3213 4399 εἶπέ
3239 4364 3326 4418 μοι
3350 4351 3377 4400 ὁ
3401 4348 3628 4418 ἄγγελος
3667 4352 3759 4405 τοῦ
3791 4353 3934 4408 Θεοῦ

2365 4440 2485 4494 καθ’
2513 4439 2694 4492 ῦπνον·
2737 4438 2945 4491 Ἰακώϐ.
2990 4437 3130 4506 Ἐγὼ
3154 4438 3209 4490 δὲ
3235 4433 3385 4512 εἷπον
3406 4456 3418 4468 ·
3451 4441 3514 4492 Τί
3555 4441 3691 4508 ὲστι;
3729 4443 3824 4496 καὶ
3855 4440 3936 4498 εἷ-

2366 4546 2484 4582 πεν·
2518 4529 2834 4599 Ἀνάϐλεψον
2859 4532 2968 4592 τοῖς
2992 4527 3288 4599 ὀφθαλμοῖς
3308 4530 3534 4595 σου,’καὶ
3555 4533 3632 4586 ἴδε
3652 4533 3777 4596 τοὺς
3798 4535 3934 4604 τρά-

2365 4640 2492 4692 γους
2539 4624 2632 4677 καὶ
2661 4623 2787 4685 τοὺς
2817 4622 3002 4692 κριοὺς
3040 4617 3423 4686 ἀναϐαίνοντας
3452 4623 3542 4675 ἐπὶ
3574 4625 3642 4678 τὰ
3680 4624 3932 4696 πρόϐατα

701 4716 792 4786 qui
833 4717 1052 4785 apparui
1093 4717 1184 4770 tibi
1203 4717 1255 4770 in
1285 4716 1405 4771 loco
1428 4716 1542 4782 Dei,
1563 4717 1653 4771 ubi
1675 4717 1870 4772 tinxisti
1903 4720 2032 4774 mihi
2057 4719 2261 4773 colum-

2366 4716 2458 4769 κα)⁹
2484 4714 2581 4778 τὰς
2605 4709 2781 4781 αἶγας,
2807 4711 3138 4776 διαλεύκους,
3171 4715 3266 4768 καὶ
3316 4716 3620 4781 ποικίλους,
3660 4717 3754 4770 καὶ
3798 4721 3932 4771 σπο-

705 4821 861 4870 nam,
890 4815 944 4860 et
978 4815 1159 4859 votum
1191 4805 1322 4859 mihi
1369 4806 1588 4859 vovisti.
1629 4805 1785 4862 Nunc
1813 4821 1940 4877 ergo
1977 4821 2172 4876 surge,
2205 4816 2262 4861 et

703 4899 960 4966 egredere
983 4900 1214 4966 dezterra
1239 4901 1362 4963 hac,
1389 4907 1442 4954 et
1473 4897 1637 4953 abi'in
1668 4907 1867 4953 terrain
1894 4898 2262 4970 generationis

709 4999 812 5044 tute
843 4990 911 5043 '°.
947 5009 966 5042 ι
1001 4991 1150 5057 Quod
1176 4992 1374 5046 attinet
1409 5002 1588 5047 autem
1609 4993 1686 5046 .ad
1715 4991 2106 5063 apparitionem
2136 5003 2258 5058 qum

2363 4805 2581 4867 δοειδεῖς
2619 4803 2872 4875 ραντούς·
2905 4803 3124 4875 ἑώρακα
3146 4805 3253 4878 γὰρ
3289 4806 3389 4860 ὅσα
3420 4823 3499 4859 σοι
3547 4806 3729 4861 Λάϐαν
3761 4813 3926 4864 ποιεῖ.

2377 4895 2517 4965 Ἐγώ
2541 4897 2653 4966 εἰμι
2674 4895 2859 4961 ὀθεδς
2889 4897 2918 4950 ό
2944 4895 3126 4966 ὀφθείς
3154 4915 3238 4981 σοι
3259 4898 3317 4950 ὲν
3339 4898 3490 4967 τόπῳ
3520 4897 3670 4956 Θεοῦ,
3698 4891 3758 4952 οὗ
3781 4899 3927 4971 ῆλει-

2363 4985 2470 5055 ψάς
2495 5003 2582 5056 μοι
2604 4986 2719 5039 ἐκεῖ
2771 4984 2990 5058 στήλην,
3019 4986 3112 5038 καὶ
3133 4983 3282 5056 ηὔξω
3317 5002 3406 5057 μοι
3433 4988 3549 5040 ἐκεῖ
3583 4987 3770 5060 εὐχήν.
3809 4989 3928 5049 Νῦν

777 5083 896 5116 ’Μ’
927 5085 1048 5137 Aet.
1081 5100 1176 5150 vn,
1203 5085 1290 5139 52.
1361 5087 1442 5141 "l
1472 5088 1666 5142 Thess.
1697 5102 1760 5151 tl,
1793 5085 1879 5141 Η.
1941 5087 1985 5117 ’⁸
2016 5086 2118 5142 lsa.
2152 5100 2190 5145 ι.
2220 5083 2261 5136 il

2377 5083 2420 5114 υ
2447 5081 2580 5135 lleb.
2619 5095 2656 5147 ι,
2690 5080 2740 5135 l.
2815 5081 2860 5161 ’ὲ
2877 5081 3004 5136 Gen.
3041 5096 3191 5147 xxxi,
3218 5081 3284 5134 10
3311 5095 3438 5149 seqq

777 5178 898 5257 (δῖ)-
926 5179 1313 5257 ννειξεθηῐυεν,
1352 5184 1638 5257 μαρτυρῶν
1659 5183 1832 5257 ταῦτα
1861 5184 2004 5257 λέγει
2023 5185 2115 5238 ἐπὶ
2132 5183 2259 5257 πολτ

703 5250 831 5323 λοῖς.
858 5248 958 5323 [Ita
987 5250 1245 5323 ϐίαιοι,
1273 5248 1364 5323 qri
1391 5248 1565 5309 tamen
1600 5255 1690 5308 καί
1715 5267 1838 5309 ante
1864 5248 2034 5310 ταῦτα
2062 5248 2256 5323 addit.)

705 5320 992 5401 Sedneodex
1027 5320 1319 5401 ReginsAu’t‘
1350 5325 1400 5401 in
1437 5337 1620 5401 nostro
1648 5335 1816 5401 textu.

775 5390 887 5466 ςϐδ)
929 5390 1171 5466 Κᾳινῆς.
1219 5393 1449 5466 Omnino
1480 5394 1762 5463 legendum
1803 5395 2037 5466 ἐκείνης.
2072 5394 2258 5466 Neque

703 5459 848 5533 enim
870 5459 1182 5533 verisimile
1217 5471 1300 5516 est
1332 5459 1640 5533 Origeném,
1675 5466 1763 5532 qui
1797 5459 2052 5533 Stephani
2092 5459 2253 5516 verba

707 5528 965 5602 l_audavil,
982 5533 1168 5586 eodem
1193 5528 1456 5602 temporis
1474 5544 1670 5602 puncto
1694 5528 2021 5602 negare'hwe
2043 5537 2091 5586 in
2110 5533 2257 5586 Novo

706 5596 1050 5672 Testamento
1077 5596 1323 5668 reperiri.
1354 5596 1624 5672 N_ou'ergo
1655 5619 1716 5655 ex
1753 5599 1922 5666 Nai-'0,
1953 5606 2044 5657 sed
2070 5619 2132 5656 ex
2165 5604 2255 5655 illo

708 5667 773 5738 de
799 5681 904 5737 quo
931 5683 1113 5742 supra,
1141 5667 1332 5740 nempe
1382 5667 1942 5727 Veteri"l‘estameulo
1975 5685 2132 5742 negat
2163 5675 2253 5742 de—

709 5739 999 5812 monstrari
1035 5755 1194 5812 posse
1211 5739 1552 5812 quaecunque
1585 5754 1791 5812 martyr
1830 5739 2131 5812 Stephanus
2162 5741 2253 5794 Ju-

709 5755 999 5792 monstrari
1071 5755 1194 5796 0558
1259 5755 1552 5810 UEBCUIHIIIO
1585 5755 1791 5812 martyr
1830 5755 2131 5812 blelmnuS
2162 5755 2253 5794 «ΙΙΙ-

681 5807 839 5864 τάκίθ
866 5755 1179 5879 exp’roiirat.
1210 5757 1379 5867 gaulo
1408 5821 1526 5881 post
1554 5812 1714 5868 codex
1747 5814 2090 5886 ιὶοεὶιιεητῆς
2123 5812 2255 5885 πρὸς

2361 5181 2770 5299 ςὲἓρὲιὲεοτςὲξεῖς
2813 5181 3150 5250 Ἐπιστολῆς.
3185 5180 3338 5251 Apud
3379 5180 3735 5236 Wetstemum
3771 5183 3917 5237 deesl

2431 5264 2700 5313 πιστολης.

2432 5269 2700 5340 πιστολῆς.
2831 5321 2840 5332 _
3143 5318 3167 5330 -

2432 5315 2539 5385 (09)
2585 5319 2637 5372 ἢ
2652 5329 2928 5383 etstemus,
2965 5320 3070 5373 ἀπὸ
3104 5336 3207 5371 των
3245 5319 3387 5372 ἰδίων

2432 5390 2540 5455 (70)
2581 5388 2744 5452 Idem,
2777 5391 3097 5455 διωξάντων.

2436 5459 2766 5530 (7_l)idem,
2806 5462 3418 5530 cﬁs‘toﬁov,_corruple,
3454 5456 3715 5530 etﬂpaulo
3755 5465 3908 5530 post,

2357 5527 2676 5597 τετολμῆται
2711 5533 2819 5587 υτ-ττ
2850 5527 2992 5580 τότε.
3016 5557 3086 5568 —
3113 5527 3374 5584 Wetsten.
3419 5529 3655 5583 scriiere
3685 5527 3914 5585 debebat

2361 5593 2643 5650 σύστοπον.
2680 5599 2878 5652 None.

2433 5666 2541 5739 (τε)
2559 5667 2759 5739 '(lodex
2786 5667 3120 5739 Dasileensis,
3149 5668 3264 5739 ἔκη’

2456 5737 2540 5805 75)
2579 5738 2755 5791 Codex
2786 5736 3488 5806 Wetstenianus‘,"'lmaxép,
3513 5736 3671 5792 male.

2457 5807 2540 5876 74)
2582 5806 2746 5871 Idem,
2782 5807 3096 5878 πράγματα,
3132 5823 3428 5878 perperam.
