4140 6306
178 423 244 476 73
1369 441 1456 496 DE
1495 443 1821 502 HISTORIA
1855 444 2208 506 3USANNJE.

3349 459 3421 512 Ὶι

173 536 263 594 οὖν
301 542 567 615 ἀνάστηθι
614 551 707 603 καὶ
748 550 928 616 ἔξελθε
973 555 1037 607 ἐκ
1069 556 1167 626 τῆς
1216 559 1318 626 γῆς
1364 562 1598 635 ταύτης,
1654 566 1748 618 καὶ

1855 561 2059 617 visione
2106 566 2443 633 praestantior
2491 577 2606 634 est,
2655 569 2772 624 haec
2807 572 2873 626 de
2921 570 3010 625 illo
3059 571 3200 625 dicta
3241 582 3414 626 sunt:

171 633 367 687 ἄπελθε
396 640 476 700 εἰς
497 640 595 710 τὴν
616 642 717 712 γῆν
739 645 835 714 τῆς
863 647 1167 717 γεννήσεὼς
1192 665 1304 701 σου.
1337 669 1356 701 ι
1383 633 1530 724 Περῖ
1547 653 1603 706 δὲ
1631 657 1746 708 ἑπι-

172 727 392 794 φανείας
429 727 578 802 ῦπαρ
610 734 932 802 κρείττονος,
961 737 1131 790 ταῦτα
1163 740 1290 809 περὶ
1309 741 1471 794 αὐτοῦ
1497 743 1709 815 εἴρηται
1731 763 1743 778 ο

177 835 195 867 ι
243 818 576 893 ’Υπελείφθη
611 823 668 879 δὲ
708 825 902 878 Ἰακὼϐ
932 828 1110 897 μόνος
1140 829 1235 882 καὶ
1265 831 1523 884 ὲπάλαιεν
1548 834 1748 906 ἅνθρω-

171 928 269 973 πος
301 913 422 981 μετ’
455 915 619 968 αὐτοῦ
657 916 760 980 ἕως
799 921 964 988 πρωϊ.
1012 917 1136 973 Εἷδε
1171 920 1258 981 δὲ,
1309 922 1390 974 ὅτι
1425 925 1488 977 οὐ
1527 923 1747 980 δύναται

171 1003 304 1072 πρὸς
331 1006 518 1069 αὐτὸν,
547 1009 638 1060 καὶ
667 1009 840 1078 ἥψατο
865 1011 958 1064 τοῦ
986 1014 1220 1080 πλάτους
1234 1017 1328 1070 τοῦ
1357 1020 1532 1092 μηροῦ
1560 1022 1746 1083 αὐτοῦ,

169 1096 262 1146 καὶ
304 1097 578 1167 ὲνὰρκησε
623 1101 684 1152 τὸ
715 1100 926 1183 πλάτος.
952 1105 1043 1158 τοῦ
1093 1109 1268 1178 μηροῦ
1323 1113 1534 1176 Ἰακὼϐ,
1581 1117 1638 1168 ἐν
1671 1116 1749 1186 τῷ

169 1186 419 1240 παλαίειν
448 1191 610 1242 αὐτὸν
653 1193 768 1254 μετ’
797 1193 960 1248 αὐτοῦ
989 1237 1003 1259 ,
1036 1199 1128 1250 καὶ
1164 1197 1315 1255 εἶπεν
1364 1205 1530 1276 αὐτῷ·
1587 1208 1748 1259 Ἀπό-

168 1276 377 1328 στειλόν
416 1296 502 1348 με·
537 1281 702 1353 ἀνέϐη
728 1283 842 1355 γὰρ
877 1286 901 1337 ὃ
933 1285 1146 1357 ὄρθρος.
1188 1291 1246 1343 ὐ
1277 1292 1333 1346 δὲ
1361 1292 1535 1348 εἶπεν·
1572 1298 1648 1349 Οὐ
1675 1302 1746 1368 μή

171 1383 228 1417 σε
261 1369 590 1435 ἀποστείλω,
621 1373 715 1427 ἐὰν
743 1375 815 1445 μή
853 1393 920 1445 με
947 1378 1267 1453 εὐλογήσῃς.
1303 1381 1439 1438 Εἷπε
1481 1387 1538 1440 δὲ
1577 1390 1744 1460 αὐτῷ·

171 1458 236 1508 Τί
268 1458 330 1510 τὸ
361 1459 535 1530 ὄνομά
558 1481 671 1529 σου;
707 1467 762 1518 Ὀ
791 1468 846 1521 δὲ
878 1465 1047 1523 εἶπεν·
1081 1473 1295 1527 Ἰακώϐο
1329 1471 1452 1530 εἶπε
1489 1479 1547 1531 δὲ
1578 1481 1743 1552 αὐτῷ·

169 1550 242 1602 οὐ
267 1550 598 1623 κληθήσεται
625 1557 702 1610 ἔτι
723 1559 782 1612 τὺ
804 1560 974 1632 ὄνομά
999 1582 1097 1618 σου
1134 1567 1344 1633 Ἰακὼϐ,
1381 1571 1494 1623 ἀλλ’
1534 1550 1749 1644 Ἰσραῆλ

169 1640 321 1695 ἔσται
351 1645 414 1696 τὸ
440 1643 611 1716 ὄνομά
641 1665 731 1701 σου
753 1691 768 1714 ,
812 1652 892 1704 ὅτι
926 1654 1215 1725 ἐνίσχυσας
1257 1660 1394 1728 μετὰ
1436 1662 1569 1714 Θεοῦ
1591 1704 1605 1727 ,
1655 1664 1747 1716 καὶ

173 1721 313 1803 μετά
351 1736 651 1808 ἀνθρώπιον
684 1741 905 1807 δυνατός
974 1721 1336 1818 ’Πρώτησενδὲ
1385 1721 1611 1817 Ἰακὼϐ,
1655 1756 1748 1807 καὶ

168 1821 341 1877 εἶπεν
389 1829 729 1898 Ἀνάγγειλόν
763 1851 851 1904 μοι
879 1837 940 1888 τὸ
977 1837 1149 1909 ὄνομα
1176 1858 1291 1893 σου·
1311 1845 1403 1896 καὶ
1433 1841 1584 1912 εἶπεν
1611 1849 1748 1902 ·’Ίνα

166 1917 219 1969 τί
253 1917 413 1971 τοῦτο
434 1921 640 1992 ἐρωτᾷς
668 1923 727 1977 τὸ
752 1924 923 1997 ὄνομά
949 1907 1084 1999 μου,
1104 1933 1212 1984 Καὶ
1259 1935 1552 2008 εὐλόγησεν
1577 1910 1746 1993 αὐτὸν
1782 1907 1820 1959 Β

168 2012 304 2061 εκεῖ.
337 2011 451 2063 Καὶ
479 2013 732 2068 ἐκάλεσεν
770 2017 962 2070 Ἰακὼϐ
1008 2021 1068 2073 τὸ
1095 2022 1264 2093 ὄνομα
1290 2027 1384 2078 τοῦ
1412 2029 1576 2082 τόπου
1606 2032 1748 2083 ὲκεί-

168 2119 260 2153 νςυ
289 2099 444 2166 Εἶδος
455 2104 608 2158 Θεοῦ·
633 2104 784 2161 Εἶδον
811 2117 919 2181 γὰρ
943 2112 1078 2164 Θεὸν
1102 2115 1392 2185 πρόσωπον
1416 2121 1555 2189 πρὸς
1583 2121 1750 2193 πρόσ-

168 2212 318 2248 ωπον
336 2235 351 2258 ,
394 2198 489 2250 καὶ
541 2197 718 2269 ἐσώθη
734 2219 844 2282 μου
875 2203 907 2272 ἡ
931 2203 1095 2275 ψυχή.
1139 2207 1400 2261 Ἀνέτειλε
1425 2210 1487 2264 δὲ
1509 2215 1535 2265 ὁ
1576 2213 1746 2282 ἥλιος,

168 2282 334 2352 ἡνίκα
378 2285 624 2355 παρῆλθε
668 2282 742 2340 τᾶ
774 2285 918 2354 εἶδος
966 2291 1059 2344 τού
1095 2293 1248 2348 Θεοῦ.
1311 2315 1328 2348 ι
1371 2299 1494 2350 ’Ὀτι
1543 2299 1598 2351 δὲ
1658 2304 1749 2356 καὶ

169 2373 228 2436 ἐξ
259 2377 544 2441 ἐπιπνοίας
574 2382 922 2450 προφητεύει,
949 2386 1104 2457 δῆλον
1128 2389 1190 2440 ἐκ
1229 2389 1432 2442 τούτων
1451 2407 1464 2418 ·
1518 2411 1535 2442 ι
1595 2394 1749 2447 Ἐοκά-

169 2464 290 2516 λεσε
316 2465 373 2517 δὲ
410 2466 604 2520 Ἰακὼϐ
627 2473 751 2534 τοὺς
778 2474 930 2536 υἱοὺς
953 2477 1114 2554 αὐτοῦ
1140 2479 1233 2530 καὶ
1253 2475 1393 2531 εἷπε·
1417 2481 1747 2554 Συνάχθητε,
1779 2473 1783 2477 Δ

1562 2536 1593 2552 ,κ
1653 2536 1665 2554 .
1684 2536 1690 2538 -
1708 2536 1747 2549 -,

171 2555 258 2607 ἵνα
295 2557 617 2626 ἀπαγγείλω
645 2562 772 2630 ὑμῖν
797 2563 848 2615 τί
877 2536 1212 2635 ἀποϐήέιεται
1241 2570 1367 2639 ὑμῖν
1393 2572 1480 2622 ἐπ’
1508 2573 1750 2642 ἐσχάτων

168 2643 279 2697 τῶν
310 2649 554 2719 ἡμερῶνο
588 2651 912 2724 ἀθροίσθητε
954 2658 1045 2709 καὶ
1078 2658 1346 2712 ἀκούσατε
1383 2661 1491 2714 υἱοὶ
1537 2663 1750 2730 Ἰακὼϐ,

170 2735 441 2791 ἀκούσατε
481 2741 694 2812 Ἰσραὴλ
725 2745 817 2796 τοῦ
850 2747 1054 2817 πατρὸς
1083 2749 1253 2827 ὐμῶν
1297 2751 1524 2824 Ῥουεῆμ
1548 2757 1761 2825 πριιηό-’

171 2830 325 2903 τοκός
351 2846 476 2898 μου,
512 2833 574 2883 σὺ
605 2833 755 2902 ἰσχύς
783 2852 906 2904 μου,
933 2839 1026 2890 καὶ
1051 2839 1190 2910 ἀρχὴ
1214 2841 1419 2895 τέκνων
1445 2836 1567 2915 μου,
1596 2847 1752 2917 σκλη-

176 2918 264 2986 ρὸς
301 2921 566 2991 φέρεσθαι
604 2925 698 2976 καὶ
731 2924 962 2996 σκληρὸς
1002 2929 1260 3000 αὐθάδης
1309 2933 1634 3004 ἐξύϐρισας,
1678 2938 1753 3001 ὡς

174 3007 311 3079 ὕδωρ
355 3012 433 3081 μὴ
489 3012 717 3084 ὲκζέσῃς
743 3031 758 3044 ·
795 3016 992 3088 ἀνέϐης
1030 3019 1137 3091 γὰρ
1169 3023 1262 3073 ἐπὶ
1296 3023 1394 3092 τὴν
1430 3026 1600 3093 κοίτη·
1659 3027 1750 3077 τοῦ

174 3100 378 3169 πατρός
429 3118 541 3154 σου·
585 3103 708 3166 τότε
748 3105 975 3174 ἐμίανας
1019 3106 1115 3177 τὴν
1143 3111 1475 3182 στρωμνὴν,
1525 3107 1584 3164 οὒ
1638 3113 1754 3166 ἀνέ-

1857 670 1875 702 ‹
1915 652 2196 710 Remansit
2226 666 2406 712 autem
2453 658 2616 715 Iacob
2651 662 2797 717 solus
2833 672 2887 716 et
2924 662 3228 718 luctabatur
3256 664 3420 717 boma

1852 758 1975 798 cum
2007 745 2124 815 ipso
2153 764 2325 818 usque
2372 751 2438 806 ad
2487 767 2663 808 mane.
2714 755 2851 810 Vidit
2897 766 3079 810 autem
3125 757 3270 826 quod
3311 772 3419 810 non

1851 837 2167 904 praevaleret
2204 840 2462 897 adversus
2503 857 2655 907 eum,
2688 853 2742 916 et
2773 846 2943 917 tetigit
2970 846 3308 901 latitudinem
3338 847 3422 900 fe-

1851 929 2018 983 moris
2057 930 2176 999 ejus
2204 942 2259 986 et
2287 936 2548 991 emarcuit
2587 937 2814 994 latitudo
2839 938 3055 994 femoris
3074 940 3260 1005 Iacob,
3290 941 3420 994 dum

1852 1019 2148 1075 luctaretur
2180 1040 2301 1077 cum
2331 1040 2416 1080 eo.
2448 1027 2517 1082 Et
2549 1030 2683 1086 dixit
2715 1031 2764 1086 ei
2797 1050 2810 1085 :
2843 1031 3056 1086 Dimitte
3083 1048 3197 1098 me,
3227 1046 3422 1086 ascen-

1850 1110 1928 1164 dit
1955 1113 2099 1166 enim
2147 1130 2360 1170 aurora.
2391 1117 2484 1173 llic
2526 1135 2657 1175 vero
2688 1123 2821 1180 dixit
2857 1141 2870 1177 :
2897 1124 3015 1178 Non
3048 1125 3308 1179 dimittam
3345 1134 3418 1187 te,

1853 1203 1953 1255 nisi
2001 1205 2132 1258 mihi
2183 1207 2545 1266 benedixeris.
2593 1211 2681 1265 Ait
2725 1213 2799 1269 illi
2843 1233 2856 1269 :
2907 1214 3061 1281 Quod
3098 1225 3183 1270 est
3223 1231 3420 1270 nomen

1854 1294 2042 1346 ttmm?
2079 1295 2172 1348 Ille
2216 1297 2348 1351 dixit
2384 1316 2395 1350 :
2430 1299 2612 1355 Jacob.
2658 1303 2798 1359 Dixit
2834 1306 2906 1360 illi
2939 1325 2952 1360 :
2993 1307 3112 1362 Non
3149 1307 3426 1362 vocabitur

1851 1386 2084 1453 amplius
2115 1402 2315 1441 nomen
2368 1399 2518 1444 tuum
2553 1393 2738 1458 Jacob,
2769 1396 2863 1452 sed
2897 1396 3055 1452 Israel
3095 1403 3197 1453 erit
3225 1415 3422 1453 nomen

1852 1485 2026 1539 tuurn,
2061 1480 2314 1547 quoniam
2355 1481 2510 1538 fortis
2559 1485 2707 1540 fuisti
2745 1503 2866 1544 cum
2900 1491 3044 1553 Deo,
3076 1502 3129 1547 et
3165 1509 3287 1547 cum
3323 1493 3423 1546 ho—

1852 1570 2090 1624 minibus
2120 1582 2332 1640 potens.
2374 1575 2726 1648 Interrogavit
2762 1591 2939 1636 autem
2971 1583 3118 1640 illum
3153 1585 3338 1645 Iacob,
3369 1597 3425 1640 et

1851 1657 1984 1712 dixit
2019 1677 2032 1711 :
2061 1661 2339 1717 Annuntia
2387 1665 2521 1719 mihi
2554 1683 2754 1722 nomen
2795 1679 2964 1724 tuum.
3006 1673 3074 1727 Et
3103 1675 3376 1742 respondit
3405 1694 3418 1728 :

1850 1747 1959 1802 Cur
2007 1766 2162 1820 rogas
2210 1769 2406 1808 nomen
2448 1761 2662 1812 meum?
2701 1761 2767 1815 Et
2808 1762 3080 1818 benedixit
3119 1766 3168 1819 ei
3202 1765 3326 1821 illic.
3359 1769 3427 1822 Et

1853 1842 2064 1897 vocavit
2091 1843 2255 1898 Jacob
2283 1862 2481 1900 nomen
2508 1849 2607 1903 Ioci
2637 1851 2802 1917 illius,
2836 1853 3107 1909 Visionem
3138 1857 3229 1912 Dei
3263 1875 3274 1909 :
3306 1859 3426 1913 Vidi

1852 1931 2015 1996 enim,
2050 1922 2613 2002 imluit,‘[)eum»facie
2658 1943 2724 1996 ad
2769 1944 2988 2011 faciem,
3020 1958 3074 2001 et
3103 1949 3249 2003 salva
3290 1949 3429 2005 facta

1852 2035 1936 2080 est
1978 2027 2156 2080 anima
2192 2043 2331 2082 mea.
2365 2028 2530 2085 Ortus
2576 2042 2657 2086 est
2697 2046 2877 2089 autem
2909 2039 3020 2103 sol,
3053 2045 3266 2109 quando
3299 2059 3430 2113 per-

1854 2117 2068 2172 transiit
2098 2118 2235 2173 visio
2272 2121 2363 2174 lici
2395 2121 2460 2174 δι.
2504 2141 2521 2170 ι
2554 2122 2706 2189 QUUd
2741 2143 2866 2180 vero
2899 2131 3059 2184 etiam
3089 2148 3156 2186 ex
3197 2134 3430 2202 inspira-

1855 2209 1999 2263 tione
2029 2212 2316 2279 prophetet
2337 2252 2350 2276 ,
2389 2228 2454 2266 ex
2485 2215 2568 2268 his
2619 2226 2700 2269 est
2742 2220 3083 2288 perSpieuum
3112 2240 3125 2274 :
3160 2242 3178 2274 ι
3211 2224 3433 2280 Vocavit

1852 2308 2031 2352 autem
2060 2299 2225 2355 Jacoh
2258 2301 2392 2357 filios
2425 2319 2570 2368 suos,
2603 2317 2658 2361 et
2690 2308 2821 2362 dixit
2859 2329 2869 2361 :
2904 2311 3334 2384 Congregamini,
3370 2325 3447 2370 ut.

1853 2392 2169 2445 annuntiem
2209 2395 2361 2447 vobis
2405 2411 2525 2464 qua:
2555 2407 2780 2453 ventura
2810 2411 2935 2455 sunt
2967 2404 3119 2458 vobis
3151 2405 3206 2457 in
3243 2407 3428 2460 novis-
3493 2475 3500 2480 ν

1853 2477 2003 2533 simis
2048 2480 2258 2537 diebus.
2306 2484 2716 2557 Congregamini
2763 2501 2816 2545 et
2862 2493 3060 2555 audite,
3105 2494 3198 2547 ﬁlii
3240 2495 3425 2559 Jacob,

1852 2570 2034 2624 audite
2063 2571 2226 2626 Israel
2270 2585 2476 2644 patrem
2517 2589 2777 2634 vestrum.
2823 2581 3012 2636 Ruben
3044 2585 3431 2655 primogenitus

1855 2674 2024 2724 meus,
2058 2669 2112 2714 tu
2145 2663 2316 2718 virtus
2345 2682 2493 2731 mea,
2526 2677 2580 2723 et
2621 2670 2834 2725 initium
2867 2673 3097 2726 filiorum
3140 2690 3380 2728 meorum
3414 2694 3425 2727 :

1855 2746 2024 2800 durus
2057 2749 2122 2800 ad
2171 2751 2483 2820 ferendmn,
2515 2755 2683 2812 durus
2724 2769 2778 2813 et
2812 2777 3099 2831 arrogans,
3139 2763 3432 2831 injuriosus

1856 2840 2046 2906 fuisti,
2101 2852 2352 2912 tanquam
2390 2839 2552 2915 aqua
2607 2865 2675 2903 ne
2728 2851 3068 2907 eﬂ‘ervcscas.
3130 2855 3430 2908 Ascendisti

1853 2929 1995 2982 enim
2029 2933 2204 2985 cubile
2249 2913 2418 3003 patriis
2459 2913 2534 2991 tui
2570 2957 2581 2991 :
2621 2948 2750 2994 tunc
2785 2942 3059 2996 maculasti
3091 2951 3337 3006 stratum,
3370 2944 3424 2997 in

1852 3023 1994 3086 quod
2025 3026 2311 3080 ascendisti
2344 3028 2408 3078 δ’.
2452 3095 2458 3103 ι
2501 3029 2760 3084 Similiter
2799 3041 2854 3085 et
2885 3031 3104 3101 reliquis
3142 3034 3426 3103 impertita:

1853 3107 2280 3175 hencdictiones,
2318 3095 2769 3186 qum‘prophetize
2806 3130 2949 3183 sunt,
2984 3137 3046 3174 ex
3078 3123 3427 3192 inspiratione

177 3190 293 3258 6ης.
343 3210 362 3241 ι
409 3191 639 3262 Ὁμοίως
667 3193 723 3246 δὲ
752 3197 843 3248 καὶ
867 3196 1001 3267 πρὸς
1027 3200 1150 3260 τοὺς
1173 3198 1393 3262 λοιποὺς
1417 3203 1470 3253 αἱ
1515 3201 1751 3270 εὐλογίαι

1855 3200 2075 3266 prolatio
2105 3213 2247 3256 sunt.
2285 3205 2426 3256 Nihil
2466 3207 2627 3274 igitur
2668 3209 2864 3259 mirum
2905 3190 3179 3264 Dmtieleni
3214 3229 3428 3282 quoque

175 3287 499 3353 προφητεῖαι
525 3280 679 3338 οὖσαι
713 3284 769 3350 ἐξ
793 3279 1075 3350 ἐπιπνοίας
1097 3290 1359 3358 εἴρηνται.
1391 3290 1554 3342 Οὐδὲν
1575 3292 1751 3344 τοίνυν

176 3373 484 3444 θαυμαστὸν
518 3378 608 3429 καὶ
633 3377 722 3429 τὸν
757 3378 973 3449 Δανιὴλ,
1002 3379 1090 3431 ὁτὲ
1119 3380 1217 3450 μὲι
1247 3382 1304 3446 ἐξ
1348 3382 1631 3444 ἐπιπνοίας
1671 3381 1754 3433 λε-

174 3463 464 3535 λαληκέναι
495 3467 605 3535 (75)
644 3468 733 3521 τὸν
766 3469 905 3522 κατὰ
934 3469 1044 3522 τῶν
1077 3471 1461 3542 πρεσϐυτέρων
1511 3471 1596 3523 ἕλε
1615 3488 1751 3541 (χον,

174 3555 259 3606 ὁτὲ
283 3555 338 3606 δὲ
368 3557 663 3627 ἐνυπνίοις,
691 3559 766 3622 ὼς
789 3560 885 3612 καὶ
914 3561 978 3614 σὺ
1009 3562 1133 3632 φὴς,
1170 3563 1202 3633 ἢ
1233 3563 1416 3633 ὁράσει
1443 3578 1523 3627 τε,
1549 3580 1599 3614 κι
1621 3565 1642 3614 ὶ
1663 3563 1757 3616 ἅλ-

173 3642 290 3697 λοτε
323 3647 606 3712 γεγονέναι
634 3649 781 3718 αὐτῷ
810 3650 1038 3718 ἀγγέλου
1069 3651 1406 3726 ἐπιφᾷνειαν.

243 3738 324 3790 Τά
345 3756 409 3806 γε
443 3740 550 3810 μὴν
571 3739 707 3792 ἀλλα
733 3757 824 3793 σου
851 3744 1098 3815 ὲπαπορή
1109 3762 1256 3814 ματα
1276 3745 1451 3799 ἐδόκει
1482 3765 1570 3817 μοι
1595 3749 1758 3818 »ὶσεμ-

176 3829 386 3901 νέττρςιν
412 3830 685 3903 εἰρῆσθαι,
719 3833 811 3885 καὶ
832 3836 931 3886 οὐκ
959 3833 1172 3905 ἔχεσθαι
1197 3838 1294 3908 τῆς
1326 3839 1642 3910 πρεπούσης
1675 3857 1756 3892 σοι

176 3922 477 3986 εὐλαϐείας
512 3924 573 3975 οὐ
605 3926 787 3994 χεῖρον
820 3923 877 3977 δὲ
906 3924 1073 3978 θεῖναι
1100 3927 1160 3979 τὸ
1185 3929 1376 3991 αὐταῖς
1398 3929 1600 3994 λέξεσιν
1653 3932 1758 3983 ὐπὸ

179 4014 267 4067 σοῦ
288 4017 675 4088 γεγραμμένον
703 4016 892 4081 οὕτως·
920 4038 936 4068 ι
977 4019 1204 4084 Ἔπειτα
1231 4020 1368 4089 μετὰ
1398 4023 1509 4092 (76)
1539 4025 1598 4076 τὸ
1624 4024 1755 4076 θαυ-

179 4107 382 4176 μασίως
405 4127 522 4172 πως
547 4109 718 4172 οὕτως
735 4108 1202 4178 ἀποφθέγξασθαι,
1227 4113 1321 4163 καὶ
1345 4113 1756 4188 παραδοξόξατά

178 4215 288 4261 πως
309 4201 510 4265 αὐτοὺς
531 4202 841 4272 ἀπελέγχει,
863 4200 938 4264 ὼς
963 4201 1082 4254 οὐδὲ
1104 4202 1386 4256 Φιλιστίων
1415 4205 1444 4256 ὁ
1477 4188 1681 4274 rima»
1694 4208 1754 4259 οὐ

177 4291 280 4359 γάρ
311 4292 538 4363 ἐξήρκει
580 4295 613 4363 ὴ
661 4293 750 4346 διὰ
776 4293 869 4366 τοῦ
921 4294 1236 4364 Πνεύματος
1275 4293 1586 4364 ἐπίπληξις,
1609 4287 1754 4348 ³ἀλλ’

181 4384 282 4456 ἰδίᾳ
307 4384 612 4455 διαστήσας
640 4387 896 4458 ἑκάτερον
922 4386 1122 4450 αὐτῶν,
1150 4387 1330 4458 ἐρωτᾷ
1354 4386 1455 4440 ποῦ
1489 4377 1756 4440 κθείρσαιτο

178 4475 338 4546 αὐτὴν
372 4477 737 4548 μοιχωμένην.
775 4479 863 4541 Ὡς
883 4479 940 4531 δὲ
963 4481 992 4530 ὁ
1017 4479 1113 4549 μὲν
1144 4477 1248 4530 ὐπὺ
1278 4481 1466 4549 πρῖνον
1494 4477 1753 4546 ἔφασκεν,

1858 3288 2130 3340 interdum
2163 3307 2228 3342 ex
2260 3291 2609 3357 inspiratione
2653 3295 2892 3356 locutum
2929 3313 3070 3363 esse,
3101 3311 3158 3353 ut
3185 3317 3307 3355 cum
3338 3319 3443 3360 se-.

1858 3381 2040 3434 niores
2067 3383 2431 3449 reprehendit,
2469 3385 2744 3458 interdum
2776 3406 2894 3468 post
2923 3391 3202 3452 insomnia,
3232 3403 3292 3446 ut
3313 3403 3429 3448 tute

1860 3471 1960 3535 ais,
1988 3473 2072 3526 vel
2104 3472 2369 3540 visiones;
2400 3475 2533 3534 alias
2566 3496 2696 3542 νει-υ
2745 3486 2918 3561 angeli
2953 3483 3346 3552 apparitioucm
3379 3484 3429 3537 ei

1861 3563 2136 3633 obtigisse.

1933 3736 2021 3788 II.
2047 3735 2185 3790 Alia:
2214 3747 2315 3790 tua:
2343 3737 2706 3796 dubitationes
2735 3742 3068 3798 indecentius
3097 3759 3126 3798 a
3154 3753 3205 3798 te
3234 3759 3428 3813 propo-

1861 3830 1979 3881 sita;
2009 3830 2136 3882 mihi
2169 3830 2297 3884 visa:
2328 3840 2476 3894 sunt,
2506 3849 2603 3885 nec
2648 3835 2779 3888 satis
2819 3850 3006 3903 sapere
3034 3850 3155 3890 eam
3203 3851 3321 3904 quae.
3369 3845 3426 3891 te

1861 3925 2035 3981 decet.
2065 3924 2342 3990 pietatem.
2391 3923 2571 3978 Satius
2615 3925 2776 3978 fuerit
2811 3927 2954 3996 quod
2995 3944 3024 3980 a
3065 3935 3116 3980 te
3162 3927 3424 3996 scriptum
3503 3980 3508 3985 .

1859 4021 1962 4075 cst,
1994 4013 2182 4067 iisdem
2217 4015 2396 4069 verbis
2431 4031 2702 4084 apponere
2744 4035 2758 4071 :
2801 4035 2819 4068 ι
2862 4019 3065 4072 Deinde
3087 4017 3197 4090 25
3222 4031 3429 4087 postea-

1861 4117 2019 4169 quam
2057 4104 2378 4158 mirabiliter
2409 4107 2488 4160 sic
2529 4107 2898 4172 exclamavit,
2943 4109 3168 4163 insolito
3199 4125 3429 4180 prorsus

1861 4191 1980 4245 illos
2024 4192 2300 4262 redarguit
2325 4195 2509 4261 modo,
2539 4199 2646 4263 q'uo
2677 4190 2742 4252 ne
2764 4197 3296 4270 Philistionuuidem
3329 4203 3426 4254 mi-

1860 4297 1982 4336 mus
2013 4292 2280 4338 uteretur.
2313 4281 2494 4355 Neque
2523 4289 2664 4342 enim
2699 4292 2832 4343 satis
2860 4292 2908 4345 ei
2940 4289 3041 4346 fuit
3075 4290 3288 4345 aﬂlantc
3307 4291 3420 4360 Spi-

1861 4370 1968 4424 ritu
1996 4369 2117 4426 iIlos
2143 4371 2492 4442 ohjurgasse,
2522 4375 2616 4431 sed
2652 4387 2943 4448 utrumque
2972 4380 3207 4435 alterum
3241 4382 3308 4433 δι’·
3350 4381 3432 4433 al-

1861 4472 1976 4517 tero
2001 4464 2331 4532 disiunctum
2356 4484 2598 4522 seorsum
2635 4470 2930 4542 interrogat
2968 4473 3185 4528 ubinam
3234 4474 3432 4528 viderit

177 4569 526 4638 ἀποκρίνεται
551 4572 792 4638 πρίσειν
823 4570 982 4625 αὐτὸν
1009 4572 1096 4624 τὸν
1139 4570 1384 4640 ἄγγελον·
1414 4571 1493 4640 τῷ
1540 4570 1595 4623 δὲ
1645 4569 1753 4622 ὑπὸ

1860 4569 1979 4609 eam
2015 4557 2402 4612 moechantem.
2441 4560 2687 4630 Cumque
2731 4561 2865 4616 alter
2894 4565 2994 4618 sub
3033 4566 3208 4636 πρίνῳ
3262 4565 3430 4634 (ilice)

317 4615 526 4638 rv-vv—-
551 4615 771 4638 --r.vv-y
824 4615 887 4625 ν·-
906 4615 977 4624 -νσν
1021 4615 1092 4624 --σ-
1139 4615 1196 4639 ν..
1220 4615 1358 4640 .-ι-ν,
1426 4615 1476 4642 --ε

180 4663 351 4730 σχῖνον
370 4661 640 4733 εἰρηκότι,
667 4664 996 4733 σχισθῆναι
1021 4661 1411 4734 παραπλησίως
1445 4661 1676 4716 ἀπειλεῖ.
1727 4681 1746 4712 ι

179 4754 312 4824 Ὦρα
339 4755 454 4825 γὰρ
473 4757 839 4827 παραϐάλλειν
863 4757 989 4811 ἄλλο
1012 4755 1183 4827 τούτῳ
1208 4756 1584 4827 παραπλήσιον
1609 4760 1753 4827 εἰρη-

183 4846 333 4915 μένον
363 4850 424 4902 ὲν
463 4852 530 4919 τῇ
557 4849 714 4921 τρίτῃ
742 4849 848 4901 τῶν
878 4836 1208 4903 Βασιλειῶν
1226 4889 1241 4915 ,
1280 4850 1417 4919 ὅπερ
1455 4848 1551 4901 καὶ
1591 4845 1751 4909 αὐτὸς

178 4936 530 5008 ὁμολογήσεις
574 4938 742 5006 ὑγιῶς
781 4937 1230 5008 ἀναγεγράφθαι,
1283 4938 1360 5009 τῷ
1411 4935 1753 4999 Φιλιστίωνος

182 5031 345 5103 μίμῳ.
378 5033 534 5102 Ἔχει
556 5032 613 5086 δὲ
639 5032 813 5095 οὔτως
844 5034 877 5102 ἡ
912 5031 1021 5085 ἀπὸ
1061 5032 1165 5085 τῶν
1207 5030 1540 5086 Βασιλειῶν
1576 5027 1716 5094 λέξις
1736 5048 1748 5058 -

186 5140 204 5174 ι
233 5124 363 5176 Τότε
395 5123 659 5194 ὤφθησαν
682 5124 776 5178 δύο
804 5127 1058 5193 γυναῖκες
1091 5122 1287 5194 πόρναι
1313 5122 1391 5192 τῷ
1409 5121 1638 5192 βασιλεῖ,
1666 5121 1760 5174 καὶ

181 5213 409 5286 ἔστησαν
443 5215 670 5269 ἐνώπιον
701 5216 890 5271 αὐτοῦ.
920 5217 1031 5270 Καὶ
1057 5210 1210 5268 εἶπεν
1251 5215 1286 5284 ἠ
1319 5213 1458 5284 γυνὴ
1494 5213 1613 5284 μίαν
1671 5213 1760 5266 Ἐν

181 5307 319 5377 ἐμοὶ,
361 5306 528 5377 κύριε
557 5324 680 5377 μου.
723 5306 862 5376 Ἐγὼ
888 5307 982 5360 καὶ
1014 5308 1047 5376 ἡ
1077 5305 1213 5376 γυνὴ
1246 5303 1385 5374 αὕτη
1419 5304 1678 5374 οἰκοῦμεν
1704 5306 1761 5355 ἐν

180 5400 303 5469 οίκῳ
335 5402 442 5464 ἑνὶ,
471 5401 566 5454 καὶ
605 5400 866 5468 ὲτέκομεν
892 5391 948 5452 ἒν
986 5393 1064 5468 τῷ
1101 5397 1252 5464 οἴκῳ.
1284 5397 1395 5450 Καὶ
1433 5395 1665 5466 ἐγενήθη
1704 5395 1761 5446 ὲν

181 5493 241 5562 τῇ
264 5493 450 5563 ἡμέρα
491 5494 561 5562 τῇ
593 5491 752 5562 τρίτῃ
789 5487 1051 5558 τεκούσης
1077 5505 1177 5558 μου
1197 5528 1211 5551 ,
1249 5488 1345 5542 καὶ
1393 5487 1545 5540 ἔτεκε
1593 5487 1685 5539 καὶ
1717 5489 1750 5556 ἠ

184 5584 310 5655 γυνὴ
339 5583 504 5652 αὔτη.
537 5582 645 5636 Καὶ
672 5583 830 5652 ἡμεῖς
855 5579 995 5632 κατά
1019 5579 1079 5632 τὸ
1110 5579 1261 5634 αὐτό.
1289 5580 1404 5632 Οὐκ
1440 5577 1588 5631 ἐστιν
1631 5577 1753 5630 οὐδὲ

216 5679 257 5713 ⁸³
289 5678 430 5735 Gen.
479 5691 660 5741 xxx",
709 5657 831 5731 23.‘
873 5673 918 5705 ³⁸
967 5672 1104 5730 Gen.
1133 5688 1279 5740 χιιι,
1318 5673 1379 5740 'I,
1413 5688 1574 5740 seuq.

250 5777 361 5852 (75)
387 5773 826 5852 .\Vetsthetiius,
857 5769 1210 5841 λελαληκέναι
1259 5768 1335 5834 ὡς
1379 5769 1509 5834 τόν,
1554 5766 1650 5823 sed
1699 5765 1753 5818 in

202 5845 641 5922 ms'siteestqu-_
746 5919 754 5922 Α
904 5902 1132 5922 ,..,,Α
1211 5909 1225 5922 .
1483 5908 1495 5922 .

264 5902 553 5980 (τόῖῖτετά
580 5902 760 5987 ’ἀςεει
781 5911 924 5987 apud
959 5902 1348 5987 Wctstenium,
1404 5908 1504 5966 sed
1538 5906 1753 5977 reperi-

649 5985 926 6047 Ρλταοι..
964 5986 1076 6045 Gz.
1117 5986 1225 6046 XI.

1784 4649 1799 4661 ‘
1854 4648 2084 4713 diceret;
2118 4651 2411 4718 respondet
2432 4645 2646 4721 πρίσειν
2676 4654 2992 4727 (sec-turum)
3015 4673 3138 4712 eum
3159 4658 3429 4728 angelum;

1859 4741 2014 4793 a..eri
2053 4754 2181 4794 vero
2227 4740 2540 4812 ευὺνσχίνῳ
2586 4745 2858 4813 (ientisco)
2896 4748 3127 4812 dicenti,
3183 4748 3435 4803 similiter

1861 4830 2141 4885 minitatur
2171 4847 2294 4886 eum
2330 4832 2631 4903 σχισθῆναι,
2669 4837 2716 4888 id
2741 4847 2824 4890 est
2848 4839 3078 4892 scissum
3104 4838 3186 4890 iri.
3221 4857 3240 4890 ›
3269 4839 3429 4891 Tem-
3493 4874 3498 4875 κ

1862 4941 1960 4994 pus
1993 4934 2076 4980 est
2113 4935 2170 4979 ut
2210 4925 2371 4980 etiam
2411 4942 2533 4980 cum
2576 4927 2908 4982 Philistionis
2934 4931 3100 4984 ιιιὶιιιο
3142 4916 3431 4997 compares

1861 5020 2006 5074 aliud
2041 5034 2147 5073 nou
2177 5018 2425 5072 ahsiinile
2455 5033 2485 5071 e
2526 5017 2663 5072 libro
2695 5021 2856 5073 tertio
2889 5020 3198 5090 Regnorum
3227 5061 3242 5087 ,
3287 5022 3432 5088 quod

1861 5124 2039 5168 tamen
2067 5121 2122 5165 et
2147 5113 2258 5177 ipse
2287 5108 2544 5164 fateberis
2574 5122 2719 5165 recte
2747 5111 2915 5164 fuisse
2944 5110 3159 5176 litteris
3197 5127 3270 5164 in:
3289 5112 3425 5164 nda-

1862 5214 1992 5259 tum.
2025 5201 2102 5254 En
2137 5202 2297 5254 verba
2334 5217 2347 5252 :
2380 5217 2398 5250 ι
2437 5198 2588 5252 Tunc
2622 5209 2990 5268 apparuerunt
3019 5203 3138 5255 dure
3171 5201 3432 5254 mu.ieres

1860 5294 2179 5349 meretrices
2218 5291 2349 5360 regi,
2383 5301 2438 5344 et
2467 5300 2735 5345 steterunt
2773 5305 2955 5344 coram
3002 5292 3140 5361 ipso.
3185 5290 3255 5344 Et
3295 5289 3431 5344 dixit

1860 5388 2056 5441 mulier
2089 5400 2192 5438 una
2225 5402 2241 5440 :
2276 5385 2332 5436 In
2361 5399 2467 5448 me,
2491 5385 2712 5441 domine
2748 5385 2842 5438 mi.
2872 5385 2982 5454 Ego
3012 5394 3064 5438 et
3093 5383 3285 5437 mulier
3312 5381 3429 5435 hau:

1861 5477 2243 5534 habitabamus
2269 5477 2321 5528 in
2350 5477 2509 5530 domo
2535 5493 2636 5531 una
2667 5518 2682 5544 ,
2717 5487 2772 5530 et
2817 5475 3126 5545 peperimus
3160 5473 3325 5528 domi.
3364 5469 3430 5522 Et

1864 5573 2065 5628 factum
2101 5579 2182 5624 (εει
2213 5569 2371 5625 tertia
2402 5569 2491 5626 die
2524 5579 2810 5640 postquam
2833 5583 2932 5638 ego
2959 5566 3172 5638 peperi,
3216 5563 3430 5635 peperit

1868 5773 1955 5816 tur
1987 5758 2038 5811 in
2068 5754 2256 5810 codice
2287 5754 2458 5824 regio.
2489 5753 2634 5827 Infra
2675 5735 3008 5827 Wetstenius
3032 5791 3048 5815 ,
3087 5745 3198 5827 οὐδ’
3231 5740 3426 5827 (beta:-

1865 5829 2145 5889 λιστίωνος
2195 5821 2410 5896 μῖμοξ,
2464 5826 2559 5881 sed
2609 5827 2778 5880 codex
2835 5823 2966 5889 Reg.
3014 5829 3072 5872 ut
3123 5821 3176 5870 iu
3238 5821 3425 5867 nosuo

1867 5912 2037 5956 testu-
