4126 6308
797 359 867 416 83
1784 360 2100 418 ORIGENIS
2134 360 2469 418 EPISTOLA
2507 361 2594 415 AD
2625 360 3028 418 AFRICANUM
3563 427 3565 429 _
3924 364 3992 419 Μ

793 480 923 535 beat
950 479 1269 548 etbuarcha,
1316 489 1375 537 ut
1411 481 1543 536 nihil
1575 481 1782 537 diﬂ'erat
1817 485 1883 539 ab
1912 498 1977 539 eo
2005 485 2096 554 qui
2127 499 2326 553 regnnu

2445 486 2473 536 ὁ
2492 483 2753 556 ἐθνάρχης
2778 484 2853 556 (‘2)
2880 484 3006 553 παρ’
3038 482 3216 545 αὑτοῖς
3239 480 3475 544 δύναται,
3521 481 3595 543 ὡς
3621 478 3782 551 μηδὲν
3809 475 3994 546 διαφέ-

793 569 1060 624 obtineret
1111 571 1162 624 in
1210 581 1446 642 gentem,
1508 571 1708 626 scimus
1741 574 1848 641 qui
1881 587 2068 628 sumus
2113 573 2340 641 experti.

793 658 953 711 Fiunt
987 661 1150 714 etiam
1199 663 1397 729 judicia
1447 662 1676 717 latenter
1728 664 2024 719 secundum
2075 664 2245 734 legem
2289 673 2344 718 et

792 751 1031 805 nonnulli
1063 764 1236 806 morte
1275 753 1620 820 damnantur,
1654 769 1759 810 non
1789 755 2004 825 quidem
2037 770 2156 810 cum
2187 756 2338 824 plena

787 845 936 900 omni
967 857 1034 898 ex
1072 853 1225 913 parte
1255 845 1526 911 libertate,
1559 846 1654 903 sed
1691 857 1869 904 tamen
1898 863 2004 902 non
2036 849 2202 903 inscio
2244 849 2342 902 im-

789 943 1041 999 peratore
1075 953 1088 989 :
1122 936 1279 1005 idque
1328 936 1378 990 in
1423 937 1642 1008 regione
1677 940 1850 1008 gentis
1904 939 2060 1008 longo
2107 947 2340 1008 tempore

790 1029 1110 1083 commorati
1141 1029 1424 1084 didicimus
1454 1040 1507 1084 et
1540 1046 1637 1099 pro
1686 1040 1835 1086 certo
1865 1032 2190 1100 ac‘cepimus.
2237 1033 2338 1086 Vc-

791 1125 1089 1171 rumtamen
1114 1121 1210 1172 sub
1240 1120 1497 1174 Romanis
1526 1121 1642 1175 dua:
1673 1121 1845 1176 solum
1879 1123 2188 1178 referuntur
2215 1139 2337 1178 esse

789 1206 978 1270 tribus,
1026 1206 1160 1262 Juda
1191 1225 1381 1279 nempe
1431 1220 1484 1264 et
1511 1210 1807 1280 Beniamin.
1847 1213 1970 1268 Esto
2001 1224 2054 1268 et
2082 1214 2333 1269 Levitica.

784 1296 854 1349 At
878 1295 1057 1365 Israel,
1089 1301 1547 1370 praeter'populum
1565 1301 1719 1369 Juda,
1741 1305 1921 1360 decem
1954 1316 2108 1360 erant
2139 1306 2333 1369 tribus,

786 1389 1180 1460 verisin‘ileque
1207 1401 1288 1446 est
1319 1393 1552 1464 Assyriis
1579 1396 1710 1450 satis
1743 1396 1906 1453 fuisse
1944 1401 2087 1468 quod
2112 1400 2335 1468 imperio

786 1484 881 1534 suo
915 1482 1158 1536 subditos
1211 1483 1328 1538 illos
1375 1484 1654 1552 baberent,
1690 1498 1944 1544 cazterum
1994 1492 2210 1560 pr0pria
2256 1493 2334 1547 eis

783 1571 1120 1626 concessisse
1140 1569 1359 1640 judicia.

855 1662 942 1717 15.
976 1662 1155 1718 Inveni
1187 1675 1240 1721 et
1267 1667 1407 1721 istud
1460 1668 1511 1721 in
1550 1680 1634 1724 tua
1664 1673 1890 1740 epistola
1926 1672 2070 1726 hisce
2102 1672 2278 1727 verbis
2315 1691 2328 1725 :

786 1774 806 1808 ι
835 1755 1116 1812 Postremo
1142 1761 1400 1823 omnium,
1434 1777 1552 1816 cum
1588 1774 1658 1817 tot
1695 1764 2064 1832 prrccesserint
2107 1765 2330 1834 praphe-

781 1855 869 1912 tae,
903 1849 1078 1902 nullus
1125 1863 1155 1903 e
1185 1852 1573 1917 posterioribus
1624 1857 1942 1909 sententiam
1975 1856 2198 1909 alterius
2235 1856 2329 1909 iis-

779 1939 900 1991 dem
941 1941 1119 1996 verbis
1173 1945 1470 2011 usurpavit.
1534 1944 1714 2015 Neque
1762 1948 1906 2000 enim
1957 1947 2331 2002 emendicabat

782 2027 991 2081 illorum
1027 2031 1223 2095 oratio,
1258 2042 1442 2101 utpote
1476 2049 1636 2101 vera;
1685 2036 1767 2090 hic
1797 2047 1974 2091 autem
2023 2053 2142 2091 cum
2175 2037 2326 2090 alteri

782 2119 989 2173 illorum
1041 2122 1775 2198 minitatur,commemorat
1823 2129 2104 2181 Dominum
2150 2128 2328 2181 dicen-

778 2223 882 2264 tem
914 2229 928 2265 :
965 2230 983 2262 t
1017 2213 1280 2268 lnsontem
1314 2227 1366 2272 et
1393 2216 1593 2283 justum
1621 2235 1725 2272 non
1753 2219 1967 2273 occides
1991 2218 2064 2282 Η;
2090 2237 2109 2269 ι
2143 2228 2196 2272 et
2226 2219 2327 2272 mi-

778 2306 925 2356 ratus
953 2319 1070 2358 sum
1107 2307 1250 2374 quod
1296 2323 1416 2362 cum
1466 2309 1692 2363 multmn
1727 2309 1802 2362 sis
1832 2319 2074 2364 versattrs
2121 2311 2170 2363 in
2201 2326 2328 2365 exa-

777 2394 1046 2449 minandis
1094 2407 1148 2449 et
1177 2399 1498 2453 meditandis
1534 2401 1852 2468 Scripturis,
1888 2416 1990 2454 non
2020 2402 2326 2459 observaris

775 2487 1062 2554 prophetas
1135 2490 1512 2558 prophetarum
1583 2493 1658 2545 uti
1718 2493 2073 2556 sermonibus,
2139 2497 2323 2550 iisdem

773 2586 1153 2652 propemodum
1207 2585 1409 2651 verbis.
1465 2584 1597 2651 Quis
1636 2587 1778 2641 enim
1814 2587 1897 2642 vel
1944 2605 1973 2643 e
2004 2591 2160 2660 vulgo
2196 2591 2326 2644 ﬁde.

773 2674 900 2726 lium
933 2676 1233 2744 ignoratjd
1267 2677 1406 2742 quod
1443 2678 1702 2745 scriptum
1734 2689 1815 2733 est
1863 2681 1913 2732 in
1953 2680 2086 2736 Isaia
2117 2702 2131 2735 ε
2167 2702 2182 2733 ι
2209 2682 2324 2735 Erit

773 2766 828 2820 in
877 2757 1138 2821 extremis
1185 2769 1373 2822 diebus
1420 2769 1737 2825 manifestus
1794 2787 1945 2827 mons
1987 2774 2215 2836 Domini,
2267 2784 2320 2828 et

771 2860 962 2911 domus
1012 2858 1103 2912 Dei
1136 2858 1188 2912 in
1215 2860 1418 2913 vertice
1453 2861 1734 2924 montium,
1772 2871 1826 2916 et
1876 2863 2196 2930 exaltabitur
2227 2880 2320 2917 su-

771 2959 864 3010 per
908 2945 1095 3009 colles,
1145 2956 1199 3000 et
1233 2946 1448 3001 venient
1494 2962 1681 3002 omnes
1730 2959 1914 3016 gentes
1965 2949 2030 3002 ad
2078 2965 2219 3009 eum,
2267 2957 2320 3000 et

770 3033 1180 3100 proﬁciscentur
1234 3037 1415 3106 populi
1473 3037 1623 3090 multi
1688 3048 1738 3090 et
1799 3038 1976 3090 dicent
2041 3055 2054 3089 :
2108 3037 2315 3101 Venite,

769 3132 1124 3182 ascendamus
1172 3130 1224 3182 in
1263 3142 1497 3183 montem
1529 3129 1759 3193 Domini,
1807 3138 1858 3181 et
1888 3129 1950 3180 ad
1977 3130 2191 3182 domum
2226 3131 2315 3184 Dei
2345 3149 2384 3204 α

766 3219 954 3285 Jacob,
991 3229 1044 3272 et
1091 3221 1432 3275 annuntiabit
1479 3221 1632 3274 nobis
1658 3220 1799 3272 viam
1828 3207 2002 3284 suam,
2050 3231 2102 3274 et
2135 3223 2323 3274 auibu-

768 3313 995 3366 labimus
1040 3312 1091 3364 in
1125 3326 1206 3365 ea.
1257 3310 1386 3364 Nam
1440 3313 1503 3366 de
1539 3311 1666 3365 Sion
1716 3311 1888 3364 exibit
1943 3311 2044 3376 lex,
2098 3323 2152 3366 et
2200 3329 2320 3366 ver-

767 3404 894 3458 bum
930 3403 1133 3458 Domiti
1179 3404 1232 3457 in
1260 3403 1579 3459 Jerusalem.
1632 3404 1696 3458 Et
1734 3403 1996 3474 indicabit
2025 3405 2163 3458 inter
2193 3403 2347 3474 gen-'

767 3503 848 3547 tes
873 3503 925 3547 et
944 3492 1204 3559 judicabit
1232 3494 1482 3562 populum
1519 3492 1765 3547 multum.
1797 3493 1859 3547 Et
1889 3493 2180 3547 concident
2205 3497 2318 3560 glu-

766 3583 882 3636 dios
915 3599 1038 3637 suos
1089 3585 1138 3636 in
1190 3594 1392 3649 aratra,
1444 3594 1498 3639 et
1546 3586 1732 3640 hastas
1763 3599 1888 3639 suas
1930 3585 1984 3638 in
2036 3570 2224 3647 falces,
2263 3593 2314 3636 ct

766 3672 876 3740 29
916 3687 1024 3725 non
1072 3673 1298 3742 accipiet
1328 3690 1457 3743 gens
1501 3683 1687 3728 contra
1725 3684 1934 3744 gentem
1978 3673 2233 3742 gladium,
2262 3686 2310 3725 et

769 3775 872 3813 non
903 3759 1106 3814 discent
1141 3762 1366 3830 amplius
1401 3762 1599 3816 bellare
1627 3762 1692 3815 δ’.
1717 3782 1734 3812 ι
1767 3761 1861 3817 liis
1885 3763 2132 3816 omnibus
2160 3763 2312 3831 plane

768 3850 955 3905 similis
981 3862 1062 3904 est
1099 3867 1158 3905 ac
1207 3853 1394 3906 iisdem
1431 3854 1609 3908 verbis
1636 3864 1922 3923 conceptus
1957 3854 2043 3908 bic
2080 3852 2312 3907 Miclncze

769 3942 916 3995 locus
951 3960 963 3995 :
1008 3960 1026 3993 ι
1060 3941 1125 3996 Et
1155 3946 1258 3996 erit
1299 3944 1349 3996 in
1410 3945 1716 4000 novissimis
1761 3944 1947 3999 diebus
1997 3944 2310 4001 manifestus

833 4045 877 4077 “
904 4047 1070 4100 Exod.
1101 4065 1252 4104 xxiii.
1289 4051 1340 4103 '7.
1417 4053 1460 4083 ’δ’
1507 4053 1604 4104 lsa.
1641 4068 1697 4108 rt.
1733 4053 1766 4105 2
1798 4067 1946 4121 seqq.

838 4140 918 4212 (2)
957 4140 1018 4191 Ὀ
1041 4140 1354 4212 ἐθνάρχης.
1417 4141 1566 4196 Hunc
1613 4143 1984 4212 magistratum
2034 4146 2190 4198 modo
2224 4146 2312 4199 Jo-

767 4211 965 4276 wpbus
992 4221 1138 4261 vocat
1169 4211 1420 4279 ἄρχοντα,
1455 4211 1758 4266 ercoruin
1787 4230 1952 4277 more,
1993 4223 2046 4267 ιιι
2077 4215 2150 4265 De
2185 4217 2311 4267 bello

765 4279 992 4356 Iudaico
1027 4279 1118 4331 lib.
1151 4295 1242 4356 vit,
1267 4295 1386 4347 Cap.
1415 4283 1463 4338 9,
1504 4283 1698 4356 (hiem,
1733 4285 1886 4356 modo
1918 4285 2075 4335 etiam
2122 4285 2312 4356 ἐθνάρ-

767 4367 889 4422 χην,
926 4349 1026 4402 lioc
1060 4360 1140 4422 est
1173 4349 1404 4422 ἄρχοντα
1441 4349 1533 4401 τοῦ
1572 4351 1751 4414 ἔθνους
1785 4354 1876 4405 lib.
1903 4369 1991 4406 xu
2020 4357 2192 4422 Antiq.
2220 4349 2313 4407 fu-

765 4418 929 4494 duim,
964 4433 1080 4494 cap.
1107 4418 1342 4494 4._Alias_
1368 4423 1961 4494 vocatur_na:pwipp~,g
1990 4427 2054 4476 ab
2082 4418 2308 4494 Origene

765 4487 862 4542 lib.
889 4485 1061 4562 t_v_De
1101 4489 1386 4562 principiis,
1441 4505 1558 4557 cap.
1588 4490 1635 4554 l,
1679 4485 1743 4544 ρι’
1765 4485 1839 4544 ιιιί
1861 4485 2157 4562 Epiphanio
2183 4485 2310 4548 vlun-

705 4599 711 4606 .
763 4572 874 4612 res.
904 4557 991 4616 50,
1026 4573 1144 4624 pag.
1169 4560 1256 4611 60.

836 4627 914 4697 (5)
954 4626 1069 4697 Τὴν
1095 4627 1191 4680 ἐπὶ
1227 4625 1304 4691 τῷ
1332 4627 1580 4694 θανάτῳ.
1641 4627 1846 4692 Quanta
1899 4634 2219 4687 auctoritate
2263 4645 2314 4685 et

761 4695 984 4771 licentia
1035 4696 1342 4771 fruerentur
1386 4697 1555 4771 Judwi
1609 4702 1903 4771 praesertim
1963 4704 2013 4752 in
2064 4702 2312 4771 Plirygia,

762 4766 934 4834 liquet
963 4783 1029 4820 ex
1062 4766 1332 4834 responsis

762 4779 934 4834 Itquet
963 4783 1029 4820 ex
1062 4781 1332 4834 responsis
1368 4779 1650 4890 Ottgtinloxr
1681 4782 1975 4837 Clljllsplallt
2011 4779 2075 4822 ad
2111 4779 2316 4822 Mutila-

761 4837 937 4888 nistas
980 4839 1116 4904 apud
1151 4835 1435 4891 Eusebium
1527 4839 1725 4890 ἰδίου-ἔω
1772 4840 2132 4890 ecrlcsiasticw
2183 4841 2316 4892 libro

762 4905 974 4978 quinto.
1013 4921 1134 4978 (ξειρῖ
1158 4910 1263 4978 lli-2
1305 4908 1810 4978 Ἀποκρινάσθωσαν
1837 4911 1964 4977 ἡμῖν
1994 4906 2125 4977 πρὸς
2151 4909 2281 4978 Θεοῦ
2299 4927 2310 4938 ·

761 4969 876 5025 ἐστί
907 4991 1006 5038 τις,
1039 4969 1092 5026 ὦ
1115 4975 1395 5043 βέλτιστοι,
1424 4969 1620 5030 τούτων
1661 4979 1766 5030 τῶν
1792 4969 1896 5029 ἀπὸ
1926 4969 2195 5029 Μονίτανοῦ
2227 4980 2316 5030 καὶ

761 5044 1255 5117 γυν.αιῖιι’ᾂν⁴λαλείν
1305 5046 1640 5117 ἀρξαμένων,
1690 5049 1834 5110 ὅστις
1891 5046 1994 5099 ὑπὸ
2053 5047 2316 5117 Ἰουδαίων

760 5111 1206 5188 ἐδιώχθηίλῆῌὺπὸ
1235 5111 1555 5188 παρανόμων
1576 5117 1882 5188 ἀπεκτάνθη
1906 5134 1919 5180 ;
1950 5116 2152 5178 ῡύδείς.
2184 5116 2316 5168 υὺδέ

761 5180 827 5258 γέ
849 5180 938 5258 τις
969 5180 1144 5258 αὑτῶν
1173 5180 1459 5258 κρατηθείς
1490 5187 1625 5258 ὑπὲρ
1658 5188 1746 5258 τοῦ
1775 5180 2032 5258 ὀνόματος
2061 5188 2315 5258 ἀνεσταυ-

816 5249 910 5327 θθη
933 5269 946 5315 ;
973 5254 1045 5327 QQ
1071 5253 1174 5324 γὰρ
1201 5249 1328 5327 οὖνζ
1333 5249 1466 5306 Οὐδὲ
1496 5249 1738 5327 μὴνόὑδέ
1761 5259 1817 5309 ἐν
1832 5249 2167 5327 συναγωγαῖς
2196 5257 2315 5327 Ἰου-

760 5268 910 5371 gn)th
933 5269 946 5315 ;
973 5268 1045 5305 υυ
1071 5268 1174 5324 γαρ
1201 5270 1312 5306 ουν.
1335 5268 1466 5306 υυοε
1496 5268 1598 5326 μην
1620 5268 1738 5309 oues
1761 5268 1817 5309 εν
1832 5268 2167 5327 συναγωγαῖς
2198 5268 2315 5308 Ἰου-

771 5320 923 5398 Δσίων
948 5324 1063 5398 τῶν,
1085 5323 1861 5398 γυναικῶν-τις-ἐμαστιγώθη
1895 5329 2039 5390 ποτὲ,
2076 5327 2108 5398 ἢ
2149 5325 2315 5398 ἐλιθο-

763 5389 960 5466 ϐολήθη
975 5409 995 5466 _;
1020 5389 1308 5466 ΔΟύδαμόσε
1336 5389 1600 5464 οὐδαμῶς.
1630 5389 1801 5465 ’Ἄλλῳ
1826 5389 1884 5450 δέ
1907 5389 2117 5466 θανάτῴ
2143 5397 2315 5448 τελευ-

761 5460 923 5536 τῆσαι
975 5460 1219 5529 λέγονται
1259 5460 1532 5527 Μοντανός
1582 5481 1638 5516 τε
1687 5460 2151 5536 καὶίΜαξιμίλλα,
2205 5478 2307 5520 etc.
2353 5489 2377 5496 ··

767 5548 788 5582 t
815 5534 1187 5602 ﬂespondeant
1222 5537 1395 5595 nobis.
1445 5548 1629 5602 quaeso
1658 5549 1752 5602 per
1785 5534 1945 5588 Deum
1979 5534 1989 5590 Ξ
2021 5552 2176 5591 esuie
2213 5537 2314 5590 ali-

762 5601 884 5669 quis
914 5615 1105 5655 eorum
1139 5605 1227 5669 qui
1255 5603 1364 5669 jam
1405 5601 1528 5657 inde
1559 5619 1586 5656 a
1621 5603 1869 5657 Montano
1898 5616 1948 5658 et
1983 5606 2311 5663 mulierculis

763 5670 996 5744 primum
1047 5673 1258 5744 garrire
1287 5683 1588 5744 coeperunt,
1641 5675 1730 5741 qui
1767 5688 1796 5726 a
1827 5673 2026 5744 Judaeis
2059 5691 2312 5744 persecu-

762 5739 963 5795 tionem
997 5739 1188 5812 passus
1216 5743 1308 5808 sit,
1343 5739 1434 5812 aut
1467 5743 1532 5797 ab
1563 5739 1740 5812 impiis
1771 5739 2070 5800 trucidatus
2084 5746 2108 5799 τ
2147 5761 2307 5800 nemo

760 5819 922 5870 certe.
990 5807 1101 5869 Nec
1151 5826 1278 5869 vero
1324 5807 1460 5873 ullus
1490 5807 1677 5871 eorum
1726 5829 1823 5884 pro
1855 5812 2056 5872 Christi
2090 5815 2307 5873 nomine

1456 4770 1650 4837 bodoxi
1681 4766 1975 4837 eujuspiaui
2011 4774 2075 4822 ad
2111 4766 2318 4822 unum;
2353 4782 2355 4785 '

2448 592 2558 647 ρειν
2589 574 2954 645 βασιλεύοντος
2984 573 3077 626 τοῦ
3105 573 3305 637 ἔθνους,
3340 571 3493 643 ῐσμεν
3513 573 3562 625 οἱ
3587 569 3989 641 πεπειραμένα.

2444 667 2658 719 Γίνεται
2693 667 2747 718 δὲ
2774 666 2866 717 καὶ
2907 665 3159 735 κριτήρια
3201 662 3494 734 λεληθότως
3524 661 3662 715 κατὰ
3692 660 3782 714 τὸν
3809 660 3988 729 νόμον,

2441 759 2530 812 καὶ
2557 756 2998 821 καταδικάζονταί
3023 773 3163 819 τινες
3190 757 3286 825 τὴν
3313 756 3401 808 ἐπὶ
3425 754 3501 824 τῷ
3527 753 3735 822 Θανάτῳ
3756 747 3990 821 (5)⁶οΰτε

2443 851 2579 921 μετὰ
2603 850 2702 920 τῆς
2731 849 2902 919 πάντη
2929 849 3007 911 είς
3041 846 3197 900 τοῦτο
3232 847 3556 918 παρρησίας,
3582 843 3702 898 οὑτε
3735 841 3871 914 μετὰ
3897 839 3988 893 τοῦ

2437 931 2716 998 λανθάνειν
2744 942 2833 994 τὸν
2863 941 3203 1010 βασιλεύοντα
3221 957 3234 970 ·
3262 940 3353 992 καὶ
3380 937 3533 992 τοῦτο
3557 938 3614 989 ἐν
3631 937 3695 1005 τῇ
3716 931 3866 1005 χώρᾳ
3896 930 3988 984 τοῦ

2439 1035 2619 1098 ἔθνους
2651 1035 2811 1086 πολὺν
2836 1020 3204 1105 διατρίψαντες
3239 1030 3424 1102 χρόνον
3479 1027 3870 1099 μεμαθήκαμεν
3896 1024 3988 1076 καὶ

2438 1125 2981 1197 πεπληροφορήμεθα.
3019 1125 3125 1176 Καί
3147 1141 3226 1176 τοι
3252 1139 3314 1194 γε
3339 1119 3441 1174 ὑπὸ
3474 1119 3758 1190 Ῥωμαίοις
3788 1116 3863 1187 (4)
3895 1114 3987 1168 δύο

2437 1215 2598 1284 φυλαὶ
2625 1216 2780 1285 μόναι
2813 1211 2948 1268 εἶναι
2984 1212 3362 1284 ίστόρηνται,ἧ
3397 1228 3453 1263 τε
3486 1209 3651 1263 ’ἰούδα
3683 1209 3773 1262 καὶ
3798 1208 3985 1259 Βενια-

2439 1309 2557 1379 μίν·
2590 1309 2728 1361 ἔστω
2753 1309 2808 1362 δέ
2839 1310 2930 1362 καὶ
2962 1307 3232 1376 Λευῖτική.
3278 1306 3333 1357 Ὀ
3362 1303 3417 1355 δέ
3442 1303 3536 1372 (5),
3569 1301 3718 1371 παρὰ
3744 1301 3831 1354 τὸν
3856 1298 3984 1352 λαὸν

2447 1398 2632 1461 Ἰούδα,
2676 1398 2904 1467 Ἰσραὴλ,
2935 1397 3064 1449 δέκα
3095 1392 3232 1466 ἦσαν
3261 1393 3450 1464 φυλαί·
3494 1394 3585 1446 καὶ
3611 1393 3773 1455 είκὸς,
3813 1392 3980 1463 ἀρκε-

2435 1491 2653 1554 σθέντας
2668 1492 2791 1552 τοὺς
2824 1489 3131 1559 ’Δσσυρίους
3153 1487 3226 1557 τῷ
3253 1487 3585 1558 ὑποχειρίους
3606 1483 3799 1546 αὐτοὺς
3818 1482 3979 1552 ἔχειν.

2431 1581 2844 1653 ἐπιτετραφὲναι
2876 1582 3056 1643 αὐτοῖς
3109 1581 3174 1634 τὰ
3200 1581 3368 1632 οίκεῖα
3396 1579 3732 1647 δικαστήρια.

2446 1711 2452 1716 ι
2501 1669 2668 1745 Εὑρόν
2703 1690 2792 1726 σου
2822 1675 2877 1726 ἐν
2901 1676 2964 1743 τῇ
2997 1671 3245 1742 ἐπιστολῇ
3289 1672 3377 1724 καὶ
3408 1670 3562 1723 τοῦτο
3598 1669 3780 1731 αὑταῖς
3805 1665 3980 1733 λέξεσι

2429 1765 2488 1817 τό
2507 1781 2518 1793 ·
2556 1784 2574 1814 ι
2597 1764 2717 1816 Ἐπὶ
2739 1763 2794 1815 δὲ
2824 1765 2973 1825 πᾶσι,
3008 1760 3266 1814 τοσούτων
3295 1757 3834 1832 προωδοιπορηκότων
3857 1774 3980 1828 προ-

2431 1851 2632 1922 φητῶν,
2663 1850 2769 1903 τῶν
2801 1868 2859 1903 τε
2911 1850 3033 1921 ἑξῆς
3082 1849 3252 1912 οὐδεὶς
3284 1849 3461 1920 ἕτερος
3494 1848 3673 1917 ἐτέρου
3721 1846 3977 1918 κέχρηται

2432 1943 2575 2016 ῥητῷ
2605 1943 2677 2013 (6)
2709 1945 2931 2013 νοήματι
2952 1959 2964 1970 ⁸
3001 1941 3060 1993 ού
3093 1939 3198 2011 γὰρ
3222 1939 3556 2009 ἐπτώχευσεν
3575 1939 3603 1989 ὁ
3621 1936 3772 2004 λόγος
3797 1936 3978 2008 αὐτῶν

2429 2034 2629 2106 ἀληθὴς
2667 2033 2786 2087 ’ῶνο
2836 2032 3013 2084 οὑτοσὶ
3061 2031 3137 2094 δὲ,
3192 2031 3408 2083 ἐκείνων
3442 2028 3650 2097 θατέρῳ
3671 2025 3976 2080 ἐπαπειλῶν

2428 2128 2826 2198 ὑπομιμνήσκει
2864 2141 2922 2176 σε
2968 2123 3042 2193 (7)
3078 2123 3321 2191 λέγοντος
3343 2120 3435 2174 τοῦ
3485 2119 3720 2189 Κυρίου·
3779 2119 3976 2171 Ἀθῶον

2427 2221 2519 2274 καὶ
2548 2221 2748 2274 δίκαιον
2793 2217 2890 2269 οὑκ
2917 2218 3260 2278 ἀποκτενεῖς·
3291 2235 3307 2264 ι
3363 2213 3454 2265 καὶ
3503 2210 3806 2279 ἐθαύμασα,
3855 2210 3973 2273 πῶς

2427 2311 2621 2372 πολλὰς
2648 2307 2921 2379 διατριϐὰς
2969 2307 3102 2377 ἔχων
3135 2310 3192 2360 ἐν
3219 2310 3335 2370 ταῖς
3369 2303 3642 2368 ἐξετάσεσι
3687 2303 3777 2356 καὶ
3819 2303 3974 2374 μελέ-

2424 2416 2542 2461 ταις
2571 2398 2668 2467 τῆς
2703 2396 2940 2466 Γραφῆς,
2974 2397 3032 2448 οὑ
3063 2397 3365 2466 τετήρηκας
3407 2394 3814 2464 σύγχρωμένους
3844 2410 3974 2463 προ-

2426 2492 2595 2560 φήτας
2639 2486 2928 2559 προφητῶν
2959 2487 3131 2555 λόγοις
3166 2487 3347 2557 σχεδὸν
3397 2486 3585 2547 αὑταῖς
3635 2485 3824 2550 λέξεσι.
3876 2485 3974 2547 Τίς

2424 2581 2528 2651 γὰρ
2555 2581 2654 2632 οὑκ
2678 2576 2782 2632 οἶδε
2809 2579 2899 2631 καὶ
2931 2579 3035 2630 τῶν
3065 2578 3271 2631 πολλῶν
3301 2577 3499 2629 πιστῶν
3530 2575 3771 2645 κείμενον
3805 2579 3860 2628 ἐν
3895 2575 3973 2644 τῷ

2434 2671 2628 2742 Ἡσαΐᾳ
2657 2672 2716 2724 τό
2734 2687 2745 2698 ·
2790 2689 2805 2719 ι
2823 2671 3010 2722 Ἔσται
3038 2671 3093 2721 ἐν
3119 2672 3236 2732 ταῖς
3267 2668 3516 2737 ἐσχάταις
3544 2666 3773 2737 ἡμέραις
3805 2668 3973 2736 ἐμφα·

2422 2765 2508 2826 νές
2543 2765 2601 2816 τὸ
2650 2763 2772 2833 ὅρος
2805 2761 3038 2831 Κυρίουο
3092 2763 3184 2813 καὶ
3214 2763 3240 2813 ὁ
3278 2756 3420 2823 οἶκος
3467 2757 3558 2810 τοῦ
3603 2757 3732 2809 Θεοῦ
3765 2759 3838 2826 (8)
3885 2759 3973 2809 ἐπ’

2420 2856 2598 2925 ἄκρων
2649 2855 2752 2906 τῶν
2807 2852 2992 2922 ὀρέων,
3059 2853 3150 2903 καὶ
3200 2851 3539 2921 ὑψωθήσεται
3571 2850 3818 2919 ὑπεράνω
3863 2849 3970 2900 τῶν

2422 2945 2638 3014 βουνῶν,
2688 2945 2779 2998 καὶ
2810 2944 3026 3014 ἥξουσιν
3057 2942 3143 2993 ἐπ’
3197 2943 3324 2994 αὑτὸ
3375 2941 3546 2993 πάντα
3584 2940 3651 2992 τὰ
3681 2940 3836 3010 ἔθνη·
3877 2942 3970 2992 καὶ

2421 3033 2768 3103 πορεύσονται
2818 3032 2943 3100 ἔθνη
2995 3029 3179 3091 πολλὰ,
3231 3031 3322 3082 καὶ
3369 3030 3581 3102 ἐροῦσι·
3628 3029 3803 3092 Δεῦτε,
3842 3032 3972 3084 ἀνα-

2419 3124 2598 3193 δῶμεν
2649 3127 2727 3185 εἰς
2775 3124 2834 3176 τὸ
2884 3123 3004 3193 ὅρος
3049 3120 3141 3172 τοῦ
3181 3122 3406 3192 Κυρίου,
3452 3122 3663 3182 καὶ,εἰς
3696 3119 3785 3172 τὸν
3823 3118 3970 3174 οἷκον

2421 3215 2512 3268 τοῦ
2569 3215 2700 3268 Θεοῦ
2757 3214 2977 3268 Ἰακώϐο
3041 3212 3133 3263 καὶ
3193 3212 3478 3279 ἀναγγελεῖ
3530 3214 3658 3281 ἡμῖν
3706 3211 3801 3280 τὴν
3852 3211 3970 3263 ὁδὸν

2419 3306 2600 3368 αὑτοῦ,
2655 3307 2744 3357 καὶ
2794 3302 3162 3374 πορευσόμεθα
3223 3303 3277 3353 ἐν
3325 3303 3494 3371 αὐτῇ·
3555 3302 3619 3353 ἐκ
3673 3300 3781 3370 γὰρ
3831 3302 3972 3354 Σιὼν

2419 3395 2749 3461 ἐξελεύσεται
2797 3395 2974 3463 νόμος,
3028 3394 3119 3446 καὶ
3164 3391 3316 3456 λόγος
3356 3391 3557 3461 Κυρίου
3603 3392 3658 3442 ἐν
3711 3391 3972 3461 Ἰερουσα-

2417 3488 2526 3556 λήμ
2551 3487 2646 3555 (9).
2685 3479 2792 3563 Καὶ
2820 3488 2990 3555 κρινεῖ
3015 3485 3115 3538 ἀνὰ
3149 3484 3307 3555 μέσον
3333 3483 3438 3535 τῶν
3467 3482 3653 3546 ἐθνῶν,
3680 3484 3770 3536 καὶ
3795 3489 3971 3555 κρινεί

2415 3579 2535 3631 λαὸν
2586 3576 2776 3630 πολύν·
2815 3577 2904 3628 καὶ
2954 3577 3277 3644 συγκόψουσι
3327 3577 3421 3638 τὰς
3471 3575 3739 3646 μαχαίρας
3787 3578 3968 3631 αὐτῶν

2421 3672 2496 3732 εἰς
2537 3669 2758 3740 ἄροτρα,
2791 3668 2882 3719 καὶ
2911 3667 3004 3727 τὰς
3032 3666 3246 3730 ζιϐύνας
3275 3667 3450 3719 αὑτῶν
3481 3668 3559 3728 είς
3579 3666 3839 3737 δρέπανα·
3874 3673 3968 3722 καὶ

2416 3761 2475 3812 οὑ
2532 3759 2748 3830 λήψεται
2796 3756 2942 3816 ἔθνος
2976 3757 3059 3806 ἐπ’
3107 3755 3252 3818 ἔθνος
3297 3758 3592 3828 μάχαιρανο
3651 3758 3744 3810 καὶ
3779 3759 3839 3810 ού
3891 3761 3966 3828 μὴ

2421 3852 2657 3922 μάθωσιν
2692 3850 2768 3904 ἔτι
2799 3849 3068 3917 πολεμεῖν.
3098 3866 3115 3896 ι
3151 3847 3221 3897 Τὸ
3251 3847 3305 3898 δὲ
3344 3849 3715 3920 παραπλήσιον
3757 3850 3965 3913 τούτοις

2415 3946 2582 4007 ὅλοις,
2620 3945 2708 3996 xu).
2739 3945 2800 4012 τῇ
2842 3942 2974 4008 αὐτῇ
3006 3937 3165 4000 λέξει,
3196 3938 3250 3988 ἐν
3278 3937 3351 4006 τῷ
3390 3939 3594 4009 Μιχαίᾳ
3634 3940 3801 4005 οὑτως
3846 3943 3965 3994 ἐστὶ

2420 4143 2741 4212 prehensus,
2776 4141 2826 4212 in
2877 4155 3090 4194 crucem
3133 4149 3289 4195 actus
3340 4148 3442 4194 est.
3496 4137 3808 4212 _Sed_neque
3850 4145 3958 4197 ulla

2423 4206 2610 4266 innlier
2640 4213 2688 4262 in
2717 4209 3017 4270 .Iudzeorum
3054 4213 3336 4279 synagogis
3366 4218 3457 4261 aut
3489 4206 3670 4278 ﬂagris
3696 4206 3831 4265 casa
3867 4224 3960 4266 aut

2420 4283 2684 4352 lapidibus
2719 4281 2951 4352 impetita
2978 4288 3076 4352 est.
3120 4279 3384 4348 Nusquam
3422 4280 3679 4352 profecto,
3718 4296 3816 4352 nec
3855 4298 3961 4334 uu-

2415 4367 2594 4421 quam.
2641 4350 2751 4421 lgmo
2797 4349 2951 4416 longe
2987 4349 3098 4421 alio
3127 4353 3314 4421 mortis
3345 4362 3540 4420 genere
3581 4351 3853 4406 interiisse
3882 4356 3960 4406 di-

2417 4418 2611 4476 cuntur
2645 4419 2925 4471 Montanus
2957 4429 3010 4470 et
3041 4418 3326 4472 Maximilla
3352 4418 3393 4471 ⁷»

2487 4487 2744 4566 (4)"!1115
2779 4489 3097 4566 Ῥωμαίοις.
3137 4488 3244 4566 Leu
3281 4491 3519 4566 Cjtstrius
3552 4491 3831 4566 legendtttrt
3868 4506 3960 4558 pu-

2418 4555 2511 4622 tat,
2544 4555 2665 4612 ’ὑπὸ
2695 4555 3066 4635 Βαϐυλωνίοις,
3125 4561 3263 4635 tsub
3307 4555 3633 4635 Babyloniis:
3661 4584 3678 4615 ›
3736 4555 3958 4635 Videtur

2420 4643 2593 4684 tamen
2628 4638 2773 4683 recte
2809 4628 3006 4681 dictum
3061 4629 3159 4683 sub
3188 4628 3442 4687 Romanis
3486 4635 3648 4688 fuisse
3690 4635 3822 4685 duas
3853 4633 3955 4683 tri-

2417 4703 2539 4762 bus,
2569 4709 2626 4754 ut
2655 4707 3028 4768 argumentum
3057 4703 3120 4754 sit
3171 4717 3187 4748 ι
3209 4714 3238 4750 a
3271 4704 3462 4757 minori
3496 4706 3559 4757 ad
3593 4706 3795 4768 majus:
3823 4719 3843 4752 ι
3878 4702 3957 4753 ui-

2419 4772 2633 4833 mirum,
2669 4772 2713 4822 si
2744 4770 2860 4822 duae
2887 4769 3056 4822 tribus
3090 4771 3188 4823 sub
3237 4769 3490 4827 Romanis
3519 4781 3718 4826 tantam
3747 4770 3953 4824 habue-

2395 4839 2525 4892 'rint
2553 4849 2891 4907 potestatem,
2925 4839 3090 4894 multo
3119 4841 3290 4907 magis
3318 4841 3500 4894 decem
3529 4841 3698 4892 tribus
3726 4839 3823 4892 sub
3855 4840 3956 4891 As-

2415 4909 3006 4978 syriis,geamdem,aut
3047 4910 3304 4978 majorem
3337 4909 3585 4965 habuisse
3627 4909 3952 4972 credendum

2414 4986 2517 5030 est.
2559 4977 2933 5034 Ws'rsumus.
3089 5003 3092 5008 ·

2506 5047 2558 5114 5)
2590 5049 2656 5114 _'Q
2684 5047 2767 5099 δέ.
2813 5045 3138 5114 Wetstenius
3174 5043 3361 5098 omisit
3411 5047 3729 5112 particulam
3759 5045 3834 5101 δέ.

2506 5049 2558 5114 5)
2603 5049 2654 5097 Ὀ
2684 5049 2767 5099 δέ.
2813 5049 3138 5100 Wetstenius
3174 5049 3361 5098 omisit
3411 5049 3729 5112 particulam
3759 5049 3834 5101 δέ.

2446 5049 2566 5235 (ﬁt)
2590 5111 2920 5207 Wetstenius
2946 5150 2960 5171 ,
2993 5114 3186 5180 ῥητῶν,
3220 5121 3272 5166 et
3297 5116 3451 5179 paulo
3483 5118 3662 5186 post,6
3689 5117 3840 5187 λόγος
3866 5120 3955 5172 αὑ-

2413 5199 2507 5249 της
2569 5181 2733 5249 ληθὴς
2758 5182 2830 5231 ὢν
2895 5182 3087 5232 οὑτωσὶ
3115 5181 3188 5244 δέ,
3223 5183 3382 5238 male.

2424 5199 2507 5252 της
2532 5199 2733 5249 αληυης
2758 5199 2858 5231 ων·
2895 5199 3087 5232 ουτωσι
3115 5199 3188 5244 οε,
3223 5199 3382 5238 male.

2483 5252 2556 5323 (7)
2595 5249 3054 5323 'I‘qw’ytpwioxsc
3079 5265 3169 5323 σε.
3203 5253 3254 5323 In
3276 5256 3496 5321 epistola
3517 5255 3753 5311 Africani
3779 5257 3949 5320 deest,

2414 5320 2501 5402 σε,
2539 5320 2587 5374 et
2621 5320 2823 5402 abesse
2848 5334 3057 5388 quoque
3091 5322 3190 5376 huc
3237 5320 3356 5378 loco
3392 5336 3568 5395 potest
3611 5329 3730 5383 sine
3757 5343 3951 5382 sensus

2411 5392 2707 5458 dispendio.
3393 5392 3407 5395 ’

2482 5461 2556 5529 (8)
2605 5458 2770 5511 Θεοῦ.
2831 5455 2979 5510 Unus
3027 5459 3191 5514 codex
3243 5477 3341 5518 ms.
3393 5464 3616 5529 Κυρίου.
3689 5464 3806 5518 Mox
3853 5465 3949 5515 Al-

2411 5531 2508 5611 dus
2558 5529 2642 5582 ἐπ’
2687 5529 2873 5599 ἄκρου,
2931 5539 2985 5580 et
3039 5531 3192 5595 paulo
3245 5543 3382 5599 post,
3433 5529 3648 5605 ἥξουσιν
3703 5535 3759 5585 ἐν
3810 5533 3946 5605 αὐτῇ

2411 5617 3259 5751 739312214“.merentis:
3309 5671 3450 5751 nem
3482 5674 3636 5751 Paul?
3654 5671 3952 5751 ,ρρειηέξρρ

2615 5739 2738 5793 λαὸν
2773 5738 2976 5794 πολύν(
3006 5738 3556 5807 ϐοαοίϐιιείιοουεῖε,
3584 5741 3785 5812 ἐλέγξει
3819 5738 3948 5802 λῶν
4009 5769 4014 5772 ·
