4140 6306
1424 388 1761 446 EPISTOLA
1793 390 1885 445 AD
1922 389 2350 448 GllEGORlUM.

3388 398 3461 456 ω

229 496 424 561 πτίους
462 501 512 552 οἱ
540 500 647 553 υἱοὶ
700 502 1018 573 Ἰσραὴλ,τὰ
1052 506 1109 556 ἐν
1142 506 1255 567 τοῖς
1288 506 1465 573 ἁγίοις
1486 492 1784 576 τῶν”άγίωι

1900 520 2025 564 sunt
2061 526 2183 580 qua:
2236 510 2289 563 in
2317 507 2536 564 Sanctis
2582 517 2891 563 sanctorum
2937 518 3126 579 erant,
3170 526 3295 569 arca
3332 530 3459 574 cum

226 587 699 641 κατεσκεύασται·
731 593 764 659 ἡ
795 591 1023 655 κιϐωτὸς
1055 593 1193 663 μετά
1209 592 1301 647 τοῦ
1325 594 1677 666 ἐπιθέματος,
1707 599 1799 651 καὶ

222 675 295 727 τὰ
318 678 609 748 χερουδὶμ,
630 681 723 733 καὶ
744 680 803 732 τὸ
828 680 1148 752 ἱλαστήριον,
1174 684 1314 754 καὶὴ
1338 686 1510 756 χρυσῆ
1545 687 1797 757 στάμνος,

222 768 283 818 ἐν
382 769 726 824 άπέκειτοτδ
753 771 948 842 μάννα,
971 772 1078 829 τῶν
1106 775 1352 843 ἀγγέλων
1379 780 1407 829 ὁ
1430 776 1801 848 ἇρτος.Ταῦτα

222 858 327 927 μὲν
380 854 476 913 οὖν
529 860 635 913 ἀπὸ
692 861 784 914 τοῦ
820 863 1100 919 καλλίστου
1139 864 1254 918 τῶν
1306 869 1612 935 Αἰγυπτίων
1657 871 1802 933 εἰκὸς

217 949 509 1016 γεγονέναι
540 952 741 1023 χρυσοῦ
764 972 776 985 ·
816 957 924 1010 ἀπὸ
949 957 1006 1010 δὲ
1038 958 1287 1030 δευτέρου
1334 960 1475 1023 τινὸς
1504 964 1632 1030 παρ’
1662 964 1802 1014 ἐκεί-

215 1057 311 1093 νον
341 1043 377 1111 ἡ
408 1044 603 1113 στερεὰ
621 1044 689 1097 δι’
713 1045 832 1098 ὅλου
858 1050 1029 1120 χρυσῆ
1057 1050 1266 1120 λυχνία,
1295 1052 1518 1122 πλησίον
1544 1053 1637 1106 τοῦ
1668 1055 1801 1106 ἐσω-

214 1132 387 1203 τὲρου
419 1136 932 1207 καταπετάσματος,
961 1142 1054 1193 καὶ
1080 1143 1127 1193 οἱ
1160 1144 1247 1194 ἐπ’
1276 1143 1445 1213 αὐτῆς
1473 1144 1673 1214 λύχνοι,
1706 1146 1797 1198 καὶ

214 1225 254 1290 ἡ
284 1225 469 1295 χρυσῆ
501 1226 747 1298 τράπεζα
780 1230 864 1299 ἐφ’
891 1226 959 1303 ἦς
986 1227 1122 1302 ἦσαν
1165 1235 1215 1285 οἱ
1265 1233 1419 1305 ἄρτοι
1466 1236 1566 1305 τῆς
1600 1236 1796 1307 προθέ-

217 1333 386 1382 σεως,
421 1319 517 1371 καὶ
554 1321 758 1389 μεταξὺ
803 1323 1125 1396 ἀμφοτέρων
1168 1327 1227 1379 τὸ
1260 1328 1492 1398 χρυσοῦν
1531 1329 1794 1401 θυμιατή-

217 1427 361 1481 ριον.
399 1412 461 1464 Εἰ
510 1411 569 1465 δέ
608 1430 692 1476 τις
742 1410 811 1485 ἦν
848 1418 1030 1488 τρίτος
1058 1421 1151 1473 καὶ
1188 1420 1443 1492 τέταρτος
1476 1424 1690 1494 χρυσὸς,
1739 1424 1796 1489 ἐξ

213 1500 431 1554 ἐκείνου
477 1503 907 1568 κατεσκευάζετο
933 1508 1002 1573 τὰ
1042 1509 1207 1581 σκεύη
1250 1510 1316 1563 τὰ
1350 1512 1507 1580 ἅγια,
1560 1514 1652 1566 καὶ
1690 1515 1797 1567 ἀπὸ

209 1592 463 1665 ἀργύρου
510 1594 566 1646 δὲ
594 1595 889 1663 Αἰγυπτίου
941 1597 1076 1652 ἄλλα
1122 1601 1347 1668 ἐγίνετο.
1401 1604 1487 1655 Ἐν
1540 1605 1796 1677 Αἰγύπτῳ

208 1686 326 1757 γὰρ
362 1686 757 1758 παροικοῦντες
801 1691 849 1741 οἱ
898 1689 1003 1741 υἱοὶ
1061 1691 1295 1764 Ἰσραὴλ,
1346 1693 1501 1747 τοῦτο
1541 1697 1649 1748 άπὸ
1698 1693 1795 1767 τῆς

210 1780 338 1831 ἐκεῖ
369 1779 662 1850 παροικίας
690 1781 1070 1852 κεκερδήκασι,
1106 1784 1165 1836 τὸ
1202 1786 1500 1857 εὐπορῆσαι
1531 1787 1793 1858 τοσαύτης

1901 601 2176 671 operculo,
2204 600 2506 667 cherubim,
2540 601 2996 670 propitiatorium,
3020 612 3077 658 et
3097 619 3231 664 urna
3268 620 3454 674 aurea,

1902 693 1956 746 in
2003 708 2106 760 qua
2156 692 2447 761 repositum
2502 700 2620 747 erat
2655 708 2874 758 manna,
2917 695 3072 761 panis
3116 697 3460 767 angelorum.

1902 783 2026 838 Haec
2071 784 2231 853 igitur
2258 800 2323 837 ex
2371 784 2573 853 Optimo
2604 782 2981 853 Egyptiorum
3028 802 3160 842 auro
3210 790 3458 845 confecta

1904 876 2069 932 fuisse
2089 874 2385 928 verisimile
2415 884 2533 939 est;
2584 887 2614 927 e
2646 874 2880 941 quodam
2911 887 3090 930 autem
3137 880 3457 934 secundario

1902 966 2020 1021 auri
2072 976 2266 1033 genere
2319 963 2547 1016 solidum
2599 961 2982 1017 candelabrum
3037 966 3196 1034 plane
3234 983 3457 1023 aureum

1902 1071 2066 1126 prope
2101 1055 2328 1109 interius
2367 1053 2565 1117 velum,
2601 1062 2655 1107 et
2705 1054 2957 1108 lucernas
3000 1058 3098 1123 ipsi
3151 1059 3457 1128 impositas,

1900 1155 1955 1203 et
1992 1160 2233 1201 mensam
2263 1158 2479 1198 auream
2524 1142 2575 1196 iu
2606 1158 2711 1211 qua
2741 1153 2897 1197 erant
2932 1159 3099 1212 panes
3132 1150 3462 1217 propositio-

1899 1243 2004 1309 nis,
2042 1250 2095 1296 et
2145 1241 2285 1294 inter
2318 1247 2604 1306 utrumque
2639 1238 2971 1292 thuribulum
3022 1254 3265 1293 aureum.
3303 1241 3459 1307 Quod

1900 1333 1945 1387 si
1982 1332 2196 1386 tertium
2221 1339 2277 1386 et
2298 1339 2549 1399 quartum
2580 1329 2794 1400 aliquod
2841 1345 3034 1384 aurum
3079 1331 3200 1399 fuit,
3250 1348 3320 1386 ex
3368 1333 3460 1387 ilio

1899 1424 2127 1478 conﬂata
2166 1430 2297 1493 sunt
2343 1436 2469 1476 vasa
2516 1436 2690 1485 sacra,
2728 1430 2781 1475 et
2810 1434 2878 1475 ex
2933 1434 3157 1493 argento
3202 1423 3460 1495 Egyptio

1899 1520 2001 1573 alia
2036 1517 2281 1572 confecta
2323 1526 2467 1573 sunt.
2508 1514 2798 1586 Egyptum
2842 1516 2985 1569 enim
3034 1519 3331 1575 incolentes
3365 1519 3461 1575 ﬁlii

1897 1610 2060 1664 Israel
2092 1610 2142 1663 id
2192 1625 2256 1664 ex
2308 1609 2397 1663 illa
2434 1610 2767 1664 habitatione
2801 1606 2937 1681 lucri
2989 1618 3365 1678 teportarunt,
3397 1620 3460 1666 ut

1900 1711 2007 1754 tam
2042 1702 2276 1771 pretiosa
2330 1702 2554 1755 materia
2596 1703 2935 1757 abundarent
2981 1702 3048 1755 ad
3078 1703 3246 1756 divini
3281 1703 3460 1758 cultus

1898 1806 2073 1845 usum.
2107 1791 2148 1844 Ε
2178 1792 2419 1846 vestibus
2453 1800 2629 1845 autem
2659 1790 3037 1863 Egyptiorum
3068 1791 3256 1848 eﬂ‘ecta
3280 1793 3460 1851 fuisse

207 1866 349 1939 ὕλης
381 1869 567 1939 τιμίας
600 1871 679 1932 εἰς
706 1870 775 1923 τὰ
806 1873 1054 1943 χρήσιμα
1094 1874 1193 1943 τῆς
1221 1875 1471 1945 λατρείας
1504 1877 1596 1931 τοῦ
1634 1856 1784 1931 Θεοῦ.

1897 1881 2154 1936 credibile
2202 1892 2323 1946 est,
2379 1856 3114 1954 qtttecunquevindiguerunt
3151 1898 3335 1955 opere,
3400 1894 3459 1940 ut

216 1957 360 2013 Ἀπὸ
393 1960 451 2012 δὲ
499 1963 795 2058 Αἰγυπτίου
846 1964 1138 2035 ἱματισμοῦ
1187 1968 1331 2031 εἰκὸς
1381 1970 1659 2039 γεγονέναι
1694 1971 1793 2024 ὅσα

210 2049 415 2123 ἐδεήθη
442 2052 641 2122 ἔργων,
676 2049 751 2116 ὥς
776 2054 1055 2125 ὠνόμασεν
1103 2058 1135 2127 ἡ
1181 2057 1390 2130 Γραφὴ,
1425 2062 1790 2130 ραφιδευτῶν,

201 2143 563 2213 συρράπτῶν,
614 2146 721 2197 τῶν
765 2148 1097 2218 ῥαφιδευτῶν
1127 2149 1262 2219 μετὰ
1303 2152 1492 2218 σοφίας
1528 2153 1685 2217 Θεοῦ,
1726 2155 1795 2208 τὰ

198 2233 389 2287 τοιάδε
423 2234 616 2305 ἰμάτια
668 2229 779 2299 τοῖς
806 2238 1024 2291 τοιοισδὶ
1045 2280 1059 2303 ,
1097 2240 1181 2293 ἵνα
1211 2240 1431 2311 γένηται
1466 2240 1533 2295 τὰ
1555 2260 1793 2296 καταπε-

197 2322 483 2394 τάσματα,
522 2326 616 2378 καὶ
652 2327 708 2379 αἱ
757 2326 918 2380 αὐλαὶ
961 2330 1017 2380 αί
1095 2331 1346 2401 ἐσωτέρω
1390 2334 1484 2386 καὶ
1521 2332 1785 2405 ἐξωτέρω.

198 2414 319 2466 Καὶ
383 2415 438 2467 τί
496 2432 561 2484 με
626 2416 739 2481 δεῖ,
798 2418 1041 2489 ἀκαίρως
1110 2422 1571 2491 παρεκϐαίνοντα,
1624 2442 1791 2477 κατα-

200 2504 499 2568 σκευάζειν
529 2509 612 2571 εἰς
641 2509 740 2561 ὅσα
769 2509 1012 2579 χρήσιμά
1034 2512 1147 2564 ἐστι
1172 2515 1283 2576 τοῖς
1307 2515 1441 2579 υἱοῖς
1484 2515 1696 2588 Ἰσραὴλ
1720 2517 1787 2570 τὰ

118 2642 130 2654 ,
194 2595 311 2647 ἀπὸ
341 2597 624 2665 Αἰγύπτου
676 2603 1210 2675 παραλαμϐανόμενα
1253 2602 1333 2669 οἷς
1359 2607 1642 2675 Αἰγύπτιοι
1689 2610 1787 2680 μὲν

196 2685 305 2738 οὐκ
331 2689 416 2750 εἰς
438 2689 557 2742 δέον
587 2692 846 2762 ἐχρῶντο,
894 2694 1133 2767 Ἑϐραῖοι
1172 2696 1229 2748 δὲ
1271 2697 1359 2750 διὰ
1399 2700 1497 2770 τὴν
1527 2700 1619 2752 τοῦ
1653 2700 1785 2752 Θεοῦ

197 2777 398 2846 σοφίαν
448 2783 531 2844 είς
575 2782 885 2839 θεοσέϐειαν
932 2790 1263 2861 ὲχρήσαντο;
1309 2785 1430 2843 Οἷδε
1481 2792 1583 2861 μέν
1631 2811 1709 2846 τοι
1750 2797 1782 2865 ἡ

193 2868 319 2922 θεία
352 2872 546 2943 Γραφὴ
594 2875 730 2945 πρὸς
774 2881 941 2930 κακοῦ
970 2881 1250 2948 γεγονέναι
1298 2883 1358 2934 τὸ
1395 2883 1503 2936 ἀπὸ
1536 2884 1636 2955 τῆς
1678 2887 1784 2956 γῆς

191 2959 307 3012 τῶν
337 2962 473 3015 υἱῶν
512 2965 728 3037 Ἰσραὴλ
773 2970 853 3031 εἰς
895 2971 1168 3039 Λίγυπτον
1210 2974 1661 3045 καταϐεϐηκέναι,
1695 2981 1783 3031 αἰ-

192 3053 519 3123 νισσομένη,
548 3057 630 3108 ὅτι
660 3059 770 3111 τισὶ
819 3060 955 3130 πρὸς
984 3063 1153 3116 κακοῦ
1182 3057 1391 3133 γίνεται
1424 3067 1483 3118 τὸ
1514 3071 1780 3141 παροικῆ-

196 3157 286 3193 sat
307 3145 425 3206 τοῖς
456 3146 795 3214 Αἰγυπτίοις,
824 3152 1071 3204 τουτέστι
1096 3157 1209 3217 τοῖς
1241 3155 1333 3207 τοῦ
1367 3156 1567 3226 κόσμου
1605 3158 1780 3229 μαθή-

194 3249 333 3302 μασι
366 3235 507 3304 μετά
549 3237 612 3288 τὸ
645 3239 987 3313 ἐγγραφῆναι
1038 3244 1115 3316 τῷ
1158 3247 1307 3317 νόμῳ
1349 3248 1441 3302 ¹τοῦ
1497 3250 1654 3316 Θεοῦ,
1688 3253 1781 3305 καὶ

194 3328 260 3397 τῇ
330 3325 698 3397 Ἰσραηλιτικῇ
748 3331 828 3392 εἰς
855 3331 1016 3385 αὑτὸν
1049 3334 1334 3407 Θεραπεία.
1385 3338 1545 3413 ’Ἄδερ
1581 3342 1712 3410 γοῦν
1752 3345 1781 3396 ὁ

200 3416 503 3488 Ἰδουμαῖος
522 3416 657 3488 (I6),
677 3419 799 3472 ὅσον
827 3421 925 3490 μὲν
952 3425 1008 3476 ὲν
1040 3428 1104 3495 τῇ
1136 3429 1205 3496 γῇ
1231 3427 1324 3479 τοῦ
1367 3429 1580 3503 Ἰσραὴλ
1597 3428 1683 3503 ἦν,
1705 3434 1779 3505 μὴ

198 3510 491 3579 γενόμενος
523 3511 630 3564 τῶν
658 3511 969 3581 Αἰγυπτίων
1009 3514 1208 3586 ἄρτων,
1242 3518 1434 3571 εἴδωλα
1483 3518 1545 3569 οὐ
1605 3537 1767 3574 κατε-

198 3599 491 3665 σκεύαζεν·
514 3602 605 3654 ὅτε
624 3602 683 3657 δὲ
701 3602 941 3675 ἀποδράς
962 3604 1057 3657 τὸν
1097 3605 1260 3674 σοφὸν
1287 3605 1606 3677 Σολομῶντα
1632 3627 1730 3662 κατ
1744 3640 1766 3651 -

201 3688 287 3759 ἕδη
348 3691 433 3752 εἰς
475 3692 771 3758 Αἴγυπτον,
809 3695 885 3759 ὡς
924 3695 1163 3765 ἀποδρὰς
1212 3697 1321 3750 ἀπὸ
1359 3698 1457 3769 τῆς
1500 3698 1594 3751 τοῦ
1636 3699 1770 3751 Θεοῦ

201 3779 409 3851 ιοφίας,
426 3783 695 3853 συγγενὴς
714 3785 902 3854 γέγονε
924 3788 1000 3858 τῷ
1015 3786 1213 3859 Φαραὼ
1227 3789 1407 3859 γήμας
1430 3788 1526 3859 τὴν
1546 3788 1775 3858 ἀδελφὴν

201 3873 288 3943 τῆς
314 3873 579 3941 γυναικὸς
607 3875 769 3929 αὑτοῦ
810 3879 903 3931 καὶ
952 3879 1276 3933 τεκνοποιῶν
1312 3881 1402 3933 τὸν
1445 3883 1772 3952 τρεφόμενον

203 3962 397 4028 ιεταξὺ
430 3963 540 4016 τῶν
577 3966 781 4019 παίδων
812 3970 905 4022 τοῦ
927 3971 1144 4042 Φαραώ.
1178 3971 1377 4042 Διόπερ
1402 3973 1448 4024 εί
1474 3972 1568 4025 καὶ
1600 3974 1770 4026 ἐπαν-

211 4056 452 4127 λήλυθεν
492 4060 575 4120 εἰς
627 4060 727 4129 τὴν
756 4059 859 4129 γῆν
897 4062 1130 4135 Ἰσραὴλ,
1164 4066 1255 4119 ἐπὶ
1282 4067 1342 4120 τὸ
1373 4065 1642 4137 διασχίσαι
1681 4067 1771 4120 τὸν

210 4147 311 4200 αδν
354 4147 452 4201 τοῦ
509 4148 644 4201 Θεοῦ
704 4151 1088 4224 ἐπανελήλυθε.
1140 4159 1237 4211 καὶ
1291 4159 1517 4230 ποιῆσαι
1576 4161 1771 4224 αὐτοὺς

211 4241 360 4293 ῐπεῖν
392 4240 487 4297 ἐπὶ
524 4244 589 4313 τῇ
621 4246 795 4314 χρυσῇ
839 4244 1101 4315 δαμάλει·
1137 4270 1155 4301 ι
1196 4246 1354 4305 Οὗτοί
1384 4255 1521 4307 είσιν
1554 4255 1614 4307 ,οἱ
1658 4253 1769 4307 θεοί

205 4347 306 4393 ου,
348 4332 664 4403 Ἱσραὴλ,,οἱ
698 4335 1068 4407 ἀναγαγόντες
1096 4356 1155 4392 σε
1188 4343 1253 4395 ἐκ
1284 4344 1385 4414 γῆς
1419 4345 1709 4412 Αἰγύπτου.
1743 4366 1761 4397 ι

207 4422 354 4491 ἱὰγὼ
394 4424 451 4477 δὲ
483 4429 548 4496 τῇ
591 4427 759 4499 πείρᾳ
792 4428 976 4498 μαθὼν
1018 4431 1223 4503 εἴποιμ’
1254 4436 1326 4508 ,ἄν
1372 4455 1475 4501 σοι,
1517 4439 1766 4494 ὄτισπά-

1895 1976 2139 2029 nominat
2186 1974 2486 2044 Scriptura,
2538 1990 2638 2030 acu
2688 1976 3023 2045 pingentium
3072 1987 3129 2033 et
3182 1992 3455 2034 consueu-

1896 2068 2053 2134 tium,
2085 2083 2183 2123 acu
2216 2069 2550 2139 pingentium
2580 2055 2701 2124 cum
2748 2070 2842 2124 Dei
2892 2072 3179 2139 sapientia,
3225 2073 3338 2128 haec
3366 2072 3459 2127 illa

1892 2161 2208 2216 vestimenta
2262 2163 2346 2215 his
2401 2161 2507 2215 illis
2558 2162 2765 2227 modis,
2825 2170 2885 2216 ut
2940 2160 3133 2218 ﬁerent
3185 2164 3457 2221 velamina

1892 2253 2139 2323 atriaque
2197 2253 2456 2308 interiora
2499 2263 2554 2309 et
2603 2254 2895 2308 exteriora.
2933 2254 3131 2309 Verum
3191 2257 3323 2326 quid
3373 2272 3459 2313 me

1892 2346 2085 2399 attinet
2124 2346 2497 2414 intempestiva
2528 2347 2865 2417 digressione
2905 2348 3179 2417 explicare
3226 2358 3360 2418 quot
3403 2360 3459 2405 et
3556 2392 3563 2396 .

1889 2445 2121 2502 quantos
2178 2450 2307 2489 usus
2376 2435 2638 2491 lsraelitis
2687 2438 3020 2505 praebuerint
3076 2438 3455 2510 Egyptiorum

1888 2525 2053 2595 spolia
2082 2525 2277 2594 quibus
2315 2526 2368 2579 hi
2405 2527 2544 2582 male
2588 2528 2911 2593 utebantur;
2952 2528 3163 2585 Hebraei
3196 2546 3327 2586 vero
3360 2530 3455 2585 Dei

1887 2618 2150 2687 sapientia
2200 2619 2428 2673 instituti
2480 2619 2547 2672 ad
2601 2618 2840 2673 divinum
2893 2623 3098 2675 cultum
3154 2622 3238 2677 usi
3292 2624 3456 2677 sunt?

1889 2712 2041 2767 Solet
2074 2721 2252 2766 tamen
2275 2711 2455 2766 divina
2486 2711 2769 2782 Scriptura
2796 2728 2827 2768 e
2855 2721 2999 2767 terra
3026 2713 3257 2768 filiorum
3285 2714 3455 2770 Israel

1888 2802 1938 2855 in
1974 2801 2260 2872 Egyptum
2288 2806 2604 2860 descensum
2636 2806 2688 2860 in
2720 2806 2878 2861 malis
2912 2821 3136 2875 ponere,
3167 2808 3328 2863 tacite
3358 2807 3447 2862 in-

1884 2909 2053 2949 nuens
2101 2895 2419 2965 quibusdam
2466 2897 2667 2951 malum
2714 2912 2834 2952 esse
2870 2899 3077 2952 versari
3126 2915 3249 2955 cum
3286 2900 3455 2970 Egy-

1883 2989 2030 3055 ptiis,
2088 2990 2191 3044 hoc
2238 2999 2343 3055 est,
2380 3006 2501 3045 cum
2555 2992 2737 3046 mundi
2793 2992 3116 3062 disciplinis,
3166 3002 3451 3063 postquam

1882 3080 1982 3150 legi
2019 3079 2111 3133 Dei
2156 3094 2347 3134 nomen
2403 3082 2672 3146 dederint,
2723 3092 2778 3137 et
2822 3083 3136 3138 Israeliticae
3184 3086 3235 3137 in
3284 3084 3454 3137 Deum

1881 3171 2094 3239 pietati.
2120 3171 2265 3225 Ader
2294 3181 2441 3227 certe
2466 3158 2799 3237 Idumteus“,
2832 3176 3072 3243 quandiu
3102 3175 3201 3230 fuit
3226 3177 3279 3230 in
3308 3185 3453 3232 terra

1882 3257 2069 3325 Israel,
2106 3274 2206 3315 nec
2246 3262 2489 3327 gustavit
2518 3261 2898 3332 Egyptiorum
2934 3280 3121 3335 panes,
3171 3266 3313 3323 idola
3345 3282 3452 3323 non

1882 3350 2178 3405 fabricatus
2212 3349 2474 3417 est;’cum
2507 3352 2635 3409 vero
2662 3372 2691 3410 a
2720 3357 2964 3426 sapiente
3012 3358 3306 3415 Salomone
3338 3375 3442 3413 au-

1881 3441 2089 3511 fugiens
2120 3443 2394 3498 descendit
2425 3446 2476 3498 in
2502 3445 2813 3516 IEgyptum,
2852 3448 2994 3503 velut
3032 3452 3241 3520 fugiens
3276 3467 3304 3505 a
3341 3452 3437 3506 Dei

1879 3534 2170 3602 sapientia,
2226 3550 2347 3588 cum
2388 3536 2670 3592 Pharaone
2721 3539 3037 3593 affinitatem
3087 3542 3229 3605 iniit,
3287 3545 3448 3596 ducta

1878 3624 2066 3677 uxoris
2101 3623 2269 3690 ipsius
2311 3639 2524 3689 sorore,
2576 3634 2630 3679 et
2662 3636 2947 3695 procreato
2992 3643 3059 3681 cx
3099 3643 3164 3682 ea
3201 3630 3311 3684 filio
3355 3632 3449 3699 qui

1878 3712 2020 3767 inter
2050 3712 2350 3768 Pharaonis
2400 3714 2602 3771 liberos
2650 3718 2919 3773 educatus
2969 3728 3073 3774 est.
3111 3720 3309 3786 Quare,
3344 3724 3445 3777 etsi

1876 3804 1931 3856 in
1969 3812 2167 3857 terram
2206 3802 2372 3859 Israel
2407 3821 2657 3865 reversus
2698 3818 2805 3875 est,
2858 3810 2913 3864 in
2952 3812 3005 3866 id
3038 3828 3291 3870 reversus
3338 3828 3439 3877 est,

1873 3904 1931 3948 ut
1979 3894 2071 3949 Dei
2122 3897 2377 3964 populum
2414 3899 2701 3965 divideret,
2735 3915 2909 3970 eoque
2952 3902 3234 3961 induceret
3264 3908 3333 3960 ἰιι
3378 3911 3444 3962 de

1874 4002 2037 4041 aurea
2066 3988 2232 4043 vitula
2261 3990 2467 4044 diceret
2502 4008 2516 4044 :
2559 4012 2577 4043 ι
2620 3991 2681 4045 Hi
2714 4005 2838 4047 sunt
2873 3994 2945 4047 dii
3001 3998 3096 4061 tui,
3130 3996 3320 4063 Israel,
3349 4000 3439 4070 qui

1870 4078 2175 4134 eduxerunt
2224 4091 2273 4136 te
2314 4083 2381 4137 de
2417 4092 2560 4137 terra
2613 4086 2827 4157 Egypti
2877 4086 2944 4146 ‘9.
3004 4108 3022 4141 ι
3067 4090 3145 4144 Ac
3178 4106 3275 4160 ego
3309 4108 3442 4147 sane

1871 4172 2203 4239 experientia
2236 4176 2427 4231 doctus
2462 4175 2843 4235 aﬂirmaverim
2892 4196 3096 4251 paucos
3146 4187 3437 4240 admodum

1870 4263 2101 4319 inveniri
2131 4266 2221 4335 qui
2272 4270 2543 4339 perceptis
2592 4270 2812 4344 Egypti
2865 4276 3210 4342 utilitatibus,
3255 4293 3322 4335 ex
3372 4294 3438 4335 ea

1867 4357 2074 4423 egressi
2104 4359 2232 4424 sint,
2268 4369 2323 4413 et
2352 4377 2471 4430 quae
2502 4366 2569 4417 ad
2605 4365 2697 4419 Dei
2734 4366 2938 4421 cultum
2966 4369 3260 4436 pertinent,
3298 4385 3436 4425 con-

1867 4450 2178 4517 stituerint;
2233 4456 2433 4511 multos
2464 4472 2594 4513 vero
2621 4474 2739 4515 esse
2778 4460 2924 4516 Ader
2953 4464 3174 4519 Idumaei
3213 4464 3434 4520 fratres.

211 4532 290 4577 ιος
325 4514 429 4585 μὲν
475 4517 506 4567 ὁ
540 4516 611 4570 τὰ
642 4520 907 4590 ’χρήσιμα
952 4521 1050 4592 τῆς
1099 4524 1375 4593 Αἰγύπτου
1417 4529 1615 4594 λαϐὼν,
1667 4530 1759 4582 καὶ

1882 4536 1926 4591 Ii
1982 4549 2108 4594 sunt
2154 4544 2249 4611 qui
2299 4560 2331 4599 e
2360 4544 2547 4602 Graeca
2580 4550 2813 4619 quadam
2877 4554 3096 4609 solertia
3146 4557 3437 4612 baereticas

210 4604 415 4671 ξελθὼν
476 4609 701 4682 ταύτηςς
748 4612 841 4665 καί¹
894 4617 1311 4686 κατασκευάσας
1361 4620 1427 4673 τὰ
1477 4621 1614 4691 πρὸς
1665 4620 1765 4691 τὴν

212 4696 437 4766 ατρείαν
461 4699 558 4751 τοῦ
584 4698 749 4754 Θεοῦ’
787 4702 951 4766 πολὺς
975 4702 1033 4755 δὲ
1071 4705 1100 4756 ὁ
1132 4704 1225 4757 τοῦ
1267 4708 1566 4780 Ἰδουμαίου
1600 4710 1763 4782 Ἀδερ

213 4786 426 4856 δελφός.
454 4784 615 4844 Οὗτοι
644 4792 701 4846 δέ
733 4795 869 4846 εἰσιν
896 4796 943 4847 οἰ
975 4795 1083 4848 ἀπό
1120 4814 1264 4860 τινος
1311 4798 1627 4873 Ἑλληνικῆς
1671 4805 1760 4858 ὲν-

210 4882 433 4949 ρεχείας
467 4884 721 4954 αἰρετικὰ
751 4888 1111 4959 γεννήσαντες
1142 4890 1418 4960 νοήματα,
1462 4895 1557 4946 καὶ
1601 4897 1761 4949 οἱονεὶ

209 4972 439 5043 ιμάλεις
466 4980 670 5046 χρυσᾶς
706 4981 1211 5045 κατασκευάσαντες
1247 4982 1305 5035 ἐν
1337 4985 1569 5057 Βαιθήλ’
1604 4989 1632 5041 ὃ
1664 4990 1754 5060 ἐρ-

216 5065 472 5136 ηνεύεται
495 5064 659 5136 οἶκος
696 5073 866 5129 Θεοῦ.
895 5076 1051 5128 Δοκεῖ
1074 5074 1129 5128 δέ
1167 5091 1258 5144 μοι.
1295 5076 1389 5128 καὶ
1429 5076 1519 5130 διὰ
1548 5081 1752 5133 τούτων

222 5155 386 5225 λόγος
419 5158 774 5226 αἰνίσσεσθαι,
802 5166 881 5217 ὅτι
911 5167 977 5220 τὰ
1006 5166 1110 5220 ἴδια
1135 5166 1530 5239 ἁναπλάσματα
1558 5170 1752 5242 ἀνέθη-

211 5264 274 5301 ιν
298 5250 427 5310 ταῖς
452 5249 693 5319 Γραφαὶς
720 5255 779 5308 ἐν
808 5250 896 5327 αἶς
920 5259 1061 5312 οἰκεῖ
1106 5258 1263 5323 λόγος
1291 5259 1446 5325 Θεοῦ,
1476 5264 1748 5334 τροπικῶς

213 5336 376 5408 nam
418 5339 798 5413 καλουμέναις.
852 5372 914 5401 ,υ
946 5370 975 5401 o
1016 5370 1143 5404 αΑΑυ
1177 5351 1509 5424 ἀνάπλασμα
1550 5355 1609 5407 ἐν
1641 5355 1747 5409 Δάν

212 5426 336 5519 ησὶν
377 5429 410 5480 ὁ
439 5428 611 5519 ,λόγος
653 5434 1048 5494 ἀνατεθεῖσοαι.
1095 5442 1200 5495 Τοῦ
1251 5444 1307 5497 δὲ
1356 5444 1463 5498 Δάν
1504 5446 1574 5500 τὰ
1626 5448 1748 5519 ὅρια

211 5517 455 5573 ελευταῖά
500 5521 637 5588 ἐστι,
675 5526 769 5577 καὶ
802 5529 966 5597 ἐγγὺς
1005 5532 1114 5586 τῶν
1157 5533 1385 5589 ἐθνικῶν
1426 5538 1623 5609 ὁρίων,
1662 5517 1748 5604 -ως

235 5636 285 5669 ⁸⁸
318 5636 386 5691 III
413 5634 552 5708 Reg.
600 5653 663 5701 tt,
703 5638 795 5695 Ν.
873 5643 919 5676 ⁸⁸
952 5647 1133 5705 Exod.
1160 5668 1325 5719 χχχιι,
1376 5656 1423 5710 ί.

1860 4628 2144 4696 opiniones
2192 4646 2498 4703 genuerunt.
2542 4649 2597 4694 et
2639 4657 2739 4695 ceu
2789 4641 2992 4697 vitulas
3021 4646 3284 4709 quasdam
3331 4663 3432 4700 au-

1861 4734 1984 4776 reas
2031 4722 2279 4781 fabricati
2326 4741 2453 4783 sunt
2503 4732 2555 4783 in
2612 4732 2819 4798 Bethel,
2867 4748 2987 4801 quae
3037 4736 3435 4803 interpretatur

1860 4813 2045 4867 domus
2086 4815 2206 4874 Dei.
2251 4818 2345 4872 llis
2379 4822 2508 4873 mihi
2556 4821 2662 4889 32
2706 4823 2921 4876 videtur
2963 4826 3126 4880 tacite
3174 4828 3430 4893 indicari,

1859 4919 1956 4957 sua
1988 4920 2081 4960 eos
2120 4918 2429 4962 commenta
2483 4910 2757 4989 aliiugtissc
2804 4916 3101 4986 Scripturis
3147 4918 3199 4971 in
3232 4919 3455 4997 quibus,

1863 4996 1954 5051 Dei
2006 5001 2227 5052 verbum
2285 5001 2511 5067 habitat,
2552 5016 2605 5057 et
2656 5022 2773 5074 quae
2828 5011 3036 5080 tropice
3084 5013 3430 5081 appellantur

1859 5085 2063 5141 Betbel.
2095 5088 2360 5143 Caeterum
2394 5093 2537 5148 aliud
2577 5096 2888 5163 ﬁgmentum
2940 5105 3017 5156 ait
3048 5104 3331 5173 Scriptura
3367 5106 3421 5158 in

1858 5178 1969 5232 Dan
2007 5182 2298 5247 repositum
2351 5183 2536 5241 fuisse.
2592 5188 2753 5245 Fines
2807 5209 2969 5261 porro
3020 5195 3132 5251 Dan
3188 5200 3415 5253 extremi

1857 5280 1982 5324 sunt
2011 5281 2063 5325 et
2102 5272 2150 5325 in
2198 5275 2435 5330 confinio
2467 5282 2729 5347 gemium,
2762 5294 2820 5338 ut
2849 5295 3062 5340 constat
3104 5304 3170 5341 ex
3209 5291 3274 5343 iis
3300 5305 3422 5357 qua:
3497 5314 3505 5320 θ

1855 5363 1908 5417 in
1946 5363 2083 5419 libro
2106 5364 2232 5420 Iesu
2270 5366 2413 5425 Nave
2442 5374 2641 5443 scripta
2674 5386 2823 5431 sunt.
2866 5378 3007 5433 Sunt
3034 5380 3199 5450 igitur
3238 5382 3420 5436 vicina

1857 5456 2050 5510 finibus
2077 5461 2317 5528 gentium
2351 5469 2597 5532 quaedam
2643 5484 2707 5522 ex
2756 5472 2823 5526 iis
2869 5470 3145 5539 figmentis
3187 5488 3328 5543 quae,
3357 5481 3417 5527 υι

1858 5549 2225 5618 exposuimus,
2255 5554 2447 5611 fratres
2476 5558 2619 5613 Ader
2651 5562 2941 5616 ﬁnxerunt.

233 5771 1215 5865 9935389.31°§;’:,f{_¥5011tea?0c,
1247 5799 1365 5865 εις.-
1393 5791 1737 5865 confundere

1882 5793 2088 5849 oboam.
2144 5794 2344 5851 Confer
2376 5806 2540 5865 caput
2583 5798 2927 5855 undecimum
2962 5800 3083 5855 libri
3114 5801 3255 5859 tertii
3286 5800 3391 5860 Rc-

206 5844 385 5900 tdetur
410 5844 516 5900 hoc
538 5844 659 5900 loco
687 5842 947 5917 Origenes
990 5842 1137 5911 Klter
1164 5842 1607 5919 seu-Adad‘cuui
1630 5842 1739 5919 ιεί

1849 5882 1971 5936 gum
2004 5882 2125 5923 cum
2162 5867 2397 5937 ejusdem
2432 5869 2553 5926 libri
2592 5871 2764 5939 capite
2790 5871 3125 5927 duodecimo.
