4140 6306
348 369 424 425 as
1209 336 1552 427 EXLIBRIS
1589 370 1904 430 ORIGENIS
1940 370 2026 426 os
2063 368 2650 426 RESURRECTIONE.
3456 373 3528 430 9t

347 477 489 532 riter
514 493 634 533 cum
661 481 836 536 anima
871 488 1301 553 persecutionum
1343 488 1592 540 toleravit
1616 501 1753 541 szeva
1781 496 1891 541 tor-
1921 493 1963 550 Α
1992 484 2208 554 praemia
2238 494 2622 553 consequatur,
2653 488 2919 553 quomodo
2958 501 3061 541 non
3093 493 3292 543 contra‘
3312 502 3527 544 omnem

350 576 555 632 menta,
574 585 852 626 carcerum
873 591 1084 644 quoque
1109 591 1171 629 ac
1192 578 1528 631 vinculorum
1545 586 1596 631 et
1611 578 1888 630 verberum

348 657 615 728 supplicia
647 664 887 730 pertulit,
931 666 1051 733 igne
1081 649 1247 718 etiam
1274 669 1599 733 cruciatum,
1627 667 1767 720 ferro
1792 681 1893 719 caa-

346 764 471 804 sum
521 762 626 818 est,
667 754 886 824 insuper
917 768 969 811 et
1002 757 1298 811 bestiarum
1348 770 1601 813 cruentos
1640 772 1886 818 morsus.

344 840 528 894 crucis
563 843 823 910 patibula,
867 861 930 900 ac
968 848 1178 911 diversa
1214 861 1490 917 pinnarum
1539 862 1733 917 genera
1763 863 1887 917 per--

345 944 567 998 pessum
597 942 702 998 est,
737 943 1005 989 tantorum
1034 941 1390 992 certaminum
1417 937 1888 1007 prtemiisdefrau-

344 1021 552 1075 detur?
597 1022 804 1092 Quippe
830 1028 874 1081 si
913 1028 1026 1083 sola
1066 1029 1240 1082 anima
1276 1044 1393 1097 quae
1429 1045 1534 1084 non
1566 1028 1676 1083 sola
1705 1036 1886 1082 certa-

341 1112 514 1176 verit,
551 1127 864 1180 coronetur,
891 1127 940 1172 et
976 1122 1215 1190 corporis
1254 1122 1334 1173 sui
1368 1119 1640 1173 vasculum
1673 1121 1813 1186 quod
1838 1118 1884 1169 ei

343 1215 470 1256 cum
498 1219 687 1274 magno
715 1206 896 1263 labore
926 1212 1167 1274 servivit,
1195 1211 1336 1264 nulla
1359 1212 1541 1279 agouis
1566 1219 1617 1264 et
1643 1211 1882 1264 victoria:

1997 573 2257 627 rationem
2288 588 2410 627 esse
2449 574 2669 628 videtur
2693 616 2707 642 ,
2742 584 2799 629 ut
2827 577 3159 632 naturalibus
3186 579 3336 633 vitiis
3364 586 3528 649 atque
3564 567 3570 573 ’

1995 663 2247 731 ingenitae
2301 662 2508 716 libidini
2547 674 2765 732 propter
2793 665 3064 720 Christum
3091 683 3218 721 caro
3249 669 3526 730 resistens,

1993 763 2047 806 et
2076 752 2436 820 virginitatem
2488 753 2740 808 obtinens
2787 771 2909 808 eum
2954 757 3152 825 ingenti
3197 758 3400 823 labore,
3440 761 3529 828 qui

1993 844 2338 898 continentia:
2401 844 2551 898 labor
2582 847 2764 913 utique
2791 854 2884 897 aut
2909 847 3078 916 major
3107 849 3349 917 corporis
3372 863 3528 917 quam

1993 935 2187 989 anisz
2214 945 2316 998 est,
2362 944 2456 987 aut
2500 945 2649 989 certe
2685 938 2963 1005 utriusque
2992 938 3214 1007 aequalis
3262 949 3361 1001 est,
3391 954 3528 1008 prte-

1995 1027 2499 1096 miorum'tempore
2525 1027 2692 1080 altera
2725 1027 2866 1080 velut
2887 1029 3102 1090 indigna
3134 1029 3424 1096 rejiciatur,
3454 1028 3533 1080 al-

1995 1128 2104 1169 tera
2129 1119 2306 1171 veniat
2338 1119 2400 1172 ad
2427 1118 2714 1172 coronam?
2741 1118 2870 1183 Quae
2895 1133 2979 1172 res
3010 1121 3127 1173 sine
3151 1120 3309 1173 dubio
3341 1129 3432 1172 aut
3450 1118 3533 1172 in-

1987 1207 2209 1274 justitiae
2235 1208 2461 1277 alicujus
2488 1209 2673 1275 Deum,
2698 1218 2788 1261 aut
2823 1209 3267 1276 impossibilitatis
3286 1216 3525 1262 accusat.

762 1409 868 1482 34
889 1403 998 1464 ΕΧ
1044 1406 1276 1467 LIBRO
1317 1405 1671 1467 SECUNDO
1714 1409 2081 1470 ORlGENlS
2125 1409 2228 1469 DE
2277 1410 2924 1470 RESURRECTIONE
2969 1408 3108 1488 (18).

417 1496 528 1554 Nos
555 1515 684 1556 vero
718 1511 836 1570 post
863 1506 1258 1572 corruptionem
1283 1508 1465 1560 mundi
1493 1509 1706 1561 eosdem
1743 1511 1884 1577 ipsos

351 1588 571 1644 futuros
601 1604 720 1644 esse
769 1593 1325 1659 hominesdicimus,
1378 1595 1504 1650 licet
1550 1614 1656 1651 non
1699 1599 1883 1652 eodem

341 1691 514 1744 statu,
556 1696 729 1750 neque
765 1685 816 1737 in
854 1685 1041 1739 iisdem
1077 1687 1442 1754 passionibus.
1471 1688 1584 1742 Non
1614 1691 1755 1744 enim
1783 1691 1884 1746 ite-

343 1788 467 1826 rum
493 1787 559 1828 ex
585 1776 935 1830 conventione
957 1777 1054 1830 viri
1078 1786 1132 1832 et
1155 1779 1391 1833 mulieris
1411 1789 1590 1845 erunt,
1623 1782 1713 1835 sed
1739 1783 1885 1837 verbi

342 1866 546 1934 gratia,
579 1878 640 1919 ea
699 1867 834 1920 ratio
889 1883 1004 1938 quae
1039 1870 1281 1923 continet
1334 1869 1479 1924 Pauli
1535 1873 1888 1927 substantiam

340 1953 524 2024 (Pauli
557 1965 733 2010 autem
764 1971 904 2011 nunc
933 1959 1054 2012 dico
1078 1958 1394 2028 corporalis)
1419 1959 1563 2014 salva
1591 1972 1884 2030 permanet;

341 2053 405 2099 et
423 2059 541 2099 cum
564 2045 788 2101 voluerit
809 2047 947 2102 Deus
968 2052 1260 2104 secundum
1285 2065 1346 2103 ea
1365 2066 1482 2119 qua:
1497 2052 1635 2106 dicta
1653 2061 1776 2106 sunt
1797 2069 1890 2124 per

343 2145 748 2192 sacramentum
778 2125 1027 2193 tubarum
1068 2142 1119 2194 in
1145 2141 1427 2196 novissima
1477 2143 1600 2196 tuba
1628 2141 1806 2199 facere
1835 2152 1892 2198 ut

343 2228 551 2281 mortui
578 2238 878 2297 resurgant,
901 2232 1156 2299 perillam
1184 2233 1350 2302 ipsam
1374 2232 1781 2288 substantialem
1808 2250 1890 2288 ra-

343 2319 551 2372 tionem
571 2334 690 2388 quae
711 2321 854 2374 salva
879 2335 1172 2390 permanet,
1198 2326 1262 2378 de
1292 2335 1446 2378 terrae
1479 2324 1698 2393 pulvere
1719 2327 1890 2379 susci-

343 2415 542 2462 tantur
577 2425 604 2461 a
638 2411 862 2466 mortuis
891 2427 954 2466 ex
987 2415 1234 2469 omnibus
1261 2415 1395 2470 locis
1445 2415 1478 2469 ii
1501 2416 1721 2485 quibus
1750 2417 1888 2471 ratio

344 2499 444 2554 illa
477 2500 789 2557 substantia:
815 2505 1111 2575 corporalis
1137 2506 1190 2560 in
1223 2507 1355 2575 ipsis
1405 2508 1722 2575 corporibus
1764 2522 1886 2576 per-

344 2592 640 2658 manebat,
673 2608 790 2661 qure
842 2595 893 2648 in
950 2605 1142 2649 terram
1180 2601 1424 2666 prolapsa
1477 2598 1564 2652 Dei
1620 2598 1888 2652 voluntate

342 2680 548 2734 iterum
600 2685 943 2738 suscitantur.
992 2687 1056 2740 Et
1084 2687 1183 2742 hoc
1237 2689 1468 2742 arbitror
1511 2702 1751 2741 asserere
1800 2702 1888 2740 vo-

343 2773 549 2828 lentem
602 2775 798 2828 dixisse
845 2778 1153 2843 Apostolum
1211 2778 1262 2830 in
1317 2780 1486 2846 prima
1536 2778 1768 2846 EpiSIola
1823 2778 1886 2830 ad

340 2862 682 2919 Corinthios.
735 2864 864 2918 Post
915 2869 1262 2921 assertionem
1298 2869 1439 2921 enim
1476 2869 1888 2927 resurrectionis

344 2965 712 3019 mortuorum,
744 2970 862 3008 cum
901 2959 1267 3024 proposuisset
1300 2957 1398 3011 sibi
1436 2971 1494 3009 ea
1522 2971 1639 3024 quae
1671 2967 1888 3024 possent

1991 1521 2321 1566 mortuorum
2349 1513 2413 1565 de
2443 1513 2545 1566 hoc
2566 1525 2789 1580 corpore
2818 1514 2889 1567 sit
2909 1514 3050 1583 quod
3077 1524 3338 1568 mortuum
3369 1512 3531 1570 relin-

1989 1602 2186 1666 quitur,
2204 1610 2402 1653 sancta:
2421 1599 2708 1668 Scripturae
2731 1601 2908 1654 multis
2924 1601 3092 1656 modis
3107 1604 3205 1656 hoc
3220 1603 3527 1660 ostendunt.

1921 1728 1961 1781 Β
1991 1687 2093 1741 Sed
2125 1698 2179 1742 et
2209 1689 2322 1756 ipsa
2357 1690 2458 1744 hoc
2490 1691 2696 1744 Domini
2731 1691 2906 1745 nostri
2936 1687 3058 1744 Jesu
3096 1690 3294 1745 Christi
3346 1707 3527 1748 resur-

1991 1783 2154 1836 recno
2176 1784 2433 1850 declarat,
2455 1787 2543 1853 qui
2563 1787 2946 1856 primogenitus
2964 1803 3028 1842 ex
3051 1790 3276 1844 mortuis
3306 1791 3526 1846 dicitur.

2058 1870 2185 1941 Post
2214 1875 2324 1927 lucc
2350 1876 2662 1944 quibusdam
2687 1892 2778 1943 per
2802 1877 3026 1930 medium
3059 1879 3215 1933 latius
3249 1881 3526 1948 disputatis

2446 1963 2636 2032 adjecit
2662 1966 2820 2028 etiam
2847 1967 2949 2018 ista
2976 1983 2994 2019 :

1991 2053 2142 2111 Sicut
2169 2056 2309 2110 enim
2337 2055 2453 2126 plus
2486 2058 2649 2111 habet
2679 2057 2853 2112 omnis
2878 2059 3218 2131 rationabilis
3239 2058 3416 2113 anima
3442 2059 3527 2114 his

1988 2161 2108 2215 qua:
2142 2148 2223 2200 vel
2254 2148 2554 2214 crescendi,
2585 2147 2666 2202 vel
2700 2149 2991 2215 nutriendi,
3025 2151 3108 2202 vel
3140 2161 3319 2206 motus
3362 2151 3527 2207 solius

1988 2239 2216 2293 ollicium
2275 2241 2530 2295 exhibere
2581 2241 2875 2294 dicuntur:
2921 2241 3001 2295 sic
3040 2257 3100 2295 ea
3135 2243 3272 2297 ratio
3322 2257 3439 2311 quae
3474 2243 3526 2295 in

1989 2327 2223 2382 humano
2266 2325 2490 2397 corpore
2527 2337 2627 2394 est,
2661 2327 2827 2381 multo
2857 2328 3088 2396 amplius
3120 2330 3313 2393 habet,
3367 2345 3526 2399 quam

1989 2431 2105 2484 quae
2137 2419 2188 2471 in
2233 2419 2451 2488 reliquis
2482 2431 2564 2476 cst
2596 2419 2942 2488 corporibus,
2979 2433 3042 2472 ex
3092 2433 3154 2472 eo
3182 2421 3322 2489 quod
3363 2422 3525 2474 etiam

1988 2524 2107 2561 cum
2135 2520 2439 2573 corruptum
2473 2510 2635 2563 fuerit
2657 2526 2855 2579 corpus
2884 2511 3195 2573 humanum,
3228 2509 3527 2564 subsistere

1990 2613 2198 2651 rursum
2231 2610 2406 2665 potest
2454 2599 2544 2652 Dei
2584 2601 2785 2654 virtute
2837 2609 3212 2654 conservatum
3261 2609 3315 2652 et
3348 2607 3523 2654 custoo

1987 2687 2156 2740 ditum
2189 2703 2355 2756 usque
2405 2691 2467 2742 ad
2507 2688 2921 2743 resurrectionis
2970 2705 3079 2743 suae
3114 2699 3343 2758 tempus.
3369 2689 3522 2754 Quod

1989 2789 2159 2830 autem
2197 2780 2498 2846 ubicunque
2530 2779 2711 2841 fuerit,
2747 2779 3083 2843 restituatur,
3110 2781 3159 2833 id
3185 2791 3264 2833 est
3288 2781 3352 2833 ab
3380 2780 3524 2833 onmi

1989 2869 2039 2921 in
2081 2882 2393 2941 quocunque
2426 2869 2659 2935 jacuerit
2693 2868 2831 2931 loco,
2864 2870 2934 2920 ita
2966 2870 3041 2920 ait
3070 2868 3309 2924 Joannes
3340 2872 3389 2922 in
3424 2871 3522 2923 Re-

1990 2959 2245 3010 vclatione
2296 2973 2430 3010 sua:
2479 2976 2496 3008 ι
2534 2958 2594 3011 Ει
2631 2958 2862 3011 reddidit
2919 2973 3066 3012 mare
3121 2970 3358 3011 mortuos
3387 2974 3524 3027 quos

341 3045 418 3097 ab
443 3045 565 3099 aliis
587 3047 747 3117 objici
778 3047 842 3100 de
871 3051 1266 3102 resurrectione
1291 3060 1642 3110 mortuorum,
1676 3047 1753 3100 sic
1775 3046 1882 3098 ait:
1915 3068 1953 3121 ρ
1991 3050 2214 3118 habebat
2248 3050 2294 3100 iu
2354 3063 2410 3102 se
2439 3089 2451 3110 ,
2505 3059 2559 3101 et
2606 3063 2748 3101 mors
2795 3056 2849 3099 et
2885 3046 3126 3101 infernus
3176 3047 3525 3102 reddiderunt

347 3153 368 3184 ι
413 3134 516 3189 Sed
561 3138 692 3192 dicit
740 3137 1276 3208 aliquis:Quomodo
1321 3147 1602 3209 resurgunt
1656 3138 1884 3191 mortui?

341 3224 470 3290 Quo
503 3237 678 3282 autem
715 3242 937 3296 corpore
969 3229 1220 3282 venient?
1251 3230 1442 3296 Stulte,
1475 3241 1526 3283 tu
1557 3228 1694 3298 quod
1727 3228 1885 3280 senti-

343 3332 452 3370 nas
475 3359 491 3383 ,
518 3334 618 3372 non
662 3319 980 3382 viviﬁcatur,
1013 3321 1114 3373 nisi
1163 3325 1312 3389 prius
1345 3325 1618 3376 moriatur.
1651 3320 1714 3373 Et
1745 3320 1884 3381 quod

339 3409 608 3475 seminas,
648 3425 752 3464 non
804 3411 943 3478 quod
978 3409 1215 3462 futurum
1249 3419 1332 3464 est
1385 3424 1577 3479 corpus
1614 3408 1843 3462 seminas
1867 3447 1882 3469 ,

341 3499 447 3554 sed
480 3501 678 3554 nudum
703 3516 948 3570 granum,
973 3511 1027 3553 nt
1053 3509 1177 3567 puta
1201 3499 1384 3562 tritici,
1419 3510 1508 3553 ant
1534 3498 1755 3566 alicujus
1783 3513 1885 3552 cm-

341 3599 609 3644 terorum.
645 3591 782 3646 Deus
804 3601 976 3644 autem
1009 3591 1097 3642 dat
1123 3592 1192 3644 illi
1222 3607 1420 3660 corpus
1446 3601 1600 3660 prout
1630 3591 1742 3643 vult
1763 3590 1828 3640 ⁸³.
1861 3610 1878 3642 ι

336 3681 478 3735 Cum
508 3684 648 3736 enim
691 3681 1130 3736 mzmifeStissime
1173 3685 1494 3739 ostendisset
1528 3685 1649 3751 quia
1684 3682 1878 3734 mortui

339 3784 657 3839 resurgunt,
687 3783 740 3826 et
789 3783 990 3827 certum
1030 3786 1174 3828 esset
1223 3775 1348 3843 quia
1408 3774 1657 3841 Salvator
1705 3781 1884 3825 noster

338 3851 469 3918 cum
508 3865 623 3929 ipso
673 3879 895 3933 corpore
957 3865 1249 3919 resurrexit
1299 3866 1438 3931 quod
1467 3873 1773 3933 susceperat
1820 3877 1882 3914 ex

286 3993 292 3997 -
338 3956 538 4018 Maria,
566 3971 666 4009 non
695 3967 870 4010 autem
904 3956 1036 4009 satis
1070 3956 1272 4009 clarum
1320 3966 1462 4010 esset
1511 3957 1774 4024 quomodo
1803 3970 1884 4007 re-

337 4047 642 4100 surrecturi
673 4057 856 4100 essent
881 4047 1084 4109 caeteri,
1111 4046 1190 4099 vel
1218 4045 1373 4112 quale
1400 4059 1595 4112 corpus
1614 4045 1880 4097 habituri:

335 4148 629 4207 comparat
699 4138 1148 4192 resurrectiOnem
1201 4136 1494 4190 seminibus
1543 4149 1660 4204 qua:
1722 4136 1882 4188 senii-

339 4238 549 4280 nantur
577 4229 627 4281 in
665 4238 826 4290 terra,
861 4235 918 4278 ut
954 4237 1078 4294 puta
1106 4238 1273 4295 grano
1300 4222 1574 4287 frumenti,
1600 4224 1740 4292 quod
1763 4241 1882 4278 cum

336 4318 601 4371 ceciderit
670 4319 722 4372 in
775 4327 1007 4382 terram,
1043 4319 1445 4386 corrumpitur;
1508 4318 1604 4369 sed
1665 4316 1884 4369 rationis

339 4409 494 4461 illius
530 4409 700 4461 virtus
729 4423 846 4476 qua:
878 4418 960 4461 est
993 4409 1148 4460 insita
1182 4409 1233 4460 in
1258 4408 1606 4461 interioribus
1635 4406 1749 4473 ejus
1777 4422 1885 4460 me-

338 4497 545 4563 dullis;
588 4497 698 4564 ipsa
741 4497 966 4551 rationis
1015 4497 1187 4549 virtus
1236 4509 1505 4566 assumpta
1555 4498 1881 4566 adjacentem

333 4591 449 4646 sibi
482 4599 697 4652 terram,
730 4572 812 4641 vel
857 4602 1010 4656 aqua}
1055 4588 1358 4652 humorem,
1383 4588 1476 4642 sed
1510 4598 1565 4641 et
1595 4588 1737 4641 aeris
1774 4588 1880 4640 cir-

334 4689 698 4736 cumstantem
753 4680 1063 4748 temperiem
1091 4717 1106 4742 ,
1137 4678 1329 4734 caloris
1369 4693 1583 4748 quoque
1617 4676 1881 4731 sullieien-

336 4785 451 4829 tem
500 4773 762 4841 recipiens
789 4772 1043 4835 fomitem,
1076 4785 1170 4838 per
1204 4768 1438 4823 divinam
1484 4771 1775 4838 potentiam
1826 4770 1876 4821 in

334 4879 542 4934 corpus
566 4862 724 4918 culmi
759 4864 838 4917 vel
885 4863 1045 4931 spira:
1071 4861 1346 4927 consurgit
1375 4882 1385 4913 :
1419 4869 1466 4914 et
1499 4861 1598 4914 hoc
1625 4869 1709 4914 est
1741 4861 1879 4928 quod

333 4956 479 5008 dicit
521 4970 535 5005 :
581 4971 599 5004 ι
629 4953 707 5007 Tu
756 4961 898 5022 quod
953 4953 1182 5006 seminas
1233 4968 1332 5005 non
1384 4951 1726 5012 vivificatur,
1781 4950 1879 5002 nisi

333 5046 498 5113 prius
528 5046 808 5098 moriatur.
837 5044 900 5097 Et
932 5046 1070 5112 quod
1098 5044 1351 5104 seminas,
1374 5056 1476 5094 non
1507 5055 1703 5109 corpus
1739 5043 1878 5108 quod

334 5133 589 5186 futurum
635 5141 750 5197 est,
795 5135 1051 5188 seminas.
1084 5153 1103 5186 ι
1161 5134 1293 5203 Ergo
1342 5133 1441 5186 hoc
1471 5133 1611 5201 quod
1645 5132 1791 5186 cadit
1822 5141 1880 5185 ut

329 5237 528 5281 semen
562 5223 612 5275 in
642 5234 838 5279 terram
874 5241 1068 5296 corpus
1097 5235 1364 5285 nostrum.
1391 5232 1760 5293 comparatum
1801 5234 1882 5277 PS!

328 5329 514 5388 grano
549 5313 822 5368 frumenti.

413 5405 718 5460 Etauertis
739 5406 819 5458 his
868 5421 958 5472 per
987 5404 1288 5473 hujusmodi
1319 5403 1741 5472 consequentiam
1770 5414 1883 5473 post

729 5484 896 5560 pauca
923 5489 1126 5546 addidit
1151 5493 1309 5546 etiam
1334 5491 1442 5546 hazc
1465 5503 1481 5540 :

327 5588 497 5660 Quod
529 5595 702 5642 autem
741 5583 917 5637 omnis
949 5583 1041 5636 illa
1082 5583 1443 5658 reprOmissio
1465 5583 1879 5637 resurrectionis

404 5703 456 5737 “
504 5703 520 5757 Ι
552 5703 769 5764 Cor.xv,
795 5699 866 5754 35
888 5713 1038 5768 seqq.
1113 5699 1157 5731 ⁸⁸
1185 5701 1473 5772 Δροοειι,
1507 5701 1592 5753 15.

413 5797 527 5868 (18)
554 5795 684 5851 Item
709 5810 772 5852 ex
803 5791 1048 5864 Apologia
1077 5791 1335 5864 Pamphili
1359 5809 1450 5863 pro
1482 5792 1721 5862 Origene.

1669 5700 1713 5730 '°
1743 5699 1759 5751 Ι
1784 5698 1906 5753 Cor.

1987 3140 2222 3193 nun-thus
2254 3156 2378 3193 suos
2405 3141 2493 3208 qui
2521 3149 2682 3193 erant
2724 3141 2778 3192 in
2806 3139 2886 3192 eis
2915 3139 2982 3192 ⁸⁸.
3015 3158 3032 3188 ι
3073 3139 3231 3192 Forte
3265 3141 3432 3206 enim,
3467 3151 3524 3192 ut

1986 3246 2085 3298 ego
2117 3244 2260 3298 puto,
2313 3245 2457 3281 mare
2506 3231 2592 3282 hic
2628 3245 2723 3297 pro
2755 3229 2975 3284 humido
2998 3232 3143 3285 omni
3199 3232 3520 3298 appellatum

1987 3333 2066 3373 est
2093 3323 2377 3382 elemento,
2406 3321 2651 3375 infernus
2682 3331 2857 3375 autem
2887 3336 2985 3390 pro
3015 3337 3172 3385 aere,
3217 3337 3360 3374 mors
3395 3336 3523 3374 vero

1987 3427 2082 3478 pro
2117 3423 2282 3464 terra.
2338 3411 2502 3477 Quasi
2552 3413 2835 3479 quamdam
2870 3426 3100 3479 namque
3153 3411 3522 3480 cognationem

1989 3505 2069 3554 his
2105 3504 2244 3554 inter
2294 3515 2352 3553 se
2397 3502 2622 3555 invicem
2658 3502 3001 3564 habentibus,
3057 3515 3252 3568 corpus
3283 3511 3522 3554 nosmnu

1986 3593 2257 3658 pulverem
2297 3592 2483 3643 mortis
2517 3599 2669 3643 vocat
2717 3590 2992 3656 Scriptura
3019 3630 3034 3653 ,
3071 3591 3152 3643 vel
3190 3601 3410 3654 terram,
3441 3591 3523 3641 vel

1985 3697 2179 3749 corpus
2229 3682 2436 3735 mortis.
2491 3680 2628 3733 Sane
2657 3680 2832 3748 qualis
2885 3678 3050 3732 fuerit
3102 3679 3518 3746 uniuscujusque

1985 3774 2308 3840 prreparatio
2331 3775 2380 3824 in
2412 3773 2512 3825 hac
2532 3772 2659 3836 vita,
2692 3771 2814 3823 talis
2834 3770 2935 3823 erit
2960 3780 3013 3822 et
3035 3773 3360 3824 resurrectio
3384 3774 3516 3837 ejus.

1985 3864 2081 3928 Qui
2115 3864 2319 3915 beatius
2343 3863 2428 3915 hic
2455 3863 2668 3926 vixerit,
2687 3877 2879 3930 corpus
2903 3860 3016 3928 ejus
3044 3863 3095 3914 in
3125 3865 3518 3916 resurrectione

1985 3955 2249 4006 diviniore
2279 3952 2559 4022 splendore
2590 3953 2832 4020 fulgebit,
2860 3963 2911 4004 et
2937 3962 3056 4021 apta
3088 3955 3136 4006 ei
3165 3957 3370 4008 mansio
3395 3955 3514 4006 ben-

1987 4054 2159 4097 torum
2192 4044 2458 4098 tribuetur
2499 4043 2764 4105 locorum;
2799 4042 2924 4096 huic
2967 4057 3093 4097 vero
3129 4045 3217 4111 qui
3278 4045 3329 4096 in
3370 4047 3522 4096 inali-

1987 4134 2057 4187 tia
2095 4134 2484 4203 consumpserit
2519 4143 2731 4200 tempus
2757 4133 2855 4187 sibi
2889 4135 3012 4188 vitae
3044 4137 3324 4204 praesentis
3351 4137 3523 4188 indul-

1987 4236 2095 4279 tum
2123 4266 2137 4290 ,
2180 4227 2285 4279 tale
2318 4225 2530 4277 dabitur
2569 4239 2762 4293 corpus
2795 4229 2936 4295 quod
2972 4227 3211 4282 suﬂicere
3243 4240 3294 4281 et
3328 4231 3518 4295 perdu-

1987 4328 2108 4365 rare
2141 4313 2505 4364 tantummodo
2532 4314 2701 4380 possit
2733 4314 2784 4366 in
2814 4317 3009 4382 ptenis.
3035 4316 3100 4370 Et
3131 4316 3362 4370 arbitror
3380 4318 3519 4385 quod

1914 4392 1958 4444 Ῑ)
1990 4404 2123 4456 hanc
2154 4401 2509 4455 differentiam
2543 4403 2730 4459 volens
2761 4409 3048 4462 ostendere
3083 4408 3280 4461 Paulus
3306 4417 3520 4475 aposto-

1985 4493 2067 4546 lus
2095 4492 2259 4546 dicit:
2317 4512 2336 4545 ‹
2366 4481 2639 4548 Αιίειέδτο
2675 4496 2985 4550 animalium
3013 4537 3028 4562 ,
3068 4497 3168 4550 alia
3203 4498 3476 4550 volucrum
3501 4536 3517 4558 ,

1985 4583 2087 4637 alia
2121 4585 2344 4652 piscium
2373 4585 2438 4650 ⁵⁸,
2479 4603 2497 4636 ι
2526 4594 2580 4639 et
2601 4597 2805 4640 caetera
2839 4604 2957 4654 quae
3003 4588 3335 4642 enumeravit
3377 4589 3522 4654 Apoc
3572 4638 3576 4639 ,

1984 4673 2170 4727 stolus.
2197 4674 2304 4729 Sed
2324 4676 2459 4729 sicut
2481 4691 2583 4729 non
2606 4685 2685 4728 est
2705 4678 3015 4741 putandum,
3040 4678 3181 4743 quod
3207 4669 3517 4729 animalium

1984 4781 2181 4834 corpus
2209 4777 2524 4835 accepturus
2555 4767 2626 4819 sit
2666 4776 2936 4833 peccator,
2969 4777 3062 4818 aut
3092 4766 3396 4828 volucrum,
3425 4778 3519 4819 aut

1984 4859 2231 4926 piscium,
2262 4860 2340 4912 sic
2392 4873 2564 4926 neque
2605 4857 2734 4910 solis
2777 4865 2868 4908 aut
2922 4856 3080 4920 lunae,
3121 4865 3214 4908 aut
3241 4856 3515 4910 stellarqu

1988 4951 2211 5006 formam
2241 4950 2556 5020 sperandum
2589 4956 2672 5001 est
2700 4948 2944 5016 accipere
2977 4962 3069 5000 eos
3104 4947 3197 5015 qui
3231 4955 3518 5014 resurgeut

1984 5050 2035 5102 in
2072 5049 2271 5118 gloria;
2325 5037 2423 5098 sed
2460 5043 2688 5112 exempli
2742 5057 2902 5098 causa
2951 5042 3090 5095 dicta
3147 5056 3268 5096 esse
3305 5041 3416 5093 hrec
3453 5039 3518 5089 ab

1985 5139 2239 5210 Apostolo
2281 5135 2612 5190 sentiendum
2667 5145 2783 5200 est,
2840 5145 2898 5188 ut
2929 5135 3233 5202 designetur
3283 5146 3377 5199 per
3404 5131 3514 5184 haec

1987 5231 2124 5300 quod
2148 5229 2233 5282 alii
2252 5242 2346 5294 pro
2368 5225 2573 5280 meritis
2603 5226 2712 5279 suis
2739 5227 3158 5280 honorabiliores
3183 5232 3236 5276 et
3257 5223 3516 5274 clariores

1984 5327 2170 5383 erunt,
2202 5318 2439 5373 beatiora
2469 5330 2684 5384 quoque
2737 5315 3042 5370 habitacula
3076 5311 3350 5368 sortituri:
3385 5309 3525 5360 alio--

1984 5425 2097 5462 rum
2129 5423 2254 5462 vero
2287 5407 2689 5476 indignissimus
2735 5415 2792 5458 et
2838 5403 3229 5472 abiectissimus
3281 5413 3375 5467 pro
3424 5413 3518 5467 go-

1979 5505 2176 5547 storum
2204 5495 2405 5548 scelere
2440 5496 2546 5548 erit
2576 5501 2770 5557 status,
2797 5493 2885 5560 qui
2914 5493 3071 5546 etiam
3105 5489 3270 5544 mutis
3307 5489 3514 5541 anima-

1981 5583 2119 5638 libus
2150 5585 2343 5655 dignus
2373 5588 2442 5641 sit
2476 5587 2795 5656 comparari.

1937 5700 2125 5766 xv,2’"

2109 5788 2126 5807 ἱ
