4140 6306
675 401 744 458 95
2074 392 2494 450 FRAGMENTA
3825 393 3899 453 θα

1297 483 1670 574 ORIGENIS
1699 508 2266 584 FRAGMENTUM.
2288 514 2392 574 DE
2421 501 3075 576 RESURRECTIONE
3110 509 3258 593 (ιο).

746 611 852 682 35
889 612 959 668 De
991 611 1190 667 Lazaro
1236 625 1292 668 et
1322 615 1388 667 de
1425 615 1594 667 divite
1624 613 1857 667 dubitari
1887 623 2080 680 potest,
2108 629 2229 666 cum
2261 619 2304 676 Α

2261 619 2304 676 Α
2401 615 2536 686 Περὶ
2577 615 2667 668 τοῦ
2712 614 2957 685 Λαζάρου
3008 612 3099 666 καὶ
3150 611 3240 664 τοῦ
3281 609 3530 666 πλουσίου
3577 609 3895 681 ἀπορεῖσθαι

673 703 1034 770 simpliciores
1078 704 1194 758 han:
1245 705 1318 756 ita
1363 705 1500 756 dicta
1547 718 1667 756 esse
1721 703 2031 774 existiment
2074 703 2228 770 quasi

2330 705 2547 759 δύναται
2567 722 2580 736 ο
2605 705 2709 758 τῶν
2751 706 2848 776 μὲν
2875 704 3254 776 ἁπλουστέρων
3289 703 3402 773 (20)
3438 702 3697 772 οἰομένων
3727 700 3899 756 ταῦτα

671 793 836 850 ambo
883 810 1006 850 cum
1053 796 1372 866 corporibus
1412 795 1571 864 digna
1607 795 1676 849 iis
1711 809 1831 862 quae
1867 795 1920 848 in
1961 798 2071 850 vita
2104 809 2228 865 ges-

2329 797 2596 867 λελέχθαι,
2627 797 2702 861 ὡς
2743 797 3062 868 ἀμφοτέρων
3099 796 3233 866 μετὰ
3269 794 3372 848 τῶν
3396 793 3659 864 σωμάτων
3684 793 3896 865 λαμϐα-

669 889 867 951 serint,
901 888 1120 957 praemia
1148 886 1444 954 recipiant;
1471 887 1504 940 ii
1536 896 1719 954 autem
1744 875 2231 960 qui‘accuratiores

2330 888 2525 940 νόντων
2571 889 2639 940 τὰ
2688 888 2814 954 ἄξια
2855 888 2961 941 τῶν
3007 888 3084 958 τῷ
3115 888 3213 957 βίῳ
3243 886 3677 957 πεπραγμένωνθ
3705 886 3810 939 τῶν
3835 886 3891 940 δὲ

670 990 817 1045 sunt,
847 981 1101 1052 quoniam
1155 991 1276 1050 post
1323 981 1778 1035 resurrectionem
1813 979 1995 1034 nullus
2028 981 2083 1034 in
2123 982 2228 1034 vita

2329 978 2730 1050 ἀκριϐεστέρων
2756 979 2885 1050 (2|),
2909 980 3030 1032 ἐπεὶ
3049 979 3182 1048 μετά
3205 976 3300 1047 τὴν
3320 976 3611 1029 ἀνάστασιν
3637 975 3808 1039 οὐδεὶς
3830 977 3889 1029 ὲν

670 1073 1024 1142 relinquitur,
1072 1073 1183 1127 haec
1228 1072 1280 1127 in
1340 1073 1743 1128 resurrectione
1784 1073 2078 1144 contigisse
2122 1088 2226 1140 non

2330 1068 2429 1139 βέῳ
2477 1071 2881 1134 καταλείπεται,
2927 1072 3025 1124 οὐκ
3068 1073 3124 1123 ὲν
3168 1072 3232 1139 τῇ
3285 1068 3590 1122 ἀναστάσει·
3630 1068 3893 1139 οἰομένων

665 1174 888 1234 putent;
921 1166 1051 1220 dicit
1079 1165 1219 1218 enim
1249 1164 1401 1220 dives
1432 1181 1446 1218 :
1477 1183 1495 1218 ι
1522 1165 1706 1220 llabeo
1734 1167 1976 1234 quinque
2001 1163 2224 1218 fratres.

2325 1162 2498 1217 ταῦτα
2540 1165 2848 1233 γεγονέναι·
2882 1163 3027 1232 λέγει
3061 1164 3166 1232 γάρ
3196 1165 3224 1215 6
3255 1160 3522 1224 πλούσιος,
3555 1161 3636 1215 ὃτι
3697 1161 3891 1215 «πέντε

666 1255 744 1311 Ne
760 1267 811 1312 et
829 1241 928 1326 ipsi
964 1258 1180 1312 veniant
1206 1257 1256 1311 in
1288 1257 1462 1312 locum
1484 1257 1628 1311 hunc
1647 1265 2062 1318 tormentorum,
2078 1256 2229 1309 mitte

2326 1253 2583 1323 ἀδελφοὺς
2610 1255 2736 1326 ἔχω,
2767 1256 2858 1308 καὶ
2884 1257 2966 1308 ἵνα
2995 1255 3068 1325 μὴ
3091 1253 3311 1306 ἔλθωσιν
3346 1255 3425 1317 εἰς
3448 1253 3538 1306 τὸν
3568 1253 3732 1307 τόπον
3761 1253 3891 1307 τοῦ-

665 1345 928 1402 Lazarum
975 1349 1064 1417 qui
1119 1349 1328 1402 nuntiet
1368 1350 1498 1417 ipsis
1541 1364 1661 1417 qua:
1715 1348 1804 1402 hic
1855 1346 2078 1412 ﬁunt";
2112 1367 2131 1401 ι
2174 1358 2229 1403 et

2324 1360 2416 1396 τον
2437 1344 2538 1414 τῆς
2565 1343 2818 1414 βασάνου,
2845 1345 3056 1415 πέμψον
3083 1343 3330 1416 Λάζαρον
3354 1345 3765 1415 ἀπαγγέλλοντα
3795 1347 3896 1400 αὒ-

662 1453 761 1505 per
790 1440 903 1494 hare
939 1451 1187 1510 quaerant
1233 1441 1493 1511 linguam,
1529 1439 1782 1508 digitum,
1830 1439 2009 1492 sinum
2043 1440 2225 1494 Abra-

2323 1437 2435 1500 τοῖς
2467 1437 2534 1490 τά
2565 1435 2794 1490 ἐνταῦθα
2819 1453 2830 1466 ο
2857 1455 2875 1488 ι
2919 1437 3013 1489 καὶ
3061 1435 3146 1490 διά
3197 1436 3401 1490 τούτων
3447 1436 3586 1506 ξητο·
3617 1454 3752 1492 ντων
3790 1437 3897 1509 τὴν

661 1528 765 1596 hae,
791 1542 847 1586 et
882 1533 1212 1586 recuhitum.
1249 1533 1316 1586 Et
1345 1530 1485 1596 forte
1518 1530 1610 1584 illa
1651 1543 1772 1600 quae
1815 1529 2013 1583 animze
2039 1543 2071 1584 e
2097 1543 2226 1584 cor-

2299 1537 2305 1542 '
2322 1525 2589 1595 γλῶσσαν,
2610 1527 2805 1580 καὶτὸν
2827 1527 3103 1589 δάκτυλον,
3118 1528 3342 1590 καὶτοὺς
3356 1527 3587 1591 κόλπους
3618 1529 3891 1601 Ἀϐραάμ,

659 1637 790 1692 pore
823 1623 1122 1694 egredienti
1168 1623 1354 1678 Statim
1407 1622 1607 1694 obtigit
1660 1623 1851 1693 ﬁgura,
1901 1634 2020 1690 quae
2057 1621 2222 1675 etiam

2321 1617 2415 1671 καὶ
2439 1617 2537 1689 τὴν
2566 1619 2844 1672 ἀνάκλισιν
2872 1618 3000 1689 (22).
3027 1622 3134 1673 Καὶ
3168 1619 3308 1688 τάχα
3335 1619 3394 1671 τὸ
3423 1620 3521 1690 τῆς
3547 1620 3726 1691 ψυχῆς
3771 1623 3893 1691 ἅμα

659 1712 835 1767 forma
887 1714 1080 1768 similis
1123 1724 1206 1768 est
1253 1730 1441 1770 crasso
1483 1731 1547 1770 ac
1604 1724 1821 1770 terreno
1874 1713 2114 1783 corpori,
2147 1713 2221 1766 ita

2319 1709 2386 1777 τῇ
2403 1707 2684 1778 ἀπαλλαγῇ
2719 1709 2902 1780 σχῆμα
2933 1709 3170 1780 ὁμοειδὲς
3209 1709 3265 1761 ὃν
3297 1709 3371 1779 τῷ
3409 1713 3572 1779 παχεῖ
3594 1714 3688 1763 καὶ
3715 1713 3892 1781 γηΐνῳ

658 1814 843 1873 potest
890 1805 1142 1876 intelligi.
1176 1805 1234 1860 Si
1266 1807 1388 1875 quis
1443 1821 1572 1877 ergo
1619 1821 1856 1875 unquam
1912 1820 1944 1861 e
1987 1805 2220 1861 mortuis

2323 1797 2537 1868 σώματι
2579 1800 2799 1853 δύναται
2842 1800 3011 1864 οὕτως
3062 1799 3448 1870 λαμϐάνεσθαι.
3475 1800 3545 1853 Εἴ
3577 1819 3706 1854 ποτε
3755 1800 3891 1868 γοῦν

655 1905 915 1950 narratur
972 1899 1309 1966 apparuisse,
1361 1897 1560 1951 similis
1612 1898 1763 1952 visus
1818 1906 1903 1952 est
1951 1897 2026 1962 ei,
2056 1910 2218 1966 quam

2326 1891 2602 1962 ἱστόρηταί
2655 1908 2738 1954 τις
2797 1891 2903 1943 τῶν
2953 1890 3364 1961 κεκοιμημένων
3417 1893 3773 1970 φαινόμενος,
3828 1892 3890 1944 δ-

657 2003 783 2041 cutn
819 1988 871 2040 in
908 2003 1071 2042 carne
1102 1999 1287 2056 ageret
1315 1988 1528 2053 habuit,
1561 1988 1770 2044 formaz.
2251 1977 2291 2031 Β

2251 1977 2291 2031 Β
2323 1998 2474 2051 μοιος
2497 1982 2605 2060 (25)
2632 1981 2864 2054 ἑώραται
2893 1985 2970 2056 τῷ
2995 1986 3082 2038 ὅτε
3109 1986 3204 2056 τὴν
3230 1984 3404 2055 σάρκα
3431 1979 3541 2053 εἶχε
3585 1985 3844 2053 σχήματι.

729 2078 929 2132 De.'nde
955 2080 1104 2132 habet
1131 2095 1150 2132 :
1173 2079 1352 2134 Sedet
1375 2081 1594 2136 Samuel
1629 2081 1744 2149 qui,
1776 2089 1834 2132 ut
1871 2079 2213 2134 manifesunn

2393 2070 2538 2128 Εἶτα
2557 2091 2570 2105 ·
2619 2075 2773 2129 Ἀλλά
2807 2077 2900 2131 καὶ
2927 2079 2955 2130 6
2984 2076 3230 2147 Σαμουὴλ
3261 2076 3600 2147 φαινόμενος,
3625 2075 3699 2138 ὡς
3724 2074 3888 2146 δῆλόν

657 2176 764 2229 est,
830 2169 1212 2237 conspicabilis
1259 2172 1553 2240 apparuit,
1613 2172 1808 2239 probat
1867 2185 1928 2226 se
1972 2184 2219 2239 corpore

2313 2168 2482 2232 ἐστιν,
2519 2168 2709 2240 ὁρατὸς
2734 2169 2829 2234 ὢν,
2858 2169 3184 2240 παρίστησιν
3213 2169 3294 2221 ὅτι
3334 2169 3491 2240 σῶμα
3529 2167 3834 2239 περιέκειτο
3865 2186 3879 2197 ·

655 2257 825 2314 fuisse
879 2259 1155 2326 indutum;
1194 2262 1496 2330 praesertim
1548 2277 1670 2316 cum
1710 2270 1860 2334 certa
1894 2275 2001 2315 non
2040 2260 2218 2314 desint

2317 2258 2547 2330 μάλιστα
2576 2260 2669 2313 ἐὰν
2695 2259 3121 2330 ἀναγκασθῶμεν
3155 2261 3258 2314 ὑπὸ
3285 2260 3390 2314 τῶν
3417 2259 3742 2323 ἀποδείξεων
3779 2259 3881 2332 τὴν

653 2361 970 2420 argumenta
1002 2353 1194 2420 quibus
1231 2355 1426 2407 anima:
1472 2353 1831 2408 substantiam
1879 2366 2002 2406 esse
2037 2352 2217 2404 incor-

2309 2351 2497 2423 oz’aoiav
2520 2353 2617 2422 τῆς
2637 2349 2813 2422 ψυχῆς
2841 2350 3124 2421 ἀσώματον
3155 2348 3292 2408 εἶναι
3316 2355 3408 2407 καὶ
3434 2352 3637 2423 ταύτην
3671 2354 3885 2426 ἀποφή-

652 2439 873 2512 poream
918 2445 1272 2512 pronuntiare
1307 2459 1584 2516 c0gamur.
1624 2443 1741 2499 Huc
1793 2444 1930 2498 adde
1970 2448 2110 2511 quod
2158 2453 2213 2496 et

2309 2444 2520 2498 νασθαι.
2565 2445 2722 2498 Ἀλλὰ
2756 2447 2846 2499 καὶ
2891 2447 2918 2498 6
2961 2445 3315 2517 κολαζόμενος
3346 2447 3617 2510 πλούσιος,
3651 2448 3743 2500 καὶ
3769 2448 3798 2500 ό
3819 2447 3884 2500 ὲν

651 2532 802 2587 dives
854 2547 1046 2602 pmnas
1092 2533 1264 2596 luens,
1303 2543 1356 2586 et
1395 2548 1601 2602 pauper
1629 2535 1679 2587 in
1709 2533 1827 2587 sinu
1862 2533 2094 2587 Abralue
2129 2547 2214 2586 re-

2319 2535 2537 2598 κόλποις
2573 2535 2816 2606 Ἀϐραὰμ
2847 2536 3010 2606 πένης
3029 2539 3448 2609 ἀναπαυόμενος,
3480 2537 3584 2606 πρὸ
3611 2537 3710 2607 τῆς
3741 2556 3885 2610 παρ-

650 2624 961 2689 quiescens,
983 2639 1212 2694 quorum
1244 2625 1382 2680 alter
1410 2627 1461 2680 iu
1497 2626 1712 2680 inferno
1750 2626 1951 2695 puniri,
1984 2625 2121 2680 alter
2157 2626 2209 2678 in

2318 2626 2504 2687 ουσίας
2551 2624 2644 2678 τοῦ
2685 2626 2932 2698 Σωτῆρος
2976 2628 3068 2680 καὶ
3113 2629 3218 2700 πρὸ
3263 2629 3370 2699 τῆς
3426 2626 3730 2690 συντελείας
3781 2627 3879 2680 τοῦ

648 2714 769 2767 sinu
792 2715 1023 2769 Abrahae
1051 2716 1389 2784 requiescere
1430 2717 1648 2783 dicitur,
1683 2716 1842 2786 idque
1865 2725 1988 2770 ante
2022 2716 2210 2769 Salva-

2319 2715 2532 2776 αἰῶνος,
2559 2717 2651 2767 καὶ
2671 2714 2756 2768 διὰ
2778 2715 2932 2769 τοῦτο
2967 2717 3072 2788 πρὸ
3104 2719 3327 2789 τῆς(24)
3360 2717 3702 2780 ἀναστάσεως
3723 2717 3879 2785 λεγό-

649 2812 783 2856 toris
804 2807 1112 2868 adventum,
1137 2817 1300 2876 atque
1324 2815 1446 2861 ante
1464 2808 1986 2862 consummationem
2005 2806 2208 2870 saeculi,

2319 2821 2467 2874 μενοι
2514 2808 2542 2858 6
2592 2805 2689 2876 μὲν
2747 2807 2802 2859 ἐν
2847 2807 2970 2878 ᾅδου
3006 2807 3343 2872 κολάζεσθαι,
3377 2811 3404 2860 6
3449 2808 3504 2859 δὲ
3543 2809 3600 2858 ἐν
3659 2807 3880 2871 κόλποις

648 2909 711 2947 ac
751 2896 974 2964 proinde
1025 2908 1148 2951 ante
1212 2902 1700 2967 resurreetionem,
1731 2901 1926 2956 docent
1970 2901 2207 2955 aninram

2328 2895 2576 2967 Ἀϐραὰμ
2617 2898 3011 2961 ἀναπαύεσθαι,
3062 2898 3396 2953 διδάσκουσιν
3443 2899 3524 2950 ὅτι
3565 2898 3659 2951 καὶ
3685 2897 3779 2951 νῦν
3807 2900 3874 2969 τῇ

642 2990 809 3042 etiam
836 3005 976 3044 nunc
993 3000 1111 3061 post
1134 3007 1416 3049 excessum
1451 3011 1483 3050 e
1518 2997 1627 3050 vita
1656 2995 1733 3048 uti
1768 3009 2026 3063 corpore.

1660 2995 1733 3048 uti
1768 3009 2026 3063 corpore.
2313 2988 2596 3060 ἀπαλλαγῇ
2624 2990 2830 3061 σώματι
2858 2991 3053 3062 χρῆται
3081 2991 3295 3060 ἡψυχὴ.

861 3172 945 3229 Ea:
974 3175 1263 3241 Methodio,
1288 3178 1428 3243 apud
1465 3145 1870 3248 Epiphahwres.
1903 3171 2016 3232 δι,
2230 3181 2273 3238 C

1749 3195 1870 3233 tres.
1903 3171 2016 3232 δι,
2230 3181 2273 3238 C
2808 3177 2896 3228 Ἐκ
2930 3173 3046 3227 τῶν
3077 3175 3384 3247 Μεθεδίουε

715 3267 850 3326 Cum
887 3270 960 3321 ita
1013 3269 1240 3322 dixisset
1289 3268 1596 3338 (Origenes)
1655 3269 1940 3324 Dominum
1991 3266 2205 3322 Saddu-

2381 3267 2599 3339 Φράσας
2628 3265 2960 3338 (Ὢριγένης)
2991 3267 3371 3338 ἀποφήνασθαι
3413 3265 3505 3317 τὸν
3549 3265 3772 3336 Κύριον,
3798 3266 3874 3329 ὼς

643 3361 772 3415 Cutis
805 3361 1134 3413 tentantibus
1161 3360 1524 3429 respondisse,
1554 3378 1572 3410 ‹
1595 3361 1684 3428 qui
1709 3373 1989 3429 compotes
2021 3375 2208 3415 resur-

2317 3375 2338 3411 ι
2359 3361 2406 3412 οἱ
2437 3359 2536 3428 τῆς
2575 3359 2919 3422 ἀναστάσεως
2947 3358 3252 3429 τευξόμενοι
3287 3358 3497 3409 ἔσονται
3527 3355 3646 3409 τότε
3677 3359 3750 3420 ὡς
3783 3359 3877 3426 ἀγ-

645 3451 908 3505 rectlouis
943 3459 1147 3516 essent,
1173 3451 1486 3521 angelorum
1509 3452 1683 3505 instar
1707 3449 1921 3506 futuros
1934 3451 1982 3483 "
2005 3469 2020 3517 ;
2047 3469 2066 3503 ι
2089 3459 2208 3520 post

2311 3449 2477 3518 γελοι,
2505 3469 2522 3502 ι
2556 3449 2683 3503 ἔνθα
2715 3452 3064 3524 πειράζουσιν
3091 3448 3250 3502 αὐτὸν
3279 3449 3327 3500 οἱ
3357 3447 3720 3512 Σαδδουκαῖοι,
3747 3449 3874 3501 ἐπέ-

645 3544 745 3596 ista
792 3544 1108 3610 subiunxit:
1145 3561 1163 3594 ι
1188 3544 1378 3614 Angcli
1438 3559 1598 3614 porro
1653 3544 1837 3598 carnis
1867 3536 2118 3613 expertes
2153 3545 2204 3598 in

2313 3558 2476 3612 φέρεν
2497 3558 2510 3570 θ
2553 3543 2660 3601 ι,οΞ
2691 3543 2746 3595 δὲ
2774 3543 2992 3612 ἄγγελοι
3029 3541 3184 3606 ἐκτὸς
3211 3541 3360 3605 ὅντες
3389 3540 3586 3612 σαρκὸς
3619 3542 3675 3594 ἐν
3709 3559 3874 3612 μακα-

641 3651 853 3690 summa
887 3635 1143 3689 felicitate
1173 3613 1376 3706 degunt
1411 3613 1476 3690 ac
1525 3635 1722 3705 gloria.
1755 3635 1938 3701 Quare
1983 3643 2040 3689 et
2085 3649 2206 3699 nos,

2313 3613 2877 3707 ριότητοςῖάκρότητι,
2935 3636 3022 3690 διὰ
3068 3635 3222 3689 τοῦτο
3283 3635 3375 3688 καὶ
3421 3632 3577 3702 δόξης
3603 3635 3741 3686 εἰσί·
3781 3635 3873 3687 καὶ

641 3743 778 3796 quos
809 3729 1011 3794 aequari
1057 3727 1265 3796 angelis
1307 3735 1544 3798 oportet,
1581 3742 1809 3784 necesse
1843 3728 2020 3782 estad
2055 3743 2207 3781 eum-

2312 3727 2458 3794 ἡμᾶς
2487 3725 2542 3777 δὲ
2565 3724 2669 3796 ἄρα
2697 3726 3037 3792 ὲξισάζεσθαι
3069 3726 3353 3797 μέλλοντας
3383 3724 3635 3793 ἀγγέλοις
3660 3725 3871 3795 ἀνάγκη

643 3819 762 3872 dem
790 3822 1006 3872 modum
1039 3834 1202 3874 carne
1233 3819 1448 3874 nudari.
1473 3836 1492 3870 ι

2309 3813 2372 3883 δὴ
2401 3814 2616 3886 σαρκῶν
2668 3815 2926 3879 ὡσαύτως
2977 3817 3088 3887 (25)
3134 3817 3358 3881 ἐκείνοις
3383 3816 3621 3888 γυμνοὺς
3650 3815 3871 3869 ἔσεσθαι

2309 3902 2436 3958 δεῖν.
2473 3925 2490 3956 ι

1411 4106 1786 4178 ORIGENIS
1813 4107 2270 4170 SENTENTIA
2302 4111 2400 4170 DE
2431 4109 3117 4172 RESURRECTIONE.

1229 4207 1329 4268 E1:
1382 4211 1753 4293 Hieronymi
1815 4211 2080 4291 epistola
2135 4215 2236 4288 38,
2283 4212 2442 4275 alias
2488 4217 2607 4289 61,
2661 4213 2743 4275 ad
2795 4214 3274 4275 Pammacltt'um.

710 4417 820 4489 36
847 4417 986 4472 Dicit
1016 4415 1276 4488 Origenes
1310 4417 1364 4471 in
1395 4418 1639 4488 pluribus
1676 4423 1833 4492 locis,
1869 4433 1924 4480 et
1965 4425 2204 4484 maxime
2236 4435 2282 4490 Ι)
2309 4428 2433 4484 die:
2461 4431 2674 4484 scilicet
2704 4437 2762 4483 ut
2796 4427 3021 4497 pedibus
3051 4421 3412 4490 ambulemus,
3436 4440 3727 4496 operemur
3751 4447 3871 4485 ma-

641 4511 694 4564 in
724 4511 860 4565 libro
890 4510 964 4565 De
999 4511 1381 4564 resurrectione
1421 4522 1721 4594 quarto,et
1768 4516 1822 4570 in
1865 4520 2204 4588 expositione
2315 4524 2500 4591 nibus,
2538 4523 2817 4577 videamus
2840 4520 3032 4588 oculis,
3061 4518 3279 4574 auribus
3299 4519 3604 4583 audiamus,
3632 4520 3872 4576 cireum-

638 4602 798 4670 primi
827 4601 1042 4672 psalmi,
1077 4603 1214 4656 etin
1253 4600 1627 4667 Stromatibus,
1666 4606 1930 4674 duplicem
1963 4625 2203 4667 errorem
2311 4616 2664 4684 feramusque
2710 4623 2955 4669 ventrem
3004 4611 3383 4676 insatiabilem,
3426 4619 3481 4664 et
3524 4610 3868 4667 stomachum

638 4695 844 4749 versari
890 4695 942 4749 in
989 4695 1271 4750 Ecclesia:
1316 4706 1627 4752 nostrorum
1676 4707 1730 4753 et
1775 4701 2199 4773 haereticorum;
2311 4707 2465 4762 cibos
2500 4715 2954 4773 concoquentem:
2995 4715 3336 4770 censequens
3374 4708 3557 4756 autem
3601 4692 3872 4770 essedilﬁ

639 4800 739 4840 nos
788 4787 1061 4857 simplices
1105 4797 1156 4842 ct
1205 4788 1541 4857 philosarcas
1595 4791 1804 4852 dicere,
1838 4796 1980 4861 quod
2014 4799 2200 4852 eadem
2310 4801 2411 4854 ista
2447 4798 2736 4854 credamus
2783 4797 2961 4850 dicere
3019 4809 3115 4850 nos
3162 4793 3307 4862 quod
3360 4802 3417 4847 et
3474 4791 3868 4848 comedendum

641 4892 768 4930 ossa
799 4889 854 4933 et
884 4883 1105 4951 sanguis
1146 4894 1378 4948 crearo,
1414 4883 1463 4937 id
1495 4895 1599 4949 ρει,
1640 4884 1822 4942 vultus
1849 4895 1904 4938 et
1935 4892 2198 4954 membra,
2308 4893 2466 4946 nobis
2495 4892 2584 4952 sit,
2609 4900 2664 4946 et
2698 4890 3011 4952 bibendum,
3055 4879 3346 4959 digerenda
3389 4896 3655 4950 stercora,
3692 4883 3869 4938 eﬂun-

642 4968 916 5039 totiusque
943 4990 1207 5044 compago
1233 4977 1482 5052 corporis
1517 4985 1769 5047 resurgat
1806 4977 1861 5030 in
1904 4980 2201 5036 novissima
2307 4985 2512 5038 dendns
2549 4984 2764 5049 humor,
2798 4983 3051 5038 ducendae
3083 4994 3298 5043 uxores,
3329 4977 3482 5032 liberi
3507 4976 3856 5045 procreandi.

743 5085 796 5190 ⁸η
821 5085 948 5139 Luc.
984 5102 1095 5150 xvr,
1129 5087 1220 5152 27,
1249 5087 1340 5142 28.
1418 5087 1462 5120 ε’
1497 5087 1662 5143 Marc.
1694 5103 1790 5153 xtl,
1829 5088 1920 5142 25.

711 5195 891 5292 (ιθλῐᾷ
933 5199 1081 5292 libro
1209 5201 1462 5292 Methodii
1499 5204 1595 5292 οε.
1624 5203 2198 5292 resttrrection‘e‘aﬂert

1971 5203 2198 5292 telaﬂe'rt
2520 5205 2969 5292 ςᾼκριδεστέρων.
3004 5203 3173 5292 ΑΙίξιε2
3199 5200 3606 5292 ἀκριϐέστερον.

640 5268 748 5345 hoc
795 5270 1052 5345 Qrigenis
1122 5268 1479 5345 fragmentum
1539 5273 1765 5330 l‘hotius
1822 5275 1874 5328 in
1933 5274 2191 5329 Bibliotli.

1756 5273 1765 5327 ὲ
1822 5275 1874 5328 in
1933 5274 2191 5329 Bibliollt.
2365 5268 2477 5345 ('29.)
2520 5268 3045 5333 Ἀκιάκλισιν-Ἀὶίίις,
3081 5268 3391 5345 ἀνάκλησιν.

640 5278 748 5329 hoc
797 5278 1046 5336 Urigenis
1122 5278 1479 5340 fragmentum
1539 5278 1765 5330 Photius
1822 5278 1874 5328 in
1933 5278 2191 5329 Bibliolli.

639 5344 764 5418 cod.
789 5340 914 5394 224.
950 5340 1053 5394 Sed
1079 5354 1356 5418 equonam
1383 5344 1633 5418 Origenis
1663 5345 1950 5418 Iibroillud
1985 5360 2194 5399 necnon

1584 5278 1765 5330 hotius
1822 5278 1874 5328 in
1933 5278 2191 5329 Bibliotlt.
2365 5278 2454 5333 (2‘2
2520 5278 2843 5329 Ἀνάκλισιν-
2878 5278 3045 5333 Alias,
3081 5278 3216 5326 ἀνάκ

1581 5349 1633 5418 is
1663 5345 1950 5418 Iibroillud
1985 5360 2194 5399 necnon
2365 5278 2478 5418 (25;
2505 5346 2762 5418 :Dttotog.
2801 5346 2966 5418 Alias,
2997 5343 3216 5418 ὁμοιως.

637 5413 868 5494 alterum
901 5425 1134 5477 sequens
1157 5411 1553 5494 ileprompserit_
1575 5416 1896 5494 Methodius,
1925 5417 2193 5494 incertum

1631 5419 1896 5494 ethodius,
1925 5417 2193 5494 incertum
2646 5417 2760 5494 τῇς.
2797 5415 2968 5494 Alias,
2996 5411 3266 5494 περὶτῆς..

638 5494 744 5558 est.
773 5481 842 5537 Ut
872 5491 1057 5558 autem
1085 5481 1209 5558 quid
1237 5481 1286 5532 in
1311 5496 1377 5558 eo
1403 5484 1506 5558 sibi
1535 5481 2041 5552 velitAdamantius
2072 5500 2198 5556 pos-
2258 5551 2264 5558 γ
2365 5481 2476 5558 (25)
2512 5481 2756 5554 Σὶιρκῶν
2781 5481 3080 5553 ὼσαὺτωςζ
3110 5481 3258 5548 Quod
3296 5484 3762 5558 aitnecesseesse
3789 5488 3849 5558 ut

638 5551 718 5606 sis
741 5553 978 5620 assequi.
1003 5551 1131 5622 vide
1156 5565 1275 5616 quae
1298 5551 1374 5604 de»
1400 5550 1703 5622 animarum
1732 5566 1872 5611 statu
1900 5565 2020 5622 post
2049 5550 2195 5612 rnor-
2257 5551 2264 5560 ’
2295 5558 2346 5612 in
2372 5550 2784 5611 resurrectione
2834 5569 2999 5610 carne
3038 5550 3326 5619 nudemur,
3375 5554 3426 5608 id
3488 5551 3733 5622 intelligit
3781 5550 3852 5605 de

641 5631 746 5676 tem
773 5620 1053 5674 docetiib.
1084 5637 1134 5692 γιι
1181 5631 1364 5692 contra
1393 5621 1624 5690 Celsum,
1659 5643 1805 5679 ltum.
1843 5620 1934 5692 60,
1971 5638 2025 5682 et
2057 5627 2197 5679 libro
2295 5641 2457 5680 carne
2487 5626 2827 5692 corruptibili
2859 5634 2912 5678 et
2938 5624 3343 5678 inﬁrmitatibus
3368 5625 3545 5678 adhuc
3591 5620 3854 5685 obnoxia;

637 5705 924 5771 virtutum.
976 5693 1046 5771 5_;
1082 5691 1208 5744 item
1243 5691 1626 5771 adnotationes
1651 5697 1718 5749 ad
1745 5697 1840 5752 lib.
1873 5713 1890 5751 ι
1922 5691 2003 5752 De
2045 5698 2192 5767 prin-
2303 5712 2478 5767 neque
2500 5691 2838 5771 enim’futuri
2877 5695 3151 5771 hominum
3181 5697 3232 5749 in
3267 5694 3660 5771 resurrectione
3685 5698 3859 5771 status

637 5761 811 5835 eipija,
845 5763 1040 5835 c_a_p._t.
1068 5771 1215 5835 num.
1247 5759 1301 5812 7.
1605 5834 1611 5835 ί
2045 5759 2057 5767 ’
2303 5759 2425 5821 cum
2455 5767 2700 5830 angelico
2731 5767 3187 5835 comparationem
3239 5767 3464 5822 omnino
3514 5763 3856 5833 adaequatam

709 5828 821 5901 βυ)
868 5827 1288 5903 Ἀπλουστέρων.
1326 5833 1493 5902 Alias,
1523 5834 1908 5905 ἁπλούστερον.
1960 5899 1968 5906 _
2032 5846 2066 5875 τ’
2303 5854 2344 5894 e:

1485 5885 1493 5901 ,
1523 5834 1908 5905 ἁπλούστερον.
1960 5899 1968 5906 _
2032 5846 2066 5875 τ’
2303 5853 2421 5894 esse
2451 5827 2639 5894 voluit.
2682 5838 2811 5894 Vide
2842 5827 3120 5891 Mouilunt.
