4126 6308
255 447 331 502 9'1
1132 449 1219 504 EX
1261 447 1480 502 LIBRIS
1519 446 1838 502 ORIGENIS
1872 446 1956 500 DE
1987 446 2584 507 RHSUIKRECTIONE.
3410 460 3480 518 98

257 564 380 631 Quo
402 563 548 619 enim
598 567 838 621 membra
876 564 1153 632 genitalia,
1183 565 1225 617 si
1257 565 1455 633 nttptire
1490 579 1592 616 non
1622 564 1812 616 erunt?
1847 567 1893 623 Α
1923 565 2064 615 enim
2107 564 2158 617 in
2205 580 2376 634 grano
2417 566 2603 631 tritici,
2642 567 2873 632 radices,
2908 569 3142 636 culmus,
3180 572 3330 636 folia,
3365 574 3476 627 ari-

257 657 379 722 Quo
404 659 617 722 dentes,
650 658 693 711 si
726 656 832 711 cibi
883 670 987 709 non
1023 654 1253 708 molendi
1288 657 1451 708 sunt?
1482 656 1599 722 Quo
1631 667 1819 710 venti-r

254 760 314 803 et
343 749 469 815 cibi,
501 753 546 804 si
578 747 733 817 juxta
777 747 1088 816 Apostolum
1122 756 1177 800 et
1219 747 1306 800 hic
1332 757 1385 800 et
1433 747 1504 800 illi
1531 751 1818 802 deStrtteu-

256 843 390 898 ιυτῖ
423 844 539 912 ipso
567 843 759 896 iteruttt
792 844 1057 912 clamante
1090 854 1103 892 :
1141 857 1158 890 ι
1184 840 1320 894 Caro
1353 849 1406 893 et
1444 856 1522 893 sat
1548 841 1665 909 guis
1720 856 1815 895 re-

251 951 422 1006 gnum
454 935 546 988 Dei
589 950 692 988 non
743 935 1118 1002 possidebunt,
1171 946 1345 1002 neque
1398 934 1675 1000 corruptio
1734 934 1817 986 iu-

252 1027 745 1095 eorruptionem”.
775 1045 796 1076 ι
833 1027 962 1081 llaec
997 1043 1092 1080 nos
1123 1027 1435 1080 innocentes
1481 1036 1538 1078 et
1581 1027 1816 1080 rusticos

252 1120 460 1172 asserit
510 1121 707 1174 dicere.
745 1119 1043 1173 Haereticos
1095 1134 1242 1180 vero,
1273 1119 1323 1172 in
1378 1135 1607 1186 quorum
1661 1131 1814 1186 parte

252 1223 387 1265 sunt
420 1211 672 1270 Marcion,
705 1212 943 1280 Apelles,
990 1209 1324 1273 Valentinus,
1372 1210 1582 1273 Manes,
1621 1228 1811 1266 nomen

256 1302 513 1364 insanim,
557 1303 775 1370 penitus
802 1314 855 1355 et
887 1303 1063 1355 (aruis
1095 1311 1147 1354 et
1180 1302 1424 1368 corporis
1461 1307 1815 1355 resurrectio—

254 1410 384 1447 nem
429 1409 654 1463 negare;
702 1404 758 1446 et
797 1393 1022 1446 salutem
1062 1404 1262 1444 tantum
1305 1394 1546 1445 tribuere
1594 1395 1809 1460 animm,

251 1486 572 1554 frustraque
599 1500 697 1540 nos
726 1486 904 1538 dicere
937 1486 1000 1536 ad
1035 1484 1334 1552 exemplum
1372 1486 1582 1538 Domini
1625 1501 1808 1539 resur-

250 1587 526 1640 recturOs,
570 1592 690 1630 cum
744 1577 858 1644 ipse
896 1592 1107 1645 quoque
1162 1577 1420 1630 Dominus
1473 1579 1524 1630 in
1579 1580 1811 1644 phanta-

250 1681 434 1725 sinatc
467 1667 820 1722 resurrexeril
846 1679 937 1732 ;et
972 1683 1074 1720 non
1105 1669 1277 1720 solum
1312 1669 1640 1721 resurrectio
1672 1671 1808 1735 ejus,

250 1765 354 1818 sed
383 1771 438 1816 et
475 1762 589 1830 ipsa
622 1761 881 1814 nativitas
933 1758 1008 1829 τῷ
1061 1759 1257 1822 δοκεῖν,
1312 1759 1364 1811 id
1413 1769 1496 1815 est
1544 1764 1805 1826 putative,

250 1856 373 1907 visa
417 1854 587 1920 magis
622 1853 692 1904 sit
721 1865 882 1918 quam
934 1849 1120 1902 fuerit.
1162 1849 1273 1901 Sibi
1306 1858 1484 1902 autem
1523 1859 1808 1916 utramque

249 1945 545 2013 displicere
578 1949 928 2013 sentent‘am,
962 1948 1142 2017 fugere
1174 1965 1229 2003 se
1257 1962 1309 2003 et
1339 1959 1646 2003 nostrorum
1688 1966 1808 2004 car-

249 2053 376 2103 nes,
405 2049 456 2090 et
498 2038 872 2094 hrcreticorum
920 2042 1292 2110 phantasmata
1339 2061 1350 2094 :
1401 2042 1527 2108 quia
1583 2053 1812 2112 utraque

247 2145 384 2197 pars
415 2130 464 2181 in
502 2133 835 2184 contrarium
871 2133 1035 2184 nimia
1087 2133 1195 2195 sit;
1248 2133 1367 2186 aliis
1413 2134 1552 2187 idem
1586 2135 1811 2188 volenti-

247 2224 356 2276 Isus
408 2238 466 2276 se
518 2238 638 2278 esse
687 2226 829 2292 quod
883 2225 1133 2292 fuerunt;
1185 2226 1304 2280 aliis
1355 2229 1808 2282 resurrectionem

246 2329 541 2380 corporum
573 2318 794 2370 omnino
827 2318 1236 2386 denegautibus.
1279 2337 1297 2369 ι
1324 2319 1587 2385 Quatuor,
1618 2323 1811 2390 inquit,

243 2409 522 2461 elementa
551 2418 693 2472 sunt,
729 2409 1064 2480 philosophis
1089 2391 1304 2482 quoqtie
1336 2422 1459 2466 nota
1489 2423 1538 2466 et
1565 2414 1808 2481 medicis,

246 2500 322 2552 de
357 2501 550 2568 quibus
579 2516 768 2555 omnes
803 2517 886 2557 res
919 2511 971 2557 et
996 2517 1226 2572 corpora
1262 2504 1496 2556 humana
1527 2506 1809 2572 compacta
1835 2551 1844 2574 ξ.

243 2602 405 2657 sunt,
445 2603 607 2652 terra.
639 2610 800 2663 aqua,
832 2610 926 2648 aer
947 2606 998 2648 et
1023 2595 1180 2664 ignis.
1209 2593 1431 2649 Terram
1459 2596 1510 2648 in
1533 2598 1807 2662 carnibus,

244 2699 435 2737 aerem
488 2685 537 2736 iu
577 2687 765 2750 halitu,
800 2703 993 2754 aquam
1030 2688 1081 2740 in
1121 2688 1368 2750 humore,
1405 2687 1580 2757 ignem
1628 2688 1679 2740 iit
1716 2703 1810 2740 ca-

245 2772 364 2826 lore
408 2774 662 2843 intelligi.
699 2776 829 2828 Cum
867 2791 996 2841 ergo
1028 2775 1208 2828 anima
1243 2776 1502 2829 caducum
1559 2777 1662 2829 hoc
1708 2776 1808 2829 fri-

244 2865 548 2933 gidumqne
610 2866 992 2932 corpusculum
1057 2865 1152 2918 Dei
1197 2865 1443 2932 jussione
1520 2867 1808 2931 dimiserit,

243 2955 514 3023 paulatim
550 2957 733 3008 omnia
786 2957 960 3008 redire
1008 2957 1072 3007 ad
1121 2956 1375 3007 matrices
1407 2970 1533 3008 suas
1569 2957 1812 3009 subsunt-

244 3047 360 3098 tias
396 3061 628 3100 :carues
666 3047 717 3099 in
776 3056 978 3099 terram
1037 3044 1514 3134 relabiuhalitum
1578 3047 1629 3099 in
1682 3064 1807 3100 aera

246 3139 494 3204 uisceri,
533 3141 814 3194 humorem
849 3141 1038 3195 reverti
1086 3141 1151 3194 ad
1183 3141 1431 3210 ahyssos,
1468 3139 1707 3194 calorem
1743 3141 1808 3193 ad

1917 664 2032 718 star,
2056 656 2226 722 paleze
2248 667 2370 712 sttnt
2399 658 2672 712 dissoluta:
2697 674 2710 710 :
2738 659 2819 715 sic
2844 671 2896 715 et
2927 663 2980 716 in
3015 665 3226 718 ratione
3281 666 3477 720 huma-

1918 763 2108 801 norum
2142 764 2429 821 corporum
2480 764 2704 809 manent
2753 755 2998 822 quoniam
3051 758 3304 824 surgendi
3335 759 3480 812 anti-

1915 859 2019 910 qua
2053 845 2342 913 principia,
2374 857 2427 900 et
2455 850 2610 916 quasi
2659 847 2969 918 ἐνιιεριὼνη,
3015 848 3064 901 id
3113 859 3194 902 est
3241 849 3474 902 semina-

1917 939 2053 989 rium
2105 947 2460 1002 mortuorum,
2499 942 2620 994 sinu
2664 953 2822 994 terra:
2852 941 3185 994 confovetur.
3216 940 3347 993 Cum
3381 956 3474 992 au-

1915 1037 2021 1081 tem
2045 1027 2233 1095 iudicii
2274 1031 2390 1083 dies
2420 1032 2724 1098 advenerit,
2749 1045 2802 1087 et
2839 1036 2888 1086 in
2924 1049 3054 1088 voce
3084 1033 3393 1099 archangeli
3424 1043 3478 1086 et

1915 1122 1966 1172 ,‘n
2021 1122 2314 1175 novissima
2359 1124 2485 1176 tuba
2558 1127 2839 1179 tremucrit
2891 1137 3056 1191 terra,
3111 1129 3476 1181 movebuntur

1913 1213 2096 1266 statim
2129 1215 2356 1278 semina,
2387 1225 2440 1267 et
2471 1216 2521 1267 itt
2555 1228 2753 1283 puncto
2796 1219 2942 1274 horae
2993 1229 3232 1272 mortuos
3273 1219 3478 1288 germi-

1915 1307 2152 1368 nahunt;
2195 1323 2300 1358 non
2337 1317 2516 1359 tamen
2546 1309 2760 1360 easdem
2788 1324 2997 1372 carnes,
3031 1324 3129 1362 nec
3170 1311 3220 1360 in
3257 1311 3340 1362 his
3367 1310 3478 1362 for-

1916 1399 2016 1450 mis
2054 1399 2345 1451 restituent
2375 1414 2494 1466 qua:
2528 1398 2764 1453 fuerunt.
2802 1397 2892 1452 Vis
2946 1400 3086 1452 scire
3133 1414 3319 1451 verum
3354 1415 3473 1452 esse

1913 1491 2055 1556 quod
2083 1491 2331 1554 dicimus,
2359 1491 2481 1542 audi
2523 1491 2836 1557 Apostolnm
2871 1506 2926 1540 τι
2953 1491 3054 1544 Sed
3091 1491 3221 1543 dicit
3253 1491 3472 1558 aliquis,

1919 1600 1936 1630 ς
1971 1581 2247 1648 Quomodo
2282 1593 2566 1651 rcsurgent
2600 1584 2832 1636 mortui?
2865 1598 2970 1651 quo
3023 1592 3202 1634 autem
3247 1597 3473 1650 corpore

1919 1693 1935 1722 ι
1957 1675 2476 1744 venient‘.’|nsipiens
2506 1716 2520 1739 ,
2569 1675 2711 1743 quod
2749 1685 2801 1729 tu
2835 1675 3090 1738 seminas,
3140 1689 3244 1726 non
3275 1689 3475 1741 corpus

1917 1764 2099 1838 «quod
2116 1766 2355 1820 futurum
2373 1773 2494 1821 —est
2539 1769 2799 1829 seminas,
2835 1767 2926 1819 sed
2974 1768 3181 1818 nudum‘
3216 1782 3474 1836 granum,

1917 1859 2418 1925 «utpntatrieici°°,
2454 1880 2473 1910 ι
2519 1860 2643 1911 vitis
2672 1868 2726 1913 et
2756 1859 2993 1911 arboris.
3025 1857 3091 1911 Et
3116 1861 3236 1925 quia
3268 1860 3332 1912 de
3351 1874 3476 1925 gra-

1937 1969 1982 2005 t0
2037 1952 2197 2005 tritici
2227 1967 2291 2006 ac
2326 1963 2571 2006 semente
2603 1952 2859 2005 arborum
2893 1965 2955 2002 ex
2993 1960 3144 2018 parte
3186 1950 3297 2018 jam
3333 1952 3474 2004 dixi-

1917 2061 2053 2107 mus,
2089 2061 2230 2096 nttnc
2283 2045 2350 2096 de
2395 2043 2553 2096 acino
2613 2042 2808 2095 vinacii
2842 2042 3192 2094 disseramus.
3231 2040 3471 2096 Granum

1915 2152 2137 2206 parvum
2169 2145 2272 2200 est,
2300 2136 2370 2188 ita
2407 2145 2466 2187 ut
2499 2134 2586 2186 vix
2621 2135 2828 2186 duobus
2859 2133 3103 2201 digitulis
3141 2135 3310 2186 teneri
3345 2149 3471 2199 pos-

1914 2231 2002 2282 sit.
2057 2228 2154 2281 Ubi
2207 2236 2334 2278 sunt
2373 2223 2745 2279 radices?ubi
2793 2224 3034 2277 radicum
3084 2235 3137 2278 et
3202 2226 3372 2278 trunci
3418 2237 3475 2279 et

1914 2322 2266 2391 propaginum
2301 2328 2540 2373 tortuosa
2585 2317 2902 2385 perplexio?
2949 2318 3036 2370 ubi
3081 2321 3461 2386 pampinorunt

1915 2413 2249 2478 umbracula,
2288 2420 2343 2464 et
2385 2425 2611 2463 uvarum
2673 2410 3044 2478 pulchritudo,
3101 2410 3281 2463 futura
3345 2412 3470 2464 vina

1915 2500 2249 2567 parturiens?
2289 2499 2512 2552 Aridum
2563 2506 2644 2552 est
2720 2499 2862 2564 quod
2944 2507 3179 2563 tenetur,
3229 2512 3280 2554 et
3337 2517 3474 2569 pene

1914 2591 2000 2642 vix
2056 2593 2296 2643 cernitur
2343 2589 2486 2642 :sed
2548 2585 2602 2642 in
2661 2587 2806 2643 sicco
2867 2588 2958 2642 illo
3011 2605 3181 2659 grano
3239 2591 3473 2658 polentia

1914 2680 2004 2732 Dei
2039 2691 2093 2732 et
2126 2680 2336 2733 occulta
2395 2680 2607 2736 ratione
2667 2684 2956 2745 sementis,
3011 2683 3320 2748 spumantia
3356 2693 3475 2736 mu-

1914 2786 1998 2827 S'a
2075 2771 2385 2827 fundentur.
2456 2765 2581 2826 Haec
2643 2773 2788 2843 ligno
2852 2775 3069 2838 tribuis,
3131 2777 3275 2843 quod
3332 2778 3470 2845 peric

1917 2873 2092 2916 timum
2126 2874 2250 2928 est;
2289 2863 2370 2918 sic
2405 2874 2650 2928 ornatur;
2686 2865 2830 2933 quod
2879 2881 3191 2920 mansurum
3231 2883 3333 2922 non
3368 2877 3470 2934 est,

1915 2969 2009 3007 nte
2056 2955 2342 3022 pristinam
2407 2957 2638 3025 recipiet
2683 2945 2980 3032 vilitatem;
3037 2969 3090 3012 et
3147 2961 3230 3014 vis
3285 2975 3472 3014 rursus

1911 3046 2167 3114 37ossa,
2193 3049 2534 3117 sanguinem,
2565 3050 2826 3114 membra;
2849 3061 2908 3102 ut
2927 3055 3295 3106 crescentibus
3313 3054 3476 3122 capil-

1915 3139 1976 3190 lis
2023 3148 2241 3194 tonsore
2291 3155 2469 3211 egeas,
2526 3157 2692 3197 nasus
2739 3144 2963 3212 pituitas
3019 3145 3246 3212 digerat,
3297 3146 3476 3199 increo

246 3234 457 3287 :ethera
500 3233 808 3288 snbvolare.
841 3234 904 3287 Et.
929 3233 1198 3301 quomodo
1240 3235 1284 3287 si
1325 3234 1620 3288 sextarium
1653 3234 1810 3288 lactis
1837 3238 1878 3294 C
1916 3237 2092 3280 menta
2144 3230 2399 3299 unguium
2434 3235 2724 3285 resecandrt
2769 3232 2910 3296 sint;
2968 3242 3023 3285 ut
3061 3248 3157 3301 per
3188 3234 3475 3288 interiores

243 3339 301 3381 et
325 3329 438 3381 vini
471 3329 654 3382 mittas
685 3328 736 3381 in
766 3327 1010 3398 pelagus,
1042 3328 1279 3396 velisque
1311 3343 1525 3382 rursum
1557 3321 1810 3394 ~eparare

243 3419 394 3485 quod
448 3421 663 3474 mistqu
719 3431 805 3475 est
834 3436 846 3472 :
871 3421 1050 3473 viuum
1083 3421 1298 3486 quidem
1328 3430 1379 3473 et
1410 3419 1496 3473 lac
1541 3418 1682 3489 quod
1713 3418 1812 3470 mi-

277 3525 428 3575 eras,
463 3519 568 3563 non
621 3504 860 3578 periere,
891 3526 993 3561 non
1037 3521 1215 3562 tamen
1251 3525 1411 3577 posse
1443 3509 1583 3578 quod
1632 3507 1807 3562 fusum

243 3611 335 3654 est
369 3601 644 3670 separari;
690 3601 770 3654 sic
817 3599 1170 3657 substantiam
1204 3601 1385 3654 carnis
1425 3611 1479 3652 et
1527 3600 1807 3666 sanguinis

241 3709 356 3748 non
396 3693 575 3762 perire
623 3691 838 3758 quidem
896 3691 948 3742 in
995 3689 1353 3758 originalibus
1396 3692 1662 3756 matetiis,
1702 3709 1806 3746 non

240 3799 428 3843 tamen
474 3788 530 3841 in
558 3788 835 3856 antiquam
872 3785 1051 3838 redire
1085 3785 1484 3853 compagineur,
1520 3797 1618 3836 nec
1650 3797 1809 3852 posse

241 3895 312 3934 ex
357 3889 471 3933 toto
505 3879 691 3933 eadem
727 3893 851 3933 esse
893 3894 1012 3947 qua:
1051 3876 1272 3931 fuerint.
1319 3875 1451 3928 Cum
1492 3890 1554 3925 an
1587 3889 1670 3926 cm
1708 3875 1806 3928 ista

241 3973 525 4036 dicantur,
549 3973 794 4027 soliditas
827 3973 1096 4049 carnium,
1133 3969 1406 4040 sanguinis
1435 3967 1631 4037 liquor,
1653 3984 1824 4038 cras-_
1851 4018 1860 4024 .

242 4066 433 4120 situdo
461 4081 771 4129 nervorum,
794 4047 1163 4133 venarnmque
1189 4061 1464 4131 perplexio
1505 4071 1558 4114 et
1603 4047 1826 4119 ossium}
1852 4056 1856 4064 ’

241 4157 480 4212 durities
525 4157 844 4225 denegatur.
898 4155 1016 4208 Alia
1085 4155 1295 4208 ratione
1353 4154 1807 4219 resurrectionem

241 4263 542 4317 corporum
568 4248 890 4301 coutitemur
923 4261 1107 4301 eorum
1143 4262 1259 4314 quae
1285 4245 1336 4298 in
1368 4245 1629 4314 sepulcris
1657 4245 1804 4314 posi-

245 4355 301 4398 ta
335 4351 483 4400 sunt.
510 4341 828 4408 dilapsaque
857 4341 908 4394 in
940 4342 1153 4395 cineres
1180 4355 1192 4390 :
1223 4338 1377 4392 Pauli
1406 4338 1582 4404 Pauli,
1621 4350 1678 4394 et
1711 4341 1809 4393 l'e-

245 4436 317 4492 tri
352 4432 518 4496 Petri,
558 4441 614 4485 et
657 4431 866 4500 singula
900 4434 1278 4501 singulorum;
1317 4447 1494 4500 neque
1542 4434 1688 4484 enim
1726 4432 1809 4486 fas

241 4539 335 4584 est
368 4537 429 4580 ut
476 4528 529 4578 in
576 4526 702 4579 aliis
759 4525 1085 4592 corporibus
1140 4525 1329 4578 animte
1359 4526 1726 4592 peccaverint,
1755 4528 1806 4580 in

245 4619 378 4673 aliis
429 4625 819 4685 torqueantur;
869 4631 968 4669 nec
997 4615 1126 4680 justi
1176 4617 1376 4686 judicis
1431 4617 1534 4670 alia
1578 4633 1806 4686 corpora

245 4730 350 4782 pro
393 4713 612 4768 Christo
653 4709 968 4777 sanguinem
1001 4707 1242 4775 fundere,
1269 4722 1322 4763 et
1349 4711 1452 4764 alia
1485 4714 1753 4765 coronari.
1785 4731 1803 4762 ι

245 4809 391 4876 Quis
420 4808 535 4860 haec
588 4805 810 4856 audiens
852 4801 1305 4855 resurrectionem
1352 4805 1534 4858 carnis
1560 4819 1681 4857 eum
1713 4821 1808 4858 ne-

245 4915 386 4970 gare
414 4898 600 4966 putet?
627 4914 645 4944 ι
675 4895 783 4956 Est,
820 4894 1016 4961 inquit,
1045 4891 1268 4960 singulis
1318 4896 1614 4950 seminibus
1667 4898 1810 4951 ratio

245 4991 498 5058 quaedam
540 5003 568 5040 a
614 4986 722 5040 Deo
769 4983 980 5037 artifice
1015 4982 1194 5046 insita,
1247 4997 1364 5050 quae
1394 4986 1606 5042 futuras
1649 5002 1811 5043 mate-

248 5082 362 5133 rias
394 5081 443 5132 in
477 5077 724 5133 medulla:
754 5072 1033 5146 principiis
1061 5081 1224 5126 tenet.
1259 5073 1327 5126 Et
1361 5082 1632 5144 quomodo
1665 5090 1809 5134 tanta

247 5171 472 5224 arboris
519 5170 856 5241 magnitudo,
900 5179 1137 5232 truncus,
1163 5165 1322 5230 rami,
1347 5181 1526 5234 poma,
1552 5168 1678 5224 folia
1705 5187 1808 5226 non

250 5262 512 5318 videntur
545 5261 600 5314 in
625 5264 848 5326 semine,
875 5271 1001 5315 sunt
1028 5269 1203 5314 tamen
1227 5258 1278 5311 in
1321 5260 1531 5312 ratione
1565 5243 1812 5328 seminis,

252 5369 419 5428 quam
448 5352 619 5407 (ἔτωεί
641 5355 1049 5425 σπερματισμόν
1088 5361 1312 5414 vocant;
1340 5360 1393 5404 et
1418 5353 1470 5403 iu
1501 5368 1670 5420 grano
1697 5356 1810 5408 l'ru-

255 5447 426 5502 menti
482 5454 565 5499 est
610 5446 958 5510 intrinsecus,
1009 5445 1092 5499 vel
1134 5443 1384 5503 medulla,
1437 5443 1523 5495 vel
1573 5447 1806 5509 venula,

255 5556 382 5614 quae
415 5553 538 5593 cum
573 5538 624 5590 iu
654 5546 792 5590 terra
822 5539 983 5593 fuerit
1015 5535 1296 5598 dissoluta,
1323 5534 1489 5587 trahit
1512 5535 1577 5586 ad
1602 5551 1659 5588 se
1684 5539 1813 5590 vici-

259 5650 361 5689 nas
390 5630 750 5690 materias,et
784 5629 835 5681 in
878 5631 1153 5698 stipulam,
1185 5629 1334 5692 folia,
1360 5629 1664 5692 aristasque
1687 5643 1816 5680 cou-

259 5727 466 5796 surgit;
519 5723 772 5790 aliudque
829 5724 1077 5788 moritur,
1137 5721 1275 5773 aliud
1329 5718 1606 5786 resurgit;
1642 5732 1813 5786 neque

1912 3332 2092 3388 partes
2128 3322 2210 3375 vel
2246 3332 2488 3376 stercora
2534 3324 2620 3377 vel
2659 3324 2911 3379 libidines
2959 3324 3210 3380 ellluant?
3235 3327 3277 3380 si
3313 3325 3475 3381 affers

1917 3417 2047 3470 istas
2087 3417 2320 3485 ineptias
2350 3417 2707 3484 rusticorum,
2744 3429 2800 3474 et
2847 3422 3048 3485 carnis,
3102 3423 3153 3474 in
3205 3437 3309 3491 qua
3363 3424 3474 3477 Deo

1913 3525 2130 3577 placere
2175 3527 2280 3564 non
2328 3526 2641 3579 possumus,
2695 3515 2850 3584 quasi
2879 3515 3108 3569 inimicae
3138 3515 3476 3572 oblitisceris

1913 3615 1967 3656 et
2001 3605 2420 3659 resurrectionis
2466 3615 2804 3660 mortuorum
2835 3624 2847 3658 :
2888 3625 2905 3656 ι
2933 3606 3243 3661 Scmiuatur
3272 3608 3325 3660 in
3363 3623 3479 3662 cor-

1922 3713 1937 3743 ‹
1959 3697 2228 3763 ruptione,
2265 3706 2456 3768 surget
2509 3698 2564 3750 in
2598 3698 3033 3768 incorruptione.
3084 3699 3395 3755 Seminatur
3423 3701 3478 3754 itt

1921 3789 2306 3852 «contumelia,
2337 3799 2520 3859 surget
2546 3790 2596 3842 in
2653 3792 2841 3860 gloria.
2880 3792 3196 3846 Semiuatur
3232 3793 3282 3846 in
3319 3795 3476 3847 inlir-

1919 3879 2160 3943 unitate,
2208 3871 2395 3947 surget
2450 3883 2501 3932 iu
2527 3882 2750 3936 virtute.
2785 3882 3096 3937 Seminatur
3131 3900 3328 3950 corpus
3369 3887 3479 3939 ani-

1917 3969 2112 4033 miale,
2170 3982 2356 4040 surget
2413 3985 2613 4040 corpus
2652 3972 3013 4040 spirituale“.
3053 3995 3072 4026 ι
3101 3974 3254 4028 Nunc
3305 3978 3478 4030 oculis

1913 4060 2174 4126 videmus,
2207 4062 2432 4116 auribus
2471 4063 2745 4130 audimus,
2790 4063 3038 4117 manibus
3065 4064 3293 4132 agimus,
3319 4065 3475 4132 pedi-

1912 4153 1938 4206 ι
1966 4167 2010 4206 IS
2041 4152 2383 4208 ambulamus
2412 4171 2426 4206 :
2465 4153 2518 4206 in
2572 4154 2667 4208 illo
2694 4162 2872 4209 autem
2926 4169 3157 4223 corpore
3204 4155 3472 4222 spirituali

1915 4255 1929 4298 ι
1956 4245 2006 4298 »ιὶ
2031 4244 2358 4309 videbimus,
2395 4246 2488 4299 toti
2519 4245 2822 4310 audiemus,
2853 4246 2954 4300 toti
2983 4247 3351 4315 Operahimur,
3374 4246 3473 4300 toti

1913 4338 2311 4393 ambulabimus
2340 4356 2351 4390 :
2387 4347 2443 4391 et
2494 4354 2514 4388 ‹
2546 4337 2952 4406 transﬁgurabit
2984 4338 3240 4392 Dominus
3276 4353 3473 4406 corpus

1918 4450 1935 4482 σ
1951 4431 2269 4484 humilitatis
2285 4439 2508 4495 nostrae,
2526 4428 2801 4483 conl‘orme
2816 4429 3030 4498 corpori
3051 4445 3158 4483 sua:
3172 4429 3351 4497 gloria:
3369 4430 3430 4478 ⁶².
3448 4449 3467 4478 ι

1924 4524 2151 4589 Quando
2195 4516 2354 4587 dixit,
2413 4539 2430 4571 ε
2469 4521 2900 4589 trausﬁgurabit,
2935 4538 2952 4570 ›
2998 4521 3049 4575 id
3082 4531 3162 4577 est
3195 4538 3470 4594 μετασχη-

1918 4619 2156 4687 ματίσει,
2183 4617 2546 4669 membrorum
2579 4614 2777 4682 quibus
2809 4627 2952 4666 nunc
2983 4613 3204 4676 utimur,
3243 4613 3470 4667 diversi-

1916 4717 2002 4762 tas
2037 4709 2366 4776 denegatur.
2398 4705 2560 4759 Aliud
2591 4704 2747 4758 nobis
2773 4702 3053 4771 spirituale
3091 4711 3147 4757 et
3176 4702 3470 4756 aethereum

1913 4800 2274 4870 promittitur,
2303 4797 2442 4866 quod
2487 4811 2587 4852 nec
2642 4797 2807 4851 Iactui
2855 4796 3117 4865 subiacet,
3165 4811 3262 4849 nec
3301 4796 3473 4850 oculis

1915 4892 2179 4956 cernitur,
2208 4907 2308 4945 nec
2337 4891 2574 4960 pondere
2604 4898 2996 4960 praegravatur,
3029 4897 3081 4942 et
3105 4901 3201 4955 pro
3233 4884 3471 4940 locorum

1916 4986 1970 5039 it
2006 4985 2203 5053 quibus
2252 4983 2493 5037 futurqu
2523 4992 2628 5048 est,
2660 4983 2925 5044 varietate
2961 4980 3278 5032 mutabitur.
3313 4977 3464 5032 Alio-

1917 5078 2006 5144 μυί
2033 5076 2076 5129 si
2107 5075 2310 5129 eaedem
2337 5088 2530 5129 carnes
2555 5075 2811 5139 eru'tit,et
2835 5088 3057 5141 corpora
3087 5087 3205 5140 qua:
3231 5069 3473 5136 fuerunt,

1919 5181 2134 5221 rursum
2187 5180 2371 5218 mares
2418 5173 2475 5217 et
2533 5163 2768 5231 feminae,
2807 5163 3020 5217 rursum
3070 5163 3308 5231 nuptiae;
3343 5162 3474 5216 viris

1919 5261 2188 5314 hirsutum
2226 5257 2600 5325 supercilium,
2638 5258 2803 5311 barba
2864 5258 3093 5327 prolixa,
3158 5257 3474 5310 mulieribus

1917 5353 2081 5405 lzeves
2107 5363 2256 5419 genae
2282 5357 2336 5402 et
2372 5356 2598 5415 angusta
2630 5359 2883 5415 pectora;
2917 5349 2982 5402 ad
3014 5347 3391 5415 concipiendos
3422 5357 3475 5398 et

1919 5443 2212 5510 pariendos
2246 5438 2387 5492 fetus
2419 5449 2608 5491 venter
2643 5447 2698 5492 et
2745 5438 2952 5492 femora
2999 5439 3275 5492 dilatanda
3324 5452 3470 5492 sunt.

1921 5533 2225 5601 Resurgent
2253 5532 2417 5584 etiam
2458 5528 2730 5593 ittfantuli,
2759 5536 3041 5598 resurgeut
3081 5541 3132 5585 et
3167 5545 3360 5595 senes;
3396 5532 3470 5584 illi

1922 5624 2213 5687 nutriendi,
2238 5623 2288 5675 hi
2319 5621 2522 5673 baculis
2549 5621 2903 5675 sustentaudi.
2941 5620 3047 5676 Nec
3080 5637 3191 5685 vos,
3213 5638 3244 5676 ο
3273 5609 3477 5688 simpli-

1924 5732 2036 5780 ces,
2063 5714 2386 5769 resurrectio
2408 5710 2615 5764 Domini
2651 5712 2901 5781 decipiat,
2934 5713 3075 5780 quod
3106 5713 3245 5768 latus
3275 5721 3329 5767 et
3359 5719 3473 5765 uta-

326 5861 372 5892 "
407 5860 423 5913 ι
466 5856 592 5915 Cor.
621 5871 710 5920 xv,
754 5851 843 5906 50.
917 5850 1006 5902 θοι
1041 5851 1166 5905 Cor.
1201 5866 1286 5915 xv,
1312 5850 1400 5901 51.
1478 5850 1516 5879 ⁶¹
1553 5848 1567 5899 l
1604 5847 1728 5899 (lor.
1757 5863 1812 5900 xt

1916 5849 1958 5916 Ξ,
1992 5852 2079 5915 ts,
2107 5819 2191 5907 ti.
2273 5854 2315 5883 ει
2352 5853 2543 5924 Philip.
2577 5871 2657 5923 ιιι,
2695 5858 2783 5915 2t.
