4126 6308
683 420 788 478 103

2076 415 2497 472 FRAGMENTA

3818 423 3927 479 I0}

681 553 802 608 quae
821 535 1056 607 gerimus
1077 533 1106 586 d
1127 550 1142 585 :
1165 533 1464 601 Scriptutzis
1495 536 1699 589 sanctis
1718 536 2244 605 qua-rnntexempla,
2277 541 2322 595 Α
2350 535 2654 590 clariorem.
2687 531 2842 588 Unde
2869 547 3056 603 magna
3091 544 3206 588 erat
3237 535 3561 592 exclamatio
3612 536 3731 605 ejus
3782 538 3926 603 De),

682 631 828 685 hunc
861 626 1228 681 inambulandi
1253 625 1426 679 locum
1460 641 1764 682 assumere:
1791 630 1930 696 quod
1959 638 2102 682 recte
2126 629 2247 698 quis

683 722 750 772 ad
780 717 1138 786 vegetanduia
1163 715 1545 784 corpusculum
1571 717 1872 772 deambulet
1892 724 1906 786 (
1927 719 2046 788 28).
2078 718 2246 784 Quem

680 811 858 864 locum
895 810 961 862 de
989 807 1340 877 Septuaginta
1376 807 1611 862 editione
1645 824 1785 862 nunc
1836 812 2008 878 posui.

755 920 774 952 ‹
797 900 930 954 Cum
962 909 1141 953 autem
1177 913 1408 967 egressa:
1443 908 1623 952 essent
1649 900 1854 968 puellm,
1886 911 2245 955 surrexerunt

639 973 644 978 ’
681 995 787 1048 duo
815 1008 994 1054 senes,
1017 1002 1074 1045 ut
1113 999 1463 1044 accurrerent
1489 992 1554 1043 ad
1602 1007 1716 1044 eam
1741 995 1808 1057 ⁷⁸,
1846 1013 1865 1045 ι
1900 1004 2002 1048 etc.
2052 995 2152 1060 Qui
2183 997 2246 1049 ad

679 1084 1048 1137 summitatem
1102 1083 1356 1149 perfectae
1408 1083 1621 1138 virtutis
1685 1085 1927 1150 venerit,
1973 1102 2244 1152 nunquam

677 1175 931 1228 dicitsibi
957 1175 1240 1227 imminere
1269 1175 1581 1238 discrimen,
1607 1177 1646 1229 si
1668 1176 2031 1229 adulterorum
2059 1192 2247 1229 niaitus

679 1281 788 1320 non
815 1264 1082 1333 eII'ugerit,
1117 1264 1436 1320 licentium:
1465 1287 1481 1317 ι
1506 1267 1786 1322 Assentire
1812 1268 1988 1331 nobis,
2018 1279 2070 1323 et
2097 1284 2243 1321 com-

680 1358 911 1412 miscere
935 1359 1236 1412 nobiscum.
1268 1361 1543 1428 Alioquin,
1578 1363 1678 1415 etsi
1714 1363 1974 1426 nolueris,
2003 1364 2245 1417 dicemus

681 1449 1047 1502 testimonium
1079 1460 1268 1504 contra
1310 1460 1361 1505 te
1399 1455 1538 1520 quod
1571 1454 1732 1506 fuerit
1788 1466 1960 1507 tecum
2011 1455 2242 1522 juvenis,

679 1550 734 1594 ct
757 1541 858 1594 hac
889 1540 952 1595 de
983 1557 1144 1595 causa
1174 1540 1283 1612 40
1310 1543 1578 1598 dimiseris
1614 1546 1822 1614 puellas
1856 1563 1881 1598 a
1920 1557 1969 1599 te
1993 1549 2058 1598 ⁷⁵.
2088 1564 2105 1596 ι
2138 1547 2243 1600 llu-

679 1645 851 1684 mana:
877 1632 1074 1699 quippe
1126 1630 1440 1700 fragilita'.is
1485 1645 1588 1699 est,
1627 1645 1854 1686 mortem
1905 1634 2094 1686 timere
2124 1650 2244 1703 qua:

679 1721 912 1777 infertur
936 1722 1294 1791 projustitia;
1333 1726 1436 1778 LISI
1477 1724 1616 1779 forte
1646 1727 1950 1794 angustiam
1977 1727 2242 1794 interpre-

680 1816 912 1870 tabimur
961 1830 1067 1869 non
1123 1816 1461 1870 imminentis
1503 1818 1713 1881 mortis,
1747 1819 1838 1872 sed
1875 1819 2144 1887 Opprobrii
2191 1828 2243 1873 et

679 1905 1014 1974 ignominiae,
1047 1921 1100 1974 qt
1125 1922 1150 1957 a
1179 1908 1551 1972 perfundenda
1588 1917 1701 1959 erat
1735 1907 1835 1961 illis
1862 1910 2243 1964 accusantibus

685 2007 858 2064 atque
878 1997 1212 2051 dicentibus:
1246 2017 1265 2049 ι
1302 1999 1423 2052 Fuit
1452 1999 1680 2062 cumtilta
1707 1999 1932 2064 iuvenis,
1959 2009 2013 2054 et
2049 2001 2246 2055 idcirco

683 2089 889 2142 dimisit
917 2089 1140 2158 puellas.
1185 2110 1204 2143 ι

757 2181 857 2234 «Si
886 2182 1145 2236 enimboc
1173 2197 1356 2251 egero,
1395 2199 1541 2238 mors
1598 2184 1726 2237 mihi
1779 2193 1897 2249 est;
1959 2185 2001 2238 si
2060 2192 2240 2236 autem

682 2289 786 2327 non
814 2274 912 2335 ⁷⁸,ι
943 2283 1048 2328 etc.
1086 2273 1373 2329 Peccatum
1401 2285 1834 2344 .norzema'oeat.
1855 2276 2007 2329 Sicut
2037 2291 2167 2344 ergo
2197 2275 2244 2330 ei

677 2368 769 2434 qui
822 2366 954 2421 facit
1003 2369 1353 2433 adulterium,
1423 2383 1569 2421 mors
1625 2379 1708 2423 est
1764 2368 2127 2435 adulterium;
2169 2372 2246 2424 sic

679 2475 839 2512 omne
894 2471 1172 2527 peccatuln
1232 2459 1374 2527 quod
1435 2460 1582 2514 ducit
1644 2465 1710 2515 ad
1781 2470 2041 2526 mortem,
2102 2477 2246 2517 mors

679 2550 1062 2619 appellandum
1098 2563 1200 2607 est.
1235 2554 1302 2607 Et
1354 2555 1513 2608 toties
1565 2554 2008 2608 morieretlimur
2033 2556 2246 2624 quoties

679 2658 968 2710 peccamus
1005 2645 1069 2698 ad
1097 2655 1346 2699 mortem.
1377 2644 1529 2699 Unde
1557 2646 1863 2702 econtrario
1895 2649 2050 2701 toties
2072 2662 2247 2702 resur-

679 2736 858 2803 gimus
900 2746 956 2789 et
1004 2723 1379 2805 viviﬁcamur,
1437 2739 1648 2806 quoties
1702 2740 1827 2794 vita:
1880 2739 2039 2810 digna
2082 2754 2244 2809 opera

677 2822 928 2882 facimus.
1489 2866 1494 2869 -
1803 2836 1810 2851 ‘

754 2934 776 2968 ι
813 2917 917 2971 Sed
958 2919 1148 2975 melius
1182 2922 1312 2976 mihi
1363 2933 1444 2977 est
1473 2924 1676 2994 absque
1703 2939 1866 2992 opere
1908 2925 2145 2981 incidere
2189 2926 2244 2980 in

679 3025 872 3063 manus
897 3023 1128 3076 vestras,
1163 3030 1323 3082 quam
1358 3030 1584 3082 peccare
1624 3033 1674 3070 ιιι
1712 3027 2004 3086 conspectu
2057 3019 2274 3090 Domio_

678 3104 732 3158 ιιί
756 3104 822 3156 ⁷⁷.
861 3122 879 3154 ι
935 3104 990 3158 In
1049 3105 1238 3160 Gra:co
1278 3124 1382 3162 non
1417 3108 1614 3176 legitur
1660 3109 2035 3181 αἱρετώτερον,
2065 3111 2115 3165 id
2142 3120 2242 3176 est,

2351 641 2470 695 qua:
2496 625 2563 679 ab
2591 625 2900 679 hominious
2935 640 3038 677 non
3083 627 3425 679 audiebatur.

2423 737 2440 770 ι
2474 717 2716 787 Cumque
2743 718 3031 772 duceretur
3072 719 3136 771 ad
3179 727 3432 783 mortem,
3467 721 3752 774 suscitavit
3812 705 3924 774 Do—

2350 808 2528 862 minus
2578 808 2835 878 Spiritum
2869 816 3118 862 sanctum
3172 809 3328 877 pueri
3377 807 3614 878 iunioris
3639 810 3722 875 ⁸ο,
3756 829 3775 863 ι
3809 823 3922 866 etc.

2349 901 2465 967 Quo
2495 915 2743 954 sermone
2781 901 3085 955 ostenditur
3120 915 3224 955 non
3288 902 3522 956 intrasse
3556 903 3606 954 in
3641 902 3923 956 Danielem

2349 992 2612 1059 Spiritum
2645 1002 2912 1057 sanctum,
2937 995 3031 1047 sed
3070 1009 3191 1048 eum
3231 995 3462 1065 quierat
3493 996 3543 1048 in
3578 995 3668 1048 illo
3714 1003 3767 1049 et
3794 997 3924 1063 qui-

2346 1084 2560 1136 cscebat
2588 1095 2803 1152 propter
2835 1085 3009 1139 :etatis
3043 1085 3439 1152 inﬁrmitatem,
3473 1102 3572 1140 nee
3588 1101 3683 1140 sua
3709 1097 3925 1154 poterat

2347 1191 2509 1241 opera
2538 1176 2933 1242 demonstrare,
2959 1157 3079 1230 data
3109 1180 3398 1234 occasione
3419 1195 3517 1248 pro
3552 1188 3738 1233 sancta
3763 1179 3928 1233 femi-

2349 1284 2413 1320 na
2439 1286 2466 1318 a
2506 1268 2728 1321 Domino
2764 1269 3109 1324 suscitatum.

2420 1381 2436 1409 ι
2475 1360 2531 1412 lit
2563 1361 3035 1412 exelamavitvoce
3071 1376 3299 1430 magna:
3349 1362 3576 1418 Mundus
3596 1379 3696 1434 ego
3735 1379 3849 1418 sum
3887 1380 3918 1416 ει

2347 1449 2608 1517 sanguine
2658 1451 2808 1517 hujus
2843 1450 2911 1514 ",
2954 1470 2971 1500 ι
3005 1461 3110 1504 etc.
3172 1451 3443 1505 Suscitato
3504 1454 3556 1506 in
3593 1469 3651 1508 se
3714 1454 3920 1521 Spiritu

2345 1552 2556 1604 sancto,
2585 1551 2640 1594 et
2667 1557 2784 1608 quae
2809 1557 2940 1610 puer
2968 1543 3186 1596 deberet
3221 1544 3399 1596 dicere
3423 1554 3766 1613 suggerente,
3805 1561 3915 1598 vox

2345 1634 2460 1700 ejus
2492 1650 2682 1701 magna
2715 1645 2855 1686 erat.
2887 1632 2952 1686 Et
2982 1635 3274 1688 notandum
3321 1636 3492 1690 sicubi
3540 1639 3592 1690 in
3623 1637 3923 1706 Scripturis

2345 1726 2548 1780 sanctis
2579 1727 2879 1794 peceatoris
2910 1742 3007 1779 vox
3041 1743 3230 1795 magna
3284 1741 3528 1782 vocatur.

2425 1835 2444 1869 ι
2477 1799 2719 1886 Cumque
2764 1818 2922 1872 divisi
2971 1829 3151 1871 essent
3204 1819 3346 1872 alter
3369 1821 3435 1874 ab
3485 1819 3674 1881 altero,
3705 1821 3924 1873 vocavit

2350 1925 2512 1962 unum
2552 1910 2616 1961 de
2642 1909 2722 1962 eis
2741 1909 2804 1971 δ’,
2847 1929 2863 1959 ι
2901 1919 3003 1963 etr.
3037 1909 3168 1975 Quia
3195 1910 3400 1965 Hebraei
3438 1912 3920 1980 rcprohanthistu-

2348 2001 2482 2053 riam
2515 1999 2773 2052 Susanna:
2800 1999 2960 2068 (29),
2995 2000 3238 2055 dicentes
3274 2017 3392 2055 eam
3422 2003 3473 2054 in
3497 2002 3730 2054 Danielis
3764 2003 3919 2054 volu-

2349 2090 2492 2141 mine
2527 2105 2630 2140 non
2667 2076 2875 2151 liabcri‘,
2901 2089 3158 2143 debemus
3183 2091 3458 2157 inquirere
3484 2091 3699 2143 nomina
3731 2091 3917 2160 σχίνου

2348 2182 2441 2232 καὶ
2470 2182 2660 2251 πρίνου
2686 2196 2803 2249 quae
2830 2180 3005 2235 Latini
3045 2199 3063 2231 ι
3094 2181 3268 2236 ilicem
3294 2192 3346 2236 et
3368 2184 3656 2236 lentiscum
3690 2203 3708 2234 ι
3749 2184 3924 2236 inter-

2348 2280 2647 2339 pretantur,
2675 2273 2718 2324 si
2761 2272 2868 2326 sint
2895 2273 3035 2340 apud
3078 2271 3354 2338 llebrazos,
3404 2283 3455 2327 et
3485 2289 3647 2342 quam
3685 2274 3924 2327 habeant

2347 2364 2746 2435 etymologiam,
2783 2373 2839 2418 ut
2875 2378 2906 2416 a
2958 2362 3140 2433 σχίνῳ,
3179 2383 3198 2415 ‹
3239 2366 3449 2428 scissio,
3484 2385 3500 2415 ι
3545 2373 3598 2417 et
3643 2381 3673 2417 a
3722 2364 3919 2435 πρίνῳ,

2351 2471 2371 2504 ι
2399 2455 2568 2508 sectio
2592 2475 2611 2506 ι
2637 2456 2751 2508 sive
2780 2455 3007 2507 scrratio
3034 2454 3244 2507 dicatur
3270 2455 3446 2524 lingua
3472 2470 3680 2510 eorum.
3700 2455 3847 2521 Quod
3868 2455 3917 2507 si

2346 2560 2452 2598 non
2485 2545 2650 2600 fuerit
2706 2548 3005 2610 inventum,
3049 2548 3370 2600 necessitate
3426 2561 3684 2614 cogemur
3727 2555 3782 2600 et
3819 2561 3926 2599 nos

2347 2654 2536 2692 eorum
2593 2639 2945 2706 acquiescere
2995 2639 3296 2702 sementim,
3340 2637 3430 2705 qni
3481 2637 3656 2691 Graeci
3714 2646 3923 2690 tantum

2348 2731 2613 2786 sermonis
2637 2732 2776 2784 hanc
2807 2731 2988 2785 valunt
3013 2745 3131 2784 esse
3158 2731 3483 2801 περικοπὴν,
3517 2745 3637 2798 qua:
3673 2727 3925 2782 Graacaiu

2350 2825 2545 2878 habeat
2603 2831 2809 2876 tantum
2861 2824 3265 2896 etymologiam.
3325 2833 3379 2876 et
3432 2822 3752 2875 IIebi-aicam
3814 2835 3922 2872 non

2347 2919 2564 2973 ‘uabeat.
2603 2917 2756 2983 Quod
2805 2933 2841 2972 si
2895 2924 3014 2986 quis
3054 2917 3354 2970 ostenderit
3408 2915 3635 2969 duarum
3694 2913 3925 2965 istarum

2349 3013 2604 3068 arborum
2637 3012 2914 3066 scissionis
2963 3019 3016 3064 et
3069 3011 3327 3063 sectionis
3382 3007 3435 3060 in
3489 3006 3720 3060 ltebran
3774 3014 3926 3058 stare

2349 3104 2754 3176 etymologiam,
2781 3112 2905 3156 tunc
2921 3100 3216 3171 poterimus
3239 3099 3400 3154 etiam
3427 3099 3568 3152 hanc
3585 3099 3925 3166 Scripturam

679 3198 888 3262 melius,
918 3199 1012 3251 sed
1045 3200 1282 3272 αἱρετόν,
1323 3201 1462 3268 quod
1514 3205 1700 3254 bonum
1741 3204 2082 3275 interpretari
2121 3219 2246 3273 pos--
2273 3228 2316 3284 ρ
2351 3196 2611 3263 "uipereo

682 3303 889 3340 sumus.
920 3287 1071 3341 Unde
1093 3291 1368 3357 eleganter
1394 3307 1497 3344 non
1530 3293 1664 3346 dixit
1692 3315 1701 3346 :
1734 3313 1751 3343 ε
1785 3293 1972 3348 Melius
2009 3295 2140 3348 mihi
2165 3307 2244 3349 est

679 3377 923 3432 incidere
952 3380 1003 3433 in
1032 3396 1225 3436 manus
1255 3383 1560 3451 iniquorum
1602 3388 2067 3455 presbyterormn,
2089 3403 2247 3456 quam

680 3484 908 3540 peccare
936 3471 987 3524 in
1015 3482 1306 3528 consaectu
1357 3474 1603 3528 Domini:
1642 3494 1659 3526 ι
1699 3491 1766 3529 ne
1792 3478 2068 3531 videretur
2105 3495 2252 3532 com-

685 3564 968 3634 paratione
993 3567 1198 3633 peecati
1231 3567 1374 3633 quod
1400 3582 1504 3619 non
1533 3576 1650 3620 erat
1678 3570 1898 3634 bonum,
1933 3571 2034 3624 hoc
2064 3572 2246 3640 appel-

683 3655 796 3708 lare
818 3655 1029 3709 melius.
1057 3655 1186 3721 Sed,
1213 3655 1446 3710 «Bonum
1466 3667 1568 3720 est,
1593 3659 1784 3726 inquit,
1805 3661 1935 3714 mihi
1956 3677 2059 3714 ron
2076 3661 2252 3716 facere

683 3748 908 3810 malum,
948 3757 1001 3801 et
1033 3748 1268 3803 incidere
1300 3752 1353 3805 in
1401 3767 1592 3806 manus
1618 3762 1848 3817 vestras,
1899 3768 1966 3807 ne
2033 3767 2247 3822 peccem

683 3841 740 3893 in
771 3850 1065 3907 conspectu
1091 3842 1357 3897 Domini.)
1383 3843 1495 3897 Non
1521 3859 1650 3913 ergo
1675 3860 1770 3912 per
1795 3846 2248 3911 comparationem

681 3933 964 4001 legendum
993 3944 1112 3987 est:
1154 3954 1171 3986 ι
1208 3935 1398 3991 Melius
1420 3937 1553 3990 mihi
1590 3947 1676 3991 est
1699 3939 1938 3990 incidere
1978 3939 2030 3991 in
2059 3953 2250 3991 manus

681 4035 910 4088 vestras,
940 4039 1100 4092 quam
1137 4040 1359 4093 peccare
1394 4028 1444 4079 in
1501 4038 1793 4096 conspectu
1835 4028 2115 4090 Dominip
2155 4030 2250 4083 sed

684 4115 963 4169 absolute:
997 4113 1236 4169 «Bonum
1263 4116 1392 4170 mihi
1423 4127 1504 4171 est
1533 4134 1639 4171 non
1665 4119 1842 4172 facere
1871 4120 2066 4173 malum
2095 4129 2148 4174 et
2170 4123 2251 4173 in-

683 4211 866 4264 cidere
900 4210 951 4263 in
999 4226 1186 4264 mants
1219 4221 1449 4277 vestras,
1483 4227 1548 4265 ne
1577 4227 1792 4281 peccem
1848 4216 1901 4266 in
1958 4222 2250 4284 conspectu

683 4304 916 4362 Domini.
954 4323 973 4356 ι

759 4414 779 4447 ι
808 4396 872 4449 Et
897 4395 1215 4449 exclamavit
1286 4410 1416 4451 voce
1470 4411 1662 4465 magna
1722 4392 1968 4452 Susanna
2005 4398 2102 4462 ⁷⁸,ι
2133 4407 2243 4454 etc.

685 4488 875 4558 Magna
905 4501 1008 4541 vox
1030 4503 1171 4552 eral,
1205 4504 1314 4542 non
1349 4488 1490 4542 aeris
1514 4488 1862 4555 percussione
1916 4499 1970 4542 et
2013 4489 2248 4544 clamore

2432 3307 2448 3339 ι
2477 3287 2815 3342 Exclamavit
2835 3294 3015 3338 autem
3033 3283 3209 3338 omnis
3236 3297 3506 3352 synagOga
3538 3297 3668 3336 voce
3704 3297 3926 3350 magna,

2352 3390 2406 3434 et
2468 3381 2866 3434 benedixcrunt
2926 3378 3094 3430 Deum
3143 3375 3234 3444 qui
3305 3374 3477 3429 salvat
3528 3386 3806 3444 Sperantes
3867 3377 3926 3428 in

2351 3487 2412 3527 se
2441 3472 2538 3536 33,»
2571 3481 2677 3525 etc.
2707 3472 2761 3526 Si
2797 3469 3068 3523 interfecit
3098 3483 3192 3522 eos
3237 3469 3412 3522 omnis
3446 3485 3716 3539 synagoga
3769 3469 3921 3538 (30).

2355 3566 2565 3619 videtur
2600 3565 2685 3617 illa.
2737 3563 2920 3632 Opinio
2956 3561 3201 3624 refutari,
3236 3561 3301 3613 de
3331 3577 3434 3629 qua
3466 3577 3627 3631 supra
3661 3562 3925 3619 diximus.

2352 3658 2644 3711 secundum
2675 3655 2832 3710 Jeren
2858 3655 3000 3719 iant,
3052 3653 3193 3720 quod
3241 3653 3338 3720 ipsi
3374 3662 3558 3707 essent
3617 3652 3926 3720 presbyteri

2351 3749 2502 3803 Aliab
2531 3759 2586 3801 et
2611 3746 2868 3801 Sedecias
2888 3786 2901 3808 ,
2924 3744 3027 3799 nisi
3056 3744 3193 3799 forte
3219 3745 3319 3798 hoc
3342 3744 3485 3813 quod
3511 3746 3770 3812 scriptum
3797 3753 3884 3796 est
3911 3762 3926 3796 :

2360 3842 2788 3895 «lutet-fecerunt
2811 3853 2956 3902 eos,»
2986 3839 3064 3892 sic
3102 3839 3520 3907 interpretemur
3553 3851 3640 3904 prr
3679 3852 3744 3890 eo
3777 3838 3926 3904 quod

2351 3945 2456 3998 est,
2488 3935 2597 4002 regi
2627 3929 2914 4000 Babylonis
2944 3931 3268 3984 occidendos
3299 3928 3655 3983 tradiderunt.
3685 3927 3839 3981 Sicut
3870 3938 3927 3979 et

2352 4043 2449 4082 nos
2479 4027 2728 4088 dicimus,
2759 4023 2901 4093 quod
2933 4022 3098 4077 Judaei
3145 4022 3519 4078 interfecerint
3545 4021 3881 4075 Salvatorem
3909 4039 3923 4086 ;

2352 4139 2458 4176 non
2512 4135 2619 4188 quo
2681 4117 2784 4187 ipsi
2836 4116 3230 4179 'uercusserint,
3291 4117 3388 4168 sed
3444 4129 3550 4181 quo
3600 4112 3928 4167 tradiderint

2350 4212 2698 4268 occidendum
2731 4220 2786 4265 ct
2826 4212 3224 4264 succlamantes
3259 4205 3533 4262 dixerint:
3629 4204 3925 4272 Crucitige,

2351 4305 2605 4372 crucilige
2639 4302 2831 4356 cum“.

2429 4417 2447 4448 ι
2482 4396 2692 4450 Ilelcias
2722 4408 2898 4449 autem
2941 4404 2995 4449 et
3039 4409 3175 4448 uxor
3203 4393 3317 4459 ejus
3355 4390 3710 4444 huidavernnt
3750 4391 3922 4444 Deum

2351 4505 2448 4560 pro
2493 4489 2596 4541 ﬁlia
2623 4504 2716 4540 sua
2753 4487 3001 4541 Susanna
3033 4487 3103 4551 ⁸⁸,
3148 4505 3167 4538 ι
3199 4496 3304 4540 etc.
3341 4483 3508 4550 Digne
3553 4483 3706 4551 quasi
3745 4483 3922 4536 sancti

684 4580 946 4643 faucium,
976 4581 1069 4633 sed
1095 4579 1378 4648 pudicitia:
1408 4579 1776 4648 magnitudine
1806 4596 1902 4650 per
1932 4596 2092 4650 quam
2138 4581 2249 4635 cla-
2280 4564 2325 4619 Ῐ)
2354 4580 2573 4634 laudant
2635 4577 2833 4643 Deum;
2884 4594 2986 4633 non
3053 4579 3179 4648 quia
3229 4577 3455 4630 liberata
3517 4585 3600 4629 est
3645 4576 3713 4629 de
3762 4589 3925 4626 manu

687 4671 873 4726 mabat
925 4671 990 4722 ad
1043 4669 1356 4724 Dominum.
1408 4670 1561 4725 Unde
1616 4681 1669 4724 et
1731 4681 1916 4726 sancta
1964 4672 2246 4742 Scriptura

683 4762 740 4817 in
783 4761 1177 4816 exclamatione
1227 4763 1499 4816 seniormn
1556 4778 1660 4815 non
1713 4765 1958 4833 apposuit
1995 4779 2245 4834 magnam

681 4869 892 4909 vocem.
923 4851 1184 4921 Sequitur
1214 4854 1390 4907 enim:
1421 4871 1439 4902 ι
1478 4853 1860 4908 Clamaverunt
1892 4865 1946 4909 et
1972 4870 2128 4910 senes
2155 4855 2247 4908 ad-

681 4957 874 4996 versus
905 4944 1130 4998 catn"°.i
1199 4961 1217 4994 ι
1249 4941 1783 4997 Exclamavitautem
1822 4945 2071 5000 Susanna
2107 4959 2240 5000 voce

683 5043 901 5098 magna,
930 5049 948 5081 ι
985 5040 1091 5084 etc.
1137 5030 1325 5087 Cordis
1358 5030 1600 5096 allectus,
1621 5042 1673 5086 et
1705 5035 1896 5088 :nentis
1937 5050 2070 5104 pura
2112 5049 2242 5088 con-

684 5118 871 5186 fessio,
901 5131 956 5174 et
996 5123 1194 5177 bonum
1225 5123 1588 5190 conscientiae,
1620 5137 1810 5178 vocem
1843 5124 1959 5193 ejus
2003 5126 2246 5183 fecerant

759 5276 804 5310 "
835 5279 969 5333 Dan.
1003 5295 1122 5339 xm.
1153 5280 1240 5336 l9.

683 5349 778 5406 46.
853 5351 899 5380 ⁸η
933 5351 1065 5405 Ibid.
1105 5350 1196 5404 52.

1337 5285 1380 5314 ⁷⁵
1410 5281 1542 5336 Ibid.
1586 5282 1674 5335 9.1.
1751 5283 1796 5313 ⁷⁸
1826 5283 1955 5338 Ibid.
1982 5284 2074 5338 22.

757 5519 872 5591 (28)
919 5539 937 5572 ι
971 5521 1090 5586 Quo
1124 5521 1288 5586 dicto,
1333 5523 1582 5576 observat
1619 5522 1814 5577 ibidem
1866 5522 2250 5591 Hieronymus,

685 5589 946 5660 Origenes
966 5592 1200 5647 ostendit
1229 5602 1421 5645 cetera
1465 5608 1520 5645 se
1567 5609 1670 5645 non
1713 5595 1868 5660 juxta
1896 5589 2252 5661 Septuaginta

686 5661 1020 5733 Interpretcs
1070 5663 1409 5733 disseruisse.
1437 5682 1456 5714 ι
1519 5664 1647 5717 \‘ide
1691 5673 1846 5720 notas
1883 5666 1938 5719 in
1983 5665 2146 5733 CplSl.
2182 5663 2248 5714 ad

683 5728 1023 5794 Africanum,
1058 5749 1206 5786 num.
1238 5732 1295 5785 2.
1458 5747 1463 5752 ·

757 5800 870 5871 (29)
911 5799 1120 5855 Πεὺτανὶ
1165 5803 1438 5868 reprobant
1491 5803 1759 5857 historiam
1801 5803 2076 5858 Susannm.
2112 5801 2250 5856 Vide

681 5869 952 5931 ιιοιιιιυω
981 5872 1050 5926 ad
1080 5872 1324 5930 Africani
1363 5882 1418 5930 ct
1444 5873 1690 5945 Origenis
1716 5876 2011 5945 ἁμοιὸαιας
2043 5874 2250 5946 episto-

2158 5283 2200 5313 ⁷⁷
2233 5281 2366 5335 Ihid.
2395 5282 2484 5336 2⁸5.

1275 5353 1319 5384 ⁸³
1347 5353 1482 5408 Ibid.
1535 5353 1624 5408 60.
1676 5353 1722 5383 ⁸⁵
1747 5353 1878 5408 Luc.
1906 5363 2063 5420 χχιιι,
2103 5352 2222 5407 2l.-
2265 5353 2312 5382 ⁸⁵
2343 5354 2476 5406 Dan.
2506 5369 2621 5419 λιιι,
2657 5358 2744 5408 ῦὸ.

2354 4673 2790 4741 presbyterorum
2823 4673 3089 4736 Susanna,
3127 4673 3229 4725 hoc
3267 4671 3410 4723 enim
3437 4685 3541 4724 non
3573 4672 3707 4724 satis
3734 4671 3926 4722 lauda-

2354 4765 2463 4818 bile
2478 4775 2584 4827 est,
2604 4780 2701 4818 nec
2727 4765 2904 4834 magni
2928 4764 3281 4826 discriminis,
3303 4762 3345 4815 si
3379 4778 3481 4815 non
3501 4773 3644 4816 esset
3670 4763 3924 4830 liberata,

2353 4857 2445 4910 sed
2482 4855 2605 4920 quia
2650 4871 2754 4908 non
2788 4867 2869 4908 est
2904 4856 3117 4908 inventa
3150 4857 3203 4906 in
3238 4869 3298 4905 ea
3326 4867 3412 4905 res
3448 4854 3637 4919 turpis.

2429 4964 2448 4996 ι
2487 4946 2787 5014 Statimque
2813 4964 2931 4999 cum
2964 4947 3263 5014 aperuisset
3307 4943 3467 5007 ostia,
3509 4944 3778 5013 aspiciens
3830 4961 3924 4998 rex

2352 5054 2510 5105 super
2541 5055 2800 5105 thensam,
2825 5039 3148 5093 exclamavit
3175 5052 3302 5090 voce
3333 5051 3559 5104 magna:
3593 5035 3819 5106 Magnus
3841 5054 3926 5098 cs,

2354 5127 2464 5192 Bel;
2490 5139 2538 5182 et
2568 5147 2672 5183 non
2704 5141 2786 5184 est
2815 5132 2954 5198 apud.
2990 5140 3038 5183 te
3079 5129 3214 5181 nllus
3268 5127 3420 5180 dolus
3451 5126 3517 5185 ⁸⁸,
3564 5145 3582 5178 ι
3621 5126 3735 5182 Hoc
3777 5129 3928 5194 quod

2568 5284 2613 5313 ⁷⁸
2642 5282 2775 5337 Ibid.
2807 5286 2895 5339 Elii.
2987 5286 3030 5315 ⁷³
3061 5282 3194 5336 Ibid.
3301 5285 3346 5315 ⁸ο
3376 5285 3508 5340 Ibid.
3541 5283 3628 5337 45.

2819 5358 2866 5386 διδ
2900 5355 3030 5407 Dan.
3074 5370 3185 5420 xw,
3216 5353 3302 5408 I7.

3700 5282 3743 5313 ⁸⁸
3784 5283 3926 5340 Ibid.

2353 5521 2536 5594 lasLet
2564 5531 2715 5594 notas
2747 5526 2813 5594 ad
2842 5532 3140 5588 utramque.
3515 5590 3519 5594 _

2422 5593 2533 5662 (50)
2564 5592 2624 5646 Si
2651 5593 2906 5660 interfecit
2956 5586 3047 5645 eus
3082 5595 3248 5644 omnis
3279 5590 3559 5662 synagoga,
3583 5598 3687 5662 etc.
3713 5586 3926 5662 Confer

2350 5656 2494 5718 bunc
2518 5656 2707 5717 locum
2738 5656 2859 5716 cum
2889 5678 3033 5716 ntnn.
3063 5662 3094 5716 8
3129 5656 3366 5730 epistola:
3387 5656 3639 5729 Ori'genis
3667 5658 3733 5709 ad
3755 5656 3921 5730 _Ati‘i~

2349 5749 2564 5798 canum,
2595 5734 2683 5786 ubi
2713 5742 2898 5787 contra
2951 5725 3304 5789 Wetstenium
3354 5725 3616 5802 probatur
3643 5725 3920 5802 duplicem

2346 5802 2517 5857 fuisse
2560 5804 2795 5856 historia:
2827 5803 3084 5858 Susanntc
3129 5798 3431 5860 versionem
3468 5798 3738 5864 Grmcam,
3774 5798 3918 5853 alte-

2349 5886 2466 5930 ram
2495 5874 2564 5930 ab
2590 5874 2762 5930 altera
2798 5873 2951 5942 longe
2981 5874 3270 5931 diversam.
