4126 6308
157 427 263 483 105

1142 429 1232 484 EX
1273 430 1595 489 ORlGENlS
1632 431 1857 489 LlBRlS
1892 432 2349 494 STROMATUM.

3302 444 3403 497 ltili

156 547 438 619 Scriptura
478 565 633 606 nunc
677 551 835 609 dicit:
882 570 901 605 ι
942 551 1281 609 Exclamavit
1304 569 1435 608 voce
1457 566 1669 623 magna,
1707 570 1724 602 ι
1760 556 1806 613 Α
1837 553 2083 620 reperiri.
2117 554 2267 620 Quod
2302 553 2473 610 solvet
2522 553 2678 609 facile
2735 555 2823 624 qui
2858 543 2995 612 hanc
3024 557 3305 613 historiam
3346 560 3399 613 in

163 639 290 707 quia
311 638 376 691 de
403 639 693 695 idololatra
715 632 1068 713 et'ignorante
1084 643 1253 703 Deum
1271 631 1489 709 dicitur,
1507 644 1728 698 videtur

159 733 603 788 observationem
654 744 891 791 nostram
950 737 1305 812 subvertere,
1356 750 1463 805 qua
1524 735 1726 789 dudum

161 822 491 879 asseruimus
553 837 743 880 vocem
797 838 1045 901 magnam
1106 826 1161 881 in
1245 824 1452 879 sanctis
1514 832 1726 877 tantum

370 958 399 981 Χ

1834 639 1977 697 libro
2012 644 2249 700 Dauielis
2272 646 2414 716 apud
2440 645 2694 701 Hebrteos
2725 648 2918 703 dixerit
2950 662 3054 703 non
3088 650 3316 705 rhaberi.
3343 648 3400 704 Si

1834 733 1955 803 quis
1983 742 2164 790 autem
2191 739 2427 806 potuerit
2452 754 2569 793 eam
2597 740 2896 810 approbare
2925 754 3047 796 esse
3081 740 3147 794 de
3168 755 3401 803 canone.

1837 831 1966 879 tunc
1997 826 2346 892 quaerendum
2374 837 2459 883 est
2484 828 2610 899 quid
2637 829 2685 884 ei
2718 828 3041 898 respondere
3084 828 3401 885 debeamus.

789 1156 885 1232 ιι
920 1150 1033 1214 EX
1064 1150 1370 1214 DECIMO
1400 1151 1907 1214 STROMATUM
1939 1114 2317 1217 oRIGENts
2352 1104 2590 1218 Lisso
2623 1159 2768 1237 (31).

228 1338 290 1393 in
313 1338 429 1393 haec
450 1337 621 1394 verba
649 1338 898 1409 Epistolas
927 1340 992 1396 ad
1020 1341 1237 1397 Galatas
1265 1356 1382 1410 cap.
1408 1357 1460 1405 v,
1492 1358 1547 1395 v.
1582 1342 1647 1396 15
1678 1365 1688 1397 ;
1733 1341 1834 1398 Vos
1868 1345 2002 1398 enim
2033 1332 2401 1399 iniliberlatem
2423 1345 2595 1409 pacati
2618 1345 2759 1408 estis,
2795 1345 3017 1413 fratres;
3043 1354 3245 1401 tantum
3272 1362 3337 1402 tu

1232 1431 1524 1487 libertatm
1554 1432 1608 1487 in
1644 1434 1973 1487 occasionem
2002 1434 2152 1487 carni
2187 1434 2340 1488 detis.
2367 1494 2375 1501 ,

238 1608 477 1663 Difﬁcilis
503 1610 655 1665 locus
683 1620 786 1675 est,
817 1617 869 1665 et
900 1610 972 1665 ita
1011 1610 1167 1667 nobis
1199 1611 1545 1667 disserendas
1577 1609 1728 1664 vide-

161 1709 277 1754 tur.
308 1702 406 1767 Qui
440 1700 581 1755 liber
608 1710 710 1763 est,
745 1708 797 1754 et
826 1700 1003 1755 altiori
1029 1715 1189 1756 sensu
1218 1701 1556 1771 spiritum,et
1582 1700 1728 1754 veri-

161 1803 338 1847 tatem
368 1792 631 1863 sequitur,
661 1793 1025 1862 praecedentes
1055 1802 1110 1847 et
1154 1802 1307 1865 typos
1334 1792 1636 1873 contemnit
1676 1797 1731 1845 et

1840 1608 2149 1676 vocabitur,
2186 1609 2275 1681 qui
2313 1611 2629 1679 sanguinem
2660 1618 2935 1665 taurorum
2973 1620 3024 1664 et
3052 1620 3275 1667 cmteras
3302 1610 3405 1669 Le-

1839 1699 1985 1753 vitici
2017 1700 2266 1754 victimas
2300 1715 2407 1755 non
2448 1700 2565 1770 plus
2590 1715 2749 1769 quam
2778 1701 2916 1771 quod
2949 1700 3001 1755 in
3036 1702 3212 1757 littera
3247 1712 3407 1758 sonat

1841 1790 2110 1859 putaverit
2180 1790 2483 1845 iudicare?
2547 1791 2699 1857 Quod
2768 1802 2945 1846 autem
2998 1792 3311 1848 inimicitias
3352 1793 3405 1847 in

170 1886 417 1939 litteram
446 1901 461 1935 :
491 1900 593 1939 non
622 1884 824 1940 idcirco
869 1884 1027 1939 debet
1070 1882 1307 1939 minores
1351 1883 1650 1952 despicere,
1678 1890 1731 1936 et
1766 1895 1806 1949 Β
1839 1892 2028 1950 aperto
2075 1880 2280 1949 positus
2324 1879 2619 1948 Scripturae
2668 1896 2850 1937 sermo
2882 1883 3090 1947 doceat,
3123 1893 3177 1937 et
3208 1900 3275 1939 ex
3304 1886 3406 1941 boo

159 1977 513 2031 occasionem
547 1976 676 2029 dare
706 1975 793 2035 his
834 1974 924 2044 qui
953 1989 1057 2029 non
1088 1982 1313 2044 possunt
1339 1976 1542 2028 sentire
1572 1972 1735 2047 subli—

161 2066 337 2132 mius,
365 2068 431 2121 de
456 2083 516 2124 se
560 2067 775 2135 penitus
801 2065 1139 2134 desperandi.
1169 2064 1321 2119 Licet
1358 2064 1500 2119 enim
1529 2064 1729 2118 infirmi

161 2160 281 2213 sint
310 2170 363 2213 et
387 2174 513 2213 caro
538 2158 942 2229 comparatione
971 2157 1193 2228 spiritus
1224 2156 1575 2224 appellentur,
1602 2169 1733 2210 caro

163 2258 355 2302 tamen
391 2248 589 2303 Christi
635 2257 782 2302 sunt.
819 2246 874 2301 Si
920 2246 1067 2301 enim
1118 2245 1369 2313 intelligit
1413 2245 1732 2314 mysterium

162 2338 459 2392 charitatis
505 2336 897 2394 infirmioribus
956 2322 1273 2431 servientis,
1321 2334 1483 2389 faciat
1530 2332 1751 2401 aliquid'

165 2438 400 2501 propter
431 2427 712 2483 infirmos:
745 2440 814 2481 ne
870 2427 1154 2482 inscientia
1181 2423 1278 2480 sua
1326 2423 1496 2478 frater
1527 2432 1732 2493 pereat,

166 2536 273 2592 pro
323 2535 433 2589 quo
464 2518 710 2573 Christus
759 2526 843 2574 est
893 2529 1156 2573 mortuus.
1188 2515 1508 2582 Diligenter
1553 2513 1737 2581 itaque
1781 2552 1785 2555 -

166 2612 400 2667 attende
419 2650 434 2673 ,
472 2626 539 2664 an
568 2625 634 2664 ex
662 2608 1117 2679 consequentibus
1146 2620 1334 2662 sensus
1366 2605 1467 2659 iste
1501 2612 1734 2657 texetur.

172 2722 192 2755 ι
235 2701 374 2768 Vos,
407 2701 602 2771 inquit,
635 2698 855 2764 fratres,
886 2700 938 2753 in
972 2698 1276 2754 libertatem
1304 2696 1479 2751 vocati
1504 2694 1673 2759 estis;
1717 2713 1733 2744 ι

170 2792 411 2849 forsitan
444 2792 598 2855 ideo,
631 2789 764 2858 quia
796 2802 901 2841 non
936 2802 1127 2843 omnes
1164 2786 1505 2844 vocationem
1541 2798 1739 2853 capere

171 2892 433 2953 poterant
484 2879 771 2935 libertatis.
824 2877 1049 2945 Propter
1104 2878 1247 2947 quod
1292 2892 1438 2933 nunc
1489 2877 1735 2931 auditis:

181 2994 201 3027 ι
228 2974 464 3029 Tantum
484 2970 879 3027 nelibertatem
915 2968 968 3021 in
991 2968 1329 3023 occasionem
1356 2968 1494 3024 detis
1513 2969 1685 3024 carui.
1717 2987 1737 3021 ι

176 3065 291 3120 Per
338 3062 687 3119 dilectionem
733 3059 877 3113 enim
922 3064 1135 3126 oportet
1189 3058 1492 3112 minoribus
1537 3059 1743 3112 servire

180 3159 454 3228 majores;
489 3155 616 3225 quia
649 3151 744 3222 qui
790 3150 902 3204 vult
942 3163 1062 3204 esse
1096 3148 1303 3217 major,
1350 3149 1455 3203 erit
1499 3142 1741 3203 omnium

1843 1972 1958 2026 loco
2003 1972 2265 2041 probatur
2304 1988 2320 2027 :
2368 1990 2386 2022 ι
2427 1970 2559 2024 Filia
2597 1972 2885 2043 Babylonis
2935 1976 3130 2029 misera
3171 1993 3184 2041 ;
3219 1977 3409 2031 beatus

1843 2065 1933 2134 qui
1984 2063 2252 2119 retribuet
2303 2062 2397 2117 tibi
2435 2063 2850 2117 retributionem
2899 2081 3060 2135 quam
3108 2068 3406 2123 retribuisti

1844 2155 2024 2209 nobis.
2053 2154 2251 2209 Beatus
2291 2153 2384 2222 qui
2414 2153 2654 2218 tenebit,
2684 2163 2736 2207 et
2762 2155 2948 2207 allidet
2987 2159 3241 2223 parvulos
3286 2168 3409 2214 tuos

1844 2247 1910 2300 ad
1942 2255 2153 2316 petram
2180 2245 2263 2311 ⁹³;
2298 2264 2316 2296 ι
2348 2243 2559 2299 exilio:
2593 2263 2609 2296 ι
2638 2246 2696 2298 ln
2727 2246 2988 2300 matutino
3019 2249 3408 2305 interliciebam

1844 2350 2034 2390 omnes
2062 2343 2379 2403 peccatores
2413 2344 2570 2389 terrae
2591 2334 2661 2401 ",
2695 2354 2713 2385 ι
2755 2348 2810 2390 et
2839 2346 3029 2389 caetera
3056 2336 3140 2390 his
3167 2318 3363 2391 similia
3391 2358 3407 2393 :

1845 2428 1910 2481 de
1933 2427 2368 2481 contentionibus
2402 2426 2678 2492 videlicet,
2712 2427 3075 2491 aemulatione,
3106 2430 3218 2493 ira,
3255 2430 3406 2493 rixis,

1846 2515 2293 2571 dissensionibus.
2330 2516 2408 2571 Ad
2435 2532 2575 2595 quae,
2622 2518 2665 2571 si
2701 2533 2805 2573 non
2842 2518 3008 2574 altius
3059 2518 3254 2589 aliquid
3284 2535 3409 2573 sen-

1808 2605 2085 2669 -tiamus,
2138 2615 2436 2675 provocant
2491 2622 2589 2662 nos
2638 2610 2813 2676 magis
2866 2609 3105 2663 historia:
3160 2609 3405 2677 exempla

1848 2710 2009 2763 quam
2054 2694 2371 2763 prohibent.
2400 2693 2646 2777 [hereses
2675 2712 2887 2767 quoque
2917 2698 3086 2767 magis
3116 2699 3181 2753 de
3209 2697 3413 2753 carnali

1850 2785 2151 2855 Scriptura:
2198 2786 2761 2879 intelligentiax‘quam
2809 2796 2874 2843 de
2910 2798 3071 2858 opere
3108 2789 3289 2844 carnis
3315 2804 3413 2843 no-

1850 2884 2010 2944 strae,
2057 2889 2114 2932 ut
2144 2877 2359 2948 plurimi
2392 2877 2695 2945 aestimant,
2745 2881 3129 2936 substiterunt.
3168 2880 3275 2935 Nec
3308 2898 3413 2937 non

1854 2973 2109 3029 invidiam
2139 2982 2195 3027 et
2222 2974 2511 3029 ebrietates
2558 2988 2658 3042 per
2695 2973 2828 3041 legis
2858 2974 3094 3027 litteram
3134 2974 3411 3029 discimus.

1852 3063 2159 3119 lnebriatur
2192 3062 2300 3119 Noe
2348 3075 2467 3134 post
2512 3063 2789 3124 diluvium.
2825 3072 2880 3114 et
2913 3062 3237 3130 patriarcha:
3275 3066 3415 3129 apud

1853 3153 2081 3210 fratrem
2115 3154 2312 3224 Joseph
2347 3156 2399 3209 in
2427 3154 2662 3225 Egypto
2682 3154 2749 3207 ".
2781 3152 2884 3206 Sed
2914 3160 2965 3205 et
2986 3154 3416 3224 comessationes

180 3264 375 3303 servus
421 3247 490 3299 ⁸⁷-
546 3244 739 3316 Neque
783 3238 1254 3312 erso‘spil‘ilualis
1293 3238 1495 3294 laceret
1542 3240 1745 3310 Christi
1775 3241 1816 3299 C
1854 3247 1907 3301 in
1942 3246 2256 3317 Regnorum
2281 3247 2425 3301 libro
2456 3246 2671 3314 scriptzn
2712 3252 2834 3298 sunt
2871 3242 2954 3307 98;
2994 3242 3224 3297 saltante
3252 3243 3417 3295 David

180 3356 402 3406 carnes,
431 3354 606 3409 neque
633 3339 977 3394 occasionem
1004 3334 1113 3389 illis
1130 3332 1335 3388 tribuat
1368 3339 1422 3385 ut
1456 3344 1517 3386 se
1540 3346 1747 3385 remor-

182 3436 345 3489 deaut
394 3440 777 3502 provocantem
801 3470 817 3496 ,
872 3444 939 3485 ne
964 3427 1033 3482 ab
1080 3425 1307 3480 invicem
1334 3430 1746 3479 consumantur.

188 3526 416 3596 Oportet
447 3538 578 3593 ergo
608 3523 801 3592 spiritu
840 3520 1242 3583 ambulantemv,
1277 3526 1331 3572 et
1373 3515 1564 3585 spiritu
1600 3511 1750 3567 Scri-

188 3629 470 3688 pturarum
504 3616 666 3669 verba
701 3620 1000 3668 sectantem
1021 3652 1037 3679 ,
1070 3608 1175 3667 non
1222 3610 1487 3680 perlicere
1534 3603 1751 3659 deside-

188 3713 330 3766 rium
379 3701 562 3761 carnis
616 3719 827 3761 earum.
878 3703 936 3775 Si
968 3712 1146 3759 autem
1181 3703 1283 3757 hoc
1334 3702 1475 3771 quod
1512 3700 1750 3755 dicitur:

194 3823 213 3855 ι
246 3802 455 3873 Spiritu
489 3796 780 3860 ambulate,
808 3802 860 3849 et
888 3793 1214 3855 desiderium
1258 3792 1443 3858 carnis
1485 3806 1594 3846 non
1636 3804 1757 3858 per-

190 3896 390 3950 ﬁcietis
418 3893 465 3925 “
514 3910 533 3945 ι
583 3886 901 3958 simpliciter
946 3883 1331 3955 intelligimus,
1383 3890 1443 3935 ut
1505 3881 1755 3949 plerique

192 3987 554 4048 arbitrantur,
584 3990 773 4038 contra
805 3984 1179 4049 argumentum
1214 3981 1267 4028 et
1309 3960 1633 4043 hypethesin
1676 3982 1759 4039 to-

196 4081 310 4135 tius
334 4078 604 4148 Epistolze,
624 4077 679 4131 in
711 4075 823 4129 haec
840 4071 1018 4127 subito
1054 4066 1250 4123 Paulus
1274 4072 1540 4134 erumpet;
1569 4050 1779 4117 statim;

195 4173 397 4244 quippe
426 4173 670 4259 sequitur
698 4187 714 4225 :
754 4186 774 4220 ι
816 4165 874 4222 Si
906 4171 1081 4220 autem
1118 4158 1308 4229 spiritu
1340 4154 1619 4257 docimini,
1649 4168 1755 4225 non

198 4268 335 4321 estis
368 4265 467 4318 sub
504 4247 805 4333 lege'”.iEt
827 4272 946 4313 cum
975 4256 1082 4309 huc
1106 4264 1275 4319 usque
1312 4247 1487 4315 aliqua
1518 4260 1583 4298 ex
1604 4252 1758 4311 parte

199 4357 304 4411 sibi
337 4370 511 4408 sermo
543 4331 847 4415 cohaereat,
882 4358 1094 4401 rursum
1127 4343 1174 4397 si
1224 4337 1523 4407 simplicem
1561 4331 1759 4387 intelli-

199 4446 438 4517 gentiam
470 4456 787 4512 sequamur,
818 4440 885 4493 ad
911 4434 1216 4490 inordinata
1243 4436 1460 4497 repente
1492 4430 1757 4517 praecepta

203 4516 307 4595 nos
331 4536 608 4600 transfert,
635 4533 704 4586 de
731 4544 896 4586 carne
924 4537 979 4583 et
1003 4524 1197 4596 spiritu
1232 4522 1526 4581 disserens,
1553 4516 1605 4569 id
1635 4524 1719 4567 est
1744 4531 1756 4565 :

213 4650 231 4681 ι
265 4627 739 4682 Mauifestaautem
770 4627 895 4675 sunt
919 4634 1081 4688 opera
1114 4617 1298 4675 carnis
1330 4612 1497 4693 illaet
1523 4608 1612 4661 illa
1635 4606 1702 4651 '°.
1736 4621 1755 4654 ι

206 4722 272 4777 Et
297 4735 331 4774 e
360 4715 670 4771 contrario:
703 4731 723 4763 ς
761 4710 989 4765 Fructus
1018 4720 1197 4765 autem
1225 4706 1449 4776 Spiritus
1472 4707 1555 4757 est
1581 4694 1762 4751 chari-

209 4826 293 4867 tas
311 4812 383 4873 ⁹¹,
416 4828 433 4859 ι
465 4816 516 4860 et
542 4804 764 4873 reliqua.
787 4800 891 4856 Sed
920 4815 1096 4870 neque
1126 4801 1179 4853 in
1211 4800 1293 4852 his
1318 4787 1760 4859 consequentiam

206 4904 501 4968 desperare
544 4899 843 4952 debemus:
874 4892 998 4961 quia
1035 4905 1199 4958 opera
1249 4889 1429 4940 carnis
1460 4883 1763 4936 divinorqu

208 4992 543 5046 voluminum
568 4986 795 5043 historia
819 4982 1095 5048 continet;
1130 4995 1234 5033 non
1268 4976 1420 5030 valde
1448 4988 1542 5027 eos
1570 4972 1767 5040 juvans

211 5086 305 5157 qui
337 5083 417 5138 sic
439 5097 556 5136 eam
599 5078 944 5147 intelligunt,
988 5082 1046 5126 ut
1078 5070 1279 5138 scripta
1324 5073 1426 5121 est.
1458 5064 1590 5131 Quis
1624 5061 1768 5115 enim

217 5154 326 5233 non
355 5174 627 5229 docebitur
648 5171 859 5226 servire
890 5166 1113 5222 luxnria:
1140 5172 1194 5216 et
1225 5158 1637 5214 fornicationem
1674 5154 1770 5205 ba-

219 5277 353 5329 bcre
382 5284 473 5337 pro
504 5266 704 5332 nihilo,
732 5279 852 5319 cum
890 5261 1082 5316 Judam
1114 5258 1180 5311 ad
1213 5252 1553 5308 meretricem
1582 5247 1774 5314 legerit

227 5335 617 5435 ingredientem
646 5357 733 5419 ",
774 5364 829 5409 et
874 5350 1212 5425 patriarchas
1265 5342 1522 5397 habuisse
1582 5335 1777 5393 multas

223 5432 434 5529 pariter
457 5450 685 5507 uxores?
721 5448 1003 5517 Quomodo
1032 5459 1138 5500 non
1168 5440 1234 5495 ad
1261 5432 1619 5492 idololatriam
1657 5443 1778 5499 pro-

1854 3346 1908 3390 et
1932 3346 2294 3405 concrepante
2316 3337 2583 3406 tympanis
2606 3350 2791 3390 coram
2815 3348 2940 3389 arca
2961 3335 3266 3388 testamenti
3292 3334 3417 3398 Dei;

1855 3428 2019 3483 et'bis
2052 3427 2275 3482 similia.
2307 3426 2581 3493 Quaeritur
2608 3426 2875 3495 quomodo
2906 3425 2971 3478 ad
2996 3424 3254 3477 veneficia
3282 3434 3336 3478 et
3354 3429 3420 3477 ad

1857 3518 2135 3572 maleficus
2180 3526 2329 3571 artes
2373 3516 2605 3585 simplex
2652 3516 2944 3584 Scriptura:
2990 3516 3184 3569 divina:
3216 3531 3421 3581 sermo.

1855 3610 1945 3677 qui
1994 3607 2195 3663 dicitur
2245 3622 2408 3671 caro,
2454 3621 2555 3659 nos
2603 3616 2898 3673 provocet,
2946 3606 3051 3657 nisi
3085 3607 3150 3659 ad
3180 3604 3423 3671 ejusdem

1857 3702 2155 3769 Scriptum
2181 3699 2435 3765 Spiritum
2468 3696 2935 3750 transcendamus.
2968 3694 3102 3747 Puto
3125 3696 3224 3748 hoc
3252 3694 3424 3763 signi-

1859 3794 2023 3850 licare
2047 3791 2228 3847 decies
2254 3787 2529 3843 Danielem
2560 3795 2613 3840 et
2646 3794 2756 3839 tres
2786 3798 2984 3852 pueros
3011 3784 3203 3852 magis,
3233 3785 3424 3835 incan-

1861 3885 2127 3940 tatoribus
2156 3892 2211 3937 et
2236 3880 2540 3936 Gazareuis
2570 3885 2734 3945 atque
2767 3872 3035 3930 Chaldaeis
3068 3874 3425 3941 sapientiores

1794 3986 2103 4047 arrepertos
2130 4015 2144 4038 ,
2196 3983 2251 4027 et
2298 3973 2533 4042 Moysem
2585 3967 2733 4023 omni
2778 3966 3040 4033 sapientia
3087 3973 3141 4018 et
3181 3964 3425 4017 doctrina

1843 4066 2243 4139 'Egyptiorum
2301 4062 2597 4118 eruditum.
2648 4058 2935 4112 Multorum
2988 4070 3117 4125 ergo
3164 4056 3427 4107 malorum

1859 4159 2077 4212 occasio
2104 4164 2188 4211 est
2213 4195 2227 4219 ,
2258 4156 2302 4209 si
2339 4155 2460 4223 quis
2489 4154 2541 4205 in
2573 4151 2871 4217 Scripturae
2896 4161 3060 4202 carne
3092 4154 3427 4216 permaneat.

1860 4249 1991 4315 Qua:
2018 4249 2107 4315 qui
2156 4248 2382 4301 fecerint
2408 4284 2421 4307 ,
2459 4258 2681 4311 regnum
2719 4241 2811 4301 Dei
2861 4255 2961 4292 non
3011 4246 3431 4306 consequentur.

1862 4339 2225 4405 Quamobrem
2254 4337 2507 4404 spiritum
2544 4331 2838 4400 Scriptura:
2870 4330 3190 4399 fructusque
3219 4343 3432 4395 quaera-

1867 4444 2007 4490 mus,
2045 4425 2133 4494 qui
2156 4439 2274 4477 -nou
2308 4425 2569 4477 dicuntur
2584 4435 2704 4475 esse
2732 4418 3021 4481 manifesti.
3049 4419 3213 4472 Multo
3238 4419 3434 4485 quippe

1868 4518 2054 4572 labore
2102 4525 2155 4569 et
2201 4518 2401 4569 sudore
2422 4553 2445 4577 γ
2465 4520 2521 4565 et
2547 4512 2708 4581 digno
2734 4511 2880 4565 cultu
2917 4512 2967 4563 in
2999 4510 3296 4579 Scripturis
3322 4508 3438 4562 fru—

1870 4617 1991 4660 ctus
2021 4606 2243 4674 spiritus
2275 4602 2573 4656 invenitur.
2606 4600 2757 4655 Unde
2788 4599 3028 4653 arbitror
3060 4598 3284 4652 Paulum
3316 4598 3439 4651 dili-

1871 4707 2057 4769 genter
2088 4707 2143 4751 et
2178 4704 2335 4748 caute
2366 4693 2430 4746 de
2456 4688 2751 4761 Scriptores
2795 4691 3041 4746 sensibus
3074 4691 3273 4743 dixisse
3317 4704 3438 4743 car-

1874 4790 2125 4843 nalibus:
2164 4806 2182 4837 ι
2218 4782 2507 4839 Manifesta
2543 4791 2724 4835 autem
2758 4790 2884 4835 sunt
2912 4796 3072 4849 opera
3102 4780 3282 4833 carnis
3301 4778 3379 4845 ‘7;
3413 4798 3431 4829 ο

1876 4881 1939 4935 de
1966 4876 2343 4947 spiritualibus
2363 4887 2487 4927 vero
2514 4886 2618 4924 non
2646 4880 2703 4924 ut
2728 4871 2799 4923 ibi
2830 4872 3095 4939 posuisse,
3126 4868 3439 4923 manifestus

1874 4985 1957 5025 ρει
1986 4970 2193 5023 fructus
2224 4965 2466 5035 spiritus,
2499 4961 2591 5015 sed
2623 4960 2692 5013 ita
2722 4976 2735 5012 :
2775 4978 2793 5009 ι
2832 4959 3067 5015 Fructus
3104 4970 3282 5013 autem
3325 4959 3437 5027 spi-

1878 5064 2011 5115 ritus
2038 5099 2054 5124 ,
2099 5067 2182 5114 est
2233 5055 2474 5111 charitas
2502 5093 2517 5118 ,
2559 5051 2834 5121 gaudium,
2866 5067 2965 5117 pax
2997 5052 3171 5127 ",iet
3201 5048 3438 5127 reliqua.

1879 5152 2029 5220 Quod
2060 5150 2103 5206 si
2139 5147 2341 5203 relictis
2371 5145 2513 5215 typis
2538 5144 2603 5197 ad
2634 5143 2914 5196 veritatem
2947 5126 3242 5207 Scriptura;
3270 5150 3442 5193 trans-

1881 5258 2068 5299 eamus
2114 5251 2168 5293 et
2218 5236 2507 5307 spiritum,
2554 5235 2736 5290 statim
2785 5232 2941 5285 nobis
2988 5232 3160 5297 prima
3203 5226 3444 5284 charitas
3494 5258 3497 5267 ι

1884 5334 2175 5408 panditur;
2208 5340 2261 5384 et
2288 5329 2354 5383 ad
2379 5328 2631 5399 gaudium
2662 5325 2785 5379 inde
2811 5324 3138 5394 gradientes,
3190 5319 3440 5388 perveni-

1888 5442 2008 5482 mus
2033 5423 2095 5479 ad
2133 5437 2343 5492 pacem,
2371 5436 2468 5490 per
2507 5434 2669 5488 quam
2698 5413 3079 5483 consequimur
3106 5410 3441 5479 patientiam.

298 5666 344 5698 ⁸⁷
376 5662 551 5717 Matth.
591 5673 686 5721 xx,
709 5654 890 5719 26,27
917 5669 932 5716 ;
964 5651 1127 5721 Marc.
1160 5640 1440 5721 adbibi.
1514 5635 1750 5721 “nGal:_v

1853 5638 1884 5687 ει
1960 5634 2003 5721 ε’
2036 5633 2165 5721 ¹.¹ξὲί¹·
2202 5626 2311 5721 .18..-
2338 5698 2371 5721 ..
2386 5625 2588 5721 i1“:i:'-
2642 5616 2840 5721 19...?
2875 5613 3017 5721 ibit.
3074 5600 3445 5721 11.23.6332

597 5698 686 5721 η,
715 5698 804 5719 -.,,
828 5698 884 5707 _.
918 5698 932 5716 ,
965 5698 1127 5706 ___--_
1161 5698 1214 5709 _,
1316 5698 1327 5708 ,

233 5749 461 5791 xxxvtu.
530 5726 735 5781 "Psal.
771 5738 989 5789 cxxxvl,
1011 5724 1068 5787 8,
1102 5719 1157 5775 9.
1184 5766 1204 5776 μ
1231 5715 1277 5748 ³⁸
1304 5711 1446 5787 Psal.
1479 5723 1529 5771 c,
1558 5707 1611 5761 8.
1687 5707 1732 5737 νδ

1856 5724 1889 5758 ι.
1930 5720 2004 5770 ix,
2036 5703 2127 5757 4⁵5.
2202 5699 2247 5729 ⁸³⁸
2272 5699 2311 5751 ll
2337 5698 2467 5763 Reg.
2501 5709 2577 5747 v1.

2648 5669 2697 5722 51"
2715 5669 2839 5742 ’cai.
2875 5701 2923 5748 ν,
2956 5681 3036 5735 to.
3104 5678 3147 5709 ν·
3178 5672 3309 5727 lbid.
3352 5669 3449 5725 ss.

306 5848 418 5917 (3|)
443 5846 624 5901 Exstat
649 5843 813 5896 hocce
834 5836 1189 5905 fragmentum
1220 5830 1359 5902 apud
1386 5824 1773 5894 Hieronymum
1810 5822 1902 5877 lib.
1936 5837 1993 5875 ιιι
2018 5817 2310 5873 Com‘mcut.
2345 5815 2399 5866 in
2430 5809 2598 5880 Epist.
2630 5811 2695 5860 ad
2727 5804 2903 5860 Galat.
2940 5812 3059 5866 cap.

194 5967 206 5995 ι
507 5937 775 5997 Pax-uos.
812 5931 930 5992 Gn.
969 5926 1077 5988 Xl.

3107 5882 3147 5940 ἶ»
