4126 6308
576 524 588 539 ,
671 454 767 519 ιιι·

1860 472 1861 475 ‘
1894 456 1959 511 IN
1996 455 2239 512 LIBROS
2272 455 2431 508 ΠΕΡΙ
2463 450 2690 508 ΑΡΧΩΝ

3781 438 3888 496 H3

672 576 882 629 Avitum
916 582 1205 643 praemonet
1234 573 1360 642 quid
1396 572 1735 642 potissimum
1769 573 1820 627 in
1854 573 2001 627 hisce
2032 570 2629 643 librisicavendumsil,
2667 587 2683 619 ι
2720 576 2779 643 nt
2805 559 3556 643 sci_as,_inquit,_rletestanda
3587 559 3683 643 tibi
3716 559 3777 643 in.
3804 559 3885 643 eis

646 626 1214 713 esseunm’ptm-ine.
1240 626 1363 708 “et
1397 626 1559 714 'jnxta
1578 626 1894 699 Sermonem
1926 626 2148 714 Domini
2190 642 2333 714 inter
2366 626 2685 714 scorpiones
2734 626 3342 714 inceilen'diint'.__r_bioir
3385 646 3416 685 e
3469 627 3691 714 singulis
3724 626 3883 714 libris

669 715 784 787 loca
816 703 1024 787 profert
1049 729 1164 787 quae
1197 703 1429 767 maxime
1460 714 2049 787 reprelietisioui‘erant
2077 713 2331 787 obnoxia.
2360 711 2436 787 _Ea
2469 703 2581 787 suis
2622 706 3007 787 quaeque-Iocis
3039 703 3214 757 Rufini
3254 703 3689 787 interpretationi
3726 710 3883 765 repe-

671 784 778 839 ries
816 770 1085 852 adjuncta:
1133 784 1343 855 Integra
1385 770 1546 853 porro
1588 784 1898 853 Hieronymi
1942 781 2318 851 interpretatio
2354 770 2666 850 jamdudum
2711 770 2907 845 injuria
2948 786 3245 843 temporum
3287 770 3579 825 intercidit.

683 906 3862 938 .______..‘__.__________________———————————————-——-—_—-—

1479 1095 2019 1229 RUFINI
2097 1088 3078 1231 PBESBYTERI

1398 1492 1401 1493 ί
1910 1348 2641 1466 PROLOGUS
2746 1401 2751 1404 ’

1000 1592 1110 1672 ΙΝ
1155 1588 1251 1670 Ll
1266 1589 1513 1668 BROS
1550 1586 1805 1671 ΠΕΡΙ
1840 1580 2201 1668 ΑΡΧΩΝ
2239 1604 2245 1639 ⁴

2323 1580 2726 1705 BIGENIS
2764 1578 3375 1676 PRESBYTERI
3426 1562 3573 1648 (δελ
3630 1692 3637 1695 ι

720 1840 1279 1943 Seioquamplurimes
1298 1870 1801 1928 fratrum.scientiaa
1820 1870 2219 1941 Scripturarum
2255 1876 2297 1933 Α
2326 1856 2466 1924 cidat
2489 1912 2504 1934 ,
2542 1877 2602 1923 ut
2632 1868 2679 1923 is
2719 1866 2804 1920 vir
2830 1845 3005 1946 quem,
3025 1864 3113 1919 ille
3164 1862 3391 1919 alterum
3441 1870 3561 1933 post
3609 1863 3884 1933 apostolos

665 1964 928 2019 desiderio
959 1973 1299 2033 provocatos,
1329 1963 1643 2030 poposcisse
1671 1963 1737 2016 ab
1770 1962 2058 2031 aliquantis
2090 1961 2219 2016 viris

664 2068 715 2109 et
736 2055 1041 2110 Grmcarum
1072 2054 1368 2108 litterarum
1393 2052 1603 2122 peritis,
1639 2050 1996 2121 utOrigcnem
2028 2052 2222 2107 Roma-

665 2165 790 2202 num
815 2146 1053 2201 facerent
1072 2154 1125 2199 et
1149 2144 1352 2199 Latinis
1376 2144 1597 2199 auribus
1616 2160 1736 2199 eum
1764 2145 2047 2199 donarent.
2077 2142 2222 2199 Inter

664 2254 800 2307 quos
830 2238 990 2292 etiam
1028 2237 1192 2293 frater
1211 2245 1266 2291 et
1297 2236 1503 2305 collega
1540 2237 1853 2307 uoster(35)
1884 2235 1954 2290 ab
1968 2236 2221 2305 episeopo

663 2331 894 2385 Damaso
923 2330 1241 2399 deprecatus
1269 2368 1281 2393 ,
1308 2342 1429 2383 cum
1462 2327 1715 2384 bomilias
1745 2328 1876 2382 duas
1903 2329 1968 2383 de
2000 2328 2220 2383 Cantico

664 2422 992 2477 canticorum
1024 2420 1077 2475 in
1109 2408 1358 2475 Latinum
1392 2418 1751 2474 transtulisset
1787 2433 1853 2473 ex
1886 2418 2071 2475 Graeco
2098 2460 2114 2485 ,
2146 2418 2217 2473 ita

664 2514 717 2568 in
755 2513 843 2567 illo
869 2528 1029 2581 opere
1060 2523 1251 2566 ornate
1283 2512 1675 2582 magnificeque
1708 2512 1963 2581 praefatus
2007 2519 2090 2566 est
2118 2552 2135 2579 ,
2164 2521 2228 2587 ut

662 2603 836 2658 cuivis
867 2602 1069 2671 legendi
1098 2603 1380 2669 Origenem
1437 2610 1491 2656 ct
1526 2602 1835 2657 avidissime
1876 2602 2216 2672 perquirendi

664 2692 985 2746 desiderium
1014 2700 1381 2745 commoveret
1408 2731 1423 2757 ,
1478 2692 1667 2747 dicens
1703 2692 1841 2747 illius
1874 2693 2065 2746 animae
2092 2681 2219 2746 cou-

662 2784 846 2855 venire
888 2783 1029 2853 quod
1062 2782 1263 2837 dictum
1295 2791 1379 2836 est
1430 2783 1555 2851 quia
1616 2802 1635 2834 ο
1668 2782 1964 2836 introduxit
1990 2782 2103 2855 (54)
2136 2797 2221 2836 me

666 2888 760 2927 rex
794 2873 848 2925 in
910 2872 1213 2926 cubiculum
1258 2888 1411 2927 suum
1442 2873 1496 2939 ’ς
1534 2892 1553 2923 ι
1607 2888 1857 2927 asserens
1912 2853 2031 2927 eum
2079 2879 2219 2942 quod

664 2976 783 3018 cum
821 2963 872 3016 in
909 2964 1124 3018 caeteris
1168 2963 1324 3018 libris
1378 2978 1568 3018 omnes
1603 2965 1822 3029 vincat,
1881 2964 1932 3017 in
1983 2965 2221 3020 Canticis

664 3054 995 3107 canticorum
1035 3055 1196 3108 etiam
1221 3054 1337 3123 ipse
1362 3068 1419 3109 se
1447 3052 1653 3108 vicerit.
1703 3054 1988 3109 Pollicetur
2018 3069 2141 3109 sane
2167 3057 2229 3109 itr

580 3174 589 3179 ο
664 3146 775 3216 ipsa
806 3145 1117 3215 praefatione
1156 3161 1215 3201 se
1247 3155 1296 3201 et
1358 3147 1500 3215 ipsos
1535 3146 1588 3199 in
1624 3145 1843 3202 Cantica
1886 3148 2216 3202 canticorum

2322 1959 2579 2013 Ecclesiae
2631 1955 2907 2013 doctorem
2956 1954 3195 2009 scientia:
3241 1968 3306 2007 ac
3359 1952 3639 2023 sapientia:
3686 1954 3881 2008 merito

2320 2054 2653 2119 comprobat,
2711 2045 2887 2115 inopia
2923 2044 3188 2099 sermonis
3223 2044 3399 2113 nostri
3446 2043 3604 2113 longe
3648 2058 3767 2098 esse
3801 2045 3883 2097 iu-

2322 2139 2488 2196 ferior
2511 2140 2776 2195 videatur.
2823 2136 2974 2205 Quod
3006 2151 3105 2206 ego
3127 2150 3269 2206 saepe
3304 2137 3653 2191 considerans
3687 2137 3883 2191 retice-

2320 2235 2467 2297 bam,
2494 2247 2591 2288 nec
2629 2225 3043 2301 deprecantibus
3087 2241 3174 2284 me
3209 2227 3524 2300 frequenter
3558 2227 3611 2281 in
3638 2227 3741 2281 hoc
3769 2225 3883 2281 fra-

2324 2326 2495 2380 tribus
2524 2322 2831 2397 a‘nnttebam
2867 2338 2883 2387 ;
2937 2322 3029 2376 sed
3057 2329 3143 2375 tua
3178 2320 3262 2374 vis
3293 2360 3307 2384 ,
3347 2318 3657 2397 fidelissime
3711 2319 3884 2374 frater

2321 2413 2537 2478 Macari,
2554 2396 2704 2468 tanta
2724 2419 2826 2476 est,
2853 2410 2939 2467 cui
2958 2410 3237 2475 obsistere,
3257 2424 3325 2463 ne
3348 2396 3880 2480 imperitia'quideni,

2320 2516 2519 2576 potest.
2584 2504 2810 2574 Propter
2854 2504 2996 2572 quod
3047 2517 3114 2556 ne
3150 2511 3201 2557 te
3229 2501 3369 2556 .ultra
3405 2517 3621 2573 gravem
3663 2511 3885 2572 paterer

2317 2606 2629 2652 exactorem
2660 2639 2675 2663 ,
2735 2595 2901 2650 etiam
2950 2602 3141 2649 contra
3194 2595 3525 2664 pr0positum
3559 2594 3672 2665 (55)
3703 2608 3880 2648 meum

2319 2692 2476 2756 cessi,
2504 2704 2566 2744 ea
2602 2698 2778 2743 tamen
2812 2688 2927 2756 lege
2961 2696 3121 2758 atque
3152 2702 3215 2741 eo
3242 2687 3351 2759 ω
3376 2688 3588 2751 ordine,
3617 2695 3676 2741 ut
3710 2701 3884 2756 quan-

2321 2793 2432 2838 tum
2456 2782 2573 2837 fieri
2602 2789 2796 2857 potest,
2825 2780 3222 2851 interpretando
3244 2795 3441 2849 sequar
3470 2778 3705 2850 regulam
3738 2794 3882 2848 prte-

2320 2876 2597 2932 cessorum
2627 2916 2641 2940 ,
2696 2885 2751 2929 et
2804 2872 2920 2942 ejus
2968 2874 3237 2944 praecipue
3277 2873 3375 2926 viri
3429 2873 3583 2941 cujus
3632 2872 3885 2942 superius

2321 2966 2549 3021 fecimus
2606 2967 2966 3021 mentionem:
3019 2966 3109 3034 qui
3163 2980 3283 3019 cum
3320 2965 3479 3019 .ultra
3535 2966 3882 3037 septuaginta

2320 3058 2528 3114 libellos
2564 3056 2813 3125 Origeuis
2862 3070 3002 3125 quos
3032 3056 3378 3111 homileticos
3428 3057 3542 3127 (36)
3572 3057 3882 3127 appellavit,

2322 3148 2629 3218 aliquantos
2684 3148 2847 3201 etiam
2899 3147 2966 3200 de
3019 3148 3181 3201 tomis
3212 3147 3264 3199 in
3308 3147 3619 3213 Apostolum
3662 3149 3884 3218 scriptis

662 3227 895 3302 libros,-
924 3249 974 3293 et
1008 3238 1142 3293 alios
1190 3236 1621 3308 quamplurimos
1666 3237 1916 3309 Origenis
1968 3240 2221 3294 Romanis
2255 3221 2687 3293 B'transtulisset
2732 3238 2782 3291 in
2816 3237 3110 3304 Latinum;
3155 3238 3205 3290 in
3234 3239 3427 3305 quibus
3453 3253 3574 3292 cum
3609 3239 3883 3309 aliquanta

662 3330 884 3384 auribus
916 3330 1257 3399 largiturum.
1314 3330 1419 3384 Sed
1455 3329 1541 3383 ille
1566 3372 1581 3395 ,
1633 3339 1692 3383 ut
1739 3332 1891 3384 video
1914 3373 1929 3395 ,
1991 3331 2044 3384 in
2079 3330 2219 3400 stylo

662 3420 883 3491 proprio
919 3420 1132 3489 placens
1158 3462 1173 3485 ,
1212 3437 1324 3475 rem
1359 3421 1583 3489 majoris
1618 3422 1799 3490 gloria:
1833 3422 2075 3489 sequitur
2100 3462 2114 3487 ,
2162 3431 2219 3477 ut

618 3512 621 3515 λ
663 3520 815 3582 pater
845 3511 995 3565 verbi
1048 3513 1119 3567 sit
1169 3512 1345 3578 potius
1382 3528 1433 3581 qt
1457 3528 1540 3566 am
1594 3513 1875 3581 interpres.
1942 3511 2049 3567 Nos
2094 3500 2219 3583 ergo

665 3618 779 3658 rem
816 3604 880 3658 ab
902 3603 992 3659 illo
1023 3604 1236 3674 quidem
1278 3613 1509 3673 emptam
1544 3607 1820 3675 sequimur
1849 3614 1900 3657 et
1920 3605 2217 3673 probatam,

664 3699 756 3754 sed
793 3712 896 3753 non
926 3698 1095 3767 aequis
1128 3696 1449 3766 eloquentia)
1486 3698 1695 3752 viribus
1732 3696 1864 3751 tanti
1898 3696 1994 3750 viri
2028 3710 2220 3750 ornare

665 3805 945 3860 possumus
976 3789 1153 3855 dicta;
1214 3790 1356 3845 unde
1388 3804 1582 3844 Vereor
1626 3804 1693 3844 ne
1745 3790 1872 3844 vitio
1904 3804 2023 3843 meo
2050 3788 2101 3842 id
2131 3803 2221 3842 ac-

739 3882 755 3910 ί
782 3880 934 3934 Cant.
961 3894 1023 3944 ll,
1048 3879 1103 3932 4.
1735 3882 1761 3907 "

734 3981 1105 4064 (5%)Ex_liac
1151 3993 1471 4063 praefatione
1498 3994 1678 4049 Rufini
1725 3994 1948 4064 ejusque
1992 4006 2222 4063 quatuor

666 4065 805 4132 Περὶ
834 4062 1031 4131 ἀρχῶν
1073 4062 1328 4117 librorum
1358 4064 1795 4131 interpretatione
1833 4062 2023 4118 Latina
2056 4068 2219 4120 semi-

670 4135 881 4188 narium
907 4157 915 4166 -
939 4133 1224 4186 discordia:
1268 4140 1319 4185 et
1366 4132 1550 4201 ingens
1585 4133 1887 4187 incendium
1926 4145 2107 4187 natum
2144 4144 2225 4188 est
2256 4200 2261 4201 ί

668 4218 790 4256 eum
826 4203 965 4255 inter
998 4213 1050 4254 et
1096 4201 1475 4270 Hieronymum
1509 4219 1523 4266 ;
1585 4202 1650 4255 de
1691 4218 1796 4269 quo
1827 4204 1945 4257 vide
1975 4204 2222 4257 llnetium

674 4271 1273 4345 Origenianorumlibro
1294 4271 1553 4345 secundo,
1579 4273 1771 4345 capitis
1787 4274 1963 4340 quarti
1986 4274 2225 4345 sectione

670 4340 865 4410 prima,
897 4356 1042 4393 num.
1064 4340 1148 4403 16,
1175 4341 1234 4393 17
1265 4351 1316 4394 et
1334 4355 1485 4408 seqq.
1515 4341 1732 4394 Interim
1758 4356 1948 4395 moueo
1972 4358 2066 4396 nos
2092 4343 2231 4399 hunc

675 4412 956 4482 prologum
986 4418 1038 4463 et
1068 4421 1379 4482 sequentem
1413 4418 1647 4482 quatuor
1672 4412 1811 4479 Περὶ
1842 4411 2049 4482 ἀρχῶν
2073 4413 2231 4467 ιίιπο·

669 4478 790 4534 rum
819 4481 1314 4548 interpretationem
1344 4478 1637 4534 contulisse
1670 4478 1788 4535 cum
1834 4478 2230 4537 sei'cndicibus

672 4550 1080 4617 manuscriptis,
1111 4564 1217 4602 uno
1246 4548 1607 4603 Virodunensi
1645 4554 1766 4605 noni
1795 4552 1974 4606 smculi
2008 4569 2022 4617 ;
2057 4552 2225 4606 altero

672 4610 1007 4687 Corlieieﬁsi,
1037 4610 1163 4672 noni
1198 4619 1399 4687 pariter
1420 4620 1600 4673 saeculi
1628 4635 1644 4680 ;
1698 4622 1852 4675 tertio
1874 4610 2177 4677 Colbertino
2206 4640 2219 4687 ;

675 4697 872 4750 quarto
929 4686 1274 4754 Sorbonico;
1332 4688 1518 4754 quinto
1561 4692 1872 4744 monasterii
1928 4693 1992 4745 de
2048 4691 2225 4747 Monte

677 4756 863 4810 Sancti
901 4755 1176 4813 Michaelis
1223 4759 1274 4811 in
1310 4756 1560 4810 Pericqu
1593 4763 1799 4825 maris;
1849 4770 1997 4815 sexto
2045 4776 2228 4813 mona-

677 4828 825 4880 sterii
881 4827 1061 4897 Sancti
1116 4828 1343 4897 Remigii
1409 4826 1756 4881 Rhemensis.
1822 4832 2057 4897 Denique
2106 4845 2223 4883 cum

678 4898 815 4965 lianc
835 4895 1201 4965 praefationem
1225 4895 1383 4964 paulo
1407 4897 1715 4965 accuratius
1732 4914 1888 4965 quam
1904 4895 2157 4953 Merlinus
2174 4910 2228 4953 et

676 4963 1057 5020 Genebrardus
1091 4963 1318 5021 ediderit
1353 4965 1600 5019 dominus
1627 4963 1861 5021 Joannes
1889 4969 2228 5024 Martianaeus

680 5045 810 5088 tom.
840 5034 902 5106 iV
941 5035 1371 5106 partesecunda
1419 5049 1527 5106 sua:
1568 5036 1821 5106 editionis
1844 5038 2070 5106 Operum
2105 5039 2228 5092 Hie-

676 5105 909 5173 ronymi,
941 5118 992 5170 p.
1026 5103 1152 5169 559,
1181 5102 1381 5175 placuit
1415 5104 1576 5159 etiam
1600 5104 1725 5162 inde
1763 5102 1939 5161 varias
1973 5108 2227 5161 lectiones

678 5188 986 5239 excerpere.
1536 5199 1576 5213 υ.

751 5244 861 5310 (55)
894 5242 1044 5316 Inter
1066 5259 1193 5312 quos
1224 5245 1379 5296 etiam
1416 5245 1582 5313 frater
1610 5263 1656 5302 et
1688 5247 1881 5316 collega
1915 5256 2106 5299 noster.
2140 5244 2229 5299 Sic

679 5328 865 5389 omnes
892 5314 1046 5367 codd.
1082 5328 1209 5389 mss.
1252 5324 1443 5382 pra'ter
1479 5314 1850 5389 Reinigiauunt
1894 5317 1980 5389 ubi
2016 5316 2225 5389 legitur.

682 5383 787 5455 g_in
824 5398 927 5450 quo
957 5423 973 5445 ,
1009 5400 1025 5433 ι
1066 5388 1169 5455 cl_c.
1206 5421 1221 5446 ,
1263 5392 1433 5449 “quam
1485 5383 1765 5443 lectiolem
1801 5388 2045 5455 sequitur
2071 5386 2227 5438 etiam

680 5451 1042 5505 Martiana‘us.
1100 5452 1379 5519 Perperam
1414 5468 1537 5507 vero
1570 5458 1822 5512 Merlinus
1848 5451 1899 5509 ct
1925 5456 2227 5511 Genebrar-

680 5523 818 5597 dus:
876 5541 892 5571 ι
934 5522 1074 5597 lnt_er
1102 5536 1236 5589 quos
1258 5524 1419 5597 etiam
1436 5527 1626 5597 “frater
1654 5526 2025 5597 Hieronymus,
2054 5527 2143 5578 sed
2175 5536 2229 5579 et

680 5591 905 5658 collega.
947 5610 966 5637 ι
990 5590 1251 5665 Tacuerat
1272 5590 1657 5665 CllllllARIlﬁllllS
1682 5590 1985 5665 Hieronymi
2012 5612 2226 5656 nomen,

684 5669 748 5735 u_t_
798 5669 1091 5735 testant_tt_r__
1124 5659 1597 5735 PatumacttiusAcr
1643 5659 1897 5735 Oceanus
1936 5668 2088 5735 epist.
2137 5668 2226 5726 40.

674 5729 816 5780 alias
836 5729 922 5792 64,
949 5731 1009 5802 ad
1034 5728 1431 5798 Hieronymum.
1458 5751 1475 5781 «ι
1502 5733 1642 5787 Sane
1659 5728 2226 5802 subtiliter,inq'uiunt,

688 5804 738 5880 in
775 5800 1091 5880 praefatione
1114 5802 1289 5865 operis
1322 5802 1401 5880 sui
1455 5805 1778 5859 mentionem
1825 5805 1985 5858 tacito
2015 5800 2228 5858 nomine

688 5875 789 5922 tua
822 5875 1125 5922 sanctitatis
1148 5875 1428 5936 expressit.
1460 5892 1478 5923 ο

2325 3329 2644 3387 offendicula
2708 3330 3053 3383 inveniantur
3107 3329 3160 3381 in
3214 3327 3448 3393 Grreco,
3517 3330 3588 3383 ita
3643 3331 3888 3387 elimavit

2325 3422 2504 3478 omnia
2554 3421 2977 3489 interpretando,
3038 3428 3198 3489 atque
3224 3422 3494 3489 purgavit,
3530 3430 3591 3475 ut
3638 3423 3770 3477 nihil
3826 3425 3882 3477 in

2326 3515 2430 3569 illis
2466 3514 2607 3583 quod
2636 3528 2665 3565 a
2708 3512 2811 3566 fide
2841 3522 3023 3567 nostra
3055 3512 3324 3582 discrepet
3358 3512 3581 3571 Latinus
3609 3515 3776 3569 lector
3802 3516 3885 3569 in-

2326 3607 2523 3660 veniat.
2576 3603 2728 3659 llunc
2758 3619 2887 3673 ergo
2910 3605 3075 3658 etiam
3129 3620 3227 3659 nos
3256 3606 3382 3660 licet
3422 3622 3525 3660 non
3562 3606 3887 3677 eloquentia:

2325 3696 2559 3758 viribus,
2607 3693 2900 3763 disciplina:
2933 3705 3110 3750 tamen
3154 3695 3353 3766 regulis
3389 3696 3500 3766 (37)
3545 3697 3595 3749 in
3625 3704 3882 3766 quantum

2325 3800 2611 3857 possumus
2638 3824 2656 3850 ,
2702 3784 3023 3852 sequimur,
3057 3786 3407 3841 observantes
3453 3787 3661 3842 scilicet
3703 3802 3768 3842 ne
3816 3802 3883 3842 ea
3951 3790 3957 3795 ’

2397 3992 2508 4064 (54)
2544 3991 2678 4064 Qnia
2701 3991 3150 4064 introduxit,_etc.
3209 3991 3322 4047 Vox
3358 4009 3377 4043 ι
3414 3990 3545 4064 quia
3569 4008 3587 4043 ι
3637 3989 3790 4064 deest
3827 3991 3883 4064 in

2328 4060 2582 4118 omnibus
2611 4062 2761 4116 libris
2799 4070 2958 4130 antea
2980 4060 3141 4116 editis
3166 4102 3183 4130 ,
3210 4060 3456 4130 quamvis
3497 4060 3791 4130 reperiatur
3825 4060 3884 4113 in

2328 4132 2575 4201 omnibus
2626 4146 2755 4185 mss.
2815 4129 2951 4201 Ibid.
3004 4128 3193 4187 omnes
3228 4128 3373 4185 'mss.
3407 4139 3480 4201 Aet
3514 4128 3882 4201 Martianaaus,

2336 4221 2355 4254 ι
2386 4199 2629 4254 asserens
2646 4215 2764 4253 eum
2791 4200 2930 4269 quod
2958 4217 3081 4255 cum
3224 4201 3385 4255 etiam
3406 4199 3517 4266 ipse
3541 4213 3598 4252 se
3620 4200 3827 4253 vicerit.
3854 4220 3875 4251 ι

2333 4271 2478 4325 Merl.
2507 4282 2558 4323 et
2591 4269 2821 4325 Genebr.
2861 4308 2878 4333 ,
2915 4287 2934 4321 α
2957 4285 3199 4325 asserens
3232 4271 3372 4337 quod
3404 4283 3522 4323 cum
3674 4270 3787 4335 ipse
3820 4285 3883 4325 se

2331 4341 2549 4396 vincit»
2581 4340 2741 4394 Paulo
2767 4348 2886 4408 post
2913 4336 3278 4408 codd.,Corb.,
3310 4339 3516 4408 Remig.
3544 4346 3599 4391 et
3618 4336 3881 4403 Colbert..

2334 4430 2351 4462 ι
2391 4412 2584 4464 merito
2623 4406 2955 4476 comprobat.
2988 4428 3005 4459 ι
3041 4407 3317 4471 Merlinus,
3348 4406 3685 4461 Martianazus
3710 4416 3764 4461 et
3788 4426 3881 4462 co-

2328 4483 2427 4535 dex
2456 4480 2769 4534 monasterii
2801 4479 2866 4529 de
2890 4476 3066 4531 Monte
3092 4477 3272 4531 Sancti
3297 4476 3595 4540 Michaelis,
3632 4494 3651 4526 ί
3687 4479 3883 4533 merito

2325 4549 2709 4619 comprobavit.
2767 4565 2786 4597 ι
2822 4544 3246 4619 Ibidemomnes
3276 4561 3411 4619 mss.
3437 4555 3490 4598 et
3514 4545 3882 4619 Martianzeus,

2333 4636 2351 4669 ι
2384 4615 2525 4688 quod
2563 4633 2660 4687 ego
2684 4630 2824 4685 smpe
2857 4616 3206 4688 considerans
3230 4615 3543 4688 reticebam,
3570 4631 3670 4688 nec
3695 4618 3882 4686 depre-

2328 4684 2576 4742 cantibus
2600 4684 2692 4738 ine
2840 4687 3161 4742 anuuebam.
3201 4703 3220 4737 ι
3258 4684 3515 4739 Μθνιὶιιυε
3537 4695 3591 4739 et
3616 4684 3882 4751 Genebr.,

2334 4777 2352 4807 ι
2393 4758 2531 4827 quod
2558 4770 2659 4827 ego
2689 4754 2884 4821 sa-pius
2927 4755 3274 4809 considerans
3326 4755 3619 4811 reticebam
3652 4794 3667 4819 ,
3701 4767 3756 4810 et
3788 4755 3881 4809 des

2327 4826 2673 4895 precantibus
2709 4838 2901 4878 me....
2931 4839 3034 4877 non
3071 4827 3394 4895 annuebam.
3436 4844 3454 4877 ι
3740 4893 3785 4895 __
3832 4835 3839 4840 '

2398 4897 2509 4964 (55)
2540 4894 2735 4964 Contra
2756 4895 3094 4964 propositum.
3136 4893 3212 4948 Ita
3262 4909 3453 4950 omnes
3498 4908 3630 4949 mss.
3657 4902 3713 4948 et
3737 4893 3883 4948 Har-

2330 4962 2569 5019 tianaens.
2626 4962 2978 5033 atMcrlinus
3031 4973 3083 5017 et
3132 4965 3392 5025 Genebr.,
3445 4980 3463 5013 α
3500 4965 3635 5018 citra
3688 4978 3886 5033 propo-

2329 5036 2509 5087 situm.
2543 5054 2560 5085 ι
2592 5066 2599 5071 -
2626 5032 2745 5086 Mox
2804 5046 2990 5087 omnes
3048 5048 3177 5086 mss.
3218 5043 3273 5086 et
3308 5033 3647 5086 Martianmus
3681 5075 3695 5097 ,
3758 5032 3875 5089 (ea

2330 5111 2508 5155 tamen
2538 5104 2653 5173 lege
2683 5114 2842 5171 atque
2870 5116 2934 5155 eo
2955 5104 3227 5165 ordine,ut
3256 5111 3511 5170 quantum
3540 5103 3653 5156 fieri
3680 5114 3880 5173 potest,

2246 5210 2247 5217 η
2332 5172 2732 5241 interpretando
2762 5186 2957 5241 sequar
2983 5174 3218 5241 regulam
3243 5186 3648 5237 praecessorum.
3684 5190 3707 5224 ι
3733 5172 3880 5227 Μυν-

2332 5241 2468 5297 linus
2503 5254 2555 5295 et
2577 5243 2811 5297 Genebr.
2836 5281 2850 5305 ,
2902 5259 2923 5291 ι
2966 5256 3025 5294 ea
3052 5251 3225 5297 tamen
3254 5242 3367 5310 lege
3402 5250 3561 5309 atque
3582 5243 3790 5307 ordine,
3826 5244 3880 5296 in

2329 5312 2725 5382 quantuinﬁeri
2768 5319 2988 5378 potest,
3040 5310 3441 5381 interpretando
3486 5325 3684 5379 sequor
3717 5328 3881 5382 regn-

2331 5382 2432 5433 lam
2460 5381 2931 5449 prmdecessorum.
2971 5397 2989 5430 ι

2398 5448 2910 5520 (56).!fomileticos.
2973 5450 3043 5503 Ita
3093 5448 3456 5504 Martiauaaus.
3521 5449 3574 5503 In
3626 5451 3885 5504 omnibus

2330 5538 2459 5575 mss.
2498 5520 2686 5589 legitur
2713 5536 2730 5567 ι
2759 5521 3079 5585 omeliticos,
3114 5540 3131 5572 ι
3191 5530 3441 5589 eorrupte
3473 5536 3568 5588 pro
3602 5540 3620 5572 ι
3656 5520 3881 5575 homile-

2332 5592 2485 5655 ticos,
2519 5608 2536 5640 ιι
2573 5588 2650 5640 vel
2688 5606 2704 5637 ι
2736 5589 3076 5643 humiliticos.
3110 5610 3126 5643 υ
3160 5588 3365 5643 Merlin.
3398 5602 3453 5644 et
3475 5590 3703 5653 Geneb.,
3726 5607 3746 5640 ι
3784 5592 3883 5641 lio—

2331 5660 2633 5718 nnliatiCOs.
2664 5677 2682 5708 ι
2716 5660 2869 5711 male.

2400 5729 2510 5793 (57)
2547 5726 2845 5794 Disciplina:
2884 5738 3053 5781 tamen
3090 5728 3294 5797 regulis.
3352 5729 3439 5783 Sic
3491 5742 3637 5783 recte
3686 5740 3878 5782 omnes

2329 5812 2460 5850 mss.
2497 5806 2551 5849 et
2593 5797 2951 5852 Martiauteus.
3012 5797 3295 5865 Perperam
3345 5798 3706 5865 Merlinuset
3762 5798 3878 5850 Ge-

2331 5867 2506 5931 nebr.,
2540 5884 2558 5913 ι
2594 5868 2906 5937 discipulum
2947 5864 3129 5923 tamen
3161 5871 3370 5939 regulis.
3411 5889 3427 5922 ι
3468 5869 3581 5924 Mox
3616 5864 3881 5922 Herliuus
