4126 6308
248 413 343 469 115

1529 405 1757 463 RUFiNl
1792 401 2174 467 PROLOGUS,

3351 391 3454 442 τη

242 514 455 588 qme'iu
505 520 664 578 libris
698 524 943 594 Origenis
1004 540 1034 579 a
1072 524 1262 594 scipsis
1306 518 1664 596 discrepantia
1716 528 1796 581 in-
1828 534 1867 587 Α
1902 536 2076 580 tamen
2133 520 2375 577 nostrum
2430 515 2710 579 diximus,
2760 514 2862 568 sed
2892 512 3017 566 licet
3070 511 3123 564 in
3170 508 3291 563 aliis
3321 505 3453 560 locis

245 610 521 665 Veniuntur
551 622 716 682 atque
748 616 1018 669 contraria
1046 655 1061 680 ,
1095 615 1435 682 proferamus
1466 635 1479 673 :
1527 618 1678 686 cujus
1713 619 1794 671 lii-

245 699 505 755 versitatis
537 716 757 758 causam
808 705 1014 774 plenius
1066 706 1160 760 tibi
1195 706 1249 760 in
1276 706 1605 779 Apologetico
1638 696 1794 778 quem

244 788 553 858 Pamphilus
582 808 679 862 pro
714 795 865 852 libris
895 797 1060 866 ipsius
1094 798 1344 868 Origcnis
1390 791 1648 869 scripsit,
1684 800 1796 854 edi-

241 880 414 935 dimus
448 926 460 947 ,
492 883 817 941 brevissimo
840 888 1019 943 libello
1046 891 1393 959 superaddite
1414 930 1428 956 ,
1458 891 1510 944 in
1544 905 1650 959 quo
1685 891 1797 944 evi-

242 967 487 1023 dentibus
512 1012 528 1037 ,
564 982 623 1026 ut
646 975 879 1029 arbitror
904 1017 919 1041 ,
970 977 1342 1044 probamentis
1369 988 1650 1047 corruptos
1674 995 1795 1034 esse

243 1056 291 1109 in
320 1061 733 1131 quamplurimis
785 1066 853 1119 ab
901 1066 1169 1122 haereticis
1202 1077 1257 1122 et
1304 1067 1581 1123 malevolis
1627 1067 1793 1122 libros

240 1144 352 1215 ejus
385 1150 736 1218 ostendimus,
792 1163 843 1207 et
871 1155 1137 1223 prtecipue
1179 1152 1310 1211 istos
1338 1171 1473 1226 quos
1506 1174 1649 1213 nunc
1678 1158 1795 1213 exi-

240 1238 313 1305 gis
340 1248 400 1291 ut
431 1240 753 1311 interpreter
777 1284 794 1311 ,
847 1244 898 1298 id
944 1254 1026 1300 est
1042 1246 1197 1313 Περὶ
1237 1247 1481 1316 ἁρχῶν,,
1532 1250 1675 1318 quod
1712 1251 1791 1303 vel

200 1414 201 1417 η
238 1328 311 1382 De
340 1329 611 1399 principiis
645 1334 726 1389 vel
756 1334 829 1389 De
858 1336 1234 1406 principatibus
1283 1337 1395 1409 (58)
1432 1340 1535 1394 dici
1585 1348 1789 1408 potest;

236 1423 321 1493 qui
358 1429 485 1477 sunt
513 1439 703 1479 revera
746 1425 882 1481 alias
909 1435 963 1482 et
990 1427 1361 1482 obscurissimi
1392 1438 1445 1482 et
1474 1428 1789 1484 dilIicillimi.

238 1512 307 1567 De
333 1515 497 1569 rebus
525 1516 666 1569 enim
704 1517 898 1574 talibus
930 1519 1001 1575 ibi
1029 1521 1273 1591 disputat
1309 1521 1361 1574 in
1392 1521 1588 1590 quibus
1617 1522 1789 1589 philo-

234 1609 382 1678 δορὴί
410 1607 556 1664 omni
582 1618 741 1665 aetate
762 1625 857 1665 sua
886 1623 1206 1683 consumpta
1234 1612 1479 1667 invenire
1501 1620 1790 1682 potuerunt

234 1699 387 1754 nihil.
418 1699 516 1756 Hic
548 1716 678 1776 vero
718 1696 901 1755 uester
927 1712 1192 1771 quantum
1233 1704 1403 1771 potuit
1431 1742 1446 1769 ,
1479 1703 1529 1756 id
1555 1702 1685 1772 egit,
1733 1712 1792 1757 ut

233 1792 507 1848 Creatoris
535 1791 693 1847 [idem
726 1800 779 1846 et
805 1800 1180 1847 creaturarum
1210 1792 1475 1847 rationem
1499 1792 1610 1863 (39)
1631 1808 1789 1862 quam

1898 619 2040 672 dicta
2070 658 2084 683 ,
2118 626 2294 669 tamen
2326 625 2420 665 sua
2450 607 2555 663 sibi
2583 605 2931 662 reddidimus.
2989 601 3100 657 lloc
3126 606 3323 661 autem
3368 597 3451 652 i'd-

1897 710 2042 763 circo
2066 708 2117 761 in
2155 702 2467 774 praefatione
2518 696 2845 753 commonui.
2873 710 2939 750 ne
2985 688 3121 748 forte
3152 688 3452 745 calumnia-

1899 810 2042 855 tores
2080 800 2271 851 iterum
2317 785 2427 866 (ιω)
2478 782 2539 846 ’δε
2588 786 2907 844 criminandi
2954 791 3141 849 nutent
3182 779 3453 834 invenisse

1899 890 2200 944 materiam.
2235 885 2339 940 Sed
2371 882 2599 937 viderint
2623 881 2751 950 quid
2789 877 3027 948 perversi
3050 884 3103 930 et
3129 868 3463 929 eontentiosi-

1898 981 2139 1035 homines
2170 988 2353 1050 agant.
2402 977 2569 1032 Nobis
2598 973 2815 1030 interim
2857 966 3258 1031 tantuslabor,
3293 962 3334 1017 si
3372 971 3453 1013 ta-

1895 1083 2015 1122 men
2047 1068 2330 1122 orantibus
2359 1065 2508 1120 vobis
2535 1066 2673 1118 Deus
2693 1061 2917 1131 juverit,
2943 1056 3140 1112 idcirco
3163 1059 3461 1120 susceptus

1893 1169 1972 1213 est
1995 1200 2010 1224 ,
2043 1174 2145 1212 non
2182 1166 2240 1211 ut
2270 1153 2617 1210 calumniosis
2644 1167 2706 1207 os
2728 1191 2745 1217 ,
2778 1150 2920 1220 quod
2956 1146 3073 1202 ﬁeri
3106 1159 3209 1199 non
3252 1147 3449 1213 potest,

1894 1252 2012 1306 licet
2046 1250 2183 1305 forte
2214 1250 2375 1304 etiam
2404 1247 2505 1301 hoc
2536 1244 2675 1298 Deus
2704 1242 2902 1305 faciet,
2936 1237 3329 1299 clauderemus,
3357 1231 3449 1287 sed

1894 1354 1948 1399 ut
1972 1344 2230 1414 prolicere
2256 1342 2324 1398 ad
2348 1341 2629 1397 scientiam
2650 1351 2828 1393 rerum
2855 1330 3155 1387 volentibus
3170 1327 3449 1385 materiam

1892 1439 2274 1509 praeberemus.
2322 1436 2455 1491 lllud
2483 1448 2615 1490 sane
2643 1444 2867 1495 omnem
2887 1425 2999 1497 (Η)
3030 1424 3120 1494 qui
3160 1421 3258 1476 hos
3284 1420 3450 1476 libros

1893 1529 2260 1598 descripturus
2288 1533 2371 1581 est
2398 1524 2481 1580 vel
2513 1525 2756 1579 lecturus
2778 1562 2793 1587 ,
2828 1519 2885 1587 in,
2906 1522 3192 1584 conspectu
3224 1511 3312 1566 Dei
3351 1509 3450 1564 Pa-

1894 1620 1993 1675 tris
2030 1628 2083 1674 et
2109 1620 2229 1681 Filii
2263 1630 2318 1672 et
2354 1618 2587 1687 Spiritus
2614 1612 2787 1678 sancti
2818 1616 3095 1668 contestor
3126 1613 3289 1673 atque
3321 1616 3478 1667 con-_

1889 1713 2045 1766 venio
2071 1726 2165 1781 per
2196 1710 2360 1763 tuturi
2405 1710 2553 1778 regni
2582 1707 2739 1761 [idem
2767 1743 2782 1769 ,
2808 1717 2903 1771 per
2933 1694 3349 1780 resurrectionis
3376 1706 3447 1747 ex

1891 1804 2120 1859 mortuis
2144 1807 2543 1857 sacramentum
2580 1838 2593 1862 ,
2644 1812 2742 1867 per
2771 1792 2920 1848 illum
2972 1789 3063 1853 qui
3110 1792 3446 1857 praeparatus

233 1882 303 1937 illi
343 1882 411 1937 ad
439 1883 765 1955 impietatem
797 1892 1095 1949 traxerant,
1147 1884 1215 1937 ad
1244 1884 1502 1951 pietatem
1534 1884 1636 1939 iste
1659 1898 1789 1938 con-
1822 1878 1863 1931 Β
1894 1903 1978 1949 εει
2009 1892 2225 1947 diabolo
2275 1900 2330 1947 et
2363 1887 2569 1960 angelis
2598 1886 2716 1955 ejus
2737 1926 2752 1951 ,
2803 1892 3068 1937 aeternum
3120 1879 3296 1949 ignem
3344 1874 3446 1946 (sic

232 1975 512 2029 verteret”.
575 1973 759 2030 Sicubi
802 1988 931 2044 ergo
964 1987 1062 2027 nos
1117 1972 1172 2026 in
1224 1971 1382 2028 libris
1433 1971 1550 2040 ejus
1585 1973 1786 2041 aliquid

230 2072 413 2119 contra
442 2065 494 2119 id
526 2064 859 2132 invenimus,
883 2062 1024 2134 quod
1054 2061 1123 2117 ab
1175 2062 1293 2132 ipso
1322 2062 1375 2114 in
1414 2062 1625 2116 caeteris
1655 2062 1788 2116 locis

230 2156 315 2224 pie
340 2156 406 2211 de
427 2155 690 2212 Trinitate
718 2157 895 2212 fuerat
916 2153 1221 2218 deﬁnitum,
1247 2138 1395 2206 velut
1425 2151 1785 2207 adulteratum

232 2249 329 2302 hoc
357 2256 411 2302 et
435 2247 665 2302 alienum
698 2256 794 2302 aut
836 2245 1280 2323 praetermisimus
1306 2283 1322 2308 ,
1367 2252 1459 2296 aut
1490 2244 1781 2297 secundum

228 2354 344 2393 eam
373 2338 611 2410 regulam
642 2340 965 2401 protulimus
1009 2351 1173 2407 quam
1209 2335 1276 2390 ab
1310 2334 1423 2404 ipso
1478 2326 1786 2403 frequenter

229 2430 527 2487 invenimus
549 2430 893 2491 aﬂirmatam.
928 2431 985 2488 Si
1010 2445 1114 2502 qua
1147 2442 1279 2483 sane
1297 2426 1437 2482 velut
1466 2428 1653 2496 peritis
1673 2427 1782 2497 jam

228 2534 278 2579 et
304 2525 601 2581 scientibus
638 2525 865 2595 loquens
896 2565 913 2592 ,
943 2526 1070 2581 dum
1108 2522 1345 2580 breviter
1371 2523 1625 2578 transire'
1650 2521 1781 2587 vult,

227 2618 507 2697 obscurius
538 2618 781 2688 protulit,
815 2632 914 2673 nos
934 2657 950 2683 ,
982 2626 1042 2671 ut
1074 2617 1409 2675 manifestior
1436 2619 1587 2671 ﬁeret
1610 2614 1782 2678 locus,

176 2726 177 2731 π
227 2724 288 2763 ea
325 2726 445 2781 quae
474 2712 542 2767 de
577 2715 688 2782 ipsa
730 2726 788 2766 re
820 2712 871 2765 in
896 2710 1018 2766 aliis
1048 2709 1164 2779 ejus
1192 2709 1344 2765 libris
1368 2711 1607 2779 apertius
1638 2708 1779 2777 lege-

231 2815 453 2870 rainus,
512 2802 809 2871 adiecimus
862 2799 1229 2873 explanationi
1275 2801 1591 2865 studentes;
1647 2800 1777 2853 nihil

289 2980 308 3009 ’
338 2982 468 3038 Vide
491 2982 772 3039 Monitum.
809 2997 956 3040 num.
981 2980 1031 3034 5.

1895 2000 2001 2039 non
2029 1983 2173 2037 illum
2203 1982 2378 2037 locum
2422 1988 2621 2034 aeterna
2672 1974 2988 2031 haereditate
3042 1971 3315 2041 possideat
3357 1965 3448 2021 ubi

1893 2084 1975 2126 est
2002 2074 2157 2127 lletus
2180 2079 2231 2125 et
2256 2071 2454 2124 stridor
2482 2067 2742 2128 dentium,
2766 2072 2820 2119 et
2846 2062 2933 2117 ubi
2962 2061 3103 2132 ignis
3128 2074 3315 2115 eorum
3343 2072 3448 2125 non

1892 2162 2265 2230 cxstinguetur
2299 2167 2352 2213 et
2399 2156 2600 2210 vermis
2635 2169 2822 2211 eorum
2860 2167 2964 2206 non
2993 2150 3272 2218 morietur)
3306 2190 3321 2214 ,
3381 2161 3451 2202 ne

1891 2253 2053 2306 addat
2072 2250 2272 2320 aliquid
2290 2248 2581 2317 Scriptura:
2605 2246 2741 2315 (42),
2765 2260 2832 2298 ne
2866 2244 3111 2305 auferat,
3130 2257 3195 2295 ne
3223 2242 3443 2302 inserat,

1891 2359 1957 2399 ne
1982 2344 2262 2406 immntet,
2311 2340 2404 2395 sed
2436 2338 2678 2393 conferat
2703 2350 2824 2389 cum
2858 2331 3256 2401 exemplaribus
3306 2331 3446 2383 unde

1892 2438 2208 2505 scripserit,
2242 2445 2295 2489 et
2320 2434 2573 2488 emendet
2606 2434 2672 2489 ad
2696 2434 2930 2487 litteram
2956 2436 3008 2483 et
3036 2424 3360 2493 distinguat,
3390 2428 3447 2473 et

1894 2528 2289 2583 inemendatmn
2317 2525 2401 2581 vel
2429 2539 2535 2580 non
2576 2511 2885 2581 distinctum
2922 2521 3161 2578 codicem
3191 2530 3295 2571 non
3343 2514 3444 2569 ba-

1888 2618 2013 2675 beat
2042 2660 2057 2685 ,
2103 2636 2171 2677 ne
2211 2634 2463 2675 sensuum
2509 2616 2814 2683 ditﬁcultas,
2865 2616 2909 2671 si
2960 2612 3244 2668 distinctus
3272 2607 3445 2664 codex

1890 2727 1994 2767 non
2032 2712 2121 2780 sit,
2157 2706 2391 2782 majores
2417 2709 2777 2771 obscuritates
2806 2704 3105 2778 legentibus
3140 2708 3384 2773 generet.

230 3148 283 3194 et
305 3140 707 3206 Genenrardus,
752 3160 772 3195 ‹
799 3143 1153 3199 observantes
1181 3142 1389 3199 scilicet
1415 3152 1473 3197 ut
1499 3156 1561 3197 ea
1588 3156 1703 3209 quae
1731 3140 1783 3195 in
1810 3146 1853 3204 c
1888 3138 2069 3209 faciet.
2102 3154 2120 3187 ι
2154 3135 2329 3191 Codex
2382 3134 2619 3209 Colbert.
2657 3174 2671 3198 ,
2730 3151 2748 3184 ι
2794 3133 2921 3187 licet
2968 3131 3103 3187 forte
3145 3130 3307 3185 etiam
3341 3132 3371 3185 ιί
3428 3146 3445 3181 τ

228 3211 377 3282 libris
398 3213 648 3279 Urigenis
701 3213 954 3282 aseipsis
1005 3214 1368 3282 discrepantia
1412 3212 1777 3282 inveniuntur,

228 3280 586 3349 proferamus.
615 3302 633 3334 ι
688 3280 979 3352 Atonmes
1012 3280 1223 3341 mss.‘et
1257 3282 1602 3338 Martianmus
1636 3293 1693 3337 ut
1726 3280 1781 3335 in

227 3362 408 3406 nostro
438 3361 608 3406 textu.

294 3421 404 3502 (38)
438 3420 517 3502 De
539 3421 955 3502 ριτὶηιτὶραιὶιηιε.⁸
983 3421 1255 3502 _blerlinus_
1271 3432 1326 3481 et
1350 3423 1608 3487 Genebr.,
1644 3439 1680 3502 _t
1704 3423 1785 3502 de

228 3492 601 3556 potestatibus,
632 3512 651 3545 ι
696 3501 884 3545 contra
927 3492 1085 3547 tidem
1112 3494 1352 3547 omnium
1386 3493 1783 3559 manuscripto-

229 3560 598 3642 runndbideni
622 3567 821 3642 omnes
848 3577 1061 3642 mssa“:
1086 3561 1220 3642 alias
1252 3571 1306 3617 et
1331 3562 1703 3642 obseurissimi
1730 3570 1784 3642 et

227 3628 543 3683 dillicillimi.
576 3651 595 3684 ι
650 3631 859 3686 Merlin.
897 3641 953 3688 et
990 3630 1220 3696 Geneb.,
1267 3648 1286 3682 ι
1324 3632 1457 3687 alias
1485 3640 1539 3691 et
1566 3632 1782 3687 obscuri

226 3708 275 3751 et
297 3699 615 3758 diﬂicillimi.
659 3721 678 3753 ι

250 3837 261 3847 _
292 3769 401 3837 (39)
432 3771 812 3825 Creaturarum
836 3774 1111 3829 rationem.
1147 3773 1239 3847 Sic
1269 3785 1458 3827 omnes
1487 3769 1783 3847 mss.__Mar-

229 3838 466 3905 tianmus,
495 3859 513 3891 ι
563 3851 869 3896 creatarum
915 3859 1092 3898 rermn
1124 3844 1406 3908 rationem.
1440 3858 1457 3891 ι
1508 3838 1780 3903 Merlinus,

232 3925 249 3957 ι
280 3920 585 3964 creaturam
635 3927 835 3966 rerum.
868 3932 887 3965 ι
940 3911 1321 3969 Gcnebrardus
1347 3955 1360 3974 ,
1428 3928 1448 3963 ‹
1479 3919 1780 3965 creaturam

227 3984 561 4053 naturarum.
592 4000 612 4033 ι
680 3982 847 4037 Paulo
889 3994 1008 4053 post
1055 3998 1241 4038 omnes
1294 3996 1421 4053 mss.
1449 4020 1463 4043 ,
1530 3978 1782 4053 «aliquid

226 4060 402 4127 contra
434 4052 489 4127 i_d
516 4048 1015 4127 invenimusquod
1069 4056 1137 4127 ab
1172 4055 1287 4127 ipso
1316 4051 1370 4104 in
1405 4050 1618 4127 caeteris
1651 4048 1785 4101 locis

226 4119 306 4199 pie
333 4116 399 4173 de
432 4119 727 4199 Trinitatis.
758 4139 779 4174 ι
843 4116 1042 4199 Sicque
1078 4116 1419 4199 Martianzteus
1482 4120 1571 4187 qui
1602 4126 1781 4199 tamen

225 4195 342 4265 ante
374 4190 507 4265 {pie
537 4208 561 4243 ι
597 4192 745 4265 addit
788 4210 806 4243 ι
847 4187 1092 4265 ﬁdeliter.
1128 4212 1147 4246 ι
1211 4190 1497 4265 Merlinus,_
1523 4187 1781 4265 «aliquid

226 4258 351 4337 citra
387 4259 438 4312 id
472 4261 782 4337 invenimus
812 4264 952 4331 quod
984 4264 1052 4320 ab
1077 4265 1212 4335 |ipso
1236 4264 1286 4317 in
1318 4259 1531 4315 caeteris
1561 4257 1693 4311 locis
1717 4259 1783 4309 de

226 4331 437 4396 pietate,
464 4332 532 4383 de
555 4331 848 4389 Trinitate.
883 4353 901 4386 ι

250 4416 253 4419 ’
288 4398 396 4467 (40)
424 4399 668 4462 Iterum,
710 4410 815 4456 etc.
858 4403 949 4459 Sic
990 4418 1177 4459 omnes
1207 4401 1365 4456 codd.
1405 4414 1529 4455 mss.
1559 4408 1612 4452 et
1640 4394 1780 4450 Mar—

228 4468 461 4551 tianteus.
503 4468 766 4551 blerliqus
792 4482 968 4551 autem
989 4486 1050 4551 et
1079 4473 1474 4551 Qenebrardus,
1507 4468 1713 4551 ininde;
1736 4486 1775 4551 ,ι
1810 4492 1859 4551 ι)

226 4537 360 4591 male
390 4540 642 4617 omnino.
678 4539 809 4593 Nam
849 4544 960 4617 ipse
985 4543 1483 4617 Ruﬁnus_lnvectiv_.
1522 4536 1782 4617 lib.tad:

226 4623 404 4689 versus
426 4607 822 4689 llieronymnin
853 4605 1024 4668 citans
1048 4616 1189 4667 hunc
1222 4613 1398 4689 locum
1431 4612 1505 4689 ait
1533 4624 1546 4662 :
1578 4626 1595 4659 ‹
1628 4605 1780 4689 Quod

225 4679 373 4743 dixi,
420 4682 618 4750 iterum
650 4717 664 4743 ,
704 4680 815 4750 illa
887 4696 1047 4737 causa
1115 4692 1199 4735 est
1272 4682 1397 4750 quia
1436 4682 1545 4750 jam
1608 4677 1781 4732 Sancti

224 4750 453 4820 Episcopi
509 4747 744 4803 Joannis
797 4751 1078 4820 epistolam
1140 4752 1225 4804 De
1273 4747 1377 4820 ﬁde
1422 4747 1779 4820 adsanctum

270 4820 580 4889 beopliilum
601 4818 857 4888 scriptam
885 4821 1154 4874 criminati
1176 4818 1323 4884 sunt,
1352 4818 1563 4889 quando
1586 4818 1780 4886 corpus

227 4890 511 4945 humanum
538 4891 691 4944 aliud
736 4892 919 4945 nescio
974 4890 1103 4959 quid
1138 4890 1411 4960 ﬁngebant
1455 4904 1576 4945 esse
1620 4896 1802 4957 quam.

541 4961 750 5015 idcirco
802 4961 997 5014 iterum
1048 4960 1221 5029 posui.
1272 4978 1290 5011 ι
1343 4960 1543 5013 Ibidem
1593 4962 1789 5029 omnes

225 4974 431 5016 carnem
450 4980 466 5029 ;

228 5038 347 5098 is.
403 5028 457 5087 et
513 5044 733 5087 veteres
786 5028 1097 5096 editiones,
1158 5046 1177 5079 ‹
1217 5034 1405 5098 putent
1453 5028 1717 5082 evenisse.
1756 5044 1774 5079 ι

226 5097 589 5170 Martianaeus,
630 5120 650 5152 ο
686 5111 935 5171 putarent
968 5097 1230 5171 evenisse.
1267 5117 1289 5171 Dr
1321 5098 1483 5152 Paulo
1513 5108 1778 5171 postem-

226 5182 315 5222 ues
346 5187 475 5225 mss.
504 5212 522 5239 ,
572 5168 788 5243 [Deus
812 5172 1037 5243 juterit.
1069 5190 1097 5243 »γ
1142 5168 1523 5243 Martianacus,
1583 5184 1601 5217 ι
1641 5170 1781 5243 Deus

227 5243 490 5318 adnuerit.
522 5261 544 5318 ρ
586 5240 847 5298 ΜετΙὶιιυέ
863 5241 1196 5318 etGenebr._,
1231 5258 1248 5290 ι
1278 5240 1722 5318 licusadjuverit.
1758 5256 1776 5289 δ

227 5306 343 5381 ibid.
378 5310 771 5381 Martianaus,
812 5331 830 5363 ι
863 5328 968 5367 non
1008 5322 1065 5366 ut
1109 5310 1557 5381 calumniosorum
1600 5324 1716 5381 ora.
1756 5327 1775 5361 ι

228 5378 363 5459 lists,
428 5399 451 5432 ι
482 5392 695 5459 nonut
719 5377 1070 5459 calumniosis
1092 5396 1173 5459 os.
1210 5400 1228 5433 ι
1286 5377 1407 5458 Mox
1461 5381 1618 5459 codd.
1648 5378 1782 5459 90r-

226 5451 415 5523 beieus.
480 5462 538 5506 et
581 5454 795 5523 liemig.
824 5494 839 5517 ,
898 5472 917 5505 ‹
949 5453 1071 5507 licet
1119 5449 1254 5523 forte
1296 5450 1457 5523 etiam
1492 5448 1595 5523 hoc
1638 5452 1784 5523 Deus

229 5520 439 5579 laceret.
472 5541 492 5575 ι
532 5514 903 5591 Martiaﬁmus,
939 5543 957 5575 ι
991 5523 1118 5578 licet
1142 5522 1275 5577 forte
1305 5522 1467 5573 etiam
1504 5521 1605 5574 ltuc
1638 5514 1779 5575 Dens

1889 3209 2027 3263 Deus
2052 3208 2228 3261 facere
2256 3208 2444 3274 possit.
2482 3224 2501 3257 ι

1887 3304 1899 3319 ι
1960 3268 2625 3347 (“Humifsanepmnem
2654 3315 2669 3341 ,
2704 3283 2806 3347 etc.
2850 3270 3196 3347 Consimilem
3225 3268 3363 3347 adjns
3436 3300 3443 3347 ς
3496 3272 3503 3277 ’

1887 3340 2061 3403 tionis
2080 3345 2363 3401 formulam
2402 3340 3033 3399 Ιτθιιτθιιεειιῠιιρχυρωι
3082 3340 3135 3392 in
3169 3341 3272 3393 line
3321 3341 3372 3392 li.
3431 3342 3445 3392 ἱ

1888 3419 1963 3473 De
1992 3416 2242 3487 ogdoade,
2281 3414 2569 3487 ltisgverbis
2592 3434 2618 3487 _:
2674 3411 2905 3487 Ὁρκίζω
2932 3428 3014 3487 es,
3036 3409 3124 3487 ἐἶέν
3172 3424 3403 3487 μεταῄγρ-
3430 3440 3447 3451 ς

1885 3479 2237 3579 ψρμεῖίονντδ
2275 3484 2483 3579 βεβλιθνὶ
2524 3484 2700 3579 τοῦτὲ,
2725 3479 3023 3579 ignara}:
3055 3480 3258 3552 Κυρίου
3290 3479 3445 3579 iiva

1914 3547 2344 3631 IAdSQD_XpEGiOG
2396 3555 2489 3607 καὶ
2508 3553 2837 3631 *κατὰῌτῆς
2880 3552 3086 3631 ὲνδᾴξου
3147 3547 3443 3631 impendia;

1886 3618 2049 3697 αὺίεοῦ
2078 3622 2145 3697 ἦς
2166 3618 2178 3627 ’
2197 3625 2411 3697 ξρχεται
2438 3626 2617 3697 κρῖναι
2668 3618 2874 3697 (clivia;
2917 3623 3011 3697 negt
3039 3618 3300 3697 νεκροᾲζχ,
3356 3618 3442 3697 (vat

1884 3688 2172 3766 ἀντιϐάλῇς
2199 3688 2240 3747 δ’
2258 3688 2613 3766 μετεχράψῳ,
2655 3688 2748 3746 καὶ
2780 3688 3290 3766 καφρθώᾳῃςαρῖὸ
3311 3688 3444 3766 πρὸς

1884 3766 1943 3818 τὸ
1967 3758 2299 3835 ἀντίῇῥαφοξ
2317 3758 2483 3835 ,τοῦὲο
2513 3758 2646 3835 ’ὅθεν
2681 3758 3002 3835 μετεγρᾴψω
3030 3758 3318 3835 ὲὴεμεμλῶέςς
3351 3759 3444 3810 καὶ

1882 3835 1971 3889 τὸν
2021 3826 2180 3904 ὅρδὶὸν
2209 3826 2394 3904 ίεοῦθέον
2426 3833 2628 3904 ὁμοίως
2679 3826 3052 3904 ξιεταϊράᾦῃς.
3103 3826 3211 3882 Καὶ
3251 3826 3440 3904 liquet;

1884 3906 1941 3957 ὲν
1970 3899 2406 3974 τῷάντιγράφῳ.
2462 3899 2501 3974 ἦ*
2529 3899 2730 3974 Adiuro
2782 3913 2835 3956 te
2859 3899 3005 3971 'qui"
3036 3899 3443 3974 transcripseris

1886 3968 2031 4029 hunc
2053 3968 2245 4025 librum
2276 4011 2292 4036 ,
2319 3968 2442 4040 ’per
2475 3970 2763 4024 Dominum
2806 3968 3047 4025 nostrum
3079 3968 3259 4023 Jesum
3289 3968 3440 4040 tjhri-

1883 4054 2045 4107 stum,
2078 4051 2133 4096 et
2155 4058 2249 4111 per
2269 4038 2558 4111 gloriosum
2598 4039 2713 4107 eius
2736 4042 3049 4100 adventum,
3084 4041 3136 4111 in
3173 4038 3435 4107 QIIOjtltii-

1885 4125 2101 4168 caturus
2146 4108 2225 4167 est
2274 4108 2427 4165 'vivos
2467 4120 2522 4164 et
2564 4120 2846 4174 mortuos;
2890 4119 2947 4162 ut
2996 4108 3244 4161 conferas
3302 4110 3444 4174 quot

1886 4180 2312 4251 transcripseris,
2343 4191 2395 4234 et
2424 4180 2708 4250 diligenter
2747 4178 3000 4251 emendes
3048 4179 3111 4251 ad
3167 4176 3444 4251 exemplar

1886 4271 1950 4308 ex
1976 4268 2083 4321 quo
2122 4246 2561 4319 'transcripsisti':
2620 4261 2784 4373 utque
2834 4246 3225 4315 adjnrationem
3284 4247 3440 4299 istam

1886 4325 2131 4373 similiter
2161 4322 2437 4373 exscribas
2466 4359 2480 4373 .
2532 4328 2586 4373 et
2614 4334 2678 4373 eo
2720 4318 2783 4373 ici
2820 4326 2910 4372 tuo
2942 4317 3171 4370 inseras.
3202 4332 3218 4363 ι
3271 4315 3440 4373 Onam

1884 4315 2131 4378 similiter
2161 4315 2437 4376 exscrib'as
2466 4359 2480 4383 ,
2532 4328 2586 4373 et
2614 4315 2783 4373 codici
2820 4326 2910 4372 tuo
2942 4317 3171 4370 inseras.
3202 4332 3218 4363 ι
3271 4315 3440 4380 Quam
3476 4315 3483 4325 ’

1884 4393 2169 4447 formulam
2216 4394 2451 4445 referens
2482 4390 2741 4445 Eusebius
2785 4387 2881 4444 lib.
2910 4402 2942 4441 v
2967 4427 2982 4451 ,
3029 4399 3147 4455 cap.
3176 4383 3246 4437 ‘20
3299 4383 3437 4437 Hist.

1885 4466 2012 4519 eccl.
2040 4504 2054 4527 ,
2101 4462 2458 4533 χαριεστάτην
2508 4458 2806 4533 σημείωσιγ
2835 4457 3064 4527 appellat
3096 4495 3112 4522 ,
3159 4466 3214 4533 et
3251 4455 3439 4508 addit:

1893 4552 1911 4584 ι
1942 4527 2261 4602 Αιῳιεῖιιὶεο
2292 4527 2492 4586 utiliter
2525 4527 2597 4585 ab
2632 4544 2703 4602 eo
2752 4529 2898 4602 dicta
2948 4539 3004 4582 et
3033 4543 3062 4579 a
3090 4527 3247 4602 nobis
3294 4539 3444 4578 com-

1886 4597 2179 4657 memorata
2241 4612 2401 4667 sunt,
2450 4612 2506 4655 ut
2564 4600 2771 4669 priscos
2823 4598 2941 4652 illos
2968 4605 3023 4653 et
3060 4597 3179 4669 sine
3226 4604 3445 4669 contro-

1887 4674 2061 4727 versia
2096 4666 2465 4727 sanctissimos
2515 4666 2662 4724 viros
2713 4679 2966 4736 tanquam
3018 4666 3442 4735 pulcherrimum

1885 4744 2191 4812 exemplum
2220 4741 2577 4812 exactissima:
2604 4739 2892 4812 diligentia!
2920 4744 3444 4812 semper-anteocuf

1884 4812 1964 4866 los
1992 4804 2311 4868 habeamus.
2348 4830 2365 4863 ι
2424 4810 2496 4863 lta
2545 4804 2839 4863 certe'hoe
2883 4804 3342 4875 placuitEusebio
3376 4810 3445 4875 fut

1884 4884 2115 4937 similem
2144 4881 2534 4950 adjurationem
2568 4878 2692 4950 suis
2714 4873 2929 4950 quoque
2955 4874 3245 4950 attexuerit
3266 4873 3441 4940 libris,

1885 4953 2062 5021 qualis
2096 4944 2369 5021 hodieque
2405 4949 2458 5002 in
2498 4944 2764 5016 priuetpio
2801 4944 3047 5021 Chronici
3080 4946 3147 4999 ab
3174 4944 3440 5021 llierony-

1886 5014 1973 5077 mo
1994 5021 2241 5076 translati
2271 5014 2464 5087 iegitur
2495 5014 2514 5081 ζ
2540 5014 2700 5087 quam
2730 5018 3061 5087 antiquiores
3088 5015 3305 5070 codices
3353 5014 3443 5072 lit.-

1888 5092 2017 5146 teris
2044 5090 2422 5159 grandioribus
2447 5089 2725 5143 exhibent.

1958 5155 2071 5232 (η)
2102 5161 2446 5232 Martianaaus
2473 5198 2487 5222 ,
2522 5175 2546 5232 i_
2572 5174 2639 5211 ne
2676 5158 2796 5227 quis
2818 5155 3255 5232 addataliquid,
3278 5173 3297 5207 ι
3331 5164 3436 5210 etc.

1884 5227 2140 5287 Me'rlimts
2170 5238 2219 5283 et
2241 5228 2595 5295 Genebrard.,
2627 5246 2646 5280 ‹
2677 5246 2742 5283 ne
2765 5230 2922 5283 addat
2947 5227 3145 5296 aliquid
3168 5227 3316 5290 huic,
3343 5238 3439 5280 nec

1886 5302 2115 5365 auferat,
2163 5313 2263 5353 neu
2298 5302 2544 5353 immutet
2571 5338 2585 5362 ,
2618 5301 2711 5355 sed
2741 5299 2983 5355 conferat
3025 5295 3145 5350 eum
3170 5295 3443 5367 exempla-

1886 5375 2033 5426 ribus
2083 5371 2223 5423 unde
2272 5370 2670 5440 conscripserat
2722 5408 2770 5424 ..
2801 5407 2851 5423 ..
2921 5370 3002 5421 vel
3073 5366 3437 5440 indistinctunt

1885 5444 2171 5505 codicem,
2205 5459 2223 5492 ι
2267 5451 2371 5496 etc.
2439 5438 2557 5496 sed
2597 5456 2782 5497 omnes
2841 5453 2971 5494 mss.
3029 5448 3087 5492 ut
3132 5438 3209 5491 in
3250 5445 3439 5490 nostro

1885 5522 2051 5567 textu.
2614 5553 2639 5561 τ
