4126 6308
739 337 845 394 H5

1944 343 2259 409 ORIGENIS
2297 309 2453 401 napi
2491 308 2718 402 Aron

3805 343 3911 399 “6

743 485 3900 526 “=me

1163 669 2050 828 ORIGENIS
2149 666 2271 834 Π

2370 668 2664 834 EPI
2756 599 3521 835 ΑΡΧΩΝ

1706 961 2128 1090 LIBRI
2205 960 2950 1112 QUATUOB

728 1210 1524 1318 INTEBPBETE
1611 1176 2079 1298 susino
2181 1213 2999 1310 AQUILEIENSI
3096 1201 3934 1296 PRESBYTERO.

1785 1571 2234 1709 LIBER
2282 1544 2849 1686 PRIMUS.

785 1782 832 1835 Ι.
847 1783 906 1836 0i
924 1783 1336 1847 πεπιστευκότες
1353 1746 1478 1855 (ζὸ)¹

1602 1784 1708 1857 47
1743 1786 1788 1842 l.
1813 1785 2010 1843 Omnes
2042 1789 2129 1867 qui
2163 1803 2280 1842 cre-
2311 1795 2352 1851 Α
2381 1789 2438 1843 se
2461 1789 2797 1857 proiltentur,
2830 1801 2933 1842 non
2967 1787 3134 1843 solum
3165 1788 3216 1843 iu
3252 1785 3434 1858 parvis
3462 1793 3510 1839 et
3545 1783 3788 1849 minimis
3813 1783 3928 1842 dis-

718 1871 813 1926 καὶ
891 1875 1302 1943 πεπιστευμένοι
1366 1875 1464 1947 τὴν
1508 1876 2040 1932 -ὀωιῑθιεει-ιίδυηι
2063 1880 2271 1946 quodet

2374 1882 2622 1946 cordant,
2644 1896 2822 1936 verum
2851 1881 3012 1937 etiam
3044 1879 3095 1934 in
3126 1879 3336 1950 magnis
3366 1884 3420 1931 ct
3449 1876 3695 1933 maximis
3723 1895 3736 1930 ε
3763 1877 3931 1934 id‘est

719 1963 876 2033 χάριν
899 1965 990 2016 καὶ
1010 1965 1104 2028 τὴν
1125 1964 1375 2034 ἀλήθειαν
1393 1965 1462 2018 δι’
1533 1969 1702 2036 gratia
1736 1975 1790 2021 et
1826 1968 2024 2023 veritas
2062 1968 2156 2038 per
2181 1965 2272 2024 Je-

731 2055 900 2125 Ἰησοῦ
917 2056 1146 2126 Χριστοῦ
1164 2058 1456 2124 γεγονέναι,
1531 2075 1648 2114 sum
1688 2060 1960 2116 Christum
2001 2063 2138 2117 facta
2179 2063 2270 2130 sit,

718 2148 810 2199 καὶ
829 2148 1056 2218 Χριστὸν
1073 2144 1324 2219 εἶναιτὴν
1340 2148 1460 2222 ἀλή-
1527 2161 1578 2206 et
1648 2151 1915 2208 Christum
1991 2154 2269 2209 veritatem

716 2238 863 2293 θειαν
904 2240 1042 2294 κατὰ
1080 2241 1138 2294 τὸ
1174 2241 1456 2313 εἰρημένον
1525 2260 1647 2302 esse
1703 2248 1937 2312 norunt,
1981 2249 2270 2302 secundum

717 2332 805 2385 ὑπ’
852 2333 1044 2387 αὐτοῦ·
1091 2353 1109 2385 ι
1159 2334 1298 2403 Ἑγώ
1338 2337 1451 2406 εἰμι
1523 2339 1662 2406 quod
1717 2338 1830 2406 ipse
1883 2339 2059 2393 dixit:
2106 2358 2124 2390 r
2161 2339 2291 2408 Ego,

713 2426 747 2494 ἡ
780 2423 1021 2495 ἀλήθεια.
1051 2444 1068 2475 ι
1527 2441 1643 2482 sum
1665 2429 1862 2483 veritas
1879 2429 1919 2493 ⁸,
1941 2448 1967 2506 κ»
1989 2431 2266 2486 scientiam

713 2529 831 2583 quae
860 2524 1113 2583 provocat
1146 2515 1393 2570 homines
1421 2516 1486 2570 ad
1518 2515 1652 2571 bene
1688 2519 1948 2589 beateque
1982 2520 2264 2586 vivendum

715 2621 817 2659 non
844 2606 1056 2660 aliunde
1087 2622 1244 2676 quam
1279 2606 1345 2661 ab
1378 2608 1506 2677 ipsis
1541 2609 1720 2664 verbis
1757 2609 1956 2665 Christi
1989 2613 2261 2676 doctduav

716 2709 822 2761 que
856 2695 1173 2764 suscipiunt.
1201 2695 1398 2750 Christi
1449 2707 1622 2752 autem
1670 2684 1846 2753 verbis
1884 2701 2128 2764 dicimus,
2159 2718 2260 2757 non

714 2783 800 2837 his
834 2783 1002 2837 solum
1037 2799 1153 2852 qua:
1183 2785 1342 2840 homo
1375 2785 1567 2850 factus,
1595 2798 1755 2858 atque
1791 2791 1842 2843 in
1875 2806 2039 2845 carne
2063 2793 2262 2859 positus

717 2874 937 2927 docuit:
975 2884 1030 2928 et
1066 2877 1213 2945 prius
1259 2893 1489 2948 namque
1534 2879 1782 2936 Christus
1815 2881 1905 2936 Dei
1939 2882 2174 2938 Verbum
2210 2887 2262 2939 in

714 2961 898 3049 lloyse
941 2975 1099 3034 atque
1148 2968 1419 3038 prophetis
1466 2981 1602 3033 erat.
1642 2971 1768 3026 Nam
1806 2975 1920 3028 sine
1957 2974 2129 3030 Verbo
2175 2976 2263 3030 Dei

711 3056 981 3123 quomodo
1009 3067 1255 3126 poterant
1284 3062 1602 3130 prophetare
1629 3067 1693 3118 de
1726 3065 1979 3120 Christo?
2007 3069 2085 3121 Ad
2120 3069 2268 3136 cujus

715 3148 787 3199 rei
821 3149 1322 3213 probationemuon
1359 3162 1499 3207 esset
1542 3153 1753 3209 dillicile
1784 3169 1846 3209 ex
1891 3156 2087 3212 divinis
2125 3127 2264 3212 Scri-
2299 3127 2339 3181 Β

709 3240 883 3308 pturis
906 3244 1212 3310 ostendere;
1236 3248 1504 3315 quomodo
1529 3249 1610 3302 vel
1637 3247 1867 3320 Moyses.
1895 3250 1978 3303 vel
2002 3251 2269 3319 prophetae

711 3331 902 3398 spiritu
933 3332 1130 3400 Christi
1166 3335 1374 3404 repleti,
1400 3337 1479 3391 vel
1505 3337 1667 3391 locuti
1703 3347 1850 3402 sunt,
1878 3339 1958 3391 vel
1991 3351 2268 3408 gesserunt

709 3425 887 3475 omnia
918 3439 1034 3492 qua:
1075 3435 1374 3494 gesserunt,
1408 3426 1510 3480 nisi
1555 3427 1735 3480 studio
1767 3429 1918 3480 nobis
1950 3437 2090 3482 esset
2132 3441 2267 3497 prte-

710 3525 835 3567 sens
862 3515 962 3567 hoc
988 3530 1121 3584 opus
1152 3516 1295 3577 omni
1337 3529 1437 3586 qua
1473 3527 1753 3585 possumus
1775 3517 2035 3572 brevitate
2061 3518 2270 3573 succin-

713 3621 863 3674 gere.
901 3606 1052 3663 Unde
1087 3608 1327 3662 suiﬁcere‘
1353 3609 1604 3665 existimo
1640 3625 1746 3663 uno
1787 3610 1889 3664 hoc
1922 3609 2071 3664 Pauli
2117 3611 2267 3663 testi-

716 3697 896 3750 monio
919 3698 1113 3752 debere
1148 3713 1246 3755 nos
1274 3701 1348 3755 uti
1387 3716 1448 3754 ex
1481 3701 1713 3770 Epistula
1737 3717 1898 3770 quam
1924 3702 1989 3755 ad
2017 3702 2271 3756 Hebraros

711 3787 933 3850 scribit;
961 3789 1150 3860 inqua
1180 3794 1251 3845 ita
1283 3791 1360 3846 ait
1395 3809 1408 3843 :
1439 3810 1457 3841 ε
1496 3793 1625 3846 Fide
1663 3807 1887 3861 magnus
1923 3791 2094 3846 factus
2127 3794 2272 3864 Moy-

712 3893 800 3934 ses
848 3878 1062 3947 negavit
1108 3895 1165 3934 se
1207 3882 1308 3935 dici
1366 3883 1530 3935 lilium
1583 3883 1704 3935 tiliae
1749 3881 2069 3948 Pharaonis,
2105 3887 2272 3953 magis

711 3968 916 4035 eligens
945 3967 1190 4023 aliiictari
1226 3987 1346 4024 cum
1379 3971 1570 4040 pepuio
1608 3971 1697 4025 Dei
1725 3987 1886 4040 quam
1919 3974 2268 4041 temporalem

712 4059 914 4114 habere
951 4060 1155 4127 peccati
1184 4059 1593 4127 iucunditatem,
1627 4062 1859 4130 majores
1883 4061 2097 4115 divitias
2127 4061 2271 4115 testi-

2372 1973 2454 2026 vel
2479 1975 2545 2029 de
2575 1973 2682 2029 Deo
2706 1972 2784 2028 vel
2818 1974 2884 2028 de
2913 1974 3138 2028 Domino
3164 1970 3294 2026 Jesu
3319 1971 3551 2035 Christo,
3587 1969 3669 2024 vel
3699 1970 3764 2026 de
3791 1969 3931 2039 Spi-

2370 2063 2473 2116 ritu
2522 2073 2742 2125 sancto;
2793 2079 2897 2117 non
2942 2063 3112 2118 solum
3165 2071 3347 2118 autem
3395 2060 3461 2113 de
3501 2060 3605 2124 his,
3639 2059 3732 2114 sed
3771 2069 3826 2114 et
3858 2061 3933 2114 de

2370 2155 2487 2209 aliis
2516 2156 2796 2218 creaturis,
2825 2156 2876 2209 id
2912 2164 2993 2210 est
3030 2153 3113 2207 vel
3139 2153 3206 2207 de
3239 2148 3722 2216 dominationibus,
3751 2150 3835 2206 vel
3859 2153 3931 2206 de

2370 2231 2656 2300 virtutibus
2683 2248 2920 2305 sanctis:
2953 2255 3171 2313 propter
3197 2244 3298 2298 hoc
3323 2243 3690 2298 necessarium
3707 2234 3931 2297 videtur

2371 2336 2518 2405 prius
2552 2338 2618 2391 de
2649 2339 2729 2391 his
2759 2333 2984 2405 singulis
3015 2343 3215 2390 certam
3251 2336 3448 2390 lineam
3479 2333 3931 2409 manifestamque

2371 2427 2604 2498 regulam
2631 2441 2848 2494 ponere,
2877 2439 2985 2480 tum
3010 2427 3202 2482 deinde
3231 2429 3393 2481 etiam
3437 2427 3502 2481 de
3543 2425 3758 2480 caeteris
3781 2430 3932 2492 Quae-

2373 2533 2513 2573 rere.
2554 2517 2705 2571 Sicut
2749 2518 2893 2572 enim
2935 2518 3116 2574 multis
3157 2518 3297 2588 apud
3326 2517 3554 2588 .Grmcos
3578 2524 3632 2569 et
3669 2515 3931 2572 barbaros

2370 2609 2747 2676 pollicentibus
2777 2609 3081 2675 veritatem,
3111 2609 3406 2671 desivimus
3434 2606 3544 2676 (45)
3576 2605 3714 2673 apud
3743 2619 3932 2663 omnes

2369 2711 2487 2751 eam
2521 2712 2758 2766 quaerere
2783 2699 2871 2766 qui
2895 2714 3011 2753 eam
3051 2698 3199 2753 falsis
3216 2695 3560 2767 Opinionibus
3591 2696 3930 2773 asserebant,

2369 2797 2710 2858 posteaquam
2755 2790 3075 2844 credidimus
3119 2789 3307 2844 Filium
3350 2787 3440 2841 Dei
3474 2801 3592 2842 esse
3629 2782 3943 2854 Christum,

2367 2888 2422 2934 et
2451 2881 2516 2934 ab
2548 2881 2661 2949 ipso
2693 2881 2843 2934 nobis
2879 2881 3014 2934 hanc
3042 2877 3350 2937 discendam
3369 2891 3486 2933 esse
3516 2876 3880 2947 persuasimus
3913 2893 3929 2942 ;

2371 2970 2442 3024 ita
2471 2985 2591 3025 cum
2629 2971 2775 3025 multi
2812 2971 2918 3024 sint
2946 2970 3035 3038 qui
3066 2983 3126 3022 se
3148 2977 3333 3037 putant
3356 2971 3554 3025 sentire
3578 2985 3698 3037 quae
3728 2971 3929 3025 Christi

2373 3070 2515 3127 sunt,
2543 3070 2596 3115 et
2623 3061 2860 3115 nonnulli
2884 3075 3066 3114 eorum
3093 3062 3304 3115 diversa
3327 3076 3354 3114 a
3381 3062 3646 3131 prioribus
3665 3061 3930 3128 sentiant,

2369 3163 2612 3209 servetur
2645 3165 2768 3207 vero
2791 3150 3154 3208 ecclesiastica
3179 3155 3486 3226 prmdicatio
3513 3167 3607 3222 per
3629 3155 3931 3210 successio-

2371 3245 2454 3297 nis
2486 3243 2730 3298 ordinem
2775 3242 2841 3297 ab
2871 3243 3123 3312 apostolis
3166 3246 3466 3310 traditaket
3498 3230 3664 3310 usque
3700 3244 3766 3298 ad
3793 3257 3934 3313 prte-

2371 3349 2496 3388 sens
2531 3334 2582 3404 iu
2613 3333 2870 3389 Ecclesiis
2901 3350 3218 3404 permanens
3246 3336 3379 3390 :‘iila
3410 3334 3524 3388 sola
3555 3335 3817 3394 credenda
3846 3349 3930 3393 est

2371 3417 2591 3489 veritas,
2627 3439 2744 3494 quae
2771 3426 2822 3480 in
2851 3425 2996 3480 nullo
3038 3427 3102 3481 ab
3140 3423 3502 3482 ecclesiastica
3542 3434 3596 3478 et
3639 3426 3931 3496 apostolica

2370 3516 2648 3573 discordat
2678 3517 2983 3573 traditione.
3355 3510 3358 3512 ⁷
3852 3513 3889 3593 ‘_.

2439 3609 2492 3663 '5.
2521 3609 2649 3663 Illud
2681 3617 2853 3663 autem
2885 3609 3020 3663 scire
3053 3615 3285 3677 oportet,
3313 3603 3563 3676 quoniam
3596 3606 3765 3661 sancti
3790 3623 3933 3677 apo,—

2369 3699 2490 3753 stoli
2537 3699 2690 3753 iidem
2733 3699 2931 3753 ChriSti
2966 3698 3337 3765 praedicantes,
3371 3696 3435 3748 de
3458 3694 3775 3773 quibusdam
3803 3689 3933 3766 qui?-

2370 3790 2493 3844 dem
2541 3802 2872 3859 qumcunque
2921 3802 3218 3842 necessaria
3277 3785 3635 3848 crediderunt,
3682 3787 3932 3842 omnibus

2370 3879 2530 3934 etiam
2562 3879 2644 3934 his
2680 3881 2767 3947 q'ui
2803 3878 3061 3950 pigriores
3109 3891 3234 3943 erga
3284 3874 3687 3944 inquisitionem
3725 3876 3934 3950 divine

2371 3971 2609 4026 scientia:
2659 3971 2997 4034 videbantur,
3057 3966 3493 4021 manifestissime
3554 3968 3931 4032 tradiderunt,

2375 4063 2637 4119 rationem
2666 4064 2871 4118 scilicet
2904 4048 3215 4115 assertionis
3247 4069 3432 4113 eorum
3460 4054 3831 4129 relinquentes
3861 4061 3932 4113 ab

715 4165 864 4203 mans
913 4149 1280 4220 Egypliorum
1335 4152 1602 4206 thesauris
1649 4153 1988 4220 opprobrium
2032 4151 2227 4206 Christi
2255 4152 2274 4182 δ
2375 4151 2458 4208 his
2479 4152 2876 4220 inquirendam,
2908 4147 2999 4218 qui
3029 4148 3261 4217 Spiritus
3289 4149 3426 4222 dona
3468 4137 3930 4230 excellentia-me-

711 4234 846 4308 (44).
887 4259 904 4291 ι
939 4240 1042 4295 Sed
1089 4250 1143 4295 et
1188 4252 1306 4311 post
1356 4244 1779 4311 assumptionem
1825 4243 1940 4312 eius
1988 4244 2038 4295 in
2086 4244 2272 4306 caelos,

2378 4252 2622 4296 rerentur
2668 4240 2805 4310 (46),
2836 4248 2889 4293 et
2935 4237 3198 4306 praecipue
3245 4241 3532 4303 sermonis,
3573 4242 3846 4310 sapientia
3876 4248 3933 4316 et

712 4333 854 4397 quod
891 4332 944 4384 in
975 4332 1230 4400 apostolis
1257 4334 1368 4387 suis
1395 4332 1600 4387 locutus
1630 4335 1721 4398 sit,
1752 4335 1853 4388 hoc
1888 4335 2047 4386 modo
2075 4334 2278 4388 indicat
2377 4333 2614 4387 scientiae
2637 4329 2864 4412 gratiam
2899 4341 2995 4394 per
3024 4326 3195 4395 ipsum
3238 4325 3492 4396 Spiritum
3525 4336 3770 4386 sancitur!
3799 4341 3930 4414 per-

709 4421 907 4476 Paulus
942 4440 1017 4486 ξτες
1038 4425 1136 4477 Aut
1171 4423 1405 4492 nunquid
1441 4426 1850 4494 prohamentum
1884 4425 2001 4493 eius
2030 4424 2271 4492 qumritis
2297 4448 2342 4511 ρ
2377 4423 2634 4493 cepissent
2660 4409 2679 4485 ;‘
2705 4420 2772 4473 de
2804 4417 2923 4472 aliis
2947 4429 3070 4470 vero
3095 4417 3344 4511 dixerunt
3376 4420 3609 4494 quidem,
3631 4421 3762 4499 quia
3785 4409 3927 4490 iiut;

707 4514 799 4584 qui
825 4517 880 4575 in
906 4531 993 4568 me
1022 4516 1255 4583 loquitur
1278 4515 1526 4570 Christus
1547 4517 1568 4548 ⁸
1593 4516 1617 4569 2
1645 4535 1665 4567 ι

766 4609 817 4661 2.
837 4606 1101 4676 Quoniam
1117 4608 1406 4679 ergomulti
1445 4623 1509 4662 ex
1556 4607 1640 4661 his
1683 4609 1770 4674 qui
1796 4605 2012 4660 Christo
2044 4606 2264 4665 credere

779 4741 798 4771 '
825 4741 979 4797 δοίη».
1006 4759 1112 4810 xiv,
1136 4742 1190 4796 6.
1252 4743 1272 4774 ⁸
1300 4742 1431 4796 Heli.
1458 4758 1532 4806 xi,
1553 4742 1643 4805 εδ,
1667 4740 1756 4794 26.
1817 4742 1836 4771 '
1863 4738 1901 4792 ll
1925 4739 2047 4794 Cor.
2072 4753 2191 4803 xm,
2216 4737 2250 4792 ’ὅ

779 4906 1488 4984 (t_3)_01_:rerrio:rsvx_drsc.
1521 4906 1761 4963 Cra-cum
1802 4905 1966 4984 hocce
2007 4903 2263 4984 libroqu

707 4969 845 5043 Hs'p'l
869 4969 1066 5044 ἀρχῶν
1087 4978 1291 5028 initium
1316 4969 1653 5043 desu'mptum
1686 4985 1767 5028 est
1797 4990 1828 5029 e
1851 4974 1985 5044 libro
2009 4989 2025 5026 ι
2053 4969 2263 5026 Eusebii

707 5057 896 5101 contra
943 5046 1245 5147 Marcelclum
1298 5044 1661 5115 Aucyrauum)
1700 5043 1829 5100 Vide
1868 5043 2119 5098 nouitium
2174 5057 2268 5095 uo-

709 5128 876 5147 ρ.....η
938 5128 1060 5147 ...ηη

708 5128 901 5170 strtttn.
938 5128 1082 5166 num.
1124 5128 1176 5167 :5.

1248 5180 1320 5232 1E
1326 5184 1613 5250 yyptiorum
1641 5183 1898 5239 thesauris
1937 5180 2265 5252 opprobriym

708 5247 924 5308 Christi.
969 5251 1040 5303 Ita
1066 5267 1250 5304 omnes
1304 5247 1454 5303 codd.
1497 5266 1625 5305 mss.
1661 5252 1912 5306 Merlinus
1937 5247 2061 5305 vero
2084 5261 2133 5303 et
2160 5247 2260 5302 Ge-

709 5327 892 5386 nehr.,
957 5338 974 5369 ι
1008 5322 1325 5374 existimans
1359 5321 1622 5372 thesauris
1667 5322 2032 5389 (Egyptiorum
2068 5322 2270 5386 iiuproq

709 5395 918 5459 perium
975 5389 1196 5444 Christi.
1234 5409 1252 5439 ι
1298 5390 1457 5439 Paulo
1502 5391 1829 5460 positiiidein
1881 5404 2008 5453 mss.
2052 5407 2065 5444 :
2103 5407 2120 5438 ι
2167 5391 2269 5460 Aut

711 5457 947 5530 nunquid
997 5461 1426 5528 probatnentum.
1462 5476 1480 5508 ι
1511 5457 1653 5510 Libri
1707 5459 1865 5523 editi,
1897 5478 1927 5520 ,ι
1963 5473 2028 5513 an
2079 5459 2271 5528 proba-

709 5542 969 5584 mentum.
1012 5548 1028 5578 ι

779 5601 891 5670 (45)
934 5599 1129 5670 Omnes
1172 5613 1325 5670 mss.,
1361 5615 1377 5646 ι
1417 5597 1722 5670 desivimus.
1760 5617 1777 5648 ι
1813 5597 2022 5650 Merlin.
2070 5605 2122 5670 et
2169 5594 2270 5649 Gc-

709 5666 886 5733 πω..
925 5691 942 5720 ι
972 5669 1330 5722 desuevimus.
1370 5685 1387 5715 ι
1421 5666 1559 5720 luira
1603 5682 1791 5722 omnes
1832 5683 1982 5729 inss.,
2010 5685 2028 5716 ‹
2072 5667 2138 5718 ab
2184 5680 2270 5718 eeo

709 5742 1011 5796 clesiastica
1059 5749 1110 5794 ct
1150 5736 1444 5805 apostolica
1500 5738 1770 5792 discordat
1820 5737 2128 5790 traditione.
2171 5753 2186 5784 ι
2215 5734 2268 5788 ln

2372 4513 2640 4584 quomodo
2671 4517 2871 4572 autem,
2895 4518 2988 4560 aut
3017 4505 3154 4562 unde
3192 4509 3323 4576 sint,
3362 4507 3928 4580 εἰιυεωωιρινοΐςειο

2372 4615 2430 4659 at
2459 4602 2804 4659 studiosiores
2831 4599 3027 4668 quique
3049 4614 3111 4654 ex
3142 4601 3370 4672 posteris
3403 4601 3517 4656 suis
3541 4602 3637 4670 qui
3661 4606 3927 4655 autem]

2317 4942 2324 4946 .
2370 4913 2522 4956 antea
2557 4901 2710 4953 editis
2733 4901 2914 4962 deest;
2933 4918 2948 4948 r
2974 4908 3025 4953 et
3056 4899 3365 4968 apostolica.
3397 4912 3416 4948 ι
3440 4893 3601 4968 Patrio
3623 4902 3740 4968 post
3768 4901 3923 4968 mss.,

2376 4989 2393 5022 ι
2429 4972 2671 5024 oniiiibus
2712 4969 2872 5023 etiam
2910 4970 2992 5023 his
3036 4964 3127 5034 qui
3163 4967 3442 5033 pigriores.
3475 4983 3503 5034 ιν
3529 4964 3677 5018 Meri.
3721 4976 3774 5020 et
3811 4965 3926 5021 ‘Ge-

2375 5043 2550 5102 nehr.,
2589 5058 2606 5088 ι
2641 5040 2893 5094 omnibus
2927 5033 3266 5092 credentibus
3292 5034 3454 5087 etiam
3494 5033 3577 5088 his
3610 5035 3697 5104 qui
3730 5035 3927 5108 pigrio-

2376 5123 2564 5245 reiitir
2590 5175 2692 5239 Qui
2718 5171 2943 5240 spiiims
2971 5175 3106 5224 dona
3133 5171 3439 5245 επιῖςιιειῐιίτξ
3462 5181 3923 5245 *ενεπηίπνοδα

2373 5242 2469 5299 Sic
2501 5259 2684 5298 onines
2714 5261 2841 5299 mss.
2875 5246 2926 5296 In
2956 5255 3116 5295 antea
3155 5243 3313 5294 editis
3344 5242 3535 5311 iegitur
3563 5259 3576 5294 :
3614 5261 3634 5294 α
3667 5244 3772 5310 Qui
3800 5246 3926 5312 Spi-

2374 5316 2507 5368 ritus
2530 5316 2665 5368 dona
2690 5314 2997 5367 excellentia
3027 5321 3078 5363 et
3105 5312 3370 5384 pr:_ecipue
3397 5315 3678 5375 sermonis,
3710 5316 3923 5384 sapien—

2373 5385 2458 5438 tia:
2488 5394 2542 5436 et
2567 5385 2805 5436 scientiae
2841 5397 2932 5451 per
2964 5383 3134 5448 ipsum
3173 5380 3432 5451 Spiritum
3477 5390 3720 5437 sanctum
3749 5380 3924 5451 perci-

2373 5468 2496 5520 pere
2525 5454 2884 5506 merebantur.
2914 5493 2926 5501 .
2955 5489 2967 5501 .
2999 5489 3011 5500 .
3039 5487 3053 5502 .
3082 5488 3095 5501 .
3128 5487 3141 5501 .
3170 5488 3183 5501 .
3216 5450 3457 5517 proiecto
3479 5460 3538 5504 ut
3570 5454 3921 5506 studiosiores

2373 5537 2582 5590 quoque
2597 5539 2659 5574 ex
2691 5523 2918 5588 posteris
2945 5520 3054 5572 suis
3079 5530 3343 5573 amatores
3373 5521 3647 5590 sapientiae
3673 5532 3724 5573 et
3748 5523 3920 5574 scien-

2377 5596 2460 5645 tiae
2499 5593 2811 5644 exercitium
2860 5591 3050 5643 habere
3099 5599 3333 5656 possent.
3381 5594 3433 5643 iu
3466 5604 3569 5658 quo
3603 5592 3797 5658 ingenii
3839 5594 3917 5644 sui

2377 5661 2604 5714 fructum
2640 5662 2917 5730 ostendere
2965 5659 3218 5720 valerent,
3251 5660 3300 5712 hi
3347 5662 3586 5712 videlicet
3616 5663 3704 5729 qui
3734 5660 3920 5730 dignos

2377 5747 2433 5786 sc
2468 5739 2520 5785 ct
2549 5744 2770 5797 capaces
2804 5728 3076 5794 sapientia:
3106 5739 3486 5797 praepararent.
3524 5748 3540 5780 ι
