4126 6308
200 396 292 452 il'l

1528 398 1724 455 LIBER
1760 398 2032 456 PRIMUS.

193 517 360 566 esse"!
381 511 684 582 umentia,
711 514 1029 573 exercitium
1055 515 1254 573 habere
1287 485 1521 586 possent,
1555 517 1609 573 in
1637 533 1743 586 quo
1771 520 1818 577 Α
1845 517 1934 581 sit,
1966 528 2155 570 necne.
2188 513 2293 570 Sed
2319 513 2630 582 inquirenda
2651 511 2760 583 jam
2785 510 2884 565 ista
2920 521 3016 580 pro
3038 506 3244 562 viribus
3271 512 3398 558 sunt

200 601 380 668 ingenii
421 594 501 659 sui
549 603 784 660 fructum
835 608 1199 672 ostenderent,
1246 608 1300 662 hi
1353 606 1601 663 videlicet
1648 610 1740 678 qui

1843 607 1908 661 de
1939 621 2089 661 sacra
2125 604 2418 674 Scriptura,
2447 613 2499 658 et
2538 603 2710 672 sagaci
2748 598 3134 671 perquisitione
3176 594 3398 651 investi-

198 693 374 761 dignos
403 709 462 749 se
481 705 535 750 et
556 711 780 768 capaces
801 699 867 753 ad
887 699 1248 769 recipiendam
1268 699 1580 769 sapientiam
1607 715 1744 772 prae-
1842 698 2029 767 ganda.
2060 696 2198 751 Sane
2224 695 2368 764 quod
2401 695 2503 754 iste.
2534 692 2762 764 Spiritus
2792 700 3225 757 unumquemque
3269 699 3396 758 san-

198 791 457 848 pararent.

257 869 308 924 ι.
353 869 573 938 Species
609 887 737 928 vero
770 888 958 930 eorum
1003 890 1123 944 qua
1166 890 1264 946 per
1308 878 1739 948 praedicationem

202 961 530 1029 apostolicam
575 963 858 1045 manifeste
897 966 1198 1034 traduntur,
1229 971 1344 1024 istae
1385 980 1530 1025 sunt.
1561 970 1739 1025 Primo

199 1052 327 1122 quod
353 1068 488 1108 unus
515 1053 656 1110 Deus
679 1067 760 1110 est
786 1057 877 1126 qui
905 1060 1081 1112 omnia
1106 1061 1306 1115 creavit
1338 1070 1498 1130 atque
1522 1071 1739 1130 compo-

200 1142 312 1207 suit,
330 1143 545 1212 quique,
565 1159 685 1198 cum
714 1146 845 1200 nihil
869 1156 1030 1214 esset,
1053 1165 1170 1204 esse
1188 1150 1309 1204 fecit
1336 1151 1579 1205 universa
1602 1151 1736 1218 (47),

201 1230 325 1286 Deus
353 1247 381 1286 a
405 1233 576 1301 prima
598 1243 840 1290 creatura
872 1247 926 1291 et
943 1238 1247 1294 conditione
1270 1240 1474 1304 mundi,
1499 1243 1734 1295 omnium

197 1322 442 1390 iustorum
480 1323 640 1392 Deus,
688 1325 879 1392 Adam,
914 1314 1066 1390 A‘bcl,
1114 1329 1261 1396 Seth,
1316 1330 1479 1394 Enos,
1531 1329 1735 1396 Enoch,

198 1411 316 1476 Noe,
339 1411 483 1476 Scm,
506 1414 800 1480 Abraham,
819 1417 984 1482 isaac,
1003 1415 1188 1484 Jacob,
1208 1420 1484 1477 duodecim
1511 1420 1736 1490 patriar-

195 1503 424 1568 charum,
457 1503 654 1575 Moysis
682 1515 733 1560 et
759 1507 1173 1576 prophetarum;
1207 1517 1259 1565 et
1287 1500 1427 1579 quod
1468 1512 1554 1566 hic
1599 1511 1736 1566 Deus

196 1593 243 1647 in
265 1594 561 1650 novissimis
591 1596 799 1668 diebus,
831 1598 968 1655 sicut
999 1613 1094 1668 per
1126 1601 1412 1670 prophetas
1456 1617 1579 1656 suos
1613 1612 1736 1657 ante

195 1683 517 1752 promiserat,
563 1685 693 1766 58‘
724 1689 870 1743 misit
929 1690 1211 1746 Dominum
1264 1701 1502 1748 nostrum
1553 1692 1733 1749 Jcsum

195 1774 468 1840 Christum,
498 1778 669 1843 primo
698 1780 908 1848 quidem
944 1790 1256 1839 vocaturum
1282 1782 1466 1848 lsrael,
1501 1785 1736 1838 secundo

197 1879 309 1920 vero
334 1865 491 1920 etiam
525 1880 710 1939 gentes
744 1882 861 1942 post
889 1873 1163 1942 perfidiam
1211 1877 1383 1945 populi
1422 1877 1604 1932 Israel.
1637 1878 1734 1932 Hic
1767 1851 1806 1904 Β

197 1954 325 2010 Deus
368 1958 544 2026 justus
602 1969 650 2014 et
694 1961 866 2018 bonus
916 1963 1071 2019 Pater
1126 1966 1330 2021 Domini
1386 1969 1553 2022 nostri
1608 1967 1730 2023 Jesu

192 2045 399 2113 Christi,
433 2049 602 2118 legem
629 2059 683 2105 et
709 2055 1019 2122 praphetas,
1047 2065 1102 2111 et
1136 2056 1418 2125 Evangelia
1450 2060 1562 2127 ipse
1589 2059 1732 2114 dedit

193 2141 274 2207 qui
297 2150 349 2194 et
375 2142 734 2211 apustolorum
769 2143 912 2199 Deus
942 2154 1058 2211 est,
1097 2158 1152 2200 et
1180 2148 1372 2202 veteris
1400 2157 1454 2202 et
1481 2150 1598 2203 novi
1633 2148 1734 2206 Te—

192 2232 450 2286 stamenti.
477 2231 609 2304 Tum
637 2233 830 2288 deinde
859 2236 879 2267 ⁸
902 2237 1024 2303 quia
1053 2235 1207 2293 Iesus
1232 2237 1476 2293 Christus
1507 2239 1618 2307 ipse
1643 2240 1732 2308 qui

191 2325 349 2390 venit,
388 2335 512 2380 ante
551 2339 762 2382 omnem
795 2338 1099 2385 creaturam
1152 2340 1308 2386 natus
1335 2347 1397 2386 ex
1436 2330 1594 2386 Patre
1628 2341 1730 2385 est.

192 2412 416 2479 Quicum
435 2416 486 2469 in
501 2417 737 2472 omnium
753 2419 1052 2473 conditione
1069 2418 1209 2474 Patri
1229 2421 1581 2477 ministrasset
1598 2422 1729 2491 (i8),

197 2519 214 2552 ι
251 2516 351 2572 per
409 2503 581 2573 ipsum
635 2505 780 2560 enim
837 2506 1011 2559 omnia
1087 2505 1225 2559 facta
1271 2508 1467 2571 sunt",
1505 2525 1523 2558 ι
1559 2507 1732 2561 novis-

191 2593 330 2647 simis
360 2593 686 2660 temporibus
734 2594 963 2663 seipsum
1001 2595 1318 2649 exinaniens
1364 2596 1520 2650 homo
1558 2595 1731 2650 factus

193 2677 487 2735 incarnatus
503 2690 597 2734 est
624 2680 736 2751 (ιθ)
771 2696 892 2736 cum
927 2682 1065 2737 Deus
1089 2693 1250 2750 esset,
1283 2696 1335 2739 et
1361 2686 1520 2740 homo
1561 2685 1732 2739 factus

192 2770 373 2823 mansit
409 2769 548 2837 quod
596 2780 716 2826 erat
769 2773 929 2828 Deus.
974 2772 1178 2843 Corpus
1227 2777 1515 2844 assumpsit
1548 2784 1733 2832 nostro

193 2863 388 2928 corpori
419 2862 610 2927 simile,
639 2877 704 2918 eo
727 2864 840 2920 solo
867 2862 1120 2920 diderens
1141 2867 1282 2934 quod
1311 2875 1492 2920 natum
1518 2882 1584 2922 ex
1613 2868 1733 2936 Vir-_

192 2953 304 3021 gine
344 2962 399 3009 et
436 2953 637 3024 Spiritu
670 2967 856 3012 sancto
889 2966 989 3012 est.
1037 2956 1103 3010 Et
1136 2959 1388 3028 quoniam
1445 2959 1530 3013 hic
1577 2958 1732 3015 Jesus

192 3035 423 3098 Christus
453 3051 609 3098 natus
635 3052 689 3099 et
711 3059 900 3112 passns
934 3054 1015 3101 est
1052 3047 1104 3100 in
1132 3047 1380 3113 veritate,
1415 3057 1470 3102 et
1503 3063 1606 3102 non
1635 3063 1733 3116 per

193 3133 515 3202 phantasiam
537 3150 873 3191 communem
906 3140 1044 3193 hanc
1068 3148 1291 3192 mortem
1318 3139 1572 3194 sustinuit
1594 3129 1727 3211 (50).

193 3239 308 3280 vers
337 3236 613 3290 mortuus;
650 3240 772 3280 vere
804 3227 946 3281 enim
995 3244 1025 3283 a
1065 3230 1287 3283 mortuis
1336 3231 1648 3295 resurrexit,
1676 3241 1731 3286 et

194 3325 300 3384 post
320 3319 760 3397 resurrectionem
788 3329 1136 3375 conversatus
1157 3311 1277 3380 cum
1303 3321 1574 3390 discipulis
1597 3323 1730 3387 suis,

195 3420 478 3478 assumptus
511 3422 611 3465 est.
647 3409 779 3464 Tum
805 3409 998 3476 deinde
1030 3415 1235 3468 honore
1260 3429 1322 3468 ac
1349 3415 1603 3484 dignitate
1635 3414 1727 3468 Pa-

196 3501 256 3554 tri
273 3516 331 3555 ac
354 3501 490 3558 Filio
516 3504 774 3558 sociatum
801 3503 1136 3558 tradiderunt
1157 3505 1416 3574 Spiritum
1437 3506 1733 3560 sanctum“.

196 3588 243 3644 In
273 3592 367 3646 hoc
397 3609 503 3647 non
529 3593 641 3660 jam
681 3593 962 3653 manifeste
991 3596 1334 3660 discernitur,
1367 3608 1542 3652 utrum
1584 3608 1742 3652 natus

195 3696 253 3736 an
281 3684 484 3739 innatus
515 3685 624 3755 (51)
653 3684 734 3740 vel
764 3684 928 3739 Filius
957 3685 1120 3740 etiam
1166 3687 1258 3742 Dei
1309 3688 1425 3757 ipse
1471 3689 1746 3744 habendus

257 3800 408 3873 ‘vide
432 3801 742 3872 Origenian.
783 3802 906 3873 Lit,
934 3817 987 3871 q.
1012 3804 1066 3857 2.
1141 3805 1162 3835 ⁷
1185 3804 1342 3861 Joan.
1367 3822 1404 3873 ι,
1427 3806 1481 3860 5.

199 3869 327 3924 Idan.
353 3871 388 3926 Ι.
411 3888 470 3936 ll,
498 3869 555 3943 qi
578 3875 631 3937 7,
667 3887 812 3927 num.
842 3870 893 3926 3.

257 3986 359 4056 (87)
393 3987 524 4043 Cum
554 3990 683 4043 nihil
711 3999 861 4053 esset,
890 4003 999 4040 esse
1021 3985 1140 4053 fecit
1165 3988 1422 4056 universa.
1453 3985 1527 4039 lta
1550 4003 1735 4043 omnes

197 4055 312 4111 uss.
344 4055 553 4114 Ierlin.
586 4069 641 4114 et
663 4057 890 4122 Geneb.,
930 4075 948 4108 ι
989 4071 1051 4110 ex
1103 4055 1259 4110 nullis
1304 4057 1431 4111 fecit
1465 4071 1582 4112 esse
1615 4060 1738 4112 uni-

198 4139 404 4179 versari

259 4195 360 4264 (48)
392 4195 636 4261 Quicum
689 4199 742 4250 in
787 4195 1011 4264 omnium
1061 4195 1354 4264 conditione
1389 4192 1543 4248 Patri
1581 4197 1737 4249 mini-

197 4263 408 4318 strasset.
436 4266 550 4320 Non
583 4269 771 4321 desunt
803 4263 1041 4331 exempla
1071 4263 1392 4317 locutionum
1425 4266 1616 4330 quibus
1646 4266 1733 4319 Fi-

197 4331 285 4386 lius
323 4345 442 4388 ante
489 4337 908 4389 incarnationem
967 4334 1161 4385 dicitur
1214 4333 1323 4386 Deo
1378 4332 1521 4385 Patri
1575 4335 1733 4387 mini-

198 4415 395 4470 snasse,
432 4420 538 4457 non
587 4406 744 4457 modo
771 4405 822 4456 in
856 4404 920 4456 iis
956 4402 1044 4470 qui
1080 4411 1202 4454 ante
1245 4401 1427 4453 Arium
1461 4403 1729 4465 vixerunt,

195 4467 606 4545 Justinonempe
633 4483 889 4545 martyre,
920 4467 1594 4545 TheophiloAntiocheno,
1623 4471 1730 4545 lre-
1759 4485 1808 4545 ι)
1835 4467 1980 4526 num.

199 4555 320 4601 nam,
344 4539 620 4594 Clemente
648 4539 1031 4602 Alexandrino,
1062 4539 1407 4603 Tertulliano,
1450 4549 1504 4591 et
1535 4541 1586 4593 in
1619 4542 1732 4607 epi-

199 4609 313 4662 stola
350 4625 438 4662 sex
481 4610 855 4677 episcoporum
906 4610 972 4661 ad
1014 4609 1233 4662 Paulum
1284 4608 1728 4674 Sainosate‘num;

200 4680 351 4732 sedet
381 4680 430 4731 in
471 4680 578 4734 illis
605 4679 696 4746 qui
737 4688 859 4745 post
903 4687 1143 4730 exortam
1192 4679 1443 4746 Arianain
1488 4678 1730 4731 lueresim

199 4749 544 4816 scripsere...“
579 4745 634 4816 g.
671 4747 722 4799 in
764 4746 960 4816 Hilario
990 4746 1174 4816 litum
1217 4747 1288 4798 De
1315 4745 1590 4811 Trinitate,
1619 4747 1731 4800 Ma-

201 4819 270 4871 rio
297 4814 562 4871 Victorino
595 4814 877 4887 hymno},
925 4823 980 4866 et
1011 4814 1326 4887 Epiphanio.
1384 4816 1565 4887 Utrum
1609 4831 1732 4870 vero

197 4883 736 4963 ejustnodi‘locutione
777 4883 1034 4963 Origenes
1079 4883 1264 4963 doceat
1305 4898 1472 4939 necne
1502 4885 1730 4938 Verbum

201 4953 247 5006 in
306 4957 577 5010 creatione
636 4967 814 5007 rerum
882 4953 1220 5005 instrumenti
1287 4963 1493 5005 tantum
1550 4964 1730 5020 partes

201 5023 396 5090 obiisse,
431 5028 552 5080 vide
582 5023 1014 5090 Origenianorum
1048 5020 1135 5071 lib.
1164 5035 1223 5083 ll,
1261 5035 1312 5086 q.
1344 5021 1397 5086 2,
1430 5037 1483 5075 n.
1516 5023 1602 5077 15.

261 5094 363 5158 (69)
392 5091 560 5146 Homo
609 5094 778 5159 [actus
815 5091 1114 5159 incarnatus
1157 5099 1253 5153 est,
1276 5099 1380 5144 etc.
1427 5091 1518 5144 Sic
1545 5105 1732 5147 omnes

201 5156 351 5224 Illas;
375 5172 426 5214 at
463 5156 752 5217 libb.'editi
783 5177 796 5210 :
832 5178 851 5211 ι
887 5160 1052 5212 Homo
1087 5156 1264 5211 factus
1297 5160 1602 5213 incarnatus
1627 5169 1730 5225 est,

201 5236 304 5278 eum
337 5230 471 5285 Deus
495 5237 664 5292 esset,
693 5239 746 5281 et
771 5229 930 5281 homo
957 5229 1154 5279 mansit
1181 5229 1320 5292 quod
1361 5230 1500 5282 Deus
1536 5237 1669 5282 erat.
1705 5248 1724 5282 ι

261 5293 360 5361 (50)
393 5297 455 5349 Et
487 5313 594 5350 non
621 5313 713 5363 per
735 5296 1057 5362 phantasiam
1087 5311 1401 5351 communem
1432 5298 1564 5350 hanc
1596 5314 1732 5351 mor-

203 5371 287 5438 tui
312 5368 576 5438 sustinuit,
601 5375 706 5418 etc.
733 5367 822 5438 Sic
853 5380 978 5419 mss.
1015 5364 1156 5416 Alias
1178 5379 1325 5434 vero,
1359 5384 1376 5416 ε
1409 5374 1461 5419 et
1502 5383 1732 5438 non__per

204 5433 465 5508 imaginem
495 5436 768 5488 communi
814 5443 984 5489 morte
1024 5447 1146 5486 vere
1189 5433 1429 5489 mortuus
1462 5446 1563 5490 est.
1596 5433 1732 5490 vere

203 5512 349 5565 enim,
381 5519 396 5551 ι
430 5511 536 5555 etc.

264 5570 361 5634 (5f)
390 5572 538 5634 Quod
567 5572 724 5629 vertit
757 5570 976 5626 Ruﬁnus
1008 5590 1025 5621 ι
1060 5581 1215 5626 natus
1251 5587 1316 5624 an
1356 5573 1587 5636 innatus,
1618 5593 1636 5624 ι
1664 5574 1730 5628 ab

206 5633 504 5706 Hieronymo
543 5641 703 5707 epist.
729 5641 817 5700 94,
839 5642 966 5695 alias
997 5641 1085 5703 59,
1115 5643 1181 5694 ad
1215 5643 1442 5705 Avitum,
1469 5633 1727 5696 redditum

204 5716 291 5782 est,
325 5725 343 5782 ξ
375 5709 564 5782 iectus:
599 5723 686 5782 an_
723 5709 969 5766 infectus.
1023 5730 1043 5762 ι
1087 5711 1315 5782 Ειητοιίεξί
1356 5713 1553 5782 quippe
1608 5712 1726 5765 libri

205 5775 339 5840 primi
367 5777 499 5844 IIqu
532 5774 733 5845 ἀρχῶν
763 5791 1041 5836 recensens
1069 5781 1142 5836 ait
1175 5798 1189 5834 :
1225 5799 1243 5833 ι
1277 5774 1512 5836 Tertio-in
1541 5783 1725 5854 digni-

1566 3807 1587 3839 ⁸
1613 3807 1728 3860 vide
1755 3805 2063 3876 Origcnian.
2086 3803 2122 3858 l.
2149 3818 2209 3868 ιι,
2236 3817 2290 3872 q.
2312 3802 2368 3856 2.

1840 797 2068 852 ciorum,
2094 787 2173 843 vel
2207 786 2610 857 prophetarum,
2638 784 2720 839 vel
2763 780 3126 854 apostolorum
3166 775 3393 844 inspira-

1838 879 1974 932 verit
2006 877 2139 946 (52),
2169 886 2351 942 etnon
2383 875 2516 932 alius
2563 875 2798 945 Spiritus
2848 875 2898 928 in
2931 872 3218 933 veteribus,
3257 868 3421 923 alius.

1840 983 1968 1023 vero
2005 969 2068 1022 in-
2096 970 2180 1023 his
2216 969 2305 1039 qui
2344 969 2398 1023 in
2433 969 2661 1022 adventu
2704 963 2904 1020 Christi
2953 961 3196 1030 inspirati
3241 963 3387 1021 sunt,

1839 1061 2475 1125 fuerit,manifestissime
2503 1061 2555 1114 in
2588 1054 2846 1114 Eeclesiis
2878 1053 3216 1123 praedicatur.

1908 1151 1960 1206 5.
1984 1150 2106 1206 Post
2142 1151 2254 1205 haec
2278 1135 2385 1218 iam
2414 1151 2553 1220 quod
2588 1149 2765 1203 anima
2810 1144 3163 1201 substantiam
3194 1139 3393 1194 vitam-

1837 1255 1941 1311 q~ie
1971 1241 2173 1297 habens
2202 1240 2491 1309 propriam,
2519 1254 2639 1294 cum
2669 1254 2738 1294 ex
2769 1238 2872 1292 hoc
2906 1235 3101 1290 mundo
3132 1234 3391 1288 discesse-

1838 1333 1926 1397 rii,
1953 1348 2050 1401 pro
2070 1332 2185 1386 suis
2217 1332 2421 1384 meritis
2450 1330 2866 1398 dispensahitur,
2897 1326 3006 1381 sive
3031 1324 3152 1378 vitae
3177 1332 3392 1376 aeterna
3418 1373 3424 1380 .

1836 1439 1901 1478 ac
1928 1422 2271 1478 beatitudinis
2319 1421 2625 1474 haereditate
2664 1420 2918 1485 petitura,
2967 1416 3012 1471 si
3062 1415 3164 1469 hoc
3207 1413 3254 1467 ei
3292 1426 3388 1466 sua

1834 1524 1980 1582 gesta
2027 1512 2400 1583 prtestitcrint;
2449 1512 2562 1566 sive
2607 1509 2714 1576 igni
2758 1517 2960 1562 aeterno
3004 1521 3068 1561 ac
3116 1503 3394 1574 suppliciis

1835 1604 2209 1673 mancipanda,
2234 1604 2276 1657 si
2310 1603 2361 1657 in
2398 1604 2498 1658 hoc
2523 1614 2639 1654 eam
2673 1600 2933 1654 scelerum
2968 1596 3121 1664 culpa
3152 1595 3391 1650 detorse-

1835 1695 1934 1760 rit;
1971 1695 2064 1750 sed
2098 1703 2154 1749 et
2178 1694 2303 1764 quia
2342 1695 2446 1748 erit
2487 1701 2691 1761 tempus
2722 1687 3125 1745 resurrectionis
3156 1695 3389 1742 mortuo-

1835 1802 1974 1851 rum,
2009 1801 2130 1842 cum
2173 1801 2368 1854 corpus
2419 1785 2519 1840 hoc
2551 1783 2691 1852 quod
2737 1795 2874 1836 nunc
2908 1797 2927 1832 ε
2961 1779 3015 1833 in
3047 1776 3389 1843 corruptione

1835 1877 2149 1941 seminatur,
2171 1884 2353 1944 surget
2393 1875 2446 1938 in
2488 1874 2920 1941 incorruptione;
2952 1889 2970 1922 ι
2999 1878 3053 1925 et
3079 1868 3221 1938 quod
3255 1886 3273 1920 ι
3302 1880 3388 1920 se-

1834 1971 2065 2024 minatur
2101 1971 2153 2022 in
2205 1966 2517 2037 ignominia,
2553 1974 2736 2034 surget
2791 1963 2845 2018 in
2896 1961 3061 2033 gloria
3083 1962 3129 2014 '.
3159 1978 3179 2012 ι
3215 1961 3307 2014 Est
3328 1966 3392 2014 et

1833 2061 1958 2116 illud
2000 2059 2270 2115 definitum
2313 2058 2368 2111 in
2418 2055 2784 2110 ecclesiastica
2834 2049 3227 2120 praedicatione,
3273 2064 3388 2103 om-

1833 2164 1955 2204 nem
1984 2149 2216 2204 animam
2247 2144 2612 2200 rationabilem
2639 2157 2760 2202 esse
2788 2141 2943 2196 liberi
2973 2141 3183 2215 arbitrii
3211 2148 3264 2195 et
3291 2154 3390 2193 vo-

1834 2239 2091 2306 laniatis;
2119 2236 2238 2293 esse
2265 2249 2475 2306 quoque
2515 2233 2562 2288 ei
2603 2240 2875 2288 certamen
2918 2231 3177 2286 adversus
3205 2229 3390 2283 diabo-

1833 2330 1942 2385 lum
1977 2339 2030 2385 et
2068 2328 2289 2400 angelos
2316 2327 2451 2397 ejus,
2493 2323 2895 2390 contrariosque
2940 2321 3186 2381 virtutes.
3221 2335 3284 2373 ex
3321 2333 3387 2373 eo

1831 2420 1975 2489 quod
2003 2418 2080 2475 illi
2110 2417 2342 2489 peccatis
2367 2431 2482 2470 eam
2510 2426 2733 2466 onerare
2761 2411 3106 2474 contendant,
3139 2425 3231 2463 nos
3263 2422 3386 2463 vero

1833 2511 1876 2566 si
1909 2521 2056 2566 recte
2094 2509 2442 2577 consulteqne
2481 2506 2740 2567 vivamus,
2783 2504 2847 2557 ab
2883 2501 3186 2570 huiusmodi
3219 2515 3385 2554 onere

1833 2599 1944 2671 (55)
1973 2616 2069 2655 nos
2115 2614 2316 2654 exuere
2362 2611 2632 2652 conemur.
2673 2595 2822 2649 Unde
2853 2602 2906 2648 et
2946 2605 3273 2660 consequens
3302 2598 3386 2644 est

3427 367 3451 394 δ,

1832 2691 2126 2759 intelligere
2155 2687 2220 2753 ",
2256 2703 2491 2741 nonnos
2515 2685 2820 2741 necessitati
2866 2698 2981 2737 esse
3011 2681 3295 2750 subjectos,
3327 2689 3385 2734 ut
3437 2755 3440 2766 Ι

1831 2781 2156 2847 omnimodo,
2185 2778 2394 2834 etiamsi
2418 2779 2669 2842 nolimus,
2692 2779 2774 2834 vel
2797 2775 2931 2830 inala
2958 2775 3037 2829 vel
3062 2778 3198 2830 bona
3227 2787 3384 2841 agere

1831 2889 2104 2944 cogamur.
2137 2871 2191 2926 Si
2225 2871 2367 2924 enim
2394 2871 2562 2923 nostri
2592 2871 2802 2925 arbitrii
2839 2886 3044 2933 sumus,
3074 2870 3388 2938 impugnare

1834 2978 1930 3018 nos
1948 2962 2185 3018 Tortasse
2231 2968 2451 3029 possunt
2475 2959 2588 3029 (54)
2615 2959 2807 3029 aliqua:
2855 2961 3078 3014 virtutes
3109 2960 3174 3014 ad
3205 2975 3391 3028 pecca-

1832 3059 1966 3121 tum,
1992 3061 2046 3106 et
2076 3052 2193 3105 alia:
2223 3049 2407 3119 juvare
2435 3049 2499 3102 ad
2527 3048 2749 3102 salutem
2776 3068 2791 3114 ς
2847 3063 2951 3103 non
2995 3058 3169 3102 tamen
3204 3064 3386 3105 net-esp

1834 3143 1992 3197 sitate
2020 3141 2263 3212 cogimur
2293 3139 2373 3194 vel
2405 3154 2561 3209 agere
2590 3147 2754 3202 recte,
2783 3136 2865 3189 vel
2897 3128 3035 3191 male
3059 3153 3081 3209 ε,
3106 3139 3246 3204 quod
3272 3139 3384 3192 fieri

1835 3234 2168 3288 arbitrantur
2198 3233 2250 3287 hi
2291 3231 2381 3302 qui
2418 3229 2685 3286 stellarum
2717 3215 2930 3282 cursum
2970 3235 3024 3280 et
3055 3236 3230 3282 motus
3260 3242 3388 3282 cau-

1835 3337 1949 3378 sam
1982 3322 2166 3378 dictmt
2194 3321 2548 3377 humanorum
2582 3334 2699 3373 esse
2734 3327 3027 3388 gestorum,
3072 3333 3178 3371 non
3217 3318 3384 3372 solum

1837 3426 2023 3470 eorum
2048 3427 2166 3483 quae
2191 3421 2343 3467 extra
2371 3411 2576 3466 arbitrii
2607 3410 2851 3464 accidunt
2879 3409 3197 3474 libertatein,
3221 3407 3313 3462 sed
3336 3416 3388 3462 et

1842 3517 2026 3560 eorum
2045 3518 2164 3572 qua:
2186 3504 2238 3558 in
2262 3510 2442 3557 nostra
2465 3511 2587 3556 sunt
2611 3502 2778 3571 posita
2803 3507 3082 3568 potestate.
3111 3498 3183 3550 De
3211 3498 3387 3552 anima

1845 3608 1974 3650 vero
1996 3603 2174 3648 utrum
2207 3607 2269 3649 ex
2307 3594 2528 3648 seminis
2560 3593 2778 3646 traduce
2806 3592 2915 3662 (55)
2959 3578 3197 3654 ducatur,
3230 3589 3301 3641 ita
3332 3598 3388 3640 ut

1851 3688 1989 3742 ratio
2028 3687 2195 3756 ipsius
2239 3685 2320 3739 vel
2367 3683 2660 3739 substantia
2693 3685 2887 3737 inserta
2932 3682 3059 3750 ipsis
3101 3681 3388 3753 seminibus

2453 3802 2473 3833 ’
2497 3799 2517 3854 Ι
2538 3799 2663 3856 Cor.
2691 3815 2778 3864 xv,
2804 3800 2897 3864 42,
2952 3800 3037 3868 η¹⁶
3063 3799 3176 3853 vide
3203 3798 3385 3868 Orige-

1834 3995 1942 4042 tate
1967 3995 2019 4040 et
2044 3987 2247 4041 honore
2290 3995 2408 4053 post
2442 3984 2651 4040 Patrem
2678 3993 2731 4037 et
2760 3984 2953 4038 Filium
2987 3989 3178 4042 asserit
3219 3989 3381 4054 Spiri-

1832 4067 1943 4110 tum
1968 4067 2234 4116 sanctum.
2262 4057 2327 4110 de
2348 4072 2451 4123 quo
2487 4071 2604 4109 cum
2652 4055 2898 4123 ignorare
2945 4070 3005 4109 se
3036 4057 3178 4110 dicat
3207 4069 3382 4110 utrizm

1829 4125 2002 4198 factus
2031 4126 2102 4180 sit
2140 4141 2205 4177 an
2249 4125 2505 4198 infectus,
2541 4126 2591 4198 in
2638 4124 3016 4198 posterioribus
3047 4127 3170 4198 quid
3198 4128 3279 4198 de
3322 4147 3385 4179 eo

1831 4195 2055 4248 sentiret
2083 4197 2343 4261 expressit
2379 4193 2508 4246 nihil
2546 4195 2758 4261 absque“
2788 4195 2896 4247 Deo
2932 4193 3088 4247 Patre
3129 4196 3382 4249 infectum

1830 4277 1950 4319 esse
1994 4264 2336 4317 confirmans.
2383 4283 2400 4314 ι
2444 4262 2676 4329 Legebat
2727 4262 2973 4315 nimirum
3033 4262 3384 4331 Hieronymus

1828 4332 2048 4413 Tqueb;
2096 4332 2128 4401 ἢ
2171 4333 2451 4413 ἔγέγητοςῖ
2478 4332 2724 4413 _Rn‘finus
2751 4333 3299 4413 ,εοοηιι-δκχεννητὺς
3329 4335 3377 4413 Af

1825 4395 2131 4524 ἁγέὐντὲτοςξ
2171 4395 2242 4456 De
2283 4395 2366 4454 his
2405 4403 2521 4454 vide
2551 4399 2975 4480 Origenianorum
3010 4395 3099 4453 Iib’.
3152 4395 3213 4480 ii,
3239 4418 3299 4474 q.
3327 4395 3382 4466 2,

1835 4487 1980 4524 num.
2050 4473 2093 4524 Ι.
2120 4471 2210 4524 22.
2244 4471 2313 4524 25
2340 4478 2392 4522 et
2427 4471 2513 4523 24.
2540 4469 2688 4524 Onod
2712 4481 2888 4522 autem
2919 4471 3000 4523 his
3028 4471 3198 4524 verbis
3233 4490 3251 4521 ι
3290 4489 3382 4524 na-

2050 4473 2093 4534 l,
2120 4471 2210 4533 22,
2244 4471 2313 4524 25
2340 4478 2392 4522 et
2427 4471 2513 4523 24.
2540 4469 2688 4534 Quod
2712 4481 2888 4522 autem
2919 4469 3000 4523 his
3028 4471 3198 4524 verbis
3233 4469 3267 4521 t’
3290 4470 3385 4525 na-

1836 4550 1921 4593 tus
1949 4556 2016 4595 an
2050 4541 2284 4605 innatus,
2323 4558 2340 4590 ›
2373 4540 2424 4592 in
2453 4548 2597 4593 textu
2627 4539 3023 4607 subjunxiinus.
3057 4558 3074 4589 ‹
3113 4542 3191 4593 vel
3219 4541 3386 4597 Filius

1831 4610 1992 4661 etiam
2025 4609 2115 4662 Dei
2147 4610 2260 4676 ipse
2288 4610 2562 4662 habendus
2601 4609 2672 4660 sit
2720 4623 2908 4672 necne,
2945 4628 2960 4660 ι
3001 4610 3051 4664 id
3079 4611 3287 4675 quidem
3333 4613 3384 4665 in

1832 4687 1990 4731 antea
2017 4677 2176 4732 editis
2205 4677 2353 4731 libris
2378 4677 2731 4740 desideratur,
2764 4679 2856 4730 sed
2892 4679 2940 4729 in
2969 4679 3218 4732 omnibus
3254 4696 3382 4735 mss.

1800 4817 1803 4819 _
1830 4748 2116 4819 reperitur.

1903 4817 2012 4884 (52)
2056 4815 2418 4885 Inspiraverit.
2461 4814 2552 4885 Sic
2592 4827 2724 4885 mss.
2772 4814 2940 4885 Alias.
2976 4833 2992 4864 ι
3029 4815 3324 4882 inSpiravit.
3361 4837 3378 4869 ι

1830 4884 1995 4938 Paulo
2020 4883 2315 4952 post'inss”
2350 4902 2367 4934 ι
2406 4884 2648 4952 inspirati
2679 4891 2817 4946 sunt,
2851 4883 3031 4944 fuerit,
3064 4885 3383 4944 manifestis-

1831 4956 1985 5015 sime,
2022 4951 2039 5005 ὀ
2073 4951 2183 5008 etc.
2210 4956 2265 5007 ln
2293 4964 2446 5006 antea
2474 4951 2635 5005 editis
2662 4953 2813 5005 deest
2842 4969 2859 5002 ι
2897 4952 3075 5010 fuerit.
3103 4972 3133 5004 ι

1903 5022 2010 5089 (55)
2045 5021 2152 5074 Vox
2189 5042 2208 5074 ι
2242 5037 2406 5075 onere
2433 5040 2451 5072 ›
2482 5023 2631 5076 deest
2658 5023 2792 5089 apud
2828 5021 3109 5076 Merlinum
3137 5033 3192 5078 et
3218 5024 3386 5082 Gene-

1831 5092 2104 5164 brardum,
2129 5093 2218 5164 sed
2240 5091 2508 5164 reperitur
2538 5091 2588 5143 in
2615 5091 2862 5164 Apologia
2899 5092 3155 5160 Pamphili
3187 5096 3238 5148 in
3277 5111 3379 5164 qua

1833 5161 1918 5212 hic
1953 5161 2430 5230 locusexhibetur.
2462 5161 2518 5214 In
2549 5175 2677 5216 mss.
2717 5163 2814 5215 hoc
2841 5161 2960 5216 loco
2993 5177 3090 5230 pro
3119 5182 3137 5216 α
3167 5161 3326 5220 onere
3357 5186 3379 5217 ι

1832 5229 2023 5296 legitur
2057 5246 2074 5278 ι
2113 5229 2248 5283 labe.
2285 5248 2302 5279 ι

1901 5298 2009 5366 (54)
2039 5297 2350 5366 fmpugnare
2371 5315 2461 5352 nos
2494 5298 2711 5366 fortasse
2751 5313 2984 5366 possunt.
3019 5304 3109 5355 Sic
3137 5302 3187 5355 in
3214 5307 3384 5358 omni-

1831 5367 1930 5438 bus
1959 5368 2149 5434 legitur
2179 5383 2306 5421 mss.
2329 5379 2383 5420 et
2415 5369 2464 5420 in
2494 5371 2742 5438 Apologia
2768 5369 3059 5438 Pamphili;
3085 5374 3222 5438 apud
3256 5373 3384 5426 Mcr-

1831 5435 1994 5487 linum
2043 5452 2184 5509 vero
2217 5447 2282 5509 et,
2317 5435 2738 5502 Genebrarduin,
2785 5458 2804 5489 ‹
2863 5435 3132 5509 instigare
3161 5441 3382 5497 fortasse

1830 5515 2072 5572 possunt.
2109 5526 2126 5558 ι
2162 5507 2323 5562 Paulo
2353 5519 2470 5574 post
2495 5525 2646 5572 mss.,
2673 5527 2690 5558 ‹
2734 5523 2835 5560 non
2879 5507 3047 5562 soloin
3083 5526 3376 5565 eoruni.....

1831 5573 1920 5625 sed
1952 5583 2006 5626 et
2033 5590 2241 5630 eorum.
2285 5596 2302 5628 ι
2342 5573 2595 5632 Merlinus
2628 5588 2684 5632 et
2713 5575 3066 5644 Genebrai‘d”
3097 5598 3115 5631 ι
3156 5595 3257 5633 non
3291 5597 3378 5633 eo-

1830 5657 2037 5699 rum...
2065 5648 2156 5700 sed
2183 5662 2388 5700 eorum.
2422 5667 2440 5698 ι

1900 5712 2012 5782 (55)
2043 5713 2259 5768 Seminis
2289 5718 2521 5769 traduce.
2557 5715 2645 5769 Sic
2695 5730 2879 5770 omnes
2922 5732 3074 5781 mss.,
3106 5716 3224 5770 libri
3255 5733 3377 5770 vero

1831 5782 1978 5850 editi,
2016 5803 2033 5835 ‹
2067 5785 2265 5839 semine
2298 5787 2551 5841 traducis.
2589 5804 2607 5836 i
2641 5785 2775 5838 infra
2807 5802 2960 5852 mss.,
2997 5807 3012 5838 ι
3048 5787 3378 5842 extrinsecus
