4126 6308
618 386 723 446 H9

1887 378 2207 438 ORIGENIS
2241 345 2662 465 neruum

3761 362 3869 420 120

613 500 986 573 corporalibus
1016 500 1383 566 habeatur,an
1412 514 1539 555 vero
1563 466 1708 554 aliud
1728 497 1919 554 habeat
1946 500 2188 554 initium:
2222 504 2270 560 Α
2299 498 2468 553 libros
2504 495 2899 552 ecclesiasticos
2930 505 3035 547 non
3074 489 3340 552 habetur;
3375 492 3430 541 et
3467 484 3865 541 ostendendum

606 602 666 651 et
706 594 809 648 hoc
845 593 1018 660 ipsum
1049 590 1257 645 initium
1297 591 1341 646 si
1380 590 1617 661 genitum
1646 596 1749 653 est,
1775 597 1866 644 aut
1907 606 2011 645 non
2038 590 2185 660 geni-

613 695 725 739 tum
759 702 773 739 :
804 683 887 738 vel
919 692 1065 737 certe
1092 684 1135 737 si
1167 683 1507 737 extrinsecus
1539 683 1751 749 corpori
1804 682 2027 745 inditur,
2058 697 2180 736 nec-

610 789 718 828 ne:
748 787 851 827 non
896 772 1031 826 satis
1071 772 1353 826 manifesta
1395 773 1780 841 prmdicatione
1814 770 2182 840 distinguitur.

684 866 738 921 6.
768 864 841 918 De
872 862 1168 917 diaboloet
1194 861 1397 930 angelis
1430 862 1548 932 ejus
1582 862 1978 930 contrariisque
2009 862 2183 918 virtu-

610 952 755 1009 tibus
784 952 1147 1021 ecclesiastica
1182 952 1499 1021 prmdicatio
1533 954 1735 1017 docuit,
1768 953 2020 1021 quoniam
2058 964 2187 1008 sunt

606 1045 824 1114 quidem
869 1043 982 1097 haec
1013 1041 1159 1112 (56);
1197 1057 1317 1112 qua:
1380 1052 1561 1097 autem
1614 1044 1744 1107 sint,
1780 1054 1871 1097 aut
1914 1043 2185 1111 quomodo

606 1136 739 1197 sint,
772 1150 875 1188 non
907 1135 1035 1189 satis
1069 1135 1213 1190 clare
1242 1137 1511 1203 exposuit.
1544 1136 1695 1205 Apud
1721 1136 1979 1205 plurimos
2008 1144 2183 1190 tamen

611 1228 710 1280 ista
751 1227 976 1281 habetur
1010 1229 1212 1297 Opinio,
1245 1226 1388 1295 quod
1412 1226 1637 1294 angelus
1670 1225 1836 1280 fuerit
1868 1226 1967 1281 iste
1993 1226 2187 1281 diabo~

607 1317 714 1383 ius,
748 1328 802 1375 et
834 1325 1076 1385 apostata
1125 1317 1349 1373 effectus
1399 1317 1827 1385 quamplurinros
1872 1317 2183 1384 angelorum

607 1423 789 1463 secum
826 1408 1099 1461 declinare
1126 1406 1479 1476 persuaserit,
1504 1406 1595 1475 qui
1622 1415 1675 1459 et
1719 1420 1861 1459 nunc
1894 1420 2062 1476 usque
2091 1422 2187 1461 an-

608 1498 711 1569 geli
745 1499 910 1566 ipsius
940 1510 1341 1568 nuncupantur.

681 1589 734 1642 7.
770 1590 862 1644 Est
894 1600 1152 1659 praeterea
1192 1600 1246 1644 et
1279 1588 1402 1643 illud
1441 1588 1493 1642 in
1519 1588 1889 1644 ecClesiastica
1926 1590 2186 1658 praedica-

609 1681 777 1745 tione,
812 1683 951 1750 quod
981 1680 1091 1752 (57)
1127 1683 1359 1736 mundus
1392 1682 1491 1735 iste
1518 1680 1692 1736 factus
1739 1682 1829 1748 sit,
1866 1692 1922 1736 et
1963 1698 1991 1736 a
2032 1692 2184 1737 certo

608 1782 850 1842 tempore
877 1774 1123 1842 coeperit,
1148 1784 1201 1827 et
1229 1774 1299 1826 sit
1327 1787 1423 1841 pro
1454 1773 1564 1841 ipsa
1597 1774 1678 1828 sui
1706 1774 2051 1843 corruptione
2078 1773 2185 1828 sol-

605 1862 831 1919 vendus.
856 1862 992 1928 Quid
1020 1872 1199 1916 tamen
1244 1872 1367 1916 ante
1403 1866 1546 1919 hunc
1593 1866 1851 1919 mundum
1878 1862 2060 1928 fuerit,
2092 1872 2185 1916 aut

605 1955 736 2025 quid
768 1964 885 2023 post
916 1956 1172 2008 mundum
1197 1955 1317 2019 erit,
1343 1954 1452 2022 jam
1479 1969 1584 2008 non
1616 1969 1713 2023 pro
1741 1954 2027 2008 manifesto
2051 1954 2185 2007 mul-

606 2046 677 2100 tis
697 2045 947 2103 innotuit.
982 2043 1095 2098 Non
1124 2046 1262 2099 enim
1285 2046 1506 2100 evidens
1538 2045 1651 2114 (58)
1681 2046 1748 2099 de
1798 2045 1880 2102 his
1924 2046 1976 2099 in
2009 2044 2185 2100 eccle—

606 2135 824 2191 siastica
856 2135 1231 2194 pnedicatione
1260 2151 1439 2191 sermo
1471 2134 1768 2206 profertur.

678 2229 730 2283 8.
760 2227 892 2281 Tum
924 2227 1137 2281 demum
1173 2227 1311 2294 quod
1342 2242 1436 2297 per
1474 2226 1733 2296 Spiritum
1765 2226 1860 2281 Dei
1892 2225 2198 2301 Scriptura;-

606 2322 924 2389 conscriptre
962 2321 1069 2374 sint
1108 2330 1161 2374 et
1203 2334 1418 2375 sensum
1456 2320 1724 2383 habeant,
1768 2332 1873 2371 non
1918 2333 2041 2373 eum
2098 2332 2188 2373 so-

605 2412 715 2466 lum
748 2416 837 2482 qui
896 2414 948 2467 in
996 2416 1281 2469 manifesto
1332 2423 1434 2477 est,
1468 2412 1562 2465 sed
1609 2419 1662 2464 et
1711 2408 1872 2465 alium
1897 2410 2185 2479 quemdam

607 2509 859 2562 latentem
891 2506 1334 2574 quamplurimos.
1364 2503 1573 2558 Forma:
1601 2502 1898 2557 enimsunt
1926 2500 2039 2559 hac
2067 2516 2188 2573 quae

604 2600 872 2665 descripta
907 2607 1030 2651 sunt
1057 2596 1167 2669 49
1194 2605 1659 2651 sacramentorum
1712 2594 2093 2661 quorumdam,
2135 2601 2190 2647 et

606 2689 910 2742 divinarum
945 2703 1121 2742 rerum
1152 2688 1413 2758 imagines
1448 2686 1581 2757 (59).
1619 2687 1692 2743 De
1733 2703 1842 2757 quo
1882 2686 2047 2745 tOtius
2081 2683 2187 2739 Ec-

606 2782 788 2836 clesia:
818 2797 918 2834 una
949 2781 1219 2838 sententia
1252 2789 1337 2835 est
1367 2780 1500 2851 (60),
1535 2796 1656 2837 esse
1702 2780 1920 2850 quidem
1968 2792 2188 2833 omnem

610 2874 783 2943 legem
834 2872 1161 2942 Spiritalem;
1215 2888 1320 2927 non
1371 2883 1551 2927 tamen
1604 2889 1667 2927 ea
1708 2888 1829 2941 qua:
1872 2871 2044 2941 Spirat
2080 2869 2187 2936 lex,

607 2980 727 3020 esse
756 2948 1002 3019 omnibus
1031 2973 1177 3030 nota,
1210 2966 1308 3019 nisi
1345 2966 1428 3019 his
1456 2965 1585 3019 solis
1622 2964 1817 3032 quibus
1852 2963 2025 3029 gratia
2060 2962 2188 3029 Spi-

609 3056 744 3111 ritus
777 3056 945 3110 sancti
996 3055 1049 3110 in
1088 3056 1248 3111 verbo
1278 3056 1575 3123 sapientiae.
1603 3070 1667 3106 ac
1717 3052 1961 3107 scientiae
1991 3050 2193 3107 condo-

610 3138 790 3209 natur.
825 3146 1127 3217 Appellatio
1156 3156 1335 3201 autem
1372 3144 1688 3215 ἀσωμάτου,
1724 3144 1774 3196 id
1817 3153 1900 3198 est
1936 3144 2187 3214 incorpo—

2287 589 2414 659 quia
2447 601 2620 655 neque
2648 584 2793 640 Petri
2824 591 2902 638 est
2940 584 3053 652 ipsa
3100 582 3384 649 scriptura,
3412 579 3602 648 Ineque
3639 576 3868 629 alterius

2287 677 2605 745 cujusquam
2642 675 2731 745 qui
2757 672 2964 744 Spiritu
3016 670 3109 725 Dei
3137 670 3296 725 fuerit
3336 670 3652 736 inspiratus.
3703 664 3864 731 Quod

2287 769 2503 826 etiamsi
2541 747 2716 838 ipsum
2755 765 3161 829 concederetur,
3206 777 3311 817 non
3362 761 3503 815 idem
3553 772 3740 812 sensus
3784 755 3865 811 ibi

2286 875 2353 915 ex
2384 859 2489 914 isto
2519 871 2770 913 sermone
2809 853 3100 924 ἀσωμάτου
3147 850 3441 912 indicatur,
3469 848 3558 916 qui
3589 860 3620 900 a
3657 844 3867 900 Graecis

2287 958 2344 1007 et
2372 946 2660 1019 gentilibus
2686 946 2797 1020 (62)
2824 944 3135 1001 auctoribus
3171 938 3489 1003 ostenditur,
3518 952 3637 992 cum
3676 938 3741 990 de
3776 936 3868 989 in—

2287 1053 2551 1108 corporea
2610 1048 2801 1091 natura
2849 1052 2878 1089 a
2927 1032 3260 1103 philosophis
3302 1030 3622 1098 dispu‘tatur.
3658 1024 3714 1080 In
3757 1026 3869 1079 hoc

2288 1134 2435 1189 enim
2478 1129 2660 1186 libelio
2699 1129 3077 1196 incorporeum
3115 1121 3435 1177 dremonium
3471 1118 3628 1181 dixit,
3663 1132 3760 1186 pro
3794 1132 3869 1169 eo

2288 1223 2431 1295 quod
2476 1222 2593 1292 ipse
2635 1220 2723 1275 ille
2762 1218 3065 1287 quicunque
3106 1223 3189 1269 est
3232 1210 3464 1273 habitus,
3513 1209 3593 1263 vel
3631 1210 3868 1262 circum-

2289 1314 2515 1385 scriptio
2542 1310 2823 1368 dzemoniei
2852 1307 3112 1375 corporis,
3145 1318 3250 1358 non
3280 1312 3361 1357 est
3392 1300 3584 1356 similis
3616 1298 3740 1353 huic
3770 1312 3870 1351 no—

2287 1418 2401 1463 stro
2424 1402 2680 1459 crassiori
2710 1409 2765 1457 et
2792 1397 2985 1454 visibili
3010 1395 3221 1463 corpori
3248 1411 3260 1446 :
3294 1394 3386 1449 sed
3419 1392 3709 1446 secundum
3737 1404 3872 1444 seno

2288 1515 2406 1554 sum
2439 1498 2554 1566 ejus
2590 1495 2681 1565 qui
2734 1489 3036 1559 composuit
3074 1488 3219 1540 illam
3263 1485 3613 1552 scripturam,
3662 1479 3869 1534 intelli-

2287 1589 2517 1659 gendum
2542 1595 2627 1639 est
2653 1583 2794 1650 quod
2817 1579 2981 1643 dixit;
3013 1578 3061 1631 id
3088 1589 3170 1632 est
3197 1592 3299 1631 non
3322 1589 3379 1628 se
3407 1572 3511 1628 tale
3530 1586 3725 1639 corpus
3747 1568 3867 1640 (63)

2287 1680 2448 1751 quale
2480 1680 2680 1733 habent
2703 1676 2991 1735 daemones.
3015 1669 3157 1741 quod
3185 1677 3270 1722 est
3295 1665 3613 1720 naturaliter
3642 1661 3867 1727 subtile,

2288 1780 2342 1825 et
2377 1767 2522 1823 velut
2556 1782 2687 1821 aura
2736 1776 2912 1831 tenue,
2955 1772 3007 1817 et
3053 1768 3271 1830 propter
3316 1757 3415 1810 hoc
3461 1754 3545 1808 vel
3580 1762 3795 1822 putatur
3832 1767 3865 1804 a

2289 1860 2493 1925 multis,
2522 1857 2604 1911 vel
2639 1856 2837 1911 dicitur
2867 1855 3263 1922 incorporeum,
3294 1848 3387 1902 sed
3424 1846 3626 1899 habere
3652 1856 3711 1897 se
3737 1856 3869 1895 cor-

2289 1967 2387 2021 pus
2412 1929 2642 2005 solidum
2679 1960 2755 2011 et,
2779 1946 3059 2018 palpabile.
3091 1944 3145 1999 lu
3178 1941 3566 1999 consuetudine
3604 1952 3733 1992 vero
3762 1936 3868 1990 ho-

2290 2046 2494 2099 minum
2517 2057 2674 2097 omne
2695 2025 2835 2112 quod
2861 2040 2965 2093 tale
2993 2054 3095 2093 non
3129 2037 3310 2107 fuerit,
3338 2037 3709 2102 incorporeum
3733 2032 3868 2086 sim-

2290 2134 2604 2204 plicioribus
2656 2133 2737 2187 vel
2784 2128 3206 2198 imperitioribus
3255 2120 3766 2188 uominatur;velut
3811 2120 3866 2176 si

2289 2228 2409 2299 quis
2440 2241 2622 2287 aerem
2650 2226 2809 2280 istum
2838 2235 2945 2290 quo
2981 2219 3233 2283 fruimur,
3278 2219 3651 2283 incorporeum
3692 2210 3864 2276 dicat,

2289 2317 2723 2391 quandoquidem
2750 2329 2857 2368 non
2888 2321 2971 2368 est
3004 2320 3109 2364 tate
3138 2322 3331 2376 corpus
3377 2313 3433 2359 ut
3477 2301 3865 2372 comprehendi

2292 2425 2355 2465 ac
2386 2408 2557 2463 teneri
2593 2405 2786 2476 possit,
2816 2404 3135 2474 urgentique
3161 2398 3436 2453 resistere.

2336 2500 2416 2556 ιθ.
2456 2498 2768 2563 Quaeremus
2794 2505 2969 2550 tamen
3010 2494 3052 2547 si
3091 2492 3173 2544 vel
3205 2489 3310 2543 alio
3350 2488 3565 2542 nomine
3609 2500 3694 2539 res
3716 2484 3843 2551 ipsa

2293 2603 2454 2656 quam
2491 2585 2667 2639 Graeci
2714 2584 3017 2653 phi!050phi
3055 2582 3365 2653 ἀσώματον,
3398 2580 3449 2633 id
3493 2588 3577 2632 est
3608 2576 3867 2641 incorpo-

2296 2694 2442 2733 rcam
2473 2678 2677 2742 dicunt,
2714 2675 2765 2730 in
2800 2676 3103 2745 Scriptor-is
3149 2671 3354 2727 sanctis
3386 2669 3678 2723 invenitur.
3713 2664 3863 2718 Deus

2294 2784 2509 2840 quoque
2537 2769 2651 2839 ipse
2700 2750 2968 2836 quomodo
3019 2762 3244 2831 intelligi
3279 2762 3474 2816 debeat
3523 2757 3635 2829 (64)
3676 2754 3864 2823 inqui-

2296 2862 2521 2915 rendum
2572 2858 2744 2923 est‘!,
2796 2868 3117 2925 corporeus,
3164 2861 3221 2905 et
3270 2849 3565 2906 secundum
3618 2843 3860 2913 aliquem

2294 2951 2537 3006 habitum
2565 2948 2915 3012 deformatus,
2948 2961 3015 2999 an
3049 2942 3273 2998 alterius
3312 2950 3521 2995 natura:
3550 2950 3711 3005 quam
3738 2948 3868 2989 cor-

2295 3060 2425 3115 pora
2453 3054 2599 3107 sunt,
2630 3041 2773 3111 quod
2806 3039 2993 3106 utique
3028 3036 3080 3089 in
3116 3032 3501 3102 praedicatione
3533 3035 3719 3081 nostra
3752 3039 3869 3080 ma-

2297 3136 2491 3190 nifeste
2538 3148 2640 3188 non
2680 3133 3008 3200 designatur.
3057 3124 3256 3180 Eadem
3315 3135 3533 3193 quoque
3584 3119 3747 3173 etiam
3790 3115 3868 3171 de

609 3237 685 3291 rei
715 3252 819 3290 non
849 3238 1019 3291 solum
1048 3240 1186 3308 apud
1224 3239 1421 3293 multos
1450 3237 1606 3298 alios,
1636 3251 1821 3289 verum
1849 3235 2012 3289 etiam
2049 3237 2188 3305 apud
2216 3220 2258 3278 α
2294 3226 2514 3282 Chrile
2554 3232 2611 3278 el
2635 3223 2703 3277 de
2731 3221 2935 3289 δρίτίιυ
2964 3226 3148 3271 sane“)
3190 3212 3512 3308 requirenda
3534 3219 3715 3308 ξξξηῑ,
3760 3207 3865 3262 Sed

611 3337 823 3382 nostras
855 3328 1163 3397 Scripturas
1186 3340 1267 3383 est
1286 3331 1541 3384 inusitata
1569 3337 1623 3383 et
1651 3327 1941 3396 incognita.
1970 3326 2025 3381 Si
2058 3337 2186 3383 vero

580 3466 584 3475 .
609 3418 732 3489 quis
754 3420 882 3473 veiit
906 3421 1060 3474 nobis
1090 3418 1333 3486 proferre
1364 3435 1431 3473 ex
1464 3419 1551 3473 illo
1584 3417 1764 3472 libello
1785 3418 1874 3486 qui
1905 3416 2049 3471 Petri
2078 3418 2183 3471 Do-

607 3514 782 3567 ctrina
813 3512 1109 3580 appehatur
1132 3511 1263 3583 (61),
1289 3512 1373 3565 ubi
1403 3508 1650 3565 Salvator
1678 3510 1890 3566 videtur
1923 3511 1987 3563 ad
2023 3511 2187 3565 disci-

609 3604 764 3672 pulos
788 3604 995 3657 dicere:
1020 3622 1037 3653 ‹
1068 3603 1180 3656 Non
1208 3618 1323 3657 sum
1355 3602 1679 3656 daemonium
1708 3602 2090 3669 incorporeum
2114 3619 2127 3665 ;
2161 3621 2178 3652 ι

610 3696 787 3764 primo
813 3693 1239 3764 respondendum
1263 3703 1345 3751 est
1372 3695 1441 3764 ei,
1469 3694 1723 3765 quoniam
1760 3693 1847 3748 ille
1882 3693 2015 3747 liber
2044 3692 2185 3746 inter

684 3880 723 3913 “
754 3880 873 3936 vide
902 3877 1211 3951 Origenian.
1240 3882 1273 3935 l.
1310 3899 1367 3951 tt,
1408 3898 1463 3952 q.
1493 3884 1541 3947 1,
1584 3898 1638 3937 n.
1667 3882 1720 3951 5,
1746 3883 1799 3947 ϐ,
1824 3884 1877 3936 7.

612 4062 829 4129 corpori
866 4059 1085 4113 inditur.
1130 4078 1147 4110 ι
1189 4058 1445 4113 Merlinus
1489 4070 1542 4111 et
1577 4059 1841 4124 Genebr.,
1876 4078 1893 4111 ι
1935 4061 2190 4114 intrinse-

610 4148 730 4194 cus,
759 4151 779 4181 ι
811 4140 918 4184 etc.
949 4129 1215 4194 Caeterum
1240 4130 1369 4197 quid
1404 4129 1468 4181 de
1501 4130 1695 4183 anima:
1725 4132 1935 4197 origine
1966 4132 2197 4183 senserit

611 4199 1041 4323 grigeneshfuse
1061 4200 1287 4254 docetur
1312 4196 1754 4267 Origeniunorum
1787 4196 1881 4255 lib.
1910 4217 1970 4266 ll,
1996 4210 2195 4269 qumst.

650 4312 665 4323 .
699 4286 845 4323 num.
953 4306 969 4321 .

612 4276 665 4339 6,
699 4276 969 4339 muns“.

684 4342 795 4408 (56)
826 4338 1082 4410 Merlinus
1112 4350 1165 4410 et
1199 4337 1424 4404 Geneb.,
1462 4358 1478 4389 ‹
1513 4341 1767 4410 quoniam
1807 4340 2197 4407 suntquidern,

610 4414 705 4535 ﬁeri)!
746 4409 879 4477 quid
913 4409 1041 4462 sint.
1079 4427 1097 4459 ›
1134 4408 1201 4462 At
1230 4424 1363 4464 mss.
1393 4408 1678 4467 lectiunem
1706 4412 1874 4466 nostri
1905 4421 2083 4463 textus
2106 4423 2200 4462 ex-

654 4498 666 4534 I
710 4490 819 4533 ent.

654 4490 819 4534 rbem.

686 4546 797 4620 (57)
929 4546 1057 4599 illud
1091 4548 1143 4599 iu
1176 4546 1521 4620 ecclesiastica
1539 4550 1911 4615 prnidicatione
1926 4538 2084 4616 quod.
2111 4547 2200 4603 Sic

611 4617 781 4681 nisi»;
814 4617 1153 4687 lihb.ﬁautem
1185 4619 1335 4684 editi,
1371 4638 1389 4671 ι
1430 4621 1554 4675 illud
1592 4621 1963 4681 ecclesiastica
1998 4620 2198 4687 prsidi-

612 4689 827 4745 catione
860 4686 1138 4739 deﬁnitum
1170 4690 1331 4755 quod,
1364 4708 1381 4740 i
1408 4702 1513 4745 etc.

684 4758 796 4828 (58)
834 4755 1077 4809 Evidens.
1111 4755 1201 4828 Sic
1234 4774 1362 4813 mss.
1394 4761 1561 4826 Alias,
1595 4779 1613 4811 ι
1652 4759 1948 4814 evidenter.
1985 4777 2001 4810 ι
2032 4756 2199 4813 Paulo

609 4826 735 4899 poSt
760 4826 917 4906 mss._,
951 4845 969 4877 r
1004 4842 1098 4894 per
1135 4826 1395 4906 Spiritum
1430 4831 1546 4896 Dei,
1588 4850 1606 4881 ι
1648 4830 1801 4893 alias,
1838 4849 1855 4881 ς
1894 4844 1990 4897 per
2020 4828 2194 4897 Spiri—

614 4910 722 4953 tum
756 4903 1020 4951 sanctum.
1075 4916 1092 4947 ι

681 4967 793 5039 (59)
822 4966 910 5039 Si:
947 4982 1114 5031 mss.,;
1170 4967 1305 5022 alias
1358 4984 1484 5025 vero
1520 4989 1531 5021 :
1572 4987 1589 5020 ι
1629 4969 1839 5023 Formae
1886 4970 2027 5023 enim
2084 4969 2198 5023 haec

610 5036 733 5105 quie
786 5036 982 5100 scripta
1037 5048 1182 5099 sunt,
1231 5040 1696 5094 sacramentorum
1745 5041 2104 5108 quorumdam
2144 5050 2199 5093 et

612 5108 918 5165 divinarum
952 5119 1130 5158 rerum
1162 5108 1422 5171 imagines
1447 5120 1591 5163 sunt.
1628 5128 1646 5159 ι

684 5174 797 5246 (60)
857 5172 1016 5234 Mss.,
1075 5192 1091 5223 ‹
1135 5192 1236 5227 una
1284 5179 1548 5233 sententia
1601 5187 1705 5233 est.
1742 5196 1758 5228 ι
1820 5177 1978 5231 Lilib.
2026 5182 2189 5243 editi,

618 5266 636 5297 ι
670 5260 808 5296 unus
856 5252 952 5317 cst
977 5258 1187 5297 sensus.
1215 5264 1230 5295 i
1274 5246 1411 5317 Intra
1462 5259 1581 5317 post
1636 5268 1655 5298 ι
1689 5249 2087 5313 condonatur,i
2143 5253 2191 5303 in

612 5316 772 5370 editis
836 5313 1099 5386 additur;
1140 5325 1273 5386 rsat
1330 5313 1646 5382 insequitur,
1690 5338 1708 5368 ι
1756 5320 1899 5386 quod
1950 5334 2073 5372 cum
2140 5322 2190 5374 in

610 5386 1024 5439 omnibus-mss.
1055 5384 1216 5446 desit,
1247 5392 1599 5437 rCSt‘Cﬁlltilllll
1628 5404 1748 5440 esse
1773 5384 2047 5442 duximus.

684 5454 819 5523 (Ui)
874 5450 975 5526 Qui
1048 5451 1186 5526 l’etri
1258 5454 1509 5505 Doctrina
1575 5458 1890 5522 appellatur.
1955 5458 2193 5526 lgnatius

616 5522 823 5594 martyr
852 5522 1011 5594 epist.
1043 5524 1486 5594 θαφβιριγιηωωδ,
1524 5538 1643 5591 (ap.
1670 5526 1722 5585 3,
1762 5528 1949 5578 eadem
1978 5522 2189 5582 Christi

612 5589 777 5645 verba
814 5592 1016 5663 profert
1045 5589 1332 5663 L’Eyt‘rféé:
1366 5594 1457 5646 καὶ
1504 5589 1642 5663 perdt
1672 5596 1768 5660 τὴν
1815 5594 2107 5650 ἀνάστασιν
2135 5599 2192 5650 ἐν

616 5656 1279 5739 σᾳρκὶλᾙξῦτρ-νιοῖδαηξίᾳξ.
1324 5656 1563 5739 πιστςῖὖω
1596 5656 1751 5716 ὅνταί·
1801 5665 1893 5716 καὶ
1925 5666 2012 5718 ὅτε
2055 5667 2190 5739 πρὸς

612 5730 736 5805 τοῦς
763 5730 891 5805 περ)ἲ
926 5730 1125 5805 Πέτρογ
1165 5732 1437 5805 ἐλήλυθεν,
1464 5734 1566 5803 ἔφη
1598 5735 1804 5805 αὐτοῖς·
1837 5734 2063 5800 Λάϐετε,
2086 5730 2191 5805 ψη..

612 5802 888 5875 humare
932 5818 998 5873 με
1034 5802 1124 5854 καὶ
1160 5802 1317 5867 ἴδετε,
1348 5806 1426 5857 ὅτι
1460 5802 1563 5858 οὐκ
1592 5804 1707 5874 εἰμὶ
1740 5805 2012 5875 δαιμόνιον
2044 5802 2187 5861 ede-

2294 3328 2349 3374 et
2395 3317 2462 3372 de
2509 3315 2658 3370 omni
2703 3313 2881 3366 anima
2920 3320 3084 3379 atque
3128 3308 3279 3364 omni
3316 3301 3626 3360 rationabili
3663 3308 3867 3354 natura

2295 3408 2648 3465 nihilominus
2682 3401 3061 3471 requirendum
3091 3410 3194 3455 est.

2367 3497 2453 3550 to.
2500 3495 2593 3549 Est
2646 3490 2993 3548 etiarn-illud
3042 3490 3093 3543 in
3146 3485 3517 3543 ecclesiastica
3582 3487 3858 3554 praedica-

2295 3594 2462 3657 tione,
2505 3568 2876 3658 esseiangelos
2911 3586 3002 3639 Dei
3039 3589 3301 3652 quosdam
3340 3591 3391 3636 et
3426 3583 3655 3637 virtutes
3690 3585 3869 3639 bonas

2296 3685 2385 3752 qui
2418 3683 2465 3737 ei
2509 3680 2820 3736 miniatrant
2851 3678 2961 3748 (65)
3011 3678 3076 3732 ad
3124 3676 3352 3732 salutem
3398 3676 3674 3731 hominum
3721 3690 3863 3730 con-

3850 3862 3900 3886 ο

2304 4076 2490 4129 μαῖον.
2534 4075 2550 4108 α
2581 4056 2688 4126 Ego
2727 4066 2907 4129 autem
2952 4055 3127 4129 etiam.
3157 4059 3278 4120 post
3316 4053 3769 4129 resurrectionem
3802 4055 3865 4129 in

2296 4122 2463 4183 carne
2514 4122 2686 4196 ipsum
2735 4126 2857 4180 novi
2903 4137 2956 4179 et
3003 4123 3165 4196 credo
3215 4122 3495 4196 exsistere,
3530 4135 3735 4196 etcum
3789 4128 3864 4180 ad

2299 4192 2596 4253 Petrum'et
2631 4214 2723 4251 eos
2755 4198 3000 4265 qui‘cum
3032 4192 3336 4265 ipsoeraut
3370 4194 3535 4265 venit,
3568 4194 3704 4248 dixit
3732 4196 3812 4248 eis
3840 4211 3858 4248 :

2299 4269 2527 4329 Tenete,
2576 4261 2785 4336 tangite
2827 4281 2938 4327 me,
2987 4274 3037 4313 et
3086 4261 3259 4336 videte
3303 4263 3557 4336 quoniam
3595 4280 3697 4336 non
3738 4282 3862 4317 sum

2299 4340 2623 4392 dmutonittnt
2653 4329 3087 4403 incorporeum.»
3124 4329 3421 4403 “reconde
3442 4333 3698 4403 hauserit
3725 4350 3863 4388 san-

2299 4419 2417 4461 ctus
2451 4419 2675 4477 martyr,
2698 4401 2919 4477 nescire
2946 4401 3228 4477 δ’ἐξ-(δικέων
3258 4401 3521 4477 Eusebius
3552 4401 3692 4477 Hist.
3720 4406 3861 4477 εεεζ.

2304 4479 2395 4531 lib.
2429 4495 2523 4542 ιιι,
2552 4470 2671 4544 cap.
2697 4476 2785 4539 56,
2822 4476 2915 4525 sed
2964 4470 3409 4544 Hieronymusin
3445 4470 3697 4544 Catalogo
3726 4473 3867 4544 scri-

2233 4532 2277 4587 D
2305 4532 2522 4617 ptorum'
2552 4532 3052 4617 ecclesiasticarum,
3096 4532 3181 4591 ubi
3225 4542 3287 4617 de
3329 4542 3534 4617 lgnatio
3575 4532 3703 4611 agit,
3745 4543 3868 4596 inec

2305 4610 2585 4687 desumpta
2616 4630 2736 4669 esse
2764 4613 2839 4664 ait
2873 4626 2893 4659 ι
2919 4612 2981 4663 de
3014 4610 3303 4687 Evangelio
3337 4610 3680 4687 quodutupet‘
3711 4626 3739 4665 a
3771 4627 3867 4665 me

2305 4680 2627 4741 translatum
2657 4692 2758 4745 est,
2788 4701 2805 4732 ι
2845 4696 3033 4749 nempe
3062 4682 3125 4751 de
3154 4682 3429 4751 evangelio
3460 4680 3864 4751 Nazareorum.

2304 4758 2448 4812 Idem
2482 4763 2709 4809 testatur
2744 4753 3001 4819 prooemio
3031 4752 3080 4803 iu
3113 4750 3309 4803 librum
3347 4766 3476 4804 xvnt
3503 4750 3871 4805 Commentar-

2304 4829 2354 4880 in
2405 4826 2616 4880 Isaiam.
2649 4820 2903 4891 Origenes
2947 4832 3121 4874 tamen
3155 4822 3254 4873 hoc
3290 4822 3535 4891 praesenti
3587 4821 3705 4891 loco
3752 4834 3863 4891 non

2301 4912 2365 4951 ex
2411 4888 3128 4963 evangelioﬂNazarmorutn,
3178 4891 3323 4956 sed;
3354 4906 3415 4963 ex
3458 4890 3715 4941 Doctrina
3760 4888 3866 4941 Pe-

2304 4968 2366 5019 tri
2396 4984 2413 5015 ρ
2461 4960 2639 5016 laudat
2676 4960 2871 5014 Christi
2903 4967 3096 5026 verba;
3145 4975 3325 5012 verum
3367 4960 3421 5012 in
3456 4969 3683 5027 utroque
3729 4972 3870 5027 apo-

2302 5036 2504 5105 crypho
2536 5044 2655 5105 esse
2681 5044 2989 5105 potuerunt.

2374 5095 2484 5174 (ὑὲ)
2527 5101 2630 5174 Qui
2664 5095 2705 5174 ἐι
2736 5098 3013 5174 Gra'ciset
3057 5096 3355 5174 gentilibus.
3403 5095 3493 5151 Sic
3540 5111 3671 5152 mss.
3708 5098 3867 5161 Alias

2300 5168 2503 5236 vero,'i
2532 5172 2620 5237 qui
2654 5168 2856 5233 Graecis
2888 5171 2966 5223 vel
2998 5169 3305 5238 gentilibus.
3326 5185 3344 5216 ο

2371 5235 2482 5311 (65)
2524 5235 2649 5293 Νοη
2676 5256 2729 5292 se
2743 5244 2857 5311 _late
2881 5235 3087 5309 corpus.
3111 5236 3185 5289 Ita
3218 5252 3344 5288 mss.
3373 5235 3539 5311 Alias,
3568 5254 3586 5287 ι
3614 5254 3717 5294 non
3741 5254 3869 5293 esse

2302 5307 2407 5367 tale
2443 5307 2657 5379 corpus.
2680 5328 2699 5360 ι
2743 5309 2905 5363 Paulo
2936 5307 3053 5378 post
3084 5321 3240 5371 mss.,
3270 5323 3287 5354 ι
3310 5307 3394 5379 _Vel
3429 5316 3641 5375 putatur
3670 5327 3699 5362 a
3728 5313 3869 5362 niui-

2302 5389 2388 5437 tis.
2414 5402 2431 5433 ι
2467 5375 2632 5443 Alias,
2669 5396 2688 5430 t
2720 5380 2798 5433 vel
2832 5375 3121 5448 imp-utatur
3148 5395 3176 5430 a
3215 5375 3418 5430 multis.
3440 5396 3459 5426 ι

2368 5450 2480 5521 (64)
2524 5451 2664 5521 Deus
2726 5447 2929 5521 quoque
2990 5452 3097 5517 ipse
3167 5449 3424 5521 quomodo
3472 5448 3704 5521 intelligi
3746 5447 3867 5521 ide-

2368 5468 2480 5521 (tu)
2524 5468 2663 5505 ueus
2726 5468 2826 5520 quo
2867 5468 2929 5502 ue
2990 5468 3097 5517 ipse
3167 5468 3424 5513 quomouu
3483 5468 3704 5517 mu:in
3760 5468 3867 5501 u—

2297 5526 2411 5575 beut
2432 5564 2445 5587 ,
2493 5530 2594 5573 etc.
2628 5519 2758 5575 Vide
2813 5468 3119 5591 grigeniau.
3165 5517 3257 5571 iii).
3285 5531 3350 5581 II,
3381 5532 3436 5586 q.
3465 5519 3514 5584 1,
3560 5528 3710 5573 unm.
3738 5520 3771 5573 5
3800 5526 3867 5573 et

2296 5608 2482 5731 be‘igb)
2526 5660 2627 5723 Qui
2661 5662 2708 5715 ei
2740 5662 3061 5725 ministrant,
3092 5668 3198 5713 etc.
3230 5657 3309 5731 ita,
3338 5671 3466 5711 mss.
3487 5658 3655 5731 Alias,
3688 5676 3707 5705 ε
3739 5673 3864 5726 qua:

2296 5735 2345 5788 ei
2384 5730 2808 5786 ministrant”...
2845 5734 2936 5787 sed
2967 5733 3182 5798 quando
3229 5730 3312 5782 isti
3338 5730 3511 5798 creati
3555 5738 3703 5793 sunt,
3748 5745 3861 5785 nou

2292 5805 2430 5871 satis
2463 5804 2516 5859 in
2550 5804 2851 5867 tuanilestu
2876 5796 3244 5872 distinguitur.
3268 5817 3287 5851 ι
3332 5796 3504 5863 Paulo
3534 5810 3653 5867 post
3699 5814 3857 5866 mss.,
