4126 6308
180 408 287 465 121

1563 400 1766 456 LIBER
1807 400 2083 457 PRIMUS.

3320 398 3423 453 122

181 520 600 586 summandam;
634 506 728 576 sed
769 523 990 591 quando
1030 522 1117 576 isti
1149 520 1315 575 creati
1347 521 1476 587 sint,
1510 520 1594 575 vel
1626 536 1761 589 qua-
1793 525 1832 580 Α
1866 519 2005 574 Deus
2046 519 2343 577 secundum
2392 518 2491 573 hoc
2526 518 2667 585 quod
2698 516 2836 588 ignis
2884 516 3004 571 est?
3048 516 3422 585 Nunquidnam

180 609 291 674 les,
316 619 414 664 aut
458 611 733 679 quomodo
759 610 889 679 sint,
919 627 1027 665 non
1068 611 1202 667 satis
1235 612 1289 665 in
1330 610 1623 665 manifesto
1665 611 1761 665 de-

179 702 458 773 signatur.
490 702 563 756 De
610 701 725 757 sole
769 712 950 757 autem
994 712 1050 758 et
1092 704 1215 758 luna
1257 710 1312 758 et
1362 701 1534 758 stellis
1576 710 1759 755 utrum

184 794 487 847 animantia
509 793 655 860 sint,
690 787 758 848 a'n
792 795 909 849 sine
948 795 1148 862 anima,
1185 793 1471 848 manifeste
1502 808 1607 847 non
1649 802 1757 846 tra-

183 886 354 938 ditur.
402 884 628 952 Oportet
693 885 859 955 igitur
911 886 1057 940 velut
1120 884 1406 939 elementis
1457 899 1522 938 ac
1570 882 1760 938 funda-

185 972 389 1026 mentis
439 970 746 1040 huiusmodi
791 974 867 1028 uti
912 974 1206 1029 secundum
1253 976 1566 1028 mandatum
1615 973 1758 1043 quod

182 1062 365 1117 dicit:
402 1083 421 1115 ι
449 1064 750 1121 llluminate
781 1066 934 1121 vobis
984 1066 1161 1121 lumen
1213 1064 1457 1121 scientia:
1488 1065 1554 1130 ¹¹,
1581 1083 1600 1117 ι
1641 1079 1757 1118 om-

183 1168 311 1208 nem
339 1155 432 1224 qui
474 1155 621 1224 cupit
653 1156 850 1211 seriem
898 1158 1187 1227 quamdam
1216 1164 1270 1210 et
1304 1169 1504 1225 corpus
1545 1171 1611 1210 ex
1663 1156 1757 1211 lto-

186 1260 312 1299 rum
362 1246 605 1303 omnium
675 1249 882 1303 ratione
928 1249 1186 1318 perlicere
1234 1258 1291 1303 ut
1339 1248 1638 1305 manifestis
1704 1260 1757 1305 ει

184 1336 518 1392 necessariis
588 1339 981 1395 assertionibus
1035 1340 1103 1394 de
1168 1339 1392 1410 singulis
1448 1340 1755 1411 quibusque

182 1429 319 1496 quid
355 1429 427 1483 sit
472 1428 527 1482 in
577 1444 706 1484 vero
749 1431 997 1495 rimetur,
1045 1439 1099 1485 et
1147 1445 1343 1495 unum,
1389 1440 1447 1485 ut
1499 1431 1754 1498 diximus,

182 1532 390 1591 corpus
416 1520 611 1575 eﬂiciat
653 1522 915 1592 exemplis
959 1533 1013 1578 et
1044 1522 1508 1588 allirmationibus,
1537 1524 1619 1579 vel
1668 1525 1751 1578 his

182 1628 327 1681 quas
377 1613 429 1668 in
474 1612 677 1667 sant-tis
718 1612 1015 1681 Scripturis
1060 1614 1342 1681 invenerit,
1382 1614 1468 1671 vel
1513 1630 1648 1683 quas
1690 1630 1753 1670 ex

182 1702 598 1773 consequentia
646 1704 814 1773 ipsius
850 1704 1104 1774 indagine
1139 1720 1203 1760 ac
1250 1704 1384 1762 recti
1437 1713 1624 1761 tenore
1666 1721 1754 1759 re-

187 1793 425 1862 pererit.

693 1883 921 1941 CAPUT
960 1883 1249 1942 PRIMUM.

858 1980 935 2036 De
976 1980 1104 2036 Deo.

260 2070 312 2126 l.
348 2069 475 2127 Scio
522 2071 781 2142 quoniam
812 2074 1159 2128 conabuntur
1189 2072 1408 2144 quidam
1454 2072 1617 2128 etiam
1671 2087 1758 2128 se-

182 2162 425 2216 cundum
478 2161 796 2234 Scripturas
845 2172 1065 2220 nostras
1122 2165 1302 2221 dicere
1345 2164 1511 2220 Deum
1562 2180 1760 2236 corpus

181 2268 312 2311 esse
344 2255 478 2323 (66),
523 2257 779 2324 quoniam
829 2257 1109 2319 inveniunt
1152 2258 1416 2328 scriptum
1462 2271 1584 2313 esse
1613 2257 1753 2327 apud

182 2344 426 2416 Iloyscm
466 2347 681 2416 quidem
720 2366 732 2401 :
771 2367 790 2400 ‹
822 2348 959 2403 Deus
985 2355 1165 2403 noster
1214 2350 1355 2420 ignis
1424 2363 1750 2419 consumens

181 2449 280 2491 est
306 2436 440 2503 ης».
478 2438 529 2491 ἱιι
581 2438 872 2507 Evangelio
918 2453 1047 2493 vero
1098 2439 1393 2497 secundum
1430 2439 1692 2496 Joannem
1733 2457 1747 2495 :

188 2546 208 2579 ι
246 2528 388 2584 Dens
415 2530 641 2599 Spiritus
667 2540 771 2592 est,
799 2540 854 2584 et
882 2546 976 2588 eos
1003 2532 1094 2601 qui
1123 2530 1353 2585 adorant
1380 2548 1526 2601 eum,
1557 2533 1611 2587 in
1652 2531 1757 2603 spi-

184 2620 300 2674 ritu
326 2632 384 2676 et
413 2622 643 2677 veritate
669 2629 882 2691 oportet
924 2624 1151 2697 adorare
1179 2623 1248 2675 “.
1279 2643 1297 2675 ι
1344 2622 1488 2695 Ignis
1535 2641 1665 2681 vero
1701 2634 1757 2679 et

182 2713 413 2783 spiritus
455 2730 559 2787 non
593 2714 737 2769 aliud
776 2715 917 2784 apud
946 2729 1042 2770 eos
1072 2730 1234 2785 quam
1277 2730 1476 2786 corpus
1506 2731 1626 2771 esse
1661 2732 1759 2787 pu—

186 2805 417 2862 tabitur.
449 2807 595 2876 Quos
642 2807 987 2877 interrogare
1035 2807 1177 2881 volo‘
1200 2808 1329 2878 quid
1362 2808 1545 2863 dicant
1585 2808 1650 2862 de
1694 2825 1761 2864 eo

176 2897 620 2979 quodscriptum
647 2907 753 2964 est,
780 2898 905 2967 quia
934 2898 1075 2952 Deus
1104 2898 1191 2952 lux
1223 2910 1327 2968 est,
1358 2898 1501 2971 sicut,
1517 2898 1754 2957 Joannes

186 2989 245 3044 in
289 2986 538 3059 Epistola
579 3005 677 3045 sua
711 2990 887 3046 dicit:
924 3010 941 3044 ι
974 2990 1114 3047 Deus
1157 2991 1251 3045 lux
1284 3000 1401 3057 est,
1442 2999 1499 3047 et
1525 2992 1761 3047 tenebrae

186 3094 297 3135 non
323 3089 453 3136 sunt
499 3081 554 3135 in
601 3095 667 3135 eo
693 3082 757 3136 ".
789 3100 808 3133 ι
846 3080 948 3136 Ista
996 3094 1190 3149 nempe
1222 3080 1310 3135 lux
1343 3088 1447 3145 est,
1478 3094 1601 3149 qua:
1642 3078 1761 3133 illu-

1863 616 2140 683 putabitur
2172 628 2491 669 consumere
2524 613 2804 667 materiam
2854 612 3218 680 corporalem,
3252 618 3310 663 ut
3341 619 3425 663 est

1861 706 2100 775 lignum,
2142 706 2225 760 vel
2281 706 2494 769 fenum,
2532 704 2616 759 vel
2665 702 2902 782 stipula?
2943 709 2998 756 et
3051 702 3179 770 quid
3222 700 3274 754 in
3322 698 3424 753 hoc

1860 799 2078 867 dignum
2114 797 2203 853 Dei
2240 798 2483 857 laudibus
2514 797 2734 860 dicitur,
2776 793 2819 849 si
2854 793 2997 847 Deus
3029 792 3167 862 ignis
3205 801 3285 846 est
3323 792 3426 845 hu-

1852 889 2087 958 jusmodi
2132 889 2388 944 materias
2433 885 2798 944 consumens?
2846 883 2957 937 Sed
3019 882 3424 936 consideremus

1859 979 1982 1049 quia
2016 980 2155 1034 Deus
2182 980 2449 1035 consumit
2471 978 2688 1048 quidem
2711 983 2764 1029 et
2787 974 3149 1038 exterminat,
3178 974 3273 1027 sed
3301 986 3425 1025 con-

1858 1073 2022 1128 sumit
2064 1071 2175 1145 (68)
2222 1071 2390 1126 malas
2425 1058 2684 1125 mentium
2725 1067 3106 1137 cogitationes,
3149 1063 3425 1119 consumit

1861 1174 2007 1232 gesta
2042 1163 2242 1233 turpia,
2286 1160 2552 1217 consumit
2599 1160 2863 1216 desideria
2913 1158 3153 1227 peccati,
3199 1172 3320 1210 cum
3365 1169 3424 1210 se

1859 1252 2193 1305 credentium
2226 1250 2495 1306 mentibus
2528 1248 2758 1313 inserit,
2808 1258 2864 1301 ει
2910 1260 3003 1301 eas
3048 1244 3258 1297 animas
3303 1254 3425 1308 qua:

1860 1341 2022 1397 Verbi
2040 1342 2153 1411 ejus
2175 1357 2237 1397 ac
2263 1341 2539 1411 sapientiae
2566 1338 2872 1393 eﬂiciuntur
2895 1350 3147 1407 capaces,
3170 1347 3275 1387 una
3299 1346 3421 1385 cum

1858 1437 1993 1492 Filio
2024 1453 2124 1499 suo
2156 1437 2489 1501 inhabitans,
2539 1435 2831 1489 secundum
2870 1432 3013 1501 quod
3049 1432 3255 1485 dictmn
3291 1434 3374 1480 cst
3405 1443 3418 1479 :

1864 1546 1881 1579 ι
1912 1527 2021 1599 Ego
2052 1539 2107 1583 et
2144 1528 2304 1582 Pater
2336 1526 2636 1592 veniemus,
2666 1534 2723 1579 et
2756 1523 3094 1577 mansionem
3127 1518 3266 1589 apud
3299 1533 3423 1572 cum

1859 1620 2115 1675 faciemus
2141 1621 2215 1686 ";
2245 1640 2262 1672 ι
2296 1619 2549 1674 oumibus
2572 1632 2757 1673 eorum
2790 1613 2937 1667 vitiis
2971 1610 3423 1683 passionibusque

1859 1711 2187 1778 consumptis
2215 1724 2404 1780 purum
2430 1706 2540 1781 (69)
2570 1705 2668 1763 sibi
2698 1720 2789 1760 eas
2817 1718 2986 1770 seque
3012 1702 3230 1772 dignum
3260 1696 3423 1753 cilicii

1803 1792 2136 1876 gtcmplum.
2184 1804 2287 1858 Sed
2320 1813 2374 1857 et
2416 1804 2501 1858 his
2542 1804 2632 1871 qui
2665 1816 2758 1871 per
2792 1800 2894 1854 hoc
2927 1798 3067 1866 quod
3102 1796 3301 1849 dictum
3340 1801 3424 1847 est

1861 1897 2118 1968 quoniam
2158 1913 2175 1945 ι
2205 1893 2345 1948 Deus
2393 1892 2615 1961 spiritus
2645 1900 2728 1945 est
2752 1889 2817 1956 ¹⁸,
2844 1907 2863 1945 ι
2904 1901 3099 1954 corpus
3130 1897 3248 1939 esse
3282 1882 3425 1936 arbi-

1862 1995 2075 2042 trantur
2113 1985 2278 2041 Deum
2307 1982 2441 2057 (70),
2470 1984 2570 2037 hoc
2600 1982 2761 2035 modo
2794 1980 3033 2033 arbitror
3061 1993 3184 2033 esse
3218 1990 3428 2045 respon-

1857 2077 2091 2134 dendum
2134 2094 2148 2132 :
2185 2074 2529 2132 consuetudo
2571 2081 2655 2127 est
2705 2070 3003 2139 Scripturas
3048 2076 3251 2123 sancta:
3303 2081 3425 2120 cum

1860 2168 2064 2240 aliquid
2118 2168 2450 2224 contrarium
2486 2163 2696 2234 corpori
2740 2161 2865 2216 huic
2907 2159 3160 2213 crassiori
3196 2169 3260 2211 et
3291 2158 3427 2211 soli--

1860 2264 1995 2319 diori
2038 2262 2324 2331 designare
2354 2261 2496 2325 vult,
2542 2255 2788 2326 spiritum
2824 2250 3128 2315 nominare,
3170 2250 3305 2303 sicut
3343 2249 3425 2301 di-

1860 2356 1933 2412 cit
1963 2377 1975 2411 :
2014 2372 2033 2405 ι
2061 2353 2267 2409 Littera
2302 2355 2524 2418 occidit,
2558 2354 2783 2423 spiritus
2819 2353 3001 2401 autem
3051 2342 3371 2397 vivificat".
3399 2362 3417 2395 ι

1860 2446 1916 2500 lu
1964 2460 2071 2517 quo
2118 2445 2232 2499 sine
2276 2443 2441 2499 dubio
2484 2458 2580 2513 per
2630 2446 2865 2499 litteram
2914 2438 3213 2509 corporalia
3254 2436 3424 2505 signi-

1862 2537 1987 2591 ficat
2023 2535 2156 2607 (Ἠ),
2185 2551 2280 2607 per
2309 2535 2558 2605 spiritum
2596 2532 3011 2597 intellectualia,
3044 2546 3163 2600 quae
3190 2537 3243 2583 et
3275 2527 3427 2596 spiri-

1862 2627 1985 2682 talia
2017 2630 2264 2684 dicimus.
2309 2626 2595 2698 Apostolus
2640 2638 2859 2695 quoque
2901 2625 3070 2679 dicit:
3108 2640 3126 2673 ι
3161 2621 3339 2689 Usque
3372 2619 3423 2671 in

1861 2720 2177 2775 hodiernum
2226 2736 2350 2775 cum
2403 2719 2599 2790 legitur
2650 2716 2857 2788 Moyses
2904 2715 3157 2769 velamen
3190 2722 3272 2767 est
3326 2726 3424 2780 po-

1862 2814 2021 2868 situm
2073 2827 2234 2881 super
2296 2827 2392 2867 cor
2439 2826 2660 2877 eorum;
2714 2823 2837 2865 cum
2898 2817 3081 2861 autem
3130 2818 3429 2862 conversus

1921 2904 2023 2960 erit
2057 2904 2179 2972 quis
2216 2903 2280 2955 ad
2342 2903 2652 2969 Dominum,
2696 2899 2967 2954 auferetur
3016 2897 3285 2960 velamen;
3336 2896 3425 2949 ubi

1864 2905 2023 3063 omni
2057 2905 2179 2972 quis
2216 2905 2280 2955 ad
2342 2905 2652 2969 Dominum,
2696 2905 2967 2954 auferetur
3016 2905 3285 2960 velamen;
3336 2905 3425 2949 ubi

1864 3012 1891 3050 a
1958 3010 2039 3049 em
2094 2992 2329 3063 Spiritus
2380 2991 2629 3055 Domini,
2678 2992 2752 3046 ibi
2812 2989 3035 3044 libertas
3071 2990 3137 3042 ὀ.
3176 3007 3194 3039 ι
3236 2988 3426 3059 Donec

1862 3087 2003 3139 enim
2035 3085 2156 3153 quis
2188 3096 2291 3135 non
2327 3095 2385 3136 se
2416 3081 2747 3136 converterit
2777 3080 2844 3135 ad
2877 3076 3286 3147 intelligentiam
3317 3075 3427 3144 spi-

189 3172 368 3227 minat
410 3186 628 3227 omnem
665 3187 884 3229 sensum
912 3187 1131 3238 eorum,
1176 3174 1267 3241 qui
1298 3182 1525 3243 possunt
1566 3186 1762 3242 capere
1786 3191 1835 3254 ρ
1866 3175 2094 3237 ritalem,
2126 3182 2207 3228 est
2240 3172 2469 3242 positum
2512 3172 2752 3224 velamen
2802 3183 2964 3238 super
2999 3183 3094 3223 cor
3140 3168 3279 3236 ejus,
3321 3180 3428 3236 quo

190 3263 511 3330 veritatem,
552 3263 692 3319 sicut
725 3265 778 3319 in
810 3279 953 3318 xxxv
1005 3263 1209 3335 psalmo
1244 3265 1444 3319 dicitur
1473 3283 1489 3321 :
1526 3281 1544 3316 ι
1573 3264 1628 3318 In
1673 3262 1757 3332 lu-

189 3356 341 3409 mine
391 3363 486 3409 tuo
535 3355 834 3410 ridebimus
880 3356 1196 3411 lumeu”.i
1251 3354 1389 3420 Quid
1436 3355 1580 3411 enim
1612 3353 1759 3409 aliud

190 3445 373 3499 lumen
410 3446 505 3500 Dei
544 3445 830 3500 dicendum
861 3456 964 3511 est,
1010 3448 1062 3502 in
1093 3462 1201 3516 quo
1229 3447 1350 3515 quis
1379 3447 1525 3502 videt
1557 3448 1757 3511 lumen.

191 3537 298 3590 nisi
333 3536 504 3591 virtus
534 3536 651 3601 Dei,
678 3553 775 3608 per
800 3554 959 3609 quam
990 3540 1113 3609 quis
1160 3515 1495 3593 illuminatits
1537 3541 1619 3594 vel
1668 3554 1761 3592 ve-

190 3628 413 3683 ritatem
448 3644 629 3683 rerum
661 3630 900 3684 omnium
948 3630 1212 3701 pervidet,
1257 3629 1341 3683 vel
1381 3629 1558 3698 ipsum
1592 3630 1762 3684 Deum

191 3721 474 3788 cognoscit
518 3721 606 3789 qui
661 3723 859 3776 veritas
912 3721 1259 3792 appellatur?
1310 3719 1439 3777 Tale
1487 3734 1570 3775 est
1634 3738 1763 3791 ergo

191 3813 337 3883 quod
368 3813 567 3884 dicitur
596 3832 610 3867 :
650 3832 669 3866 ι
700 3814 754 3867 ln
791 3813 995 3869 lumine
1034 3825 1126 3871 tuo
1156 3815 1456 3870 videbimus
1498 3817 1713 3881 lumen;
1740 3836 1759 3868 ι

192 3904 299 3959 hoc
332 3912 445 3968 est,
495 3904 549 3958 in
583 3904 762 3959 Verbo
803 3916 857 3959 et
895 3907 1154 3975 sapientia
1199 3911 1313 3969 tua,
1357 3906 1446 3975 qui
1489 3912 1570 3958 est
1598 3906 1764 3961 Filius

195 4004 323 4050 tuus
351 3994 484 4066 (67),
527 3998 579 4049 in
626 3997 740 4066 ipso
768 4007 818 4050 te
851 3995 1157 4050 videbimus
1199 3994 1436 4051 Patrem.
1483 3992 1766 4065 Nunquid-

194 4102 320 4142 nam
358 4087 484 4155 quia
534 4087 717 4141 lumen
758 4087 1092 4151 nominatur,
1124 4070 1300 4141 simile
1330 4085 1766 4157 putabitur,solis

196 4177 358 4246 hujus
395 4176 627 4229 lumini?
675 4175 739 4229 Et
787 4176 1059 4245 quontodo
1109 4178 1195 4232 vel
1249 4177 1381 4231 levis
1427 4174 1621 4243 aliquis
1668 4174 1765 4227 da-

194 4270 349 4325 bitur
408 4267 751 4333 intellectus,
804 4276 862 4320 ut
911 4281 980 4320 ex
1028 4268 1130 4322 isto
1190 4269 1311 4338 quis
1360 4266 1641 4337 corporali
1680 4267 1763 4319 lu-

196 4362 343 4415 mine
372 4374 595 4413 causam
626 4357 863 4417 scientite
900 4358 1125 4437 capiat,L
1153 4370 1210 4415 et
1247 4360 1490 4417 veritatis
1531 4358 1766 4415 inveniat

195 4449 589 4508 intellectum?

1862 3264 2144 3330 velamine,
2194 3262 2244 3317 id
2294 3272 2382 3316 est
2421 3259 2771 3329 intelligentia
2818 3259 3112 3323 crassiore,
3140 3258 3425 3326 Scriptura

1864 3355 1978 3424 ipsa
2009 3354 2169 3407 velari
2199 3354 2396 3408 dicitur
2427 3354 2507 3405 vel
2542 3342 2796 3420 putaiur;
2830 3358 2884 3402 et
2916 3349 3017 3401 hoc
3050 3360 3135 3404 est
3176 3348 3319 3417 quod
3352 3348 3428 3401 ait

1861 3444 2252 3513 superpositum
2304 3458 2424 3499 esse
2472 3442 2710 3496 velamen
2755 3439 2922 3493 vultui
2972 3438 3139 3509 Moysi
3191 3456 3312 3493 cum
3347 3439 3429 3492 lo-

1864 3543 2120 3607 queretur
2147 3537 2212 3589 ad
2243 3536 2586 3604 populum“,
2619 3534 2669 3588 id
2699 3544 2782 3588 est
2809 3548 2951 3605 cum_
2975 3531 3059 3584 lex
3105 3532 3261 3601 vulgo
3295 3532 3431 3588 reci~

1868 3636 2090 3682 taretur.
2124 3624 2180 3679 Si
2224 3636 2401 3678 autem
2439 3633 2820 3678 convertamus
2856 3637 2953 3677 nos
2997 3622 3060 3675 ad
3110 3622 3426 3685 Doutinum,

1868 3716 1956 3775 ubi
1984 3726 2143 3774 estet
2176 3716 2411 3772 Verbum
2446 3717 2559 3782 Dei,
2591 3728 2645 3771 et
2680 3718 2767 3771 ubi
2815 3715 3056 3784 Spiritus
3094 3723 3310 3769 sanctus
3345 3727 3431 3767 re-

1868 3814 2009 3868 velat
2034 3812 2312 3867 scicntiam
2344 3811 2669 3879 spiritalem,
2702 3820 2829 3863 tunc
2860 3808 3137 3863 auferetur
3163 3808 3423 3869 velamen,

1869 3916 1919 3961 et
1965 3916 2090 3959 tunc
2125 3905 2352 3959 revelata
2387 3904 2524 3957 facie
2554 3904 2605 3957 in
2646 3902 2942 3973 Scripturis
2975 3884 3175 3957 sanctis
3204 3902 3428 3972 gloriam

1870 3996 2084 4051 Domini
2113 3994 2531 4066 speculabimur.

1938 4090 1992 4144 5.
2037 4090 2139 4144 Sed
2184 4097 2236 4144 et
2282 4103 2402 4143 cum
2448 4086 2514 4140 de
2557 4083 2760 4153 Spiritu
2810 4093 3000 4138 sancto
3044 4083 3201 4137 multi
3256 4098 3426 4135 sane“

1872 4182 2236 4250 participant,
2290 4195 2393 4233 non
2446 4178 2630 4246 utique
2686 4188 2885 4242 corpus
2934 4174 3167 4247 aliquod
3210 4175 3427 4242 intelligi

1866 4282 2045 4343 potest
2090 4272 2326 4341 Spiritus
2377 4278 2631 4333 sanctus,
2661 4264 2824 4335 'quod
2871 4265 3100 4319 divisum
3154 4266 3203 4317 it:
3250 4256 3433 4333 partes

1867 4366 2171 4434 corporales
2224 4364 2491 4435 percipiat
2539 4361 2909 4430 unusquisque
2956 4369 3300 4423 sanctorum;
3340 4359 3431 4410 sed

1868 4459 2041 4513 virtus
2070 4457 2312 4527 profecto
2341 4454 2689 4511 sanctificans
2725 4461 2838 4516 est;
2884 4449 3040 4516 cujus
3083 4449 3428 4519 participium

268 4543 376 4615 50
398 4542 453 4594 2-
490 4540 549 4594 Si
598 4554 727 4609 €780
764 4539 1112 4609 aCQUiCSCUM
1158 4541 1283 4598 huic
1336 4543 1622 4598 assertiolli
1672 4556 1765 4596 "0-
1799 4532 1841 4587 D
1874 4551 2072 4605 habere
2107 4550 2356 4604 dicuntur
2389 4562 2597 4612 omnes,
2646 4546 2735 4613 qui
2771 4560 2863 4613 per
2894 4543 3010 4611 ejus
3045 4544 3270 4613 gratiam
3301 4557 3431 4595 san-

194 4647 326 4693 stra:
369 4649 532 4706 quam
579 4631 646 4685 de
689 4640 881 4685 natura
941 4631 1159 4687 luminis
1213 4634 1324 4703 ipsa
1373 4634 1765 4690 demonstravit

196 4730 359 4795 ratio,
386 4739 445 4784 et
484 4727 721 4781 fatentur
754 4738 856 4777 non
892 4739 1050 4793 posse
1076 4738 1275 4794 corpus
1320 4726 1546 4799 intelligi
1595 4728 1764 4781 Deum

196 4826 495 4878 secundum
528 4820 745 4874 luminis
773 4820 1127 4887 intellectum,
1161 4819 1358 4874 similis
1384 4836 1598 4890 quoque
1630 4821 1765 4875 ratio

197 4916 266 4969 de
309 4915 435 4986 igne
461 4924 811 4971 consumente
849 4914 1084 4970 dabitur.
1133 4912 1270 4979 Quid
1303 4915 1449 4969 enim
1482 4924 1767 4971 consumet

272 5055 317 5085 "
346 5052 474 5109 Ose.
497 5054 671 5120 x,12.
756 5054 799 5086 ⁸³
830 5054 987 5107 Deut.
1010 5067 1085 5113 tv,
1105 5048 1195 5104 24.

203 5124 247 5156 ’³
272 5121 432 5178 Joan.
456 5140 533 5191 tv,
557 5124 649 5179 24.

207 5254 228 5287 ι
257 5248 326 5289 an
347 5234 466 5290 sine
489 5233 691 5290 anima.
718 5254 738 5288 ι
767 5235 933 5302 Alias,
960 5252 979 5286 ι
1003 5249 1071 5288 an
1098 5233 1370 5304 exanima.
1395 5250 1416 5285 ι
1447 5233 1587 5289 Infra
1616 5252 1771 5304 mss.,

207 5305 619 5378 «exemplishet
665 5305 1135 5361 aliirmationibus.
1164 5322 1183 5356 ι
1234 5302 1403 5369 Alias,
1457 5302 1773 5378 «excerptis

203 5372 673 5431 allirmationibus.
694 5394 714 5426 ι

273 5444 386 5517 (60)
428 5442 611 5497 Dicere
660 5443 826 5499 Deum
876 5463 1067 5514 corpus
1112 5462 1240 5502 esse.
1286 5443 1546 5517 lta__,mss.
1589 5447 1763 5511 Alias,

210 5538 230 5571 ι
257 5512 420 5573 Deum
447 5526 645 5583 corpus
665 5528 785 5570 esse
812 5512 1169 5575 asserere"...
1188 5514 1327 5585 apud
1356 5512 1613 5585 Moysem,
1635 5517 1777 5587 quod

207 5591 367 5645 Dens.
392 5605 429 5638 »-

278 5658 397 5729 (67)
432 5656 539 5723 Qui
583 5664 661 5710 ut
695 5651 872 5729 Filius
914 5667 1055 5712 tuus.
1101 5656 1189 5712 Sic
1223 5654 1570 5729 mss._A_lia_s,
1610 5671 1777 5729 cquae

207 5724 297 5787 est
321 5724 492 5783 Filius
522 5737 667 5798 tuus.
687 5743 708 5779 ι
741 5724 1052 5798 Paulopost
1074 5744 1233 5798 Amss.,
1263 5745 1281 5777 ι
1305 5727 1387 5780 vel
1422 5726 1555 5780 levis
1581 5724 1775 5796 aliquis

208 5800 449 5868 dabitur;
479 5824 498 5851 ι
533 5796 693 5861 alias,
724 5794 856 5868 evel
881 5794 999 5864 ejus
1038 5794 1254 5868 aliquis.
1278 5816 1296 5850 ι

429 5842 520 5927 Sic
533 5842 859 5926 333mm
884 5842 1565 5940 ἶῗξιῖιξιηῖεδιῖειίιυίιι«ιιιοιι
1591 5868 1777 5924 extet;

1289 5049 1332 5080 “
1362 5048 1515 5105 Joan.
1540 5067 1616 5116 tv,
1640 5052 1729 5108 24.
1802 5053 1869 5102 Ι¹⁸
1895 5055 1910 5108 l
1935 5054 2087 5109 Joan.
2130 5071 2168 5115 t,
2192 5054 2240 5106 5.

736 5126 777 5158 ¹⁹
805 5124 844 5179 ll
876 5124 1001 5179 Cor.
1028 5137 1110 5187 ιιι,
1136 5123 1189 5177 6.
1264 5120 1310 5151 “
1342 5120 1469 5175 ibid.
1516 5122 1604 5187 15,
1633 5123 1718 5189 l6,
1746 5123 1829 5179 l7.
1899 5126 1943 5157 “
1974 5126 2141 5180 Exod.
2167 5138 2350 5186 xxxiv,
2378 5120 2467 5174 36.

1873 4640 2100 4694 ctificari
2134 4639 2429 4693 meruerint
2458 4637 2585 4709 (72).
2617 4637 2683 4690 Et
2711 4649 2769 4689 ut
2796 4634 3011 4687 facilius
3039 4634 3179 4701 quod
3209 4632 3435 4686 dicimus

1874 4730 2047 4799 possit
2078 4729 2336 4799 intelligi,
2380 4743 2446 4783 ex
2497 4729 2654 4781 rebus
2699 4724 2944 4793 quamvis
2991 4722 3290 4791 imparibus
3338 4737 3434 4773 su-

1874 4836 2084 4877 mamus
2132 4812 2455 4889 exemplum.
2500 4817 2646 4870 Multi
2682 4815 2932 4882 suntqui
2980 4814 3273 4882 disciplina:
3320 4814 3435 4867 sive

1872 4915 2004 4969 artis
2038 4913 2319 4969 medicinae.
2367 4909 2722 4979 participant,
2767 4916 2819 4961 et
2856 4905 3097 4974 nunquid
3138 4904 3432 4974 putandum

2349 5052 2391 5083 ¹⁶
2419 5049 2559 5105 Psal.
2584 5063 2747 5114 xxxv,
2774 5046 2859 5101 l0.
2964 5046 3002 5075 ³⁷
3030 5044 3183 5100 Joan.
3210 5060 3317 5110 xtv,
3346 5044 3435 5099 23.

1882 5239 2126 5293 minat‘si
2155 5236 2442 5291 consumit.
2463 5254 2482 5287 ι

1952 5308 2063 5380 (69)
2102 5308 2251 5362 Alias
2278 5307 2429 5361 deest
2464 5322 2586 5373 vox,
2626 5324 2643 5357 ι
2676 5318 2903 5375 purum,
2928 5322 2947 5355 ι
2990 5316 3150 5372 quam
3178 5299 3459 5356 exhibent—

1881 5396 2008 5434 mss.
3370 5424 3377 5429 .

1943 5449 2055 5519 (70)
2098 5447 2346 5519 Deestiin
2395 5455 2555 5500 antea
2582 5445 2761 5519 _editis
2792 5459 2919 5509 vox,
2978 5458 2997 5493 ι
3024 5440 3221 5510 Deum,
3255 5462 3272 5494 ι
3318 5452 3439 5511 qua

1887 5516 2104 5573 ἱιιίιιεε.
2136 5516 2389 5572 omnibus
2420 5516 2709 5585 reperitur.

1957 5590 2068 5659 (7i)
2110 5586 2203 5659 Sic
2238 5602 2368 5642 mss.
2397 5588 2565 5659 Alias,
2600 5604 2617 5635 ι
2641 5585 2879 5659 signat...

1951 5650 2061 5731 (72)
2103 5656 2193 5731 Sic
2226 5673 2355 5712 mss.
2384 5650 2556 5731 Alias,
2592 5674 2611 5707 ι
2639 5650 2980 5731 participium
3004 5652 3208 5731 debent
3240 5650 3437 5731 habere

1879 5724 2063 5784 omnes
2108 5730 2201 5799 qui
2251 5743 2344 5800 per
2388 5728 2506 5798 ejus
2555 5724 2788 5795 gratiam
2842 5724 3174 5778 sanctiticari
3230 5730 3435 5773 merue-

1880 5810 2026 5856 runt.
2052 5819 2070 5851 ι
