4126 6308
709 366 808 419 123

1959 369 2274 424 ORIGENIS
2311 372 2466 455 ΠΕΡΙ
2507 372 2735 425 ΑΡΧΩΝ

3806 367 3900 422 ιρι

706 492 784 535 est
818 497 1003 538 omnes
1051 498 1143 540 eos
1174 488 1265 556 qui
1302 488 1578 543 mcdicinm
1611 488 1960 556 participant,
2011 483 2252 555 cerporis
2281 499 2325 546 Α
2353 489 2490 544 enim
2530 489 2823 543 adorabant
2852 488 2904 541 in
2949 485 3354 557 Hierosolymis,
3401 487 3601 540 umbrae
3633 483 3713 538 vel
3774 483 3904 534 inta-

704 571 929 637 alirujus
959 576 1106 644 quod
1141 578 1404 632 medicina
1432 579 1647 641 dicitur,
1680 581 1730 633 in
1764 581 1938 633 medio
1971 581 2250 648 positi‘sibi

703 661 921 716 auferre
979 667 1310 731 particulas,
1359 677 1411 722 et
1469 669 1540 721 ita
1579 665 1719 734 'ejus
1767 670 2108 736 participium
2159 683 2252 721 su-

708 764 853 802 mere
891 752 1042 823 (75)?
1076 754 1154 806 An
1187 755 1363 821 potius
1411 755 1808 825 intelligendum
1841 764 1921 810 est
1952 757 2092 822 quod
2137 755 2258 835 qui-I

699 853 918 917 conque
952 845 1213 911 promptis
1259 846 1565 913 paratisque
1613 847 1878 901 mentibus
1925 846 2251 903 intellectum

706 933 835 983 artis
869 933 1041 1000 ipsius
1066 935 1465 1010 disciplinaeque
1515 938 1835 1005 percipiunt,
1885 937 1937 990 hi
1977 938 2254 996 medicintn

707 1022 1023 1088 participare
1056 1025 1332 1077 dicantur?
1362 1028 1464 1078 Sed
1513 1027 1623 1079 lucc
1662 1041 1763 1080 non
1807 1028 2023 1081 omnino
2056 1013 2253 1082 similia

705 1115 944 1180 exempla
995 1119 1228 1181 putanda
1291 1128 1419 1170 sunt
1465 1119 1530 1171 de
1580 1119 1838 1172 medicina
1886 1129 2070 1172 sancto
2131 1119 2253 1186 Spi-

705 1203 832 1254 ritui
858 1192 1193 1271 comparata;
1216 1207 1304 1259 sed
1325 1208 1389 1260 ad
1410 1209 1508 1260 hoc
1528 1210 1888 1262 tantummodo
1906 1207 2250 1277 comproban-

705 1293 830 1344 dum
868 1293 1007 1359 (74),
1043 1296 1164 1359 quia
1202 1311 1303 1348 non
1336 1298 1594 1348 continuo
1627 1312 1819 1363 corpus
1852 1301 2143 1365 putandum
2173 1305 2254 1350 est

707 1380 757 1434 id
792 1382 940 1446 cuius
987 1384 1329 1450 participatio
1360 1385 1587 1439 habetur
1627 1382 1940 1454 {plurimis
1972 1406 1984 1440 :
2026 1387 2255 1453 Spiritus

705 1470 848 1522 enim
887 1480 1110 1524 sanctus
1143 1471 1297 1540 longe
1341 1474 1518 1528 dilTert
1550 1490 1577 1527 a
1621 1477 1898 1529 medicinae
1928 1475 2131 1529 ratione
2175 1476 2254 1529 vel

706 1561 1016 1627 disciplina;
1066 1577 1161 1628 pro
1207 1578 1268 1616 eo
1315 1567 1454 1631 quod
1515 1566 1746 1632 Spiritus
1804 1574 2024 1618 sanctus
2076 1567 2253 1620 subsi—

705 1651 898 1701 steutia
930 1660 1010 1702 est
1047 1652 1440 1715 intellectualis,
1469 1664 1522 1707 et
1557 1657 1775 1722 proprie
1806 1655 2048 1710 subsistit
2082 1665 2134 1709 et
2162 1670 2255 1712 ex-

704 1745 810 1789 stat
837 1757 848 1790 :
880 1739 1008 1791 nihil
1040 1751 1218 1793 autem
1258 1744 1362 1795 tale
1391 1752 1470 1796 est
1497 1745 1784 1798 medicina.

774 1829 827 1882 4.
870 1829 976 1883 Sed
1008 1830 1072 1881 ad
1112 1833 1284 1896 ipsum
1312 1834 1421 1900 jam
1451 1850 1754 1889 sermonem
1786 1837 2053 1905 Evangelii
2089 1847 2257 1894 trans-

704 1919 937 1971 eundum
969 1927 1074 1980 cst,
1105 1920 1192 1972 ubi
1233 1921 1492 1987 scriptum
1524 1933 1604 1975 est
1639 1924 1749 1994 (75)
1778 1927 1899 1991 quia
1937 1946 1954 1976 ι
1987 1927 2126 1981 Deus
2154 1927 2259 1995 spi-

650 2031 652 2033 ν
706 2007 841 2058 ritus
896 2017 976 2059 est
1003 2009 1079 2072 ",
1111 2027 1128 2058 ι
1174 2019 1226 2061 ct
1271 2011 1656 2065 ostendendum
1714 2023 1797 2066 est
1849 2029 2008 2082 quam
2069 2030 2256 2069 censeo

707 2108 935 2164 quenter
973 2099 1053 2152 his
1087 2114 1207 2166 qua:
1245 2099 1480 2152 diximus
1517 2101 1736 2168 intelligi
1779 2104 1991 2157 debeat.
2019 2103 2258 2159 interro—

705 2201 889 2254 gemus
919 2204 1148 2255 namque
1176 2191 1389 2256 quando
1419 2192 1516 2243 ista
1547 2191 1744 2244 dixerit
1773 2193 2023 2246 Salvator
2055 2203 2255 2255 noster,

705 2277 786 2328 Vel
827 2278 962 2345 apud
999 2294 1189 2346 quem,
1237 2279 1317 2331 vel
1370 2295 1491 2331 cum
1539 2281 1664 2347 quid
1716 2291 2060 2348 qutereretur.
2111 2282 2259 2334 Inve-

706 2366 881 2418 nimus
917 2367 1032 2419 sine
1079 2370 1239 2419 dubio
1271 2370 1409 2433 quod
1443 2369 1506 2421 ad
1541 2369 1931 2422 Samaritanam
1979 2371 2254 2425 mulierem

705 2454 932 2522 loquens
963 2455 1063 2506 ista
1103 2457 1421 2521 protulerit,
1465 2459 1529 2509 ad
1564 2473 1676 2510 eam
1712 2474 1830 2524 qum
1872 2461 2088 2526 putabat
2120 2462 2255 2528 quod

705 2543 758 2595 in
808 2555 991 2597 monte
1041 2546 1276 2598 Garizim
1327 2551 1616 2601 secundum
1668 2549 1966 2616 opinionem
2016 2551 2256 2606 Samari-

708 2644 953 2687 tanorum
1008 2638 1219 2689 adorari
1279 2649 1551 2705 Oporteret
1625 2642 1822 2705 Deum,
1885 2645 2068 2696 dicens
2115 2659 2255 2711 quo-

709 2725 849 2776 niam
883 2724 991 2795 (76)
1029 2744 1044 2774 ι
1074 2725 1210 2779 Deus
1254 2729 1472 2795 Spiritus
1510 2738 1612 2782 est.
1639 2749 1656 2780 ›
1689 2730 1972 2794 Qumrebat
2009 2733 2150 2784 enim
2189 2733 2254 2784 ab

706 2827 770 2866 eo
814 2813 1147 2866 Samaritana
1197 2815 1388 2867 mulier
1419 2825 1609 2882 putans
1646 2831 1768 2870 eum
1818 2832 1938 2872 esse
1984 2832 2252 2872 unum.ex

708 2898 929 2962 .ludtcis,
974 2910 1148 2953 utrum
1197 2903 1248 2954 in
1295 2902 1678 2973 Hierosolymis
1723 2906 1938 2958 adorari
1986 2916 2255 2975 oporteret

620 3033 623 3036 .
706 2988 895 3055 Deum,
925 3007 990 3044 an
1042 2992 1094 3044 in
1137 2991 1238 3045 hoc
1284 3000 1492 3056 monte;
1536 3004 1588 3047 et
1621 2994 1694 3046 ita
1736 2994 1947 3048 dicebat
1979 3016 1988 3047 :
2023 2994 2256 3050 tPatres

704 3082 875 3134 nostri
917 3097 1103 3136 omnes
1133 3084 1232 3136 hoc
1261 3083 1312 3136 in
1358 3093 1535 3136 monte
1565 3083 1943 3144 adoraverunt,
1967 3092 2020 3136 et
2049 3099 2142 3137 vos
2175 3085 2251 3137 di-
2280 3109 2320 3164 ρ

705 3171 830 3223 citis
878 3173 1001 3238 quia
1052 3173 1104 3223 in
1143 3172 1528 3241 Hierosolymis
1562 3182 1641 3234 est
1695 3174 1839 3226 locus
1885 3175 1975 3226 ubi
2029 3174 2253 3228 adorare

707 3270 918 3324 oportet
940 3261 1005 3314 ".
1032 3279 1051 3310 ι
1087 3262 1166 3314 Ad
1213 3264 1324 3314 haec
1356 3276 1483 3329 ergo
1513 3243 1651 3328 (μιαί
1672 3263 1990 3329 epinabatur
2019 3263 2254 3316 Samari-

713 3357 857 3411 tana,
887 3360 1080 3416 putans
1109 3367 1174 3404 ex
1206 3351 1447 3405 locormn
1482 3352 1839 3418 corporalium
1883 3355 2250 3420 praerogativa,

713 3441 856 3505 quod
893 3442 1068 3493 minus
1110 3451 1276 3500 recte.
1320 3442 1400 3494 vel
1439 3445 1536 3494 rite
1572 3444 1679 3512 (77)
1726 3444 2047 3497 adorabatur
2094 3445 2250 3507 Deus,

710 3537 800 3578 aut
831 3542 859 3578 a
885 3527 1081 3580 Judazis
1113 3530 1163 3580 in
1199 3529 1605 3593 Hierosolymis,
1641 3540 1730 3583 aut
1759 3547 1790 3588 a.
1815 3531 2169 3586 Samarilauis
2201 3535 2250 3584 in

711 3627 890 3669 monte
925 3615 1187 3680 Garizim,
1237 3621 1505 3687 respondit
1554 3621 1800 3672 Salvator
1847 3637 1965 3674 esse
2000 3627 2252 3675 receden-

710 3709 832 3757 dum
885 3723 912 3757 a
960 3710 1372 3775 praesumptione
1423 3713 1783 3778 corporalium
1837 3712 2075 3764 locorum
2131 3714 2252 3767 huic

711 3795 799 3862 qui
829 3796 938 3847 vult
967 3799 1117 3864 sequi
1163 3799 1464 3863 Dominum,
1503 3812 1555 3853 et
1591 3803 1656 3852 ita
1708 3801 1780 3853 ait
1823 3822 1832 3855 :
1870 3820 1886 3851 ι
1922 3802 2076 3855 Venit
2124 3803 2252 3854 hora

712 3895 769 3936 ut
801 3887 911 3936 veri
960 3889 1294 3952 adoratores,
1332 3904 1504 3955 neque
1538 3892 1589 3940 in
1633 3889 2038 3958 Hierosolymis,
2084 3905 2255 3956 neque

713 3978 764 4031 in
800 3991 976 4032 monte
1016 3981 1115 4033 hoc
1151 3981 1376 4032 adorent
1409 3979 1643 4044 Patrem.
1692 3981 1829 4032 Deus
1876 3980 2094 4046 spiritus
2141 3989 2252 4038 est,

710 4079 762 4123 et
809 4085 900 4122 cos
958 4071 1048 4138 qui
1096 4072 1320 4123 adorant
1368 4086 1524 4132 eum,
1573 4071 1625 4121 in
1681 4070 1869 4137 spiritu
1925 4078 1976 4120 et
2024 4069 2253 4121 veritate

711 4162 1326 4227 Oportet_adorare“.i
1379 4161 1440 4212 Et
1492 4162 1610 4213 vide
1659 4175 1815 4227 quam
1863 4167 2256 4224 consequenter

722 4254 993 4304 veritatem
1053 4252 1262 4318 Spiritui
1319 4250 1580 4312 sociavit,
1631 4258 1689 4300 ut
1739 4249 1802 4300 ad
1856 4249 2254 4300 distiuctiouem

714 4340 926 4407 quidem
974 4356 1257 4405 corporum
1302 4340 1600 4390 nominaret
1643 4338 1921 4402 spiritum;
1961 4337 2024 4387 ad
2069 4336 2260 4388 distin—

2355 576 2464 644 gini
2509 577 2804 631 caelestium
2850 578 3233 640 descrricutes,
3278 591 3381 628 non
3429 574 3673 637 veritate,
3725 584 3899 638 neque

2354 667 2541 731 Spiritu
2594 665 2701 737 (78)
2735 666 3030 719 adorabunt
3059 667 3252 728 Deum;
3284 665 3532 720 similiter
3571 672 3748 718 autem
3781 669 3834 715 et
3863 661 3901 715 ii

2352 753 2442 820 qui
2475 753 2768 807 adorabant
2797 753 2849 807 in
2887 763 3065 807 monte
3096 749 3356 808 Gariz'im.
3924 824 3932 831 _

2425 844 2476 896 5.
2517 843 2674 899 Omni
2714 844 2876 912 igitur
2907 859 3064 897 sensu
3109 845 3201 912 qui
3239 857 3558 910 corporeum
3604 838 3804 908 aliquid
3834 837 3902 890 de

2356 934 2463 988 Deo
2496 933 2719 1002 intelligi
2758 935 3018 1002 suggerit,
3065 943 3223 1002 prout
3270 933 3563 1002 potuimus,
3597 928 3898 990 confutata,

2356 1025 2582 1079 dicimus
2608 1025 2904 1078 secundum
2935 1026 3215 1078 veritatem
3245 1024 3460 1091 quidem
3495 1021 3658 1073 Deum
3695 1021 3904 1074 incom~

2355 1115 2770 1183 prehensibilem
2815 1130 2938 1169 esse
2976 1126 3138 1183 atque
3183 1113 3628 1168 inaestimabilem.
3673 1110 3726 1164 Si
3771 1110 3901 1179 quid

2355 1204 2495 1256 enim
2537 1203 2664 1257 illud
2691 1211 2773 1258 est
2806 1204 2944 1275 quod
2989 1204 3192 1256 sentire
3232 1202 3312 1254 vel
3346 1200 3642 1268 intelligere
3677 1201 3740 1253 de
3789 1197 3908 1257 Deo

2355 1294 2713 1360 potuerimus,
2762 1291 2941 1345 multis
2981 1292 3133 1360 longe
3185 1287 3283 1358 51
3338 1291 3507 1343 modis
3561 1303 3679 1343 eum
3715 1287 3915 1341 meliop-

2355 1396 2464 1434 rem
2499 1395 2614 1434 esse
2656 1383 2721 1434 ab
2753 1396 2817 1435 eo
2849 1382 2989 1450 quod
3035 1381 3301 1434 sensimus
3346 1395 3560 1433 necesse
3606 1388 3686 1433 est
3733 1377 3899 1431 credi.

2357 1468 2505 1522 Sicut
2556 1468 2695 1521 enim
2748 1469 2792 1522 si
2849 1469 3124 1521 videamus
3175 1467 3404 1533 aliquem
3443 1469 3528 1520 vix
3567 1481 3720 1536 posse
3758 1467 3906 1519 scin-

2359 1560 2520 1612 tillam
2580 1559 2823 1622 luminis,
2877 1566 2965 1610 aut
3036 1558 3362 1611 brevissima:
3429 1557 3660 1610 lucerna!
3719 1557 3898 1608 lumen

2355 1650 2592 1717 aSpieere
2627 1667 2642 1703 :
2680 1657 2734 1704 et
2776 1663 2895 1702 eum
2948 1647 3097 1714 cujus
3146 1650 3288 1702 acies
3339 1648 3611 1702 oculorum
3663 1649 3778 1714 plus
3820 1645 3904 1697 lu-

2355 1741 2512 1795 minis
2557 1738 2666 1811 (79)
2717 1753 2907 1806 capere
2961 1755 3117 1807 quam
3157 1752 3321 1806 supra
3366 1738 3617 1798 diximus,
3658 1750 3762 1787 non
3804 1749 3902 1785 va-

2285 1798 2326 1851 B
2361 1831 2451 1894 let,
2482 1830 2526 1883 si
2558 1829 2782 1882 velimus
2818 1828 2882 1881 de
2921 1828 3163 1881 claritate
3192 1842 3256 1880 ac
3291 1827 3570 1896 splendore
3599 1825 3728 1878 solis
3764 1825 3896 1877 edo-

2357 1932 2478 1971 cere
2519 1935 2532 1969 :
2566 1931 2741 1970 nonne
2786 1918 3058 1984 oportebit
3093 1931 3188 1970 nos
3237 1919 3284 1969 ei
3322 1917 3528 1981 dicere,
3578 1915 3700 1981 quia
3749 1914 3900 1966 omni

2358 2006 2459 2060 hoc
2491 2006 2690 2060 lumine
2722 2007 2859 2075 quod
2903 2008 3071 2070 vides,
3105 2005 3444 2060 iueffabiliter
3469 2014 3518 2060 et
3548 2003 3903 2057 inaestimabi-

2359 2096 2480 2152 liter
2513 2097 2696 2149 melior
2736 2112 2798 2150 ac
2829 2098 3164 2163 prtestanzior
3201 2106 3279 2151 est
3320 2097 3448 2151 solis
3493 2096 3780 2163 splendor?
3818 2098 3897 2149 Ita

2358 2201 2507 2239 mens
2534 2195 2712 2239 nostra
2746 2200 2863 2240 cum
2900 2187 3038 2238 intra
3069 2186 3247 2241 carnis
3271 2196 3324 2240 et
3345 2187 3631 2255 .sanguinis
3661 2186 3903 2239 claustra

2356 2273 2704 2334 concluditur,
2737 2283 2788 2326 et
2820 2289 2915 2340 pro
2948 2275 3064 2327 talis
3099 2277 3339 2348 materia:
3370 2275 3772 2343 participatione
3804 2276 3906 2327 he-

2356 2367 2527 2421 betior
2553 2363 2710 2434 atque
2740 2366 2982 2418 obtusior
3028 2368 3282 2429 redditur,
3334 2368 3458 2419 licet
3501 2367 3565 2418 ad
3615 2382 3899 2435 compara-

2358 2456 2554 2508 tionem
2601 2464 2803 2507 nalurm
2847 2469 3117 2523 corporeae
3161 2456 3312 2524 longe
3362 2456 3667 2522 praecellens
3701 2457 3907 2509 habea-

2359 2554 2461 2608 tur,
2495 2555 2669 2597 tatnen
2706 2543 2828 2594 dum
2861 2547 2924 2595 ad
2962 2545 3277 2613 incorporea
3311 2545 3497 2595 nititur
3526 2552 3683 2611 atque
3715 2559 3905 2617 eorum

2360 2637 2583 2688 rimatur
2629 2634 2875 2688 intuitum
2921 2637 3054 2704 (80),
3099 2647 3221 2691 tunc
3257 2635 3498 2689 scintilla:
3538 2636 3758 2700 alicujus
3805 2645 3908 2688 aut

2358 2727 2584 2778 lucernae
2632 2726 2718 2778 vix
2770 2729 2972 2782 obtinet
3035 2729 3228 2781 locum.
3272 2728 3407 2792 Quid
3455 2735 3631 2780 autem
3675 2728 3725 2779 itt
3785 2743 3910 2780 om-

2358 2816 2511 2868 nibus
2540 2816 3007 2880 intelleetualihus,
3044 2819 3092 2870 id
3123 2827 3201 2870 cst
3233 2817 3586 2883 iucorporeis,
3621 2826 3725 2870 tam
3757 2832 3904 2884 pra:-

2357 2912 2504 2956 stans
2546 2906 2809 2970 onmihus,
2840 2915 2942 2958 tam
2979 2907 3319 2960 inell'ahiliter
3350 2914 3511 2972 atque
3550 2907 3907 2963 inaestimabi-

2355 2996 2475 3049 liter
2510 2999 2835 3063 przceellens,
2883 3014 3040 3066 quam
3084 2997 3258 3050 Deus?
3293 2996 3444 3062 cujus
3487 2999 3669 3065 utique
3701 3009 3907 3052 natura

2356 3085 2469 3136 acie
2518 3085 2767 3139 humanae
2817 3087 3008 3139 mentis
3043 3084 3152 3155 (8|)
3208 3084 3408 3138 intendi
3463 3096 3621 3154 atque
3670 3089 3908 3150 intueri,

2354 3175 2595 3240 quamvis
2639 3191 2700 3229 ea
2748 3177 2818 3230 sit
2871 3174 3155 3244 purissima
3194 3189 3342 3228 meus
3387 3190 3448 3229 ac
3490 3177 3863 3247 limpidissima
3890 3217 3906 3242 ,

2354 3274 2455 3312 non
2485 3271 2675 3327 potest.

2422 3350 2472 3402 6.
2508 3351 2695 3411 Verum
2749 3365 2851 3403 non
2901 3351 3112 3404 videtur
3147 3353 3456 3421 absurdum,
3507 3357 3549 3411 si
3591 3358 3655 3410 ad
3683 3356 3911 3410 eviden-

2353 3439 2540 3490 tiorem
2576 3421 3162 3514 reiimauil‘estationem
3185 3444 3343 3497 etiam
3381 3445 3482 3497 alia
3509 3456 3721 3498 utamur
3752 3445 3912 3497 sinti-

2355 3528 2596 3582 litudine.
2629 3529 2894 3580 Interdum
2921 3530 3056 3582 oculi
3085 3535 3244 3585 nostri
3275 3535 3441 3601 ipsam
3471 3538 3715 3589 naturam
3741 3534 3909 3599 lueis,

2356 3618 2405 3670 id
2464 3628 2542 3670 est
2600 3620 2948 3671 substantiam
3017 3607 3163 3686 solis,
3221 3625 3416 3678 intueri
3479 3643 3582 3678 non
3641 3634 3910 3693 possunt;

2355 3707 2686 3774 Splendorem
2723 3724 2845 3760 vero
2880 3708 3015 3776 ejus,
3059 3714 3133 3766 ναι
3167 3731 3221 3767 ra
3245 3717 3341 3769 lios
3372 3716 3620 3770 fenestris
3666 3715 3799 3768 forte
3853 3727 3915 3768 et

2354 3797 2676 3860 quibuslibet
2730 3799 2983 3852 lmninum
3039 3801 3287 3857 brevibus
3351 3803 3702 3872 receptaculis
3767 3804 3918 3857 infu-

2355 3900 2443 3939 sos
2471 3887 2577 3952 (8'2)
2615 3888 2898 3953 intuentes,
2930 3895 3268 3945 considerare
3300 3909 3579 3960 possumus
3607 3893 3919 3961 l‘omesipse

2359 3990 2419 4028 ac
2447 3976 2565 4028 fons
2593 3989 2820 4045 quantus
2846 3982 2912 4031 sit
2941 3985 3179 4050 corporei
3216 3983 3448 4036 luminis.
3481 3984 3552 4034 Ita
3585 3999 3707 4048 ergo
3741 3980 3915 4055 quasi

2358 4067 2487 4119 radii
2529 4069 2740 4132 quidam
2784 4080 2904 4122 sunt
2937 4072 3024 4125 Dei
3057 4084 3280 4137 naturrc,
3316 4088 3475 4140 opera
3513 4072 3702 4125 divina:
3730 4077 3922 4136 provi-

2357 4159 2632 4215 dentiaa'et
2659 4177 2746 4214 ars
2781 4164 3142 4221 universitatis
3173 4167 3284 4234 (85)
3323 4165 3499 4231 hujus,
3539 4166 3601 4216 ad
3633 4179 3922 4234 compara-

2361 4248 2556 4300 tionem
2583 4250 2743 4316 ipsius
2769 4251 3074 4307 substantia:
3106 4270 3166 4308 ac
3193 4234 3420 4306 natura}.
3441 4251 3574 4317 Quia
3605 4266 3731 4320 ergo
3756 4266 3923 4306 mens

2362 4349 2538 4390 nostra
2574 4339 2745 4404 ipsum
2785 4358 2875 4409 per
2900 4346 3130 4422 seipsam
3175 4346 3340 4397 Deum
3375 4343 3510 4395 sicut
3551 4352 3630 4396 est
3667 4359 3770 4397 non
3811 4361 3925 4411 po-

715 4443 943 4482 Cttoucm
991 4445 1114 4480 vero
1146 4431 1344 4479 umbrae
1392 4428 1472 4479 vel
1521 4427 1786 4494 imaginis,
1834 4428 2128 4479 Vx‘rilalettt.
2157 4410 2332 4491 Qui'D
2365 4438 2464 4482 test
2523 4431 2736 4495 intueri,
2787 4448 2851 4486 ex
2901 4410 3292 4502 pulchritudine
3349 4447 3571 4500 operum
3615 4443 3669 4488 et
3717 4437 3927 4490 decore

787 4567 832 4597 "
860 4564 1011 4619 Joan.
1042 4581 1110 4627 tv,
1138 4565 1224 4617 ‘24.
1302 4567 1344 4596 ³³
1379 4567 1505 4619 ibid.
1529 4567 1615 4617 2th
1693 4567 1736 4596 ’³
1765 4568 1893 4618 ἱιιίιΙ.
1918 4565 2002 4631 ἓΙ,
2028 4567 2117 4627 Εἶό,
2150 4565 2236 4618 24.

785 4705 894 4769 (73)
939 4706 1026 4757 Sic
1057 4722 1183 4760 mss.
1219 4707 1384 4770 Alias,
1427 4727 1442 4755 ι
1476 4722 1742 4774 nunquam
1780 4708 2068 4773 putandum
2101 4716 2250 4759 est...

715 4780 855 4838 quod
899 4776 1156 4839 medicina
1210 4779 1507 4830 dicatur...
1535 4788 1586 4829 ct
1638 4777 1749 4841 ejus
1786 4776 2122 4845 participium
2162 4791 2250 4827 su-

717 4856 880 4891 llltll‘t‘.
908 4860 924 4890 I

791 4908 903 4975 (iiii
939 4912 1101 4969 Alias,
1131 4912 1442 4963 «dicuntur.
1472 4915 1573 4966 Sed
1606 4915 1714 4966 ltrcc
1744 4930 1843 4964 non
1872 4912 2250 4965 omnimodo...

721 4983 1087 5042 lantutttntodo
1141 4981 1484 5043 probandum.
1514 5001 1529 5031 ι
1580 4985 1645 5033 At
1691 4999 1818 5034 mss.
1863 4991 1919 5035 ul
1973 4983 2022 5032 in
2069 4990 2252 5033 nostro

721 5051 885 5094 textu.

940 5114 1035 5184 _Sic
1065 5129 1188 5164 mss.
1219 5116 1385 5176 Alias,
1421 5138 1436 5166 ι
1471 5118 1555 5169 uhi
1592 5119 1842 5183 scriptum
1871 5116 2027 5184 quod.
2059 5133 2075 5165 ι

940 5181 1014 5252 lla
1051 5197 1174 5231 mss.
1210 5184 1373 5245 Alias,
1410 5203 1425 5232 ι
1458 5188 1634 5238 dit-ens
1664 5178 1945 5252 quomodo.
1977 5204 1994 5233 ›

780 5248 897 5316 (77)
941 5249 1090 5299 Recte
1117 5257 1189 5300 vel
1227 5252 1339 5301 rite.
1384 5254 1472 5301 Sic
1513 5248 2025 5306 codd.'Sorbonicus
2056 5267 2105 5303 et
2138 5250 2258 5304 Col-

721 5317 994 5379 liertinns;
1028 5317 1184 5375 alias,
1214 5334 1231 5364 ‹
1266 5329 1408 5367 recte
1441 5322 1520 5369 vel
1556 5330 1714 5372 recte.
1743 5340 1759 5370 ι

790 5385 901 5450 (78)
950 5385 1067 5434 Non
1115 5389 1343 5442 veritate,
1379 5402 1534 5451 neque
1566 5391 1771 5450 apirilu,
1814 5399 1914 5439 etc.
1948 5388 2035 5439 Sir
2074 5404 2256 5440 omnes

723 5469 850 5504 mas.
888 5453 1056 5522 Alias,
1095 5472 1112 5500 ι
1147 5469 1246 5502 non
1297 5455 1590 5514 veritatem,
1636 5473 1803 5521 neque
1851 5459 2091 5522 sp’rttuut
2133 5462 2257 5509 ado-

721 5521 914 5572 rabunt
951 5520 1137 5572 Deum.
1177 5538 1193 5569 ι

757 5641 760 5644 ,
788 5590 898 5655 (79)
945 5588 1068 5638 l'lus
1102 5590 1330 5642 lmttinis.
1381 5589 1472 5639 Sic
1517 5603 1644 5640 mss.
1672 5589 1810 5639 Alias
1833 5633 1846 5650 ,
1885 5609 1901 5638 ι
1947 5594 2061 5657 plus
2091 5594 2152 5644 de
2184 5593 2260 5643 lu-

722 5663 882 5712 mine.
932 5677 949 5708 ι
987 5658 1146 5711 Paulo
1184 5672 1297 5721 post
1328 5674 1479 5721 tuss.,
1509 5675 1525 5705 ‹
1567 5673 1660 5724 pro
1686 5661 1802 5708 talis
1832 5663 2063 5713 materiae
2098 5664 2262 5728 parti-

2358 4708 2736 4774 cipatione.....
2795 4711 2917 4764 licet
2977 4713 3042 4763 ad
3114 4710 3590 4777 comparationem.
3652 4729 3670 4762 ›
3729 4712 3924 4773 Aliaz,

2365 4794 2381 4824 ι
2424 4793 2528 4848 pro
2554 4780 2636 4829 tali
2671 4784 2905 4835 materia:
2935 4781 3465 4848 participatione...”
3493 4779 3729 4848 licctpro
3762 4795 3927 4834 co'tt-

2358 4858 2655 4910 paratione.
2695 4867 2710 4897 ι

2430 4891 2856 4981 (έὸ)ν7)ιίιι’ἱιιιιη.
2891 4919 2980 4971 Sic
3029 4932 3157 4970 mss.
3211 4891 3376 4977 Aiias,
3411 4934 3429 4966 ι
3477 4915 3871 4983 intentionem.
3904 4941 3922 4971 ι

2429 4984 2537 5049 (81)
2573 4983 2775 5038 Natura
2802 4991 2909 5040 acie
2929 4990 3169 5037 humana:
3198 4986 3399 5045 mentis,
3433 4994 3539 5035 etc.
3580 4987 3668 5038 Sic
3721 5003 3929 5044 omnes

2361 5066 2484 5123 mss.
2520 5054 2682 5113 Alias,
2715 5073 2733 5103 ‹
2763 5069 3007 5106 naturam
3032 5056 3274 5106 humanae
3305 5054 3494 5104 tuentis
3529 5053 3722 5123 intendi
3750 5069 3930 5123 atque

2363 5120 2574 5180 intueri,
2610 5127 2855 5186 quamvis
2906 5123 3189 5189 purissima
3233 5135 3386 5172 mens
3427 5136 3488 5174 ac
3536 5120 3929 5191 limpidissitna

2365 5203 2467 5240 non
2500 5199 2691 5252 potest.
2726 5210 2741 5238 ι

2434 5258 2542 5322 (8'2)
2575 5257 2848 5309 Luminum
2901 5259 3130 5311 brevibus
3158 5259 3508 5328 (receptaculis
3549 5260 3770 5328 infusos.
3822 5264 3931 5316 Sic

2365 5340 2549 5395 onmes
2582 5343 2707 5379 mss.
2742 5327 2884 5379 Alias
2913 5341 3058 5388 vero,
3100 5346 3115 5375 ι
3155 5327 3257 5379 illis
3285 5327 3636 5395 receptaculis
3659 5331 3935 5387 brevibus

2370 5394 2594 5443 inlusus.
2635 5415 2651 5443 ι

2437 5464 2546 5527 (85)
2605 5463 2667 5511 Et
2721 5479 2803 5512 ars
2848 5463 3214 5516 universitatis.
3269 5465 3358 5518 Sic
3401 5484 3526 5520 mss.
3570 5469 3716 5521 Alias
3765 5469 3933 5521 tleest

2377 5546 2400 5604 ς
2428 5545 2533 5579 ars.
2580 5549 2595 5578 ι
2639 5531 2800 5604 Paulo
2861 5543 2978 5604 post
3030 5549 3180 5589 mss”
3219 5553 3235 5582 ι
3278 5541 3447 5599 ipsum
3501 5552 3592 5604 per
3641 5551 3696 5588 se
3743 5538 3931 5603 ipsum

2372 5597 2553 5649 Deum.
2599 5618 2614 5649 ο
2642 5600 2804 5662 Alias,
2838 5619 2853 5647 ι
2888 5599 3055 5666 ipsum
3092 5619 3182 5668 per
3208 5621 3264 5660 se
3300 5597 3543 5659 Demus»
