4140 6306
239 349 352 406 ιξε

239 575 372 629 ergo
411 573 503 616 aut
533 579 724 635 corpus
751 568 981 636 aliquod,
1013 580 1103 626 aut
1132 572 1425 644 incorpore
1453 591 1571 633 esse
1597 590 1789 648 putau-

238 650 348 707 dus
397 666 476 710 est
526 655 682 721 Deus,
738 661 829 714 sed
883 662 1251 721 intellectualis
1309 677 1494 724 natura
1542 671 1789 738 simplex,

244 743 385 799 nihil
428 750 641 803 omnino
674 752 726 805 in
766 769 824 808 se
864 754 1224 824 adjunctionis
1256 760 1571 826 admittens;
1601 766 1676 819 uti
1725 781 1792 822 ne

244 834 424 901 majus
456 838 651 908 aliquid
697 853 751 896 et
809 845 1030 900 inferius
1083 847 1133 901 in
1178 864 1237 904 se
1289 851 1483 908 habere
1521 834 1789 920 credatur,

244 925 343 977 sed
396 935 454 981 ut
484 931 555 984 sit
592 946 654 985 ex
700 936 840 989 omni
895 947 1050 1006 parte
1094 941 1282 1010 μονάς,
1313 950 1367 997 et
1406 955 1463 998 ιιι
1499 945 1570 999 ita
1620 947 1791 1001 dicam

242 1014 397 1081 δνάις,
441 1028 493 1076 et
540 1035 688 1078 mens
729 1023 861 1096 (84),
892 1042 954 1084 ac
991 1032 1106 1087 fons
1132 1047 1195 1087 ex
1233 1049 1338 1102 quo
1373 1025 1579 1091 initium
1632 1038 1794 1092 totius

244 1104 625 1167 intellectualis
655 1123 854 1170 naturae
897 1119 980 1173 vel
1019 1124 1210 1187 mentis
1252 1134 1351 1181 est.
1387 1125 1534 1180 Meus
1555 1143 1681 1183 vero
1735 1140 1791 1183 ιιι

243 1209 530 1255 moveatur
568 1203 645 1256 vel
669 1215 934 1272 operetur,
972 1227 1072 1265 non
1106 1213 1300 1283 indiget
1332 1213 1445 1269 loco
1490 1231 1776 1284 corporeo,

245 1300 426 1352 neque
455 1290 690 1344 sensibili
719 1296 1098 1364 magnitudine.
1134 1301 1212 1354 vel
1255 1305 1517 1370 corporali
1583 1307 1787 1370 habitu,

241 1383 346 1445 aut
368 1377 570 1441 eolore,
607 1397 776 1450 neque
819 1385 923 1438 alio
970 1388 1077 1442 ullo
1102 1405 1322 1458 prorsus
1369 1394 1571 1464 indiget
1602 1398 1789 1452 horum

240 1478 367 1532 quae
401 1471 642 1537 corporis
673 1473 752 1526 vel
801 1477 1032 1532 materia
1073 1483 1281 1553 propria
1333 1493 1455 1538 sunt
1500 1485 1631 1555 (85).
1662 1487 1792 1542 Pro-

241 1566 370 1622 pter
397 1562 540 1626 quod
575 1563 886 1629 naturalilla
930 1569 1151 1637 simplex
1183 1581 1236 1624 et
1265 1582 1372 1627 tota
1404 1591 1551 1630 mens
1581 1587 1638 1631 ut
1675 1594 1788 1634 mo-

239 1658 437 1735 veatltr
468 1652 548 1706 vel
578 1663 828 1720 operetur
846 1655 1066 1724 aliquid,
1090 1660 1221 1713 nihil
1252 1662 1523 1721 dilationis
1546 1651 1637 1720 aut
1663 1683 1793 1723 cuu-

239 1739 500 1794 ctationis
538 1742 731 1797 habere
783 1754 977 1811 potest,
1025 1761 1088 1800 ne
1135 1764 1228 1817 per
1269 1751 1567 1819 huiusmodi
1605 1759 1792 1824 adiun-

1594 371 1805 432 LIBER
1839 371 2115 432 PRIMUS.

237 479 620 529 creaturarum
653 486 930 543 parentem
960 479 1317 539 universitatis
1362 485 1633 560 intelligit.
1677 489 1790 546 Non
1821 496 1864 561 Α
1896 493 2053 562 positi
2111 490 2348 547 febribus
2409 505 2695 564 urgeantur
2731 512 2744 548 :

3332 389 3433 444 ηε

2810 513 3033 565 quorum
3096 507 3300 552 certum
3354 511 3437 553 est

1891 581 2032 651 quod
2069 583 2111 638 si
2147 584 2319 637 minus
2348 584 2545 654 aliquid
2573 600 2664 655 per
2715 588 2820 641 vim
2856 589 3080 641 febrium
3113 604 3260 643 meus
3281 605 3432 643 suum

1892 687 1996 726 non
2025 683 2206 726 servet
2230 673 2478 742 cilicium,
2516 692 2617 730 non
2653 676 2750 730 loci
2785 678 3016 747 culpam,
3057 681 3147 733 sed
3192 681 3436 732 morbum

1891 763 2134 830 corporis
2163 779 2280 818 esse
2303 766 2646 828 causanduln,
2694 781 2787 834 per
2819 782 2975 835 quem
3015 769 3278 821 turbatum
3313 781 3439 822 cor—
3481 755 3488 768 ’

1892 865 1988 918 pus
2017 861 2176 920 atque
2200 854 2476 909 confusum
2506 855 2614 922 (90)
2643 871 2976 926 nequaquam
3011 861 3151 913 notis
3176 875 3240 913 ac
3277 865 3438 911 natu-

1895 942 2095 998 ralibus
2131 945 2287 1000 lineis
2317 947 2470 1003 solita
2511 949 2671 1002 menti
2701 951 2941 1018 dependit
2981 952 3177 1014 oﬂicia,
3201 954 3435 1019 quando-

1891 1033 2102 1100 quidem
2142 1051 2242 1102 nos
2284 1037 2524 1092 homines
2551 1041 2749 1094 animal
2780 1057 2960 1095 sumus
2987 1042 3337 1109 compositum
3367 1057 3433 1096 ex

1891 1126 2129 1193 corporis
2157 1127 2449 1193 animmque
2471 1141 2757 1183 concursu.
2799 1129 2907 1184 Hoc
2929 1132 3067 1185 enim
3097 1132 3250 1185 modo
3283 1131 3435 1185 habi-

1894 1226 2009 1270 tare
2038 1232 2132 1270 nos
2162 1232 2319 1286 super
2345 1230 2539 1273 terram
2561 1221 2811 1289 possibile
2837 1221 2950 1274 fuit.
2975 1223 3138 1274 Deum
3173 1236 3322 1288 vero,
3345 1223 3434 1290 qui

1893 1308 2128 1361 omnium
2155 1319 2237 1363 est
2279 1311 2614 1379 principium,
2670 1313 3019 1381 compositum
3063 1328 3189 1367 .esse
3227 1327 3330 1365 non
3357 1322 3440 1367 est

1892 1397 2179 1464 putandum
2214 1416 2226 1452 :
2255 1414 2318 1451 ne
2348 1399 2483 1454 forte
2521 1401 2697 1468 priora
2730 1402 2842 1468 ipso
2879 1402 3138 1468 principio
3160 1401 3438 1454 invenian-

1893 1493 1979 1537 tur
2011 1487 2269 1542 elementa
2299 1503 2433 1551 esse,
2461 1503 2525 1542 ex
2549 1491 2738 1557 quibus
2766 1491 3117 1557 compositum
3139 1499 3436 1549 estnunc.

1893 1575 2148 1643 quidquid
2173 1577 2298 1630 illud
2333 1591 2435 1643 est,
2483 1582 2623 1649 quod
2659 1570 3008 1648 compositum
3053 1582 3269 1636 dicitur.
3331 1579 3457 1641 Sed

1895 1680 1989 1718 nec
2045 1668 2410 1734 magnitudine
2444 1652 2704 1738 corporali
2759 1686 2909 1724 meus
2959 1672 3159 1737 indiget
3205 1679 3260 1724 ut
3315 1680 3438 1738 agat

1894 1757 2115 1827 aliquid,
2158 1759 2236 1812 vel
2267 1761 2742 1823 moveatur;sicut
2769 1761 2954 1815 oculus
2989 1775 3112 1813 cum
3142 1762 3192 1813 ill
3233 1761 3435 1827 maiora

239 1826 485 1880 ctionem
514 1829 880 1884 circumscﬂbi
911 1834 989 1887 vel
1010 1834 1597 1909 inhiberialiquatenus
1623 1846 1794 1900 videa-
1823 1827 1865 1882 Β
1893 1856 2103 1922 quidem
2137 1868 2359 1922 corpora
2397 1853 2504 1921 (9i)
2539 1849 3150 1927 intuendodill‘unditur,
3181 1851 3247 1902 ad
3273 1826 3434 1916 parva

243 1930 334 1972 tur
382 1921 574 1976 divina.-
618 1932 817 1978 natura:
871 1923 1218 1994 simplicitas,
1255 1931 1326 1984 uti
1383 1946 1447 1986 ne
1511 1937 1652 2002 quod
1712 1947 1791 1991 est

240 2010 565 2077 principium
593 2011 702 2081 (86)
730 2016 987 2082 omnium,
1012 2020 1363 2087 compositum
1401 2020 1703 2078 inveniatur
1736 2035 1791 2080 et

241 2099 538 2161 diversum.
564 2112 616 2156 et
646 2105 714 2156 sit
741 2107 922 2170 multa,
953 2123 1054 2162 non
1086 2125 1266 2173 unum,
1295 2111 1433 2178 quod
1478 2123 1688 2181 oportet
1719 2125 1793 2167 to-

244 2191 352 2244 tius
383 2208 653 2260 corporeae
693 2196 1025 2252 admistionis
1047 2199 1278 2252 alienum
1315 2216 1415 2253 una
1453 2203 1587 2268 sola,
1625 2215 1681 2257 ut
1716 2206 1789 2258 ita

241 2277 493 2340 dixerim,
525 2279 736 2334 deitatis
761 2285 940 2352 Specie
965 2296 1231 2340 constare.
1274 2287 1404 2352 Quia
1433 2299 1607 2344 autem
1639 2307 1789 2348 mens

242 2381 351 2420 non
382 2368 607 2436 indigeat
633 2370 766 2438 loco,
807 2384 860 2428 ιιι
895 2378 1180 2430 secundum
1221 2388 1467 2433 naturam
1495 2394 1645 2434 suam
1669 2398 1788 2436 mo-

242 2470 454 2521 veatur,
479 2470 678 2513 certum
713 2472 794 2516 est
819 2465 979 2518 etiam
1009 2482 1071 2519 ex
1107 2477 1300 2521 nostrae
1324 2471 1514 2524 mentis
1546 2483 1788 2527 contem-

241 2547 481 2615 platione
497 2551 625 2620 (87).
647 2552 767 2606 Haec
794 2555 934 2607 enim
960 2558 1006 2609 si
1034 2557 1082 2610 in
1108 2573 1200 2611 sua
1230 2575 1474 2613 mensura
1504 2563 1782 2630 consistat,

242 2652 347 2692 nec
376 2655 444 2694 ex
468 2642 702 2710 qualibet
727 2659 884 2698 causa
917 2646 1114 2716 aliquid
1146 2651 1192 2702 ei
1226 2652 1521 2706 obtusionis
1553 2656 1782 2722 eveniat,

240 2730 377 2783 nihil
430 2747 657 2800 unquam
711 2749 776 2788 ex
826 2735 1056 2790 locorum
1104 2740 1414 2796 diversitate
1468 2746 1782 2812 tardabitur,

239 2822 528 2888 quominus
551 2825 659 2879 suis
687 2826 911 2881 motibus
937 2838 1084 2898 agat;
1129 2847 1301 2901 neque
1334 2849 1517 2891 rursus
1551 2852 1615 2891 ex
1648 2837 1786 2893 loco-

241 2925 361 2963 rum
391 2913 644 2982 qualitate
672 2929 1008 2985 augmentum
1049 2920 1258 2990 aliquod
1293 2925 1373 2979 vel
1397 2928 1782 2984 incrementum

241 3002 556 3060 mobilitatis
587 3010 830 3076 acquirit.
865 3009 1012 3077 Quod
1053 3014 1096 3067 si
1139 3013 1394 3068 oblendat
1422 3019 1614 3087 aliquis
1648 3021 1780 3090 (88),

241 3093 396 3145 verbi
452 3098 621 3164 gratia
657 3101 777 3167 quia
831 3106 1202 3174 navigantibus
1248 3117 1300 3173 et
1344 3106 1591 3165 ﬂuctibus
1624 3115 1783 3167 maris

235 3182 456 3252 iactatis
482 3189 653 3242 minus
675 3192 944 3264 aliquanto
976 3211 1122 3251 mens
1147 3198 1321 3266 vigeat
1343 3191 1499 3267 quam
1530 3202 1705 3271 vigere
1730 3207 1781 3258 in

245 3274 404 3328 terris
438 3275 600 3344 solet;
639 3296 741 3334 non
767 3295 830 3334 ex
871 3283 969 3336 loci
1016 3283 1324 3341 diversitate
1357 3289 1405 3341 id
1433 3291 1561 3356 pati,
1590 3293 1681 3345 sed
1718 3307 1785 3346 cx

227 3365 488 3440 corporis
506 3373 859 3426 commotione
895 3375 976 3428 vel
1015 3377 1421 3436 conturbatione
1458 3381 1780 3435 credendum

241 3464 348 3520 est,
379 3457 465 3510 cui
501 3473 647 3513 meus
675 3461 918 3530 adjuncta
951 3466 1031 3518 vel
1055 3464 1248 3520 inserta
1273 3477 1371 3521 est.
1403 3467 1621 3524 Videtur
1639 3474 1778 3527 enim

243 3547 396 3614 quasi
425 3558 608 3602 contra
639 3561 878 3622 naturam
909 3555 957 3607 ill
991 3556 1122 3609 mari
1147 3557 1339 3626 degere
1369 3573 1563 3628 corpus
1593 3564 1780 3616 huma-

243 3652 395 3703 num,
435 3649 497 3693 .et
529 3649 803 3709 propterea
847 3644 988 3698 velut
1025 3647 1248 3714 quadam
1298 3648 1378 3701 sui
1428 3650 1783 3719 inaequalitate

244 3739 423 3784 motus
468 3734 660 3787 mentis
695 3733 804 3803 (89)
843 3735 1183 3816 incomposite
1221 3741 1571 3808 ordinateqne
1613 3743 1784 3796 susci-

241 3834 394 3888 pere,
418 3831 471 3876 et.
493 3826 752 3881 acuminis
774 3827 887 3894 ejus
921 3828 1052 3883 ictus
1072 3831 1324 3886 obtusiori
1359 3833 1655 3892 ministerio
1677 3835 1784 3888 dis-

240 3925 489 3981 pensare,
542 3931 644 3972 non
694 3920 866 3974 minus
914 3935 1071 3989 quam
1113 3923 1155 3977 si
1193 3925 1283 3991 qui
1328 3921 1490 3978 etia
1524 3925 1576 3978 in
1639 3935 1781 3981 terra

315 4051 362 4083 ”
392 4053 575 4108 confer
599 4053 870 4111 Platonem
899 4057 950 4111 in
982 4057 1259 4113 Phaedone.

312 4193 424 4274 (.84)
448 4191 756 4274 Etjnferins
779 4198 851 4250 in'
869 4215 920 4250 se
943 4198 1126 4274 habere
1157 4201 1404 4274 credatur
1526 4205 1706 4274 μονάς,
1733 4217 1778 4257 et

241 4278 298 4320 ιιι
329 4266 401 4340 ita
425 4265 593 4340 dicem
622 4265 761 4328 ὲνάς,
796 4283 953 4340 mens.
973 4269 1048 4322 lta
1072 4271 1223 4326 codd.
1249 4287 1433 4326 omnes
1452 4265 1576 4326 mss.
1608 4265 1776 4340 Alias,

246 4353 265 4385 ι
302 4343 355 4387 et
381 4331 607 4412 inferius
644 4350 761 4388 esse
783 4338 1148 4393 credatur.....
1187 4341 1370 4412 μονάς,
1401 4353 1474 4404 et,
1502 4353 1555 4396 ut
1589 4345 1662 4396 ita
1693 4331 1775 4397 di;

240 4418 379 4462 cam,
409 4410 550 4454 totus
581 4416 752 4455 mens.
786 4423 804 4454 ι
1034 4437 1054 4462 γ

316 4471 427 4551 (85)
466 4470 556 4523 Sic
588 4487 714 4550 mss.
754 4473 919 4540 Alias,
959 4493 979 4527 ι
1011 4477 1249 4547 corporis
1284 4479 1364 4551 vel
1397 4482 1621 4551 propriae
1661 4497 1776 4534 ma-

243 4544 391 4598 terire
420 4544 634 4608 propria
668 4551 823 4608 sunt.
846 4563 865 4596 ι
1105 4544 1121 4547 ἡ
1317 4548 1326 4569 '

313 4611 422 4678 (86)
453 4611 525 4662 Ita
571 4621 715 4682 recte
757 4613 974 4668 omnino
1015 4629 1200 4670 omnes
1240 4618 1393 4671 codd.
1432 4633 1557 4673 mss.
1605 4621 1772 4682 Alias,

245 4703 265 4735 ‹
308 4690 612 4755 operetur,_
635 4679 830 4755 aliquid
861 4684 1129 4755 dilationis
1172 4686 1368 4739 habere
1412 4700 1606 4755 potest,
1639 4679 1771 4746 ne...

240 4746 614 4828 circumscribi
643 4818 655 4828 _
680 4750 761 4828 vel
817 4746 1166 4828 inhabitari...
1206 4757 1282 4806 uti
1313 4771 1377 4808 ne
1404 4746 1545 4824 quod
1577 4746 1777 4828 princi-

237 4825 408 4890 pium.
448 4820 617 4890 {Quae
641 4818 798 4873 lectio
827 4834 985 4875 sensu
1009 4821 1160 4889 plane
1191 4835 1356 4875 caret.

306 4890 420 4958 (87)
449 4888 538 4942 Sic
563 4903 691 4942 mss.
725 4890 889 4953 Alias,
918 4908 935 4940 ι
965 4888 1083 4957 quia
1112 4906 1236 4965 ergo
1261 4907 1410 4945 mens
1435 4909 1538 4948 non
1571 4897 1776 4965 indiget

239 4963 473 5032 loco...”
494 4967 696 5032 eertum
725 4967 806 5011 est
833 4971 1024 5014 nostra:
1053 4963 1241 5012 mentis
1260 4963 1772 5032 contemplatione...

239 5026 351 5084 nec’
371 5044 438 5082 ex
466 5028 641 5095 aliqua
676 5043 858 5080 causa.
897 5047 915 5079 ι

311 5097 421 5167 (88)
465 5096 718 5149 Obtendat
748 5097 955 5167 aliquis,
994 5106 1095 5153 etc.
1131 5100 1218 5151 Sic
1248 5113 1375 5152 mss.
1404 5101 1568 5166 Alias,
1604 5121 1622 5154 ι
1648 5118 1775 5158 con-

239 5169 425 5223 tendat
450 5167 644 5233 aliquis
674 5169 796 5234 quia
832 5170 1196 5235 navigantibus
1237 5168 1499 5224 lluctibus.
1545 5191 1563 5222 ι

310 5235 421 5306 (89)
451 5235 584 5307 Volt,
623 5254 639 5285 ι
671 5238 879 5302 mentis,
919 5256 937 5289 ι
988 5237 1135 5291 deest
1182 5239 1229 5291 ill
1268 5250 1422 5292 antea
1448 5243 1627 5307 editis,
1682 5243 1775 5297 sed

238 5305 508 5372 “pel-itur
536 5305 585 5356 ill
611 5308 866 5360 omnibus
891 5323 1015 5361 mss.

310 5375 419 5452 (99)
449 5374 535 5452 Sic
561 5388 744 5427 omnes
767 5391 894 5430 mss.
922 5378 1081 5452 Alias,
1101 5394 1118 5425 ι
1151 5376 1470 5444 culpandum
1491 5391 1774 5452 propterea

237 5443 671 5516 q‘lodttlrbatuln
698 5454 858 5514 atque
894 5448 1188 5500 confusum.
1237 5443 1254 5496 ι

308 5514 420 5586 (91)
449 5511 576 5578 Vox,
606 5530 624 5562 ι
660 5511 906 5581 corpora,
935 5535 952 5566 ι
988 5530 1144 5584 quam
1174 5518 1426 5573 exhibent
1456 5534 1606 5586 mss.,
1640 5521 1776 5574 desi-

237 5586 459 5641 deratur
493 5586 540 5634 in
568 5592 721 5636 antea
743 5587 920 5638 editis.

307 5655 418 5723 (92}
453 5654 541 5708 Sic
571 5668 700 5707 mss.
727 5654 894 5713 Alias,
931 5673 948 5708 ι
984 5671 1090 5723 quo
1131 5672 1248 5724 quae
1277 5660 1410 5710 'sunt
1444 5661 1491 5713 ei
1533 5659 1708 5712 insita.
1753 5677 1774 5707 ν

237 5723 399 5780 Fullo
431 5733 550 5791 post
587 5724 932 5792 iidem-mss.,
968 5742 987 5777 ι
1024 5729 1113 5781 sed
1150 5723 1477 5784 eruditionis
1504 5730 1774 5784 exercitiis

1892 1958 2017 1999 vero
2045 1955 2098 1999 et
2146 1945 2334 2014 exigua
2384 1951 2687 1998 coarctatur
2716 1951 2769 1996 et
2807 1942 3120 2012 astrit'gitur
3149 1944 3213 1994 ad
3245 1941 3436 1993 viden-

1889 2034 2039 2086 dum.
2066 2034 2271 2100 indiget
2313 2048 2443 2086 sane
2486 2048 2637 2087 mens
2685 2032 3048 2100 magnitudine
3092 2030 3436 2099 intelligibili,

1888 2123 2010 2189 quia
2053 2138 2156 2176 non
2207 2118 2583 2190 corporaliter,
2637 2124 2730 2175 sed
2781 2122 3183 2190 intelligibiliter
3219 2123 3438 2179 crescit.

1887 2211 2004 2279 Non
2033 2213 2173 2267 enim
2202 2212 2574 2280 corporalibus
2605 2213 2951 2264 incrementis
2982 2212 3138 2263 simul
3167 2227 3283 2265 eum
3313 2225 3432 2263 cor-

1891 2317 2019 2371 pore
2044 2317 2193 2355 meus
2230 2315 2399 2369 usllue
2429 2301 2495 2354 ad
2528 2300 2840 2368 vigesimum
2871 2299 2951 2353 vel
2988 2300 3314 2367 trigesimum
3343 2314 3437 2352 an-

1890 2408 2014 2445 num
2044 2393 2213 2446 :etatis
2246 2400 2492 2460 augetur,
2527 2391 2617 2445 sed
2658 2390 3049 2444 eruditionibus
3075 2399 3126 2442 et
3162 2391 3434 2445 exercitiis

1888 2479 1990 2550 52
2019 2480 2273 2535 adhibitis
2299 2497 2521 2535 acumen
2545 2481 2760 2549 quidem
2790 2482 3035 2536 elimatur
3060 2484 3273 2560 ingenii,
3292 2498 3434 2552 qua:—

1887 2587 1990 2639 que
2040 2581 2162 2626 sunt
2191 2573 2238 2626 ei
2273 2575 2429 2626 insita
2461 2574 2570 2642 (9.9.)
2600 2573 2664 2626 ad
2698 2573 3102 2643 intelligentiam
3140 2590 3433 2643 provocan-

1889 2670 1990 2742 lqr,
2020 2671 2075 2715 et
2105 2679 2271 2733 capax
2307 2663 2533 2726 efﬁcitur
2564 2665 2782 2734 majoris
2810 2666 3133 2730 intellectus,
3167 2680 3272 2719 non
3308 2680 3433 2720 cor-

1886 2755 2162 2821 poralibus
2208 2758 2552 2810 incrementis
2595 2767 2770 2822 aucta,
2801 2760 2892 2813 sed
2934 2761 3248 2813 eruditionis
3274 2774 3432 2814 exer-

1885 2844 2026 2899 citiis
2061 2846 2299 2898 climata.
2327 2847 2455 2912 Quae
2499 2849 2697 2901 idcirco
2741 2851 2844 2903 no'n
2872 2851 3049 2903 statim
3089 2865 3116 2902 a
3156 2866 3321 2918 puero
3351 2851 3433 2905 vel

1886 2950 1912 2986 a
1952 2936 2227 2990 nativitate
2261 2938 2500 3003 recipere
2521 2947 2714 3004 potest,
2741 2939 2862 3006 quia
2898 2940 3126 2992 invalida
3157 2942 3330 2995 adhuc
3377 2951 3435 2995 et

1886 3026 2145 3080 imbecilla
2199 3028 2556 3081 membrorum
2602 3037 2685 3081 est
2737 3044 3017 3099 compago,
3066 3033 3256 3100 quibus
3289 3033 3434 3086 velut

1813 3144 1857 3207 ο
1887 3119 2102 3186 organis
2132 3118 2196 3171 ad
2230 3119 2544 3172 exercitium
2581 3119 2659 3172 sui
2699 3134 2847 3174 mens
2879 3122 3066 3184 utitur,
3099 3137 3270 3189 neque
3302 3137 3430 3190 ope-

1887 3211 2038 3264 randi
2069 3210 2173 3263 vim
2222 3210 2334 3280 (95)
2383 3219 2681 3273 sustentare
2715 3212 2879 3274 valet,
2929 3228 3026 3266 nec
3077 3215 3430 3283 percipiendae

1882 3301 2173 3368 disciplinae
2209 3301 2462 3356 exhibere
2488 3299 2683 3354 sulllcit
2716 3301 3045 3358 facultatem.

1952 3391 2002 3442 7.
2030 3389 2084 3444 Si
2109 3393 2197 3459 qui
2226 3400 2398 3445 autem
2424 3405 2545 3445 sunt
2573 3392 2663 3457 qui
2705 3402 2935 3446 mentem
2968 3393 3134 3461 ipsam
3169 3395 3430 3447 animamn

1882 3495 1986 3549 que
2021 3497 2215 3549 corpus
2240 3497 2355 3536 esse
2384 3483 2734 3547 arbitrentur,
2776 3485 2931 3539 velim
2981 3485 3106 3538 mihi
3137 3488 3428 3552 responde-

1881 3579 2019 3634 rent,
2067 3575 2331 3639 quolnodo
2376 3584 2641 3628 tantarum
2696 3591 2870 3629 rerum
2905 3577 3039 3647 (9i),
3086 3587 3190 3630 tam
3239 3575 3426 3630 difﬁci-

1880 3659 2006 3712 lium
2041 3669 2253 3727 tamque
2279 3664 2550 3716 subtilium
2599 3668 2836 3722 rationes
2865 3671 3303 3736 .asserlionesque
3341 3684 3423 3720 rc-

1880 3751 2046 3818 cipiat
2074 3753 2138 3807 ¹³.
2198 3752 2346 3805 Unde
2375 3755 2421 3806 ei
2455 3756 2623 3809 virtus
2657 3760 2962 3812 memoriie?
2993 3761 3056 3812 Et
3088 3762 3223 3813 unde
3256 3761 3301 3812 ei
3343 3775 3425 3812 re-

1883 3855 1997 3892 rum
2048 3840 2391 3902 invisibilium
2423 3845 2843 3912 contemplatio?
2896 3847 3046 3901 Unde
3080 3860 3224 3901 certe
3254 3852 3423 3902 incor-

1881 3929 2143 3998 poraliulu
2179 3931 2478 3985 intellectus
2501 3947 2677 3986 rerum
2706 3936 2918 4002 corpori
2958 3937 3093 3990 inest
3117 3939 3425 4004 Ῡριιοιιιοιιο

1854 4205 2120 4259 climata.
2161 4221 2178 4256 ι
2228 4202 2396 4268 Alias,
2428 4219 2448 4254 ι
2495 4202 2584 4257 sed
2626 4201 3014 4258 eruditionibus
3059 4209 3113 4254 et
3155 4200 3423 4275 exercitiis

1883 4275 2116 4329 climata.
2157 4291 2174 4324 ι

1954 4345 2062 4413 (95)
2108 4342 2238 4413 Vim.
2279 4344 2352 4397 Ita
2388 4360 2516 4406 mss.
2553 4344 2717 4404 Alias,
2751 4360 2770 4392 ι
2812 4356 2981 4394 usum.
3032 4359 3049 4390 ι

1953 4410 2062 4483 (94)
2102 4412 2368 4476 Quomodo
2400 4426 2661 4465 laniarunt
2696 4429 2882 4472 rerum,
2921 4420 3022 4483 etc.
3061 4410 3133 4483 Et;
3162 4411 3245 4464 lll's
3293 4423 3422 4463 sane

1881 4481 2209 4550 argumentis
2236 4498 2354 4548 quae
2384 4485 2584 4550 profert
2617 4483 2893 4549 Origenes,
2925 4481 3088 4547 liquet
3121 4482 3288 4547 ipsum
3324 4494 3420 4530 na~

1883 4559 2054 4603 tltraul
2096 4554 2286 4604 anima:
2335 4554 2383 4603 ill
2434 4567 2657 4618 corpore
2709 4551 3049 4617 quantumvis
3098 4550 3277 4600 subtili
3319 4562 3420 4618 non

1878 4623 2139 4685 pestlisse.
2172 4621 2260 4671 Sic
2295 4622 2343 4671 ill
2383 4616 2697 4682 I’roir‘eptico
2725 4616 2790 4668 nd
2825 4620 3162 4684 martyrium:
3203 4619 3320 4668 Ἔτι
3362 4616 3422 4666 δὲ

1874 4691 1964 4741 καὶ
2006 4689 2253 4756 φιλοζωεῖ
2299 4689 2596 4760 ἄνθρωπος,
2631 4691 2829 4754 πεῖσμα
2870 4686 3042 4760 λαβὼν
3086 4685 3210 4760 περὶ
3237 4685 3419 4760 οὐσίας

1873 4753 2093 4826 λογωέἧς
2118 4759 2314 4827 ψυχῆς,
2341 4753 2414 4819 ὠξ
2448 4758 2671 4825 ἐχούσης
2710 4753 2785 4827 *τι*
2810 4755 3060 4827 συγγενὲς
3262 4753 3419 4827 vespa

1873 4821 1981 4898 γὰρ
2007 4821 2354 4898 eid-replicati
2389 4821 2830 4898 asperginis;
2870 4822 3172 4898 sumpserim
3209 4821 3418 4874 ἀποδεί-

1874 4893 2024 4950 κνῦσι
2050 4893 2218 4963 λόγοζ,
2245 4893 2522 4963 ἀσώματα,
2545 4913 2562 4944 ι
2587 4895 2650 4946 Ει
2681 4893 2851 4945 adhuc
2876 4894 3031 4945 homo
3061 4894 3221 4944 vitam
3254 4902 3417 4956 amat,

1876 4979 1997 5020 Cum
2025 4968 2532 5018 dellloustratloueln
2573 4964 2842 5029 acceperit
2869 4966 2934 5013 de
2969 4963 3157 5013 anima:
3189 4963 3419 5012 rationa-

1877 5037 1937 5090 lis
1960 5045 2164 5091 uatura,
2202 5034 2607 5107 quall__aliquanl
2643 5033 2835 5084 habeat
2859 5045 2976 5083 cum
3011 5031 3116 5107 Deo
3147 5031 3417 5107 cognatio-

1876 5119 2016 5157 nem.
2055 5103 2406 5169 Intelligibilia
2439 5105 2576 5154 enim
2608 5112 2830 5167 utraque
2860 5109 2982 5152 sunt
3010 5110 3060 5152 et
3104 5100 3412 5155 invisibilia,

1875 5184 1949 5238 et,
1982 5183 2038 5225 ut
2076 5173 2270 5224 invicta
2316 5173 2526 5224 ratione
2559 5173 2975 5246 demonstratur,
3019 5170 3407 5246 incorporea.”-

1877 5242 2368 5314 Necobslatquod
2396 5242 2556 5314 habet
2580 5241 2675 5314 lib.
2714 5239 2851 5314 lui-le
2887 5239 3172 5314 principiis,
3209 5251 3324 5300 cap.
3355 5239 3410 5314 ti,

1881 5331 1899 5362 ι
1933 5304 2313 5383 soliusbeifid
2339 5323 2420 5383 est
2448 5309 2622 5362 Patris
2652 5322 2704 5362 et
2729 5308 2845 5383 Filii
2879 5318 2928 5360 et
2970 5304 3210 5383 Spiritus-
3233 5304 3410 5383 sancti

1877 5392 2081 5434 natura:
2104 5380 2152 5430 ill
2180 5380 2450 5451 proprium
2473 5394 2610 5439 esse,
2629 5390 2705 5451 ⁵ιιι
2724 5380 2838 5430 sine
2875 5374 3132 5451 lnateriali
3164 5374 3411 5451 substan-

1879 5462 1972 5509 tla,
2014 5459 2065 5498 et
2101 5449 2298 5515 absque
2352 5449 2456 5501 ulla
2506 5447 2778 5520 corporeae
2823 5445 3138 5520 adiectionis
3160 5445 3410 5520 societate

1877 5512 2555 5588 intelligatur'subsistere.
2604 5512 2622 5569 ι
2665 5517 2767 5568 Nec
2800 5514 2936 5588 quod
2985 5512 3168 5588 scribit
3214 5512 3302 5561 lib.
3349 5523 3408 5569 ll.

1877 5604 1993 5654 Cap.
2017 5582 2072 5647 ‘2,
2105 5605 2120 5635 ι
2157 5587 2497 5652 incorporeas
2527 5600 2798 5640 remanere
2825 5582 3163 5659 rationabiles
3183 5589 3412 5659 naturus

1881 5649 1979 5709 sibi
2009 5657 2220 5722 quidem
2259 5649 2618 5709 difﬁcillimum
2644 5665 2697 5708 et
2744 5667 2876 5719 pene
2923 5650 3245 5722 impossibile
3271 5649 3409 5722 vide-

1885 5728 1950 5778 γι.
1985 5745 2002 5777 ι
2029 5716 2092 5779 Et
2123 5726 2278 5793 paulo
2307 5736 2425 5793 post
2460 5748 2470 5780 :
2512 5745 2528 5777 ι
2569 5725 2624 5779 Si
2668 5716 2791 5779 vero
2825 5716 3149 5791 impossibile
3187 5726 3266 5771 est
3309 5716 3410 5768 boc
