4126 6308
188 460 300 516 129

1567 447 1765 503 LIBER
1799 443 2073 502 PRIMUS.

3326 435 3429 506 150

189 576 324 630 liter
351 574 736 646 (5.)invisibilis
757 583 860 642 est,
887 588 952 628 ne
1022 573 1140 626 nari
1181 571 1317 641 quod
1363 568 1594 638 Spiritus
1643 585 1767 636 sanf
1796 573 1842 631 Α
1871 565 2040 620 videri
2089 563 2157 619 ab
2204 561 2286 618 his
2313 561 2402 635 qui
2437 560 2583 632 digni
2618 567 2745 615 sunt
2774 566 2974 628 potest.
3027 556 3134 613 Cor
3171 571 3303 612 sane
3333 571 3430 625 pro

185 670 292 723 tibi
314 671 497 724 statim
525 669 849 739 velimpium
875 668 952 721 vi-
1021 676 1133 719 ctus
1201 666 1360 733 possit
1437 664 1604 719 videre
1668 662 1765 718 Fi-

187 764 392 816 deatur
405 777 526 818 esse
539 763 621 817 vel
634 763 946 817 absurdum:
1019 762 1166 816 lium.

185 856 467 910 rationem
497 845 697 925 quippe
743 856 991 910 dabimus
1021 862 1417 923 consequenter
1459 853 1558 927 (Α).
1602 855 1760 910 Aliud

187 958 278 1002 est
313 949 516 1013 videre,
546 948 690 1002 aliud
723 961 1084 1017 cognoscere;
1114 947 1280 1000 videri
1323 948 1376 1001 et
1414 947 1596 1001 videre
1635 963 1760 1001 cor-

187 1055 390 1108 porum
421 1055 507 1094 res
530 1050 631 1102 est,
660 1041 905 1108 cognosci
935 1050 987 1094 et
1016 1053 1340 1108 cognoscere
1383 1039 1762 1094 intellectualis

189 1139 413 1183 natura:
435 1140 537 1183 est.
565 1129 834 1199 Quidquid
873 1146 998 1198 ergo
1041 1131 1313 1200 proprium
1343 1145 1624 1198 corporum
1658 1140 1760 1196 est,

188 1222 303 1276 hoc
330 1239 429 1277 nec
457 1225 524 1278 de
547 1224 702 1277 Patre
720 1235 824 1286 est,
853 1240 952 1278 nec
974 1225 1037 1278 tle
1067 1223 1202 1278 Filio
1226 1223 1588 1278 sentiendum.
1611 1223 1763 1289 Quod

190 1328 331 1366 vero
368 1314 432 1365 ad
468 1324 712 1366 naturam
763 1314 997 1383 pertinet
1048 1313 1287 1376 deitatis,
1324 1314 1425 1368 hoc
1478 1313 1620 1366 inter
1659 1311 1760 1364 Pa-

191 1407 344 1452 trem
366 1411 420 1453 et
442 1400 634 1453 Filium
667 1412 900 1456 constat.
934 1402 1170 1470 Denique
1191 1403 1351 1456 etiam
1383 1403 1492 1470 ipsc
1513 1404 1562 1455 in
1589 1399 1762 1456 Evan-

189 1492 343 1560 gelio
371 1491 475 1546 non
505 1493 657 1561 dixit,
685 1495 807 1563 quia
833 1509 990 1549 nemo
1025 1495 1157 1548 vidit
1182 1494 1393 1550 Patrem
1431 1496 1532 1550 nisi
1569 1497 1758 1561 Filius,

190 1599 381 1654 neque
415 1584 608 1637 Filium
664 1585 768 1640 nisi
806 1585 987 1649 Pater,
1037 1587 1128 1641 sed
1163 1587 1283 1641 ait;
1338 1607 1355 1638 ι
1404 1587 1567 1641 Nemo
1614 1591 1761 1644 novit

185 1676 398 1730 Filium
428 1677 530 1731 nisi
559 1675 740 1743 Pater,
775 1693 946 1748 neque
971 1679 1184 1734 Patrem
1223 1681 1344 1748 quis
1372 1682 1515 1734 novit
1544 1681 1645 1735 nisi
1678 1678 1762 1740 Fi-

188 1768 309 1822 lius
338 1770 402 1820 '3.
439 1789 458 1822 ι
502 1771 572 1824 Ex
597 1786 701 1840 quo
727 1771 1010 1826 manifeste
1038 1772 1313 1825 indicatur
1338 1774 1478 1841 quod
1502 1771 1758 1840 quidquid

189 1859 346 1913 inter
399 1870 620 1915 naturas
661 1878 948 1931 corporeas
994 1862 1163 1916 videri
1208 1873 1263 1917 et
1309 1863 1494 1917 videre
1538 1864 1758 1927 dicitur,

189 1951 486 2007 hocinter
529 1952 741 2008 Patrem
777 1962 831 2008 et
858 1953 1052 2008 Filium
1080 1969 1410 2025 cognoscere
1455 1956 1656 2009 dicitur
1711 1965 1766 2010 et

186 2045 481 2107 cognosci,
515 2058 611 2113 per
638 2045 892 2099 virtutem
919 2045 1181 2112 scientiae,
1208 2062 1310 2102 non
1343 2063 1437 2115 per
1479 2046 1762 2102 visibilita-

191 2135 272 2185 tis
304 2131 671 2202 fragilitatem.
719 2134 854 2202 Quia
888 2135 1064 2206 igitur
1100 2137 1167 2191 de
1221 2137 1534 2207 incorporea
1570 2147 1761 2192 natura

186 2235 250 2279 et
283 2226 567 2292 invisibili,
600 2241 700 2281 nec
724 2228 906 2284 videre
928 2230 1145 2299 proprie
1171 2230 1385 2293 dicitur,
1426 2246 1525 2286 nec
1551 2232 1758 2297 videri;

191 2317 413 2372 idcirco
461 2332 634 2387 neque
676 2317 836 2373 Pater
873 2335 901 2374 a
930 2320 1088 2388 Filio,
1134 2336 1308 2392 neque
1337 2321 1504 2378 Filius
1546 2338 1574 2377 a
1603 2323 1762 2380 Patre

186 2407 377 2461 videri
411 2409 464 2478 in
505 2408 798 2478 Evangelio
827 2410 1050 2477 dicitur,
1083 2412 1175 2466 sed
1199 2414 1479 2504 'cognosci.

273 2497 332 2552 9.
359 2498 513 2564 Quod
540 2499 584 2553 si
613 2509 878 2568 proponat
925 2499 1084 2554 nobis
1111 2497 1328 2569 aliquis,
1362 2517 1532 2570 quare
1558 2503 1760 2557 dictum

185 2597 320 2645 est:
360 2608 380 2641 ε
414 2590 563 2645 Beati
597 2589 798 2646 mundo
825 2591 1004 2656 corde,
1034 2592 1287 2660 quoniam
1322 2593 1420 2662 ipsi
1483 2594 1648 2648 Deum
1681 2595 1782 2648 vi--

189 2681 409 2735 ﬂebunt
449 2683 534 2746 ";
578 2701 598 2735 ι
662 2683 836 2738 multo
890 2683 1057 2752 magis
1095 2683 1256 2736 etiam
1286 2698 1348 2736 ex
1384 2685 1504 2750 hoc,
1555 2695 1614 2738 ut
1663 2702 1762 2754 ego

186 2772 457 2838 arbitror,
488 2774 714 2830 assertio
741 2783 922 2830 nostra
952 2775 1281 2830 tirmabitur:
1312 2791 1433 2828 nam
1461 2776 1590 2844 quid
1614 2777 1759 2831 aliud

186 2877 284 2921 est
306 2866 473 2921 corde
500 2867 666 2922 Deum
717 2868 922 2929 videre.
962 2869 1062 2922 nisi
1104 2869 1392 2921 secundum
1428 2867 1477 2922 id
1503 2869 1645 2937 quod
1671 2885 1760 2922 su-

185 2973 297 3028 pra
355 2960 706 3028 exposuimus
743 2970 920 3016 mente
967 2976 1087 3015 eum
1125 2959 1420 3029 intelligere
1477 2970 1637 3028 atque
1665 2975 1757 3014 co-

187 3051 511 3121 gnoscere?
551 3050 889 3120 Frequenter
930 3053 1072 3107 enim
1122 3051 1453 3106 sensibilium
1486 3051 1761 3106 membro-

187 3158 321 3196 rum
386 3144 604 3196 nomina
653 3144 718 3197 ad
752 3145 982 3198 animam
1017 3142 1323 3198 referuntur
1347 3184 1360 3206 ,
1396 3146 1464 3197 ita
1501 3154 1558 3198 ut
1587 3145 1760 3200 oculis

189 3234 386 3289 cordis
419 3235 601 3290 videre
633 3237 868 3302 dicatur,
924 3238 974 3290 id
1034 3245 1116 3291 est
1144 3238 1343 3291 virtute
1393 3215 1757 3306 intelligentia:

190 3325 412 3392 aliquid
445 3325 809 3382 intellectuale
834 3329 1101 3398 conjicere
1131 3328 1228 3399 (5).
1257 3329 1347 3383 Sic
1375 3338 1427 3383 et
1455 3330 1642 3383 audire
1673 3346 1762 3381 au-

196 3415 362 3468 ribus
398 3417 617 3480 dicitur,
650 3433 770 3472 cum
799 3434 1011 3474 sensum
1049 3420 1412 3490 intelligentia:
1448 3421 1761 3489 profundio-

191 3507 276 3561 ris
310 3508 568 3561 advertit.
597 3508 686 3563 Sic
708 3519 763 3563 et
795 3512 870 3563 uti
899 3525 1014 3564 eam
1040 3525 1196 3584 posse
1233 3511 1482 3566 dentibus
1512 3513 1760 3584 dicimus,

195 3612 324 3650 cum
365 3597 607 3662 mandit,
639 3607 693 3650 et
735 3614 926 3666 panem
962 3602 1194 3653 comedit
1243 3602 1363 3654 vita:
1395 3601 1483 3670 qui
1513 3573 1760 3656 de\coelo

192 3686 505 3741 descendit.
556 3688 822 3742 Similiter
855 3697 908 3742 et
939 3690 1150 3742 caeteris
1175 3690 1248 3742 uti
1284 3691 1647 3744 membrorum
1682 3692 1764 3745 of-

191 3776 340 3834 ﬁciis
361 3778 579 3842 dicitur,
602 3795 720 3850 quae
741 3794 806 3834 ex
831 3779 1094 3847 corporali
1121 3779 1478 3848 appellatione
1505 3781 1762 3836 translata

191 3872 505 3927 virtutibus
537 3872 732 3926 anima:
767 3881 1107 3940 coaptantur,
1142 3872 1281 3925 sicut
1311 3881 1366 3924 et
1398 3870 1650 3925 Salomon
1686 3874 1762 3926 di-

190 3968 268 4022 cit
296 3982 311 4018 :
357 3985 380 4017 s
414 3964 640 4019 Sensum
673 3964 912 4019 divinum
949 3963 1187 4017 invenies
1214 3962 1278 4013 '°.
1310 3981 1329 4014 ι
1371 3961 1586 4016 Sciebat
1613 3979 1762 4016 nam-

189 4074 303 4128 que
328 4060 439 4112 duo
475 4072 672 4126 genera
723 4071 841 4110 esse
891 4070 1141 4109 sensuum
1178 4055 1228 4123 in
1261 4054 1437 4120 nobis,
1470 4070 1632 4106 unum
1655 4070 1788 4124 _ge-...

191 4168 298 4206 nus
326 4165 584 4206 sensuum
615 4150 838 4204 mortale
868 4149 966 4215 (6),
1006 4148 1378 4216 corruptibile,
1410 4129 1784 4230 humanum};

192 4243 344 4297 aliud
388 4257 559 4310 genus
596 4242 902 4296 immortale
924 4249 976 4293 et
1013 4239 1398 4304 intcllectuale,
1441 4240 1579 4306 quod
1614 4254 1757 4301 nunc

190 4335 445 4387 divinum
474 4334 788 4387 nominavit.
820 4333 932 4387 Hoc
961 4348 1089 4401 ergo
1113 4347 1269 4386 sensu
1300 4333 1482 4385 divino
1507 4347 1608 4384 non
1633 4348 1760 4386 ocu-

189 4425 402 4490 lorum,
441 4425 535 4480 sed
591 4425 772 4480 cordis
813 4423 1041 4488 mundi,
1091 4439 1210 4493 qua:
1242 4432 1325 4477 est
1367 4439 1518 4476 mens
1544 4462 1559 4488 ,
1618 4425 1760 4477 Deus

1873 666 2077 721 mente,
2103 655 2156 707 id
2183 662 2265 709 est
2299 669 2395 723 pro
2446 651 2797 706 intellectuali
2836 649 3336 705 virtutesnominari
3375 649 3430 702 in

1871 746 2122 799 omnibus
2151 743 2450 814 Scripturis
2500 744 2655 797 novis
2692 757 2755 797 ac
2783 740 3061 796 veteribus
3095 740 3430 792 abundanter

1870 836 2134 892 invenies.
2168 833 2280 889 Hoc
2313 835 2477 904 igitur
2509 836 2667 889 modo
2693 833 2941 904 quamvis
2997 831 3155 900 longe
3201 830 3429 885 interius

1870 943 2030 998 quam
2070 928 2289 996 dignttm
2323 937 2443 992 est,
2484 933 2668 995 utpote
2699 939 2798 996 pro
2829 923 3140 998 infirmitate
3184 923 3429 977 humana!

1870 982 2236 1084 intelligentia:
2280 1007 2527 1073 naturam
2567 1016 2660 1070 Dei
2699 982 3094 1086 intelliﬂttes,
3130 1031 3270 1069 nunc
3302 1013 3429 1083 quid

1872 1110 1973 1164 sibi
2011 1110 2138 1164 velit
2175 1124 2366 1163 nomen
2396 1109 2597 1164 Christi
2652 1109 2949 1162 videamus.
3275 1110 3283 1118 '

2489 1219 2717 1276 CAPUT
2770 1219 2833 1274 ll.

2481 1312 2557 1366 De
2591 1310 2823 1365 Christo.

1941 1405 1990 1457 l.
2024 1405 2206 1458 Primo
2232 1403 2359 1458 illud
2395 1420 2493 1460 nos
2527 1389 2747 1474 oportet
2805 1405 2971 1470 scire,
3005 1405 3150 1473 quod
3176 1405 3319 1458 aliud
3347 1413 3432 1460 est

1869 1495 1932 1549 in-
1954 1495 2171 1550 Christo
2201 1496 2420 1549 deitatis
2449 1495 2565 1563 ejus
2597 1505 2814 1561 natura,
2841 1496 2982 1563 quod
3010 1505 3092 1550 est
3124 1496 3431 1564 unigenitus
3453 1553 3473 1570 ο

1867 1585 2040 1639 Filius
2079 1583 2260 1638 Patris
2298 1584 2416 1654 (7):
2469 1595 2523 1639 et
2548 1585 2653 1638 alia
2689 1587 2924 1640 humana
2955 1594 3143 1640 natura
3177 1580 3335 1655 quam
3375 1587 3428 1641 iu

1868 1677 2184 1732 novissimis
2229 1678 2564 1744 temporibus
2596 1692 2692 1745 pro
2727 1678 3124 1746 dispensatione
3170 1679 3426 1747 suscepit.

1868 1769 2098 1839 Propter
2126 1770 2269 1838 quod
2297 1770 2586 1822 videndum
2624 1769 2797 1837 primo
2831 1777 2913 1822 est
2963 1769 3089 1838 quid
3125 1771 3197 1823 sit
3235 1771 3422 1840 unige-

1867 1861 2010 1922 nitus
2047 1860 2214 1915 Filius
2247 1860 2362 1924 Dei,
2394 1859 2484 1929 qui
2519 1860 2701 1914 multis
2740 1859 2956 1928 quidem
2994 1869 3048 1914 et
3076 1861 3301 1915 diversis
3331 1879 3428 1917 no-

1879 1954 2114 2009 minibus
2166 1941 2262 2024 pro
2296 1955 2458 2008 rebus
2511 1954 2590 2007 vel
2647 1955 2992 2023 opinionibus
3039 1955 3438 2024 appellantium,

1875 2055 2235 2115 nuncupatur.
2289 2045 2562 2115 Sapientia
2631 2061 2865 2115 namque
2918 2047 3153 2109 dicitur,
3189 2048 3327 2101 sicut
3371 2055 3429 2102 et

1871 2137 2124 2192 Salomon
2146 2137 2314 2190 dixit:
2342 2157 2359 2188 ι
2382 2137 2637 2191 Ι)οηιίηῶ
2659 2140 2963 2192 creavitnte
2987 2138 3192 2191 initiutn
3219 2139 3424 2192 viarum

1869 2244 2107 2290 suarum,
2158 2236 2213 2282 et
2236 2229 2287 2280 in
2318 2243 2479 2297 opera
2503 2243 2596 2282 sua
2639 2238 2924 2297 antequam
2952 2230 3151 2298 aliquid
3195 2231 3426 2294 faceret,

1869 2330 1992 2376 ante
2011 2318 2202 2374 saecula
2229 2319 2466 2374 fundavit
2491 2334 2595 2377 me.
2615 2319 2670 2374 In
2699 2321 2869 2385 initio,
2891 2321 3198 2389 priusquam
3223 2329 3424 2375 terram

1869 2412 2109 2480 faceret,
2166 2411 2481 2482 priusquam
2519 2414 2845 2482 produceret
2898 2414 3074 2468 fontes
3124 2429 3423 2483 aquarum,

1833 2520 1835 2522 ·
1871 2511 2164 2574 antequam
2203 2500 2552 2555 firmarentur
2579 2511 2787 2556 montes
2813 2542 2829 2569 ,
2867 2511 2992 2556 ante
3027 2516 3215 2556 omnes
3242 2509 3424 2556 autern

1869 2598 2040 2654 colles
2069 2604 2296 2666 generat
2319 2609 2404 2648 me
2425 2594 2467 2625 ³¹
2494 2594 2591 2664 (8).
2627 2613 2644 2646 ι
2682 2594 2897 2648 Dicitur
2935 2604 3110 2648 autem
3143 2604 3196 2648 et
3225 2593 3426 2672 primo-

1869 2691 2104 2760 genitus,
2131 2689 2271 2744 sicut
2294 2687 2429 2742 dixit
2451 2687 2772 2757 Apostolus:
2809 2705 2825 2738 ι
2855 2686 2955 2753 Qui
2985 2696 3068 2742 est
3096 2686 3425 2756 primogeni-

1870 2791 1956 2836 tus
1983 2782 2159 2835 omnis
2193 2788 2459 2834 creaturae
2487 2779 2552 2867 δῖ,
2589 2797 2608 2828 ι
2665 2777 2774 2832 Nec
2807 2787 2986 2832 tamen
3033 2777 3171 2831 Alius
3199 2788 3281 2831 est
3317 2777 3427 2846 pri-

1868 2872 2176 2940 mogenilus
2210 2884 2308 2939 per
2337 2867 2589 2940 naturain
2633 2883 2792 2936 quam
2832 2868 3118 2936 sapientia,
3161 2867 3251 2921 sed
3289 2881 3427 2922 unus

1867 2935 2027 3030 atque
2059 2962 2196 3015 idem
2212 2935 2333 3014 est.
2373 2935 2609 3032 Deniqtie
2635 2935 2687 3013 et
2717 2935 2990 3028 apostolus
3016 2959 3213 3014 Paulus
3246 2959 3379 3014 dicit
3408 2977 3424 3014 :

1873 3071 1892 3106 ι
1922 3053 2170 3115 Christus
2201 3052 2292 3107 Dei
2324 3052 2495 3105 virtus
2546 3058 2600 3104 et
2631 3050 2724 3104 Dei
2776 3050 3039 3117 sapientia
3066 3050 3130 3103 ³³.
3172 3069 3192 3102 ι

1934 3145 1990 3202 2.
2021 3143 2187 3198 Nemo
2219 3152 2394 3197 tamen
2427 3150 2576 3210 putet
2607 3137 2809 3208 aliquid
2840 3155 2936 3194 nos
2964 3139 3421 3193 insnbstantivum

1868 3235 2051 3290 dicere
2103 3248 2224 3287 cum
2261 3230 2506 3285 eumDei
2567 3229 2888 3298 sapientiam
2944 3228 3316 3291 nominamus;
3368 3227 3424 3281 id

1865 3337 1972 3391 est,
2012 3334 2068 3380 ttt
2097 3323 2330 3392 exempli
2393 3337 2554 3376 causa
2603 3321 2887 3384 finxerim,
2943 3319 3083 3388 quod
3140 3331 3260 3373 eam
3315 3333 3421 3372 non

1861 3417 2010 3471 velut
2054 3413 2251 3468 animal
2303 3413 2572 3482 quoddam
2628 3412 2868 3478 sapiens,
2900 3411 2994 3464 sed
3043 3423 3154 3462 rem
3187 3409 3420 3476 aliquam

1861 3524 1978 3580 quae
2017 3508 2288 3578 sapientes
2321 3505 2536 3568 eiIiciat,
2585 3504 2967 3573 intelligamus,
2998 3505 3328 3571 praabentem
3362 3516 3422 3555 se

1863 3611 1915 3656 et
1947 3601 2218 3655 mentibus
2266 3592 2593 3652 inserentem
2649 3611 2836 3649 eorum
2906 3595 2994 3664 qui
3042 3607 3269 3662 capaces
3311 3593 3424 3646 vir-

1865 3703 2035 3748 tutum
2071 3693 2188 3762 ejus
2237 3700 2401 3757 atque
2453 3688 2824 3757 intelligentia:
2863 3686 2995 3740 fiunt
3031 3686 3127 3756 (9).
3174 3684 3227 3739 Si
3283 3699 3416 3755 ergo

1861 3786 2026 3841 semel
2060 3791 2206 3838 recte
2241 3791 2516 3850 receptum
2551 3791 2656 3845 est,
2695 3780 3032 3848 unigenitum
3062 3778 3255 3833 Filium
3300 3777 3417 3842 Dei,

1860 3877 2182 3947 sapientiam
2230 3873 2346 3942 ejus
2375 3887 2495 3926 esse
2524 3871 2955 3925 substantialiter
3007 3871 3416 3931 subsistentem,

1824 3970 2044 4023 .nescio
2081 3968 2122 4022 si
2160 3967 2273 4036 jam
2307 3965 2444 4018 ultra
2493 3964 2715 4033 evagari
2768 3978 2958 4018 sensus
3008 3971 3192 4014 noster
3226 3962 3419 4015 debeat

1810 4127 1814 4131 ‘
1862 4061 1926 4113 ad
1977 4058 2384 4127 suspicandum,
2443 4072 2510 4110 ne
2565 4056 2702 4109 forte
2741 4055 2851 4124 ipsa
2888 4053 3207 4116 ὑπόστασις,
3238 4053 3290 4110 id
3341 4061 3422 4107 est

1819 4154 1824 4159 ’
1863 4149 2167 4206 substantia
2202 4147 2319 4213 ejus
2349 4145 2458 4216 (10)
2488 4161 2803 4213 corporeum
2827 4145 3029 4214 aliquid
3053 4144 3266 4210 habeat,
3298 4157 3418 4197 cum

1863 4255 2024 4295 omne
2050 4237 2194 4306 quod
2230 4251 2555 4304 corporeum
2587 4243 2690 4300 est,
2729 4236 2812 4288 vel
2864 4236 3074 4299 habitu,
3104 4232 3188 4288 vel
3221 4233 3422 4298 colore,

1865 4333 1946 4386 vel
1978 4329 2345 4400 magnitudine
2403 4328 2733 4395 designetur.
2771 4327 2837 4379 Et
2867 4327 2985 4394 quis
3034 4340 3268 4394 unquam
3302 4324 3419 4378 sani

1863 4438 2055 4479 sensus
2083 4421 2346 4483 habitum,
2377 4417 2459 4472 vel
2507 4418 2761 4479 colorem,
2803 4417 2887 4469 vel
2915 4429 3179 4469 mensurae
3211 4414 3419 4482 magni-

265 4609 314 4643 ⁸⁸
340 4564 538 4662 ⁸ἰίειιιιι.
563 4622 642 4668 ιι,
665 4605 756 4657 27.
832 4605 876 4637 ²⁹
907 4604 1097 4658 Matth.
1122 4619 1174 4670 v,
1200 4574 1267 4658 8..
1333 4604 1376 4636 '°
1408 4604 1569 4660 Prov.
1599 4589 1659 4668 ti,
1687 4606 1740 4661 5'.

1895 4603 2055 4658 Prov.
2083 4616 2201 4666 Vill,
2229 4599 2298 4653 2'5
2322 4612 2472 4666 seqq.
2582 4595 2624 4626 ³⁸
2650 4567 2808 4656 Col.t,
2840 4593 2920 4650 l5.
2999 4593 3042 4624 ³³
3070 4591 3238 4664 lCor.
3264 4611 3305 4659 ι,
3327 4594 3418 4650 9.6.

259 4777 345 4846 ('5)
381 4772 511 4839 Quae
539 4760 872 4827 naturaliter.
915 4768 1007 4823 Sic
1041 4782 1168 4822 mss.
1217 4767 1384 4833 Alias,
1421 4787 1438 4818 ‹
1469 4769 1559 4837 qui
1595 4780 1758 4826 natu-
1793 4778 1836 4832 Ι)
1871 4787 1888 4819 ι
1919 4777 1972 4820 et
2003 4761 2383 4846 intcllectuale,
2417 4758 2688 4846 nquodcin
2729 4755 3414 4846 mss;:tleside-ratutltuira

189 4853 658 4997 “itif-iiaiionem
707 4907 891 4997 quippe
921 4906 1160 4997 da'ltlimus
1187 4916 1576 4988 consequenter.
1615 4910 1758 4997 Rutil-

189 4976 298 5043 nns
329 4976 554 5040 'invect.
593 4985 618 5035 1
671 4976 930 5034 adversus
983 4976 1365 5045 Hieronymum
1409 4980 1651 5042 queritur
1691 4982 1758 5033 ab

190 5056 444 5111 inimicis
471 5055 582 5108 suis
613 5052 857 5105 falsatam
885 5047 1049 5100 fuisse
1082 5045 1183 5098 hoc
1214 5045 1328 5097 loco
1359 5047 1758 5110 interpretatio-

192 5143 324 5181 nem
355 5140 548 5177 suam:
582 5145 598 5174 ι
621 5123 726 5177 Pro
748 5136 834 5184 eo,
879 5117 1071 5185 inquit,
1101 5117 1239 5182 quod
1262 5130 1358 5168 nos
1392 5116 1708 5182 scripsimus
1736 5131 1749 5168 :

189 5199 463 5249 rationem
505 5195 690 5262 quippe
747 5193 1434 5262 dabimusconsequenter;
1489 5186 1560 5262 illi
1617 5188 1754 5262 scri-

191 5275 474 5336 pserunt:
515 5254 736 5316 iton'tibi
772 5254 1309 5336 statim'fntpiumnvel
1349 5255 1648 5335 absurdum.
1676 5257 1758 5336 tti-

192 5324 402 5388 ἃεαιιη
429 5335 708 5400 eue,qnia
759 5332 894 5383 sicut
950 5324 1386 5400 Filiusnullatrem
1423 5341 1554 5400 __tton
1600 5327 1752 5386 videt,

190 5409 268 5457 ita
302 5417 403 5456 nec
440 5394 670 5468 Spiritus
704 5413 913 5453 sanctus
942 5399 1070 5450 ridet
1111 5394 1338 5468 Filium.
1362 5416 1378 5446 ι
1423 5397 1616 5468 Vertttn
1657 5410 1755 5449 nec

196 5479 250 5528 in
292 5473 454 5528 libris
479 5465 630 5522 antea
678 5472 857 5531 editis,
896 5484 991 5522 nec
1027 5468 1077 5517 in
1108 5482 1232 5516 mss.
1272 5465 1432 5516 ullum
1467 5465 1625 5519 hodie
1657 5481 1752 5517 su-

198 5541 691 5614 perestejusmodi
718 5537 1135 5614 adulterationis
1169 5536 1468 5614 vestigium.

271 5616 355 5685 (5)
387 5604 636 5685 δξᾷξῄηιερτ
663 5609 819 5685 _Alia_s
842 5649 858 5675 ,
903 5628 921 5659 ι
953 5608 1000 5685 id
1028 5616 1111 5659 est
1139 5621 1256 5685 cum
1305 5613 1498 5658 virtute
1551 5604 1748 5658 intelli-

199 5677 407 5755 gentiae
434 5681 634 5755 aliquid
663 5677 1034 5733 intellectualis
1059 5677 1344 5743 conjicere.
1380 5695 1396 5726 ι

270 5757 354 5825 (b‘)
387 5755 450 5807 In
474 5745 618 5805 nobis
639 5764 798 5825 unum
821 5765 977 5825 genus
1000 5763 1240 5800 sensuum
1265 5747 1497 5797 mortale.
1518 5745 1588 5796 lia
1617 5758 1744 5796 mss.

198 5821 358 5878 Alias
394 5826 545 5876 deest
598 5839 616 5870 ι
650 5821 699 5872 in
742 5821 898 5870 nobis
923 5857 938 5881 ,
967 5836 984 5867 ι
1041 5826 1095 5870 et
1142 5833 1167 5867 ι
1201 5831 1363 5884 genus
1408 5831 1683 5868 sensuum.
1723 5832 1740 5862 ι

200 5896 376 5949 Paulo
412 5903 530 5961 post
560 5890 682 5947 libri
721 5888 849 5942 editi
902 5895 1020 5957 post
1054 5903 1072 5935 ι
1109 5885 1435 5952 immortale,
1472 5905 1488 5936 ι
1523 5885 1748 5948 addunt,

1869 4853 1996 4889 mss.
2029 4855 2047 4885 α
2081 4824 2416 4889 abundanter
2449 4824 2713 4883 invenies.
2749 4846 2768 4878 ι
2806 4827 2982 4889 Alias,
3016 4843 3034 4875 ι
3058 4824 3415 4880 abundantius

1867 4907 2132 4958 invenies.
2188 4923 2206 4952 ι
2263 4902 2428 4954 Paulo
2484 4910 2602 4968 post
2653 4913 2783 4968 mss.
2815 4936 2830 4959 ,
2879 4909 3076 4968 tnunc
3126 4896 3252 4964 quid
3309 4899 3411 4950 sibi

1865 4975 2016 5027 velit.
2055 4992 2072 5023 ι
2111 4973 2275 5029 Alias.
2306 4989 2322 5020 ε
2360 4967 2508 5022 Tunc
2541 4968 2631 5036 qui
2669 4967 2767 5019 sibi
2810 4967 2954 5021 velit.
2986 4983 3004 5015 ι

1933 5044 2010 5110 ('7)
2060 5044 2150 5094 Sic
2188 5057 2319 5092 mss.
2354 5040 2525 5099 Alias,
2559 5033 2600 5086 ἐ
2649 5039 2791 5105 quod
2831 5037 2934 5089 alia
2977 5033 3408 5110 cstUinChristo

1862 5103 2077 5164 deitatis
2103 5111 2222 5178 ejus
2263 5118 2452 5160 natura
2487 5122 2606 5175 quae
2855 5145 2867 5158 .
2922 5112 2978 5158 et.
3033 5103 3135 5157 alia
3176 5107 3409 5158 htuuana

1865 5197 2047 5250 qUam,
2086 5199 2104 5229 δ
2137 5190 2239 5233 etc.
2783 5244 2849 5250 λη
3148 5224 3150 5227 .

1933 5252 2008 5319 (8)
2036 5243 2168 5302 Mss.
2194 5288 2208 5310 ,
2253 5265 2269 5295 ι
2306 5254 2525 5319 generat
2565 5260 2678 5319 tne.
2713 5265 2732 5296 ι
2769 5244 2961 5319 Alias,‘
2989 5258 3016 5319 ε.
3037 5243 3220 5319 genuit
3253 5259 3352 5319 me.
3385 5263 3403 5294 ι

1865 5311 2032 5372 Paulo
2073 5328 2191 5388 post
2236 5311 2386 5388 mss,
2427 5333 2444 5362 ‹
2487 5315 2575 5365 Dei
2612 5316 2798 5388 _virt_us
2829 5320 2883 5366 et
2927 5311 3019 5365 Dei
3064 5316 3343 5383 sapientia.
3381 5333 3399 5363 ι

1857 5390 2024 5452 Alias,
2060 5385 2196 5440 (rei
2228 5387 2399 5437 virtus
2426 5393 2478 5436 et
2513 5385 2798 5447 sapientia.
2836 5401 2854 5432 ι

1927 5460 2004 5527 (9)
2036 5459 2126 5510 Sic
2158 5471 2281 5527 mss.
2315 5455 2482 5527 Ali-as,
2512 5471 2540 5527 _t
2578 5453 2801 5527 fuerint.
2834 5472 2852 5504 ι

1924 5519 2034 5597 (ID)
2069 5527 2146 5595 Aie
2185 5526 2318 5593 forte
2359 5525 2476 5597 ipso
2504 5522 2826 5588 ὑπόστασις,
2882 5523 2935 5574 id
2981 5533 3053 5575 est
3102 5523 3315 5597 substnn
3344 5522 3391 5573 iu

1856 5591 1991 5668 ejus.
2019 5591 2098 5650 'Ita
2132 5591 2259 5648 mss.
2293 5597 2342 5668 in
2373 5594 2566 5668 quibus
2593 5603 3136 5668 tamenantevocem
3172 5594 3391 5668 uni/Jeru-

1857 5663 1938 5731 ἆις
1965 5677 2230 5732 comparet
2265 5663 2364 5714 ali‘a
2398 5679 2496 5716 vox
2531 5665 2712 5716 (ἑτέρω
2758 5665 2834 5717 sic
2861 5663 3125 5716 delineuta
3151 5704 3164 5727 ,
3195 5663 3400 5732 lPll‘A,

1859 5755 1976 5806 qua-
2008 5730 2132 5803 quid
2165 5735 2264 5787 sibi
2301 5734 2423 5806 velit
2461 5749 2525 5806 ne
2577 5736 2884 5806 conjectura
2927 5733 3013 5806 qui
3055 5748 3135 5806 cui
3167 5747 3310 5806 iasse
3336 5730 3400 5792 .ti

1861 5803 2076 5876 possunt
2107 5844 2122 5867 ,
2166 5806 2265 5857 nisi
2321 5804 2456 5876 forte
2491 5803 2744 5876 legatur;
2774 5803 2903 5876 idid.
2957 5803 3008 5876 in
3059 5803 3207 5876 libris
3245 5811 3402 5876 antra

1861 5871 2020 5932 editis
2051 5877 2261 5945 legitur,
2293 5891 2310 5924 ι
2338 5889 2401 5927 ne
2433 5872 2567 5926 forte
2603 5874 2711 5937 ipsa
2735 5873 2864 5927 idem
2888 5872 3184 5927 substantia
3214 5871 3345 5938 ejus.
3377 5885 3398 5918 ι
