4126 6308
743 454 841 517 131

1951 450 2270 509 ORIGENIS
2297 451 2456 507 ΠΕΡΙ
2489 452 2718 506 ΑΡΧΩΝ

3744 445 3932 516 ,ιω

743 575 980 631 tudinem
1006 573 1113 647 54
1164 576 1215 629 in
1247 574 1507 642 sapientia
1559 571 1841 642 requisivit
1886 585 1981 640 per
2012 571 2112 626 hoc
2143 570 2283 639 quod
2313 575 2357 631 Λ
2389 569 2604 629 dicitur,
2632 568 2840 638 species
2873 567 3079 622 scilicet
3101 565 3152 619 in
3184 579 3243 620 se
3268 574 3322 622 et
3348 562 3497 618 initia
3525 566 3690 620 totius
3712 560 3936 633 praefor-

720 669 998 737 aapientia
1024 667 1141 721 est‘l
1163 666 1438 731 Quomodo
1459 674 1634 719 autem
1658 675 1809 718 extra
1834 661 1992 728 hujus
2010 663 2283 733 sapientia:
2335 723 2340 728 λ

738 761 1136 831 generationem
1190 757 1354 810 fuisse
1383 751 1667 823 aliquando
1694 753 1864 807 Deum
1898 752 2112 806 Patrem
2145 752 2280 820 (11),

739 840 820 909 vel
854 851 918 904 ad
964 859 1217 918 punctum
1242 848 1492 903 momenti
1523 847 1767 916 alicujus,
1803 846 1923 913 quis
1959 853 2132 912 potest
2163 859 2286 896 sen-

743 945 842 999 tire
863 943 941 996 vel
971 941 1215 1005 credere,
1242 941 1330 1008 qui
1354 948 1531 992 tamen
1557 939 1699 1007 pium
1720 937 1917 1005 aliquid
1949 937 2016 990 de
2041 935 2146 1000 Deo
2172 931 2282 1004 (12)

733 1015 1051 1100 intelligere
1082 1032 1310 1095 noverit,
1348 1029 1424 1082 vel
1459 1028 1696 1081 sentire?
1725 1029 1830 1080 Aut
1881 1027 2020 1080 enim
2055 1041 2156 1077 non
2186 1039 2281 1092 po-

742 1126 908 1178 tuisse
952 1125 1118 1176 Deum
1174 1122 1312 1174 dicet
1347 1134 1607 1187 generare
1637 1118 1950 1186 sapientiam
1999 1125 2281 1184 antequam

743 1205 1050 1285 generaret,
1087 1222 1141 1265 ut
1169 1227 1290 1264 eam
1321 1224 1438 1277 quae
1483 1221 1604 1262 ante
1644 1224 1745 1261 non
1775 1219 1891 1262 erat
1918 1249 1932 1272 ,
1981 1204 2163 1276 postea
2193 1221 2284 1273 ge-

744 1309 919 1361 nuerit
948 1292 1015 1359 uti
1037 1313 1212 1368 esset;
1246 1313 1337 1357 aut
1371 1294 1607 1372 potuisse
1656 1303 1872 1368 quidem
1902 1310 1983 1361 et,
2005 1301 2150 1368 quod
2178 1299 2283 1353 dici

743 1398 808 1449 de
841 1395 947 1448 Deo
1002 1394 1153 1448 nefas
1184 1404 1285 1456 est,
1316 1394 1550 1447 noluisse
1577 1407 1871 1462 generare:
1912 1392 2052 1460 quod
2078 1401 2286 1443 utrum-

693 1530 708 1544 ,
743 1499 846 1551 que
883 1493 936 1536 et
974 1484 1266 1536 absurdum
1293 1497 1410 1537 esse
1434 1491 1487 1534 et
1518 1481 1733 1548 impium
1759 1476 2004 1533 omnibus
2033 1485 2206 1546 patet;
2233 1478 2283 1531 id

743 1584 823 1627 cst
847 1582 904 1627 ut
927 1583 1020 1628 aut
1043 1588 1107 1626 ex
1158 1589 1221 1627 eo
1246 1574 1384 1641 quod
1413 1589 1517 1626 non
1549 1571 1721 1640 potuit
1746 1571 1881 1622 Deus
1911 1569 2197 1637 proliceret
2227 1575 2284 1619 ut

743 1676 955 1734 posset,
987 1675 1076 1718 aut
1109 1680 1228 1718 cum
1266 1673 1443 1733 posset
1472 1704 1487 1728 ,
1540 1661 1904 1716 dissimularet
1954 1674 2017 1712 ac
2046 1657 2284 1712 differret

749 1773 1004 1826 generare
1055 1757 1392 1824 sapientiam.
1451 1755 1673 1822 Propter
1725 1752 1866 1821 quod
1923 1765 2019 1804 nos
2071 1763 2284 1816 semper

747 1849 912 1902 Deum
945 1845 1156 1898 Patrem
1192 1846 1435 1899 novimus
1476 1843 1730 1912 unigeniti
1770 1841 1888 1894 Filii
1931 1841 2046 1904 sui,
2075 1855 2140 1894 ex
2169 1840 2282 1918 ipso

743 1939 957 2007 quidem
992 1938 1123 2003 nali,
1147 1948 1197 1990 et
1223 1938 1362 2005 quod
1391 1946 1475 1990 est
1499 1937 1565 1989 ab
1592 1937 1701 2004 ipso
1730 1933 2011 1997 trahentis,
2038 1933 2153 1986 sine
2179 1919 2287 1983 tilio

745 2039 921 2084 tamen
955 2029 1126 2091 initio,
1178 2043 1282 2080 non
1310 2028 1481 2080 solum
1507 2042 1570 2080 eo
1601 2025 1741 2094 quod
1774 2024 2043 2093 aliquibus
2078 2032 2286 2090 tempo-

750 2137 866 2174 rum
895 2119 1086 2187 spatiis
1134 2119 1387 2188 distingui
1437 2121 1652 2187 potbst,
1709 2119 1800 2170 sed
1833 2131 1898 2168 ne
1949 2115 2040 2168 illo
2070 2116 2284 2184 quidem

745 2211 885 2281 quod
915 2211 1024 2264 sola
1052 2209 1163 2279 (i3)
1196 2209 1331 2278 apud
1355 2210 1694 2276 semetipsam
1725 2221 1876 2260 mens
1905 2206 2097 2259 intueri
2126 2205 2285 2271 solet,

744 2312 798 2355 et
847 2303 987 2353 nudo
1013 2340 1028 2366 ,
1065 2310 1116 2352 ut
1148 2301 1216 2352 ita
1246 2300 1504 2361 dixerim,
1538 2297 1806 2351 intellectu
1837 2336 1852 2360 ,
1906 2307 2076 2375 atque.
2108 2296 2290 2350 animo

743 2392 1066 2459 conspicari.
1103 2391 1265 2444 Extra
1300 2405 1457 2444 omne
1489 2403 1620 2454 ergo
1652 2390 1793 2456 quod
1822 2388 1905 2441 vel
1932 2387 2064 2450 dici,
2099 2385 2182 2438 vel
2212 2388 2288 2439 in-

745 2483 905 2552 telligi
933 2489 1105 2550 potest
1140 2481 1345 2534 initium
1375 2487 1679 2548 generatam
1706 2493 1826 2533 esse
1855 2478 2180 2531 credendum
2208 2485 2290 2530 est

739 2576 1083 2642 sapientiam.
1107 2573 1162 2625 ln
1198 2573 1299 2626 hac
1326 2573 1436 2640 ipsa
1467 2587 1594 2640 ergo
1619 2571 1895 2639 sapientia:
1920 2570 2287 2632 subsistentia,

744 2664 866 2727 quia
881 2663 1069 2723 ,omnis
1095 2663 1264 2715 virtus
1291 2675 1352 2714 ac
1377 2658 1695 2713 deformatio
1723 2659 1912 2711 futura-
1937 2658 2109 2714 inerat
2139 2673 2287 2713 crea-

744 2763 876 2814 tura:
901 2795 914 2816 ,
953 2755 1033 2806 vei
1065 2750 1247 2806 eorum
1289 2767 1406 2819 quae
1439 2750 1810 2818 principaliter
1853 2749 2154 2812 exsistunt,
2207 2747 2286 2800 vel

741 2848 925 2897 eorum
952 2859 1068 2910 qua:
1090 2843 1336 2895 accidunt
1364 2847 1757 2906 consequenter
1782 2838 1978 2891 virtute
2001 2838 2288 2906 pmscien-

745 2936 832 2987 tiae
867 2934 1205 3001 prmfurmata
1245 2939 1402 3000 atque
1443 2931 1723 2998 disposita,
1761 2945 1859 2996 pro
1889 2922 2143 2995 itis-ipsis
2168 2941 2288 2996 quas

741 3023 794 3076 in
850 3025 968 3094 ipsa
1003 3022 1266 3091 sapientia
1317 3021 1462 3074 velut
1514 3020 1793 3086 descripta:
1825 3033 1888 3071 ac
1934 3018 2290 3085 praeﬁgurata.-

745 3115 955 3170 fuerant
978 3115 1245 3168 creaturis
1266 3112 1398 3182 (11),
1425 3111 1653 3178 seipsam
1677 3125 1769 3177 per
1794 3109 2132 3163 Salomonem
2158 3108 2288 3163 dicit

737 3215 974 3261 creatam
1019 3218 1136 3259 esse
1169 3203 1430 3271 sapientia
1460 3201 1668 3253 initium
1703 3201 1912 3252 viarum
1959 3199 2073 3263 Dei,
2111 3197 2285 3253 conti-

741 3308 876 3349 nens
899 3292 1106 3348 scilicet
1135 3292 1185 3344 in
1228 3291 1516 3360 semetipsa
1570 3291 1833 3344 universae
1887 3297 2144 3343 creaturae
2203 3288 2288 3345 vel

745 3386 922 3448 initia,
977 3384 1060 3437 vel
1099 3384 1318 3448 formas,
1351 3382 1431 3435 vel
1467 3382 1692 3449 species.

846 3473 902 3526 5.
953 3471 1105 3538 Quali
1141 3479 1319 3523 autem
1377 3469 1536 3521 modo
1571 3464 1926 3520 intelleximus
1974 3463 2286 3534 sapientiam

727 3561 957 3616 initium
1010 3562 1217 3615 viarum
1255 3559 1345 3612 Dei
1371 3571 1529 3630 esse,
1562 3566 1616 3612 et
1647 3558 1915 3626 quomodo
1964 3565 2143 3611 creata
2169 3569 2290 3614 esse

817 3700 862 3732 ³⁸
883 3699 1038 3755 Joan.
1065 3715 1102 3767 ι,
1128 3700 1180 3757 1.

747 3819 915 3902 Paulo
943 3827 1057 3899 post
1082 3833 1298 3904 inssan
1346 3822 1397 3873 in
1429 3818 1690 3904 sapientia
1722 3818 2022 3904 requisivit.
2055 3837 2074 3870 ι
2107 3820 2276 3884 Alias,

752 3908 773 3945 ‹
805 3891 858 3944 iu
888 3890 1159 3957 sapientia.
1178 3889 1272 3953 Dei
1306 3889 1606 3957 requisivit.
1646 3907 1664 3940 ι
1779 3889 1803 3904 ⁷
2103 3935 2109 3940 .

816 3959 926 4030 (11)
957 3956 1227 4030 Quomodo
1261 3956 1430 4030 autem
1460 3970 1611 4030 extra
1643 3957 1799 4030 huius
1833 3957 2101 4023 sapientia:
2123 3974 2284 4030 geneg

745 4025 999 4082 rationem
1028 4029 1184 4095 fuisse
1221 4027 1501 4092 aliquando
1525 4025 1685 4095 De_um
1725 4025 1951 4089 Patrem,
1986 4035 2088 4078 etc.
2118 4025 2172 4079 Si
2197 4027 2281 4080 cui

748 4100 890 4153 forte
920 4093 1160 4165 suspecta
1200 4097 1271 4148 sit
1310 4097 1411 4165 hoc
1442 4095 1556 4147 loco
1589 4093 1763 4149 Rufini
1796 4096 1948 4157 fides,
1978 4105 2030 4147 et
2061 4109 2284 4163 expres,-

745 4171 891 4220 siora
925 4163 1072 4234 putet
1096 4180 1255 4231 quam
1288 4163 1613 4234 utOrigenis
1660 4166 1784 4227 sint,
1831 4166 2301 4234 hiscargumenta

749 4239 943 4302 quibus
993 4235 1260 4302 aeternitas
1288 4233 1423 4287 Filio
1459 4233 1550 4285 Dei
1578 4235 1905 4296 vindicatur,
1938 4233 1980 4286 is
2006 4234 2146 4302 legat
2179 4233 2284 4285 alia

749 4301 1168 4373 lcoﬁuvapoﬁv‘ra
1207 4301 1451 4371 Origenis
1493 4305 1648 4355 verba
1675 4318 1790 4370 quae
1826 4305 1985 4356 refert
2010 4301 2287 4356 Marcellus

748 4376 1065 4444 Aucyrauus
1084 4375 1226 4441 apud
1269 4373 1559 4444 Eusebium
1579 4374 1671 4424 lib.
1692 4388 1718 4444 Δι
1744 4374 1998 4444 adversus
2020 4374 2284 4444 eumdem

750 4439 1078 4510 Marcellum,
1109 4439 1227 4509 cap.
1259 4443 1314 4503 1.
1352 4457 1475 4507 pag.
1499 4439 1603 4494 22:
1641 4441 1712 4494 us
1751 4440 1857 4510 γὰρ
1890 4443 1918 4492 ὁ
1945 4440 2074 4503 Θεὸς
2102 4441 2289 4510 Πατὴρ

745 4509 884 4583 εἶναι
925 4511 1148 4583 ἧρξατᾳ,
1171 4511 1557 4583 ’κωλρόμξνρςη
1589 4511 1662 4583 ὡς
1687 4512 1734 4583 oi
1764 4509 2031 4583 γιὺόμενφι
2060 4509 2289 4583 πατ-ἐρες

1423 4579 1433 4597 1

2391 675 2546 713 mane
2576 668 2629 713 et
2665 659 2948 713 continens
2973 667 3271 726 creaturre;
3299 656 3400 710 hoc
3424 655 3585 712 etiam
3612 656 3768 709 modo
3802 652 3936 707 Ver-

2390 750 2514 802 bum
2551 748 2643 802 Dei
2673 762 2792 801 eam
2837 761 2960 802 esse
2993 746 3391 815 intelligendum
3424 735 3505 799 es't
3541 744 3764 812 perime
3790 742 3929 811 quod

2397 840 2508 906 ipsa
2556 839 2764 900 emeris
2817 838 3101 902 omnibus,
3151 838 3201 892 id
3245 848 3325 892 est
3377 837 3636 908 universae
3674 844 3933 888 creatura:

2385 931 2768 1000 mysteriorum
2813 940 2868 984 et
2900 944 3220 984 arcanorum
3256 929 3540 992 rationem,
3582 941 3699 994 qua:
3743 926 3930 994 utiqt".

2386 1020 2528 1074 intra
2575 1021 2661 1074 Dei
2693 1019 3005 1089 sapientiam
3055 1021 3416 1083 continentur,
3451 1020 3650 1088 aperiat
3684 1033 3699 1072 :
3752 1030 3804 1074 et
3841 1033 3932 1086 per

2384 1111 2490 1167 hoc
2521 1111 2764 1166 Verbum
2808 1112 3022 1173 dicitur,
3069 1113 3192 1180 quia
3225 1113 3294 1166 sit
3325 1120 3574 1180 tanquam
3611 1122 3930 1165 arcanorum

2398 1199 2595 1255 mentis
2621 1201 2901 1267 interpres.
2930 1199 3082 1255 Unde
3113 1209 3166 1254 et
3192 1213 3334 1254 recte
3367 1202 3495 1254 mihi
3520 1184 3931 1254 dictus'videtur

2391 1301 2569 1340 sermo
2611 1286 2698 1339 ille
2739 1287 2826 1354 qui
2859 1288 2909 1339 in
2939 1289 3176 1341 ‘Actibus
3224 1289 3369 1341 Pauli
3414 1290 3646 1358 scriptus
3687 1299 3765 1342 est
3797 1287 3931 1356 (15),

2386 1380 2509 1446 quia
2568 1396 2588 1428 ‹
2618 1377 2701 1431 hic
2731 1387 2811 1432 est
2849 1377 3082 1434 Verbum
3142 1380 3335 1439 animal
3374 1379 3591 1436 Vivens.
3628 1399 3648 1432 ι
3702 1379 3933 1435 Joannes

2389 1483 2518 1522 vero
2552 1467 2818 1523 excelsius
2843 1478 2895 1523 et
2925 1471 3235 1538 prmclarius
3266 1471 3316 1524 in
3359 1471 3512 1524 initio
3539 1471 3805 1542 Evangelii
3850 1470 3928 1526 sui

2383 1559 2533 1624 dicit,
2571 1562 2788 1628 propria
2819 1561 3131 1614 definitione
3164 1562 3331 1614 Deum
3363 1578 3482 1615 esse
3513 1562 3772 1617 definiens
3799 1563 3928 1617 Ver-

2385 1651 2530 1710 bum,
2558 1651 2778 1705 dicens:
2821 1669 2839 1701 ι
2878 1651 2942 1704 Ει
2977 1653 3115 1707 Deus
3149 1661 3265 1706 erat
3294 1651 3529 1705 Verbum
3554 1693 3569 1718 ,
3613 1664 3664 1705 et
3691 1653 3788 1707 hoc
3816 1662 3930 1706 erat

2386 1739 2441 1790 in
2476 1739 2629 1800 initio
2673 1741 2809 1806 apud
2862 1740 3027 1794 Deum
3077 1742 3140 1793 “.
3178 1760 3197 1792 ι
3247 1740 3345 1806 Qui
3382 1751 3560 1794 autem
3612 1741 3817 1798 initium
3843 1744 3930 1797 dat

2387 1828 2560 1882 Verbo
2589 1828 2701 1896 Dei,
2735 1830 2814 1883 vel
2841 1832 3118 1900 sapientiae
3166 1831 3291 1892 Dei,
3330 1833 3538 1886 intuere
3570 1835 3838 1904 tremis
3871 1836 3922 1886 in

2393 1922 2564 1989 ipsum
2595 1923 2889 1989 ingenitum
2930 1923 3149 1978 Patrem
3201 1921 3926 1991 impietaternsﬁfjactet.

2392 2029 2512 2067 cum
2544 2028 2666 2066 eum
2703 2023 2861 2082 neget
2892 2027 3108 2080 semper
3137 2012 3361 2068 Patrem
3397 2010 3656 2070 fuisse"ct
3682 2016 3930 2082 genuisse

2391 2103 2649 2169 Verbum,
2688 2115 2741 2158 et
2772 2103 3025 2158 habuisse
3053 2105 3368 2172 sapientiam
3405 2106 3468 2159 in»
3503 2107 3749 2162 omnibus
3775 2116 3926 2165 ante.-

2391 2196 2623 2270 rioribus
2651 2235 2666 2260 ,
2708 2195 2789 2249 vel
2828 2197 3186 2262 temporibus,
3225 2196 3306 2250 vel
3335 2196 3545 2252 seculis
3567 2238 3584 2264 ,
3619 2198 3699 2252 vel
3727 2198 3769 2252 si
3802 2199 3929 2268 quid

2389 2283 2524 2340 illud
2550 2293 2634 2337 est
2667 2285 2806 2353 quod
2830 2286 3090 2338 nominari
3125 2295 3314 2354 petest.

2458 2377 2511 2430 4.
2546 2376 2638 2430 llic
2661 2384 2786 2446 ergo
2811 2376 2975 2430 Filius
2998 2379 3158 2431 etiam
3183 2379 3421 2432 ontnium
3445 2393 3563 2446 quae
3590 2387 3713 2433 sunt
3737 2381 3929 2435 vet-itas

2390 2476 2472 2520 est
2498 2476 2551 2520 ct
2577 2469 2725 2531 vita;
2778 2479 2827 2521 et
2863 2478 3027 2523 recte.
3073 2467 3200 2522 Nam
3252 2471 3514 2536 quomodo
3550 2471 3787 2524 viverent
3813 2470 3924 2542 tl6)

2390 2573 2508 2626 qius
2539 2558 2676 2612 facta
2713 2569 2854 2624 sunt,
2889 2561 2987 2612 nisi
3017 2575 3083 2614 ex
3112 2561 3270 2615 vita?‘
3293 2560 3384 2613 Vel
3409 2557 3675 2629 quomodo
3709 2563 3930 2618 veritate

2390 2661 2701 2705 constarent
2733 2667 2792 2705 ea
2827 2667 2944 2720 quae
2969 2665 3112 2715 sunt,
3153 2655 3252 2707 nisi
3283 2669 3347 2706 ex
3379 2655 3603 2710 veritate
3648 2654 3932 2709 descende—

2395 2744 2672 2798 rent?Vel
2706 2747 2976 2813 quomodo
3010 2746 3358 2799 rationabiles
3387 2759 3603 2818 possent
3637 2764 3757 2804 esse
3802 2751 3928 2804 sub-

2391 2835 2641 2902 stantiae,
2694 2836 2794 2890 nisi
2846 2835 3077 2891 Verbum
3138 2839 3216 2890 vel
3262 2842 3396 2895 ratio
3449 2845 3805 2909 praecederet?
3840 2821 3930 2899 Vel

2389 2927 2654 2994 quomodo
2682 2941 2930 2997 saperent
2951 2928 3083 2998 (l7),
3114 2931 3216 2985 nisi
3248 2942 3390 2987 esset
3413 2930 3928 3002 sapientia?Verum

2391 3019 2647 3086 quoniam
2684 3018 2920 3074 futurum
2949 3031 3067 3076 erat
3105 3036 3160 3078 ut
3195 3025 3362 3092 etiam,
3387 3025 3873 3096 decidereutaliqui
3900 3041 3928 3078 a

2391 3107 2520 3172 vita,
2557 3117 2611 3162 et
2635 3120 2863 3164 mortem
2887 3112 2989 3165 sibi
3024 3112 3120 3181 ipsi
3148 3097 3554 3168 consciscerent
3593 3115 3725 3185 (18).
3752 3131 3815 3169 ex
3867 3130 3929 3170 eo

2379 3194 2510 3261 ipso
2541 3198 2683 3264 quod
2738 3212 2769 3250 a
2822 3199 2935 3251 vita
2975 3200 3278 3254 deciderent
3315 3201 3465 3272 (non
3505 3203 3646 3275 enim
3680 3204 3822 3258 aliud
3849 3213 3932 3258 est

2394 3300 2538 3339 mors
2565 3301 2725 3353 quam
2772 3303 2801 3342 a
2831 3289 2938 3342 vita
2985 3290 3326 3366 discedere),
3362 3304 3415 3347 et
3443 3297 3627 3364 utique
3655 3311 3759 3350 non
3791 3303 3931 3353 esset

2394 3366 2751 3442 consequens,
2785 3388 2844 3432 ut
2871 3392 2932 3431 ea
2962 3396 3079 3449 qum
3103 3381 3270 3435 setael
3295 3381 3361 3435 ad
3395 3385 3678 3438 vivendum
3713 3385 3927 3440 fuerant

2395 3479 2672 3535 procreata
2706 3486 2735 3525 a
2771 3471 2878 3527 Deo
2912 3475 3123 3542 penitus
3149 3478 3486 3546 deperirent,
3534 3478 3767 3546 oportuit
3808 3486 3929 3530 ante

2397 3571 2772 3632 mortemesse
2797 3566 2953 3621 talem
2987 3568 3258 3636 virtutem,
3307 3585 3426 3639 qua:
3457 3570 3689 3624 iuturam
3743 3569 3930 3625 dissol-

2387 3827 2676 3889 utrumque
2705 3829 2758 3874 et
2788 3822 3073 3874 absurdum
3101 3835 3287 3877 esse...
3316 3825 3365 3878 id
3390 3831 3470 3878 est
3496 3833 3553 3877 ut
3585 3833 3678 3876 aut
3700 3839 3762 3877 ex
3788 3838 3872 3879 eo.
3904 3843 3923 3876 ι

2387 3892 2555 3953 Alias,
2599 3910 2616 3941 ‹
2650 3892 2772 3960 quia
2806 3899 3092 3961 utrumque
3137 3903 3195 3946 et
3221 3895 3508 3947 absurdum
3542 3909 3728 3948 esse...
3765 3896 3812 3950 id
3844 3906 3922 3950 est

2391 3971 2446 4010 Ul
2473 3974 2557 4012 00.
2601 3977 2620 4010 δ
3522 3991 3525 3994 -
3705 3989 3712 3991 Α

2623 4028 2713 4081 Sic
2766 4042 2898 4082 mss.
2941 4027 3093 4084 Alias
3120 4069 3136 4095 ,
3178 4048 3197 4081 ι
3233 4031 3352 4086 sine
3400 4031 3489 4086 illo
3519 4031 3735 4101 quidem
3791 4033 3926 4103 quod

2389 4113 2669 4235 Βοέἳλῖιιθ
2703 4168 2869 4238 codex
2904 4159 3245 4238 Remigianus
3274 4178 3324 4222 et
3359 4179 3504 4224 recte
3536 4174 3774 4229 omnino.
3802 4174 3922 4238 Alii,

2388 4254 2404 4284 ι
2436 4250 2533 4301 pro
2559 4238 2639 4311 bis
2674 4237 2801 4303 ipsis
2830 4251 2953 4311 quae
2982 4237 3034 4287 in
3065 4239 3178 4303 ipsa
3204 4239 3467 4311 sapientia
3499 4237 3922 4311 velutdescripta

2383 4315 2436 4357 ct
2458 4307 2792 4378 praefigurata
2825 4304 3034 4357 fuerant
3061 4307 3342 4378 creaturis.
3376 4327 3396 4378 ρ
3435 4310 3597 4364 Paulo
3625 4320 3740 4378 post
3765 4304 3916 4376 mss,

2390 4390 2408 4421 ι
2444 4374 2576 4425 dicit
2603 4384 2836 4426 creatam
2870 4388 2988 4453 esse
3022 4377 3339 4453 sapientia.»
3372 4377 3530 4434 Libb.
3562 4374 3715 4449 editi,
3748 4401 3766 4435 t
3795 4374 3918 4437 dicit

2389 4453 2626 4493 creatam
2658 4459 2776 4495 esse
2809 4453 3145 4511 saplentlatu.
3178 4463 3197 4495 ι

2461 4490 2787 4584 {eius}.
2809 4490 3207 4584 iungamus
3224 4504 3456 4584 scriptus
3482 4527 3578 4584 eat,
3607 4490 3711 4577 etc.
3734 4521 3817 4575 De
3840 4522 3920 4575 bis

745 4557 1062 4659 ἆξῐρῳρἓᾎῖξ
1474 4557 1733 4659 “suae
1758 4557 1844 4632 τέὦ
1859 4557 2286 4659 massas;

2390 4557 3918 4659 assignas{assumismi;'iifm;;t.=;;°p73,";:

741 4655 801 4706 Et
852 4648 958 4721 γὰρ
973 4651 1057 4703 ἀεὶ
1079 4649 1274 4712 τέλειος
1296 4651 1322 4700 ὁ
1343 4648 1490 4713 Θεὸς,
1510 4651 1602 4701 καὶ
1629 4649 1886 4720 πάρεστιν
1909 4648 2054 4718 αὐτῷ
2069 4648 2291 4756 δύναέιις

745 4719 836 4756 mf}
865 4720 1072 4756 Πηη-ἐηη
1094 4719 1251 4756 nhs-hu
1277 4715 1408 4756 σῖυηι
1447 4720 1536 4756 νηὶ
1564 4719 1722 4756 vni)“.
1745 4720 1900 4756 ηιίιιιλυ
1923 4714 2050 4756 εἶναι
2078 4719 2190 4756 "nr
2227 4736 2287 4756 rm

745 4719 836 4773 τοῦ
863 4714 1075 4789 Πάτέρα
1094 4715 1433 4789 αὐτὸνγεῖναι,
1447 4714 1722 4789 καὶίκαλὸύ
1745 4720 1900 4770 αὑτὸν
1922 4714 2056 4771 εἶναζι
2078 4714 2290 4789 Πατέρᾳ

743 4789 838 4844 τοῦ
870 4788 1104 4842 τοιούτου
1140 4788 1267 4841 Υἱοῦ
1289 4827 1302 4851 ,
1333 4789 1383 4840 τι
1429 4788 1779 4841 ἂναὸάλλεται
1799 4827 1812 4850 ,
1842 4790 1935 4839 καὶ
1970 4788 2156 4840 ἑαυτὸν
2198 4788 2288 4840 eos

744 4860 908 4912 καλοῦ
933 4859 1207 4928 στηρίσκει
1226 4859 1365 4928 ,Ακαὶ
1398 4857 1471 4918 ὡς
1500 4858 1648 4928 ἐστιν
1673 4860 1840 4909 εἰπεῖν
1857 4895 1871 4919 ,
1909 4856 1965 4919 ἐξ
1991 4852 2048 4908 οὗ
2075 4857 2288 4928 δύναται

747 4926 1107 4999 numam
1140 4926 1267 4978 Υἰοῦ
1291 4942 1312 4999 ;_
1350 4928 1421 4977 Τὸ
1444 4927 1581 4999 Δςιιὺιτὸ
1621 4927 1862 4999 μέντοιγε
1918 4929 2009 4979 καὶ
2041 4929 2165 4999 περὶ
2196 4927 2286 4999 τοῦ

748 4996 922 5067 ἁγίοῡᾴ
948 4997 1254 5067 Ili/stipato;
1302 4996 1533 5049 λεκτέον.
1580 5015 1598 5044 ι
1637 4996 1750 5049 Non
1780 4998 1916 5067 enim
1951 4999 2088 5051 Deus
2112 4996 2287 5063 ‘cmpit

749 5065 1072 5133 essePater,
1095 5065 1158 5120 eo
1185 5068 1325 5133 quod
1352 5107 1367 5132 ,
1413 5075 1470 5118 ut
1511 5067 1649 5118 inter
1677 5066 1922 5120 homines
1953 5067 2070 5120 fieri
2126 5069 2284 5126 solet,

750 5139 902 5190 Pater
929 5151 1045 5189 esse
1075 5137 1408 5204 nequiverat.
1435 5135 1566 5188 Nam
1596 5134 1640 5187 si
1669 5150 1878 5202 semper
1902 5139 2174 5204 perlectus
2197 5150 2287 5186 ex-

752 5205 888 5256 stitit
920 5203 1079 5268 Deus,
1111 5203 1452 5272 potestasque
1487 5204 1535 5258 ei
1569 5205 1669 5258 fuit
1701 5221 1798 5273 qua
1833 5204 1987 5258 fieret
2015 5206 2195 5264 Pater,
2221 5203 2285 5256 ac

751 5274 947 5330 bonum
972 5286 1052 5326 est
1079 5275 1224 5326 illum
1249 5288 1369 5328 esse
1401 5276 1606 5329 Patrem
1636 5278 1756 5329 talis
1792 5273 1927 5332 Filii.
1957 5291 2053 5327 cur
2081 5273 2283 5334 diflert,

749 5351 802 5411 et
826 5356 890 5394 ex
925 5357 1028 5408 quo
1062 5344 1179 5396 Filii
1213 5353 1385 5411 potest
1425 5358 1544 5397 esse
1594 5343 1751 5397 Pater
1778 5385 1792 5409 ,
1848 5345 2083 5410 seipsqu
2131 5351 2282 5394 tanto

751 5410 891 5463 bono
915 5412 1129 5479 privat?
1162 5410 1302 5466 idem
1337 5414 1498 5465 etiam
1535 5414 1815 5467 dicendum
1846 5417 1910 5466 de
1942 5423 2130 5466 sancto
2161 5411 2285 5475 Spi-

752 5479 878 5531 ritu.
913 5498 932 5530 ι
968 5481 1098 5534 Vide
1122 5483 1335 5549 insuper
1365 5482 1463 5534 alia
1484 5484 1740 5549 .Origeuis
1772 5483 1884 5536 loca
1922 5497 2042 5549 quae
2075 5479 2284 5548 profert

748 5521 1558 5628 usus:su't'i‘s:g;.;zzs;
1574 5521 2046 5628 ὶιῖέξιῑιέξξξηῖῗιςῖ
2075 5521 2286 5628 ’ἐὲξῖὲξ

749 5619 1036 5742 «ιιιεξέηῐη
1062 5623 1292 5688 reperies
1323 5621 1413 5674 lib.
1445 5637 1495 5674 tv
1519 5621 1594 5674 De
1621 5619 1912 5690 principiis,
1944 5619 2009 5675 iu‘
2044 5621 2187 5674 notis
2217 5620 2283 5673 ad

749 5702 804 5738 n.
917 5727 928 5738 .

749 5702 804 5738 Il.
837 5702 928 5738 Ζδ.

809 5759 930 5881 ⁶ΣΗ.)
972 5757 1045 5812 De
1075 5757 1200 5810 Deo.
1235 5758 1358 5814 Haec
1383 5761 1576 5814 desunt
1620 5761 1670 5812 in
1723 5758 1850 5814 libb.
1899 5771 2054 5814 antea
2091 5757 2279 5821 editis,

862 5839 1072 5881 exstant
1103 5830 1151 5880 in
1170 5830 1414 5881 omnibus
1439 5846 1567 5881 mss.
1592 5828 1755 5881 Paulo
1776 5844 1894 5881 DOSI.
1919 5846 2073 5881 mss..
2099 5848 2115 5878 ε
2141 5831 2279 5881 (ιιιυύ

745 5828 839 5881 sed
862 5839 1072 5882 exstant
1103 5830 1151 5880 in
1170 5830 1414 5884 omnibus
1439 5846 1567 5885 mss.
1592 5828 1755 5884 Paulo
1775 5844 1894 5898 pOSt
1919 5846 2073 5896 mss.,
2099 5848 2115 5878 ε
2141 5831 2280 5895 quod

2390 4653 2573 4704 eodem
2607 4650 2764 4712 libro,
2791 4666 2907 4718 cap.
2935 4652 3023 4715 25,
3049 4651 3360 4707 Pliilastrius
3383 4650 3917 4713 lmres.787.'Diversi

2388 4721 2552 4796 erant
2578 4721 2632 4796 lii
2676 4721 2846 4796 Actus
2873 4724 2943 4796 ab
2975 4724 3199 4777 Actibus
3232 4723 3383 4796 Pauli
3417 4736 3471 4779 et
3502 4726 3729 4780 Thecla.
3755 4728 3918 4785 Porro

2389 4791 2532 4862 quod
2584 4789 2648 4862 in
2688 4789 2945 4855 ejusmodi
2993 4793 3313 4862 apocrypliis
3367 4797 3594 4849 Actibus
3628 4796 3918 4852 habebatur

2389 4859 2513 4925 quia
2555 4876 2574 4908 r
2604 4859 2687 4910 hic
2725 4868 2807 4914 est
2837 4859 3056 4916 verbum
3083 4859 3299 4920 'anit'nai
3327 4863 3531 4927 vivens,
3564 4883 3584 4916 ι
3619 4864 3794 4919 nullus
3822 4871 3915 4921 du-

2392 4928 2502 4979 bito
2530 4927 2658 4996 quin
2690 4942 2940 4996 corrupte
2961 4933 3255 4985 derivatum
3283 4933 3352 4983 sit
3380 4946 3442 4984 ex
3469 4933 3552 4986 his
3581 4935 3646 4987 ad
3665 4934 3912 4992 Hebraea

2389 5011 2461 5060 tv,
2580 4995 2728 5071 :_§th
2762 4995 2868 5071 γὰρ
2911 5003 2939 5054 6
2967 5002 3131 5068 Λόγος
3155 4997 3246 5071 τοῦ
3268 4998 3420 5053 Θεοῦ.
3771 5064 3776 5065 ί

2461 5065 2568 5136 (16)
2602 5065 3085 5130 Μςε.,ἰὗὶνθτθιιι.
3124 5088 3143 5120 ι
3173 5070 3338 5133 Alias,
3376 5091 3393 5120 ι
3434 5074 3628 5127 vivent.
3667 5093 3686 5126 ι

2463 5137 2571 5205 (17)
2599 5136 2868 5202 Sapereut.
2905 5142 2979 5192 Ita
3027 5140 3194 5193 codex
3231 5139 3589 5199 Colbertinus.
3645 5144 3746 5197 Alii
3798 5158 3910 5203 cum

2389 5218 2542 5258 antea
2601 5209 2783 5270 editis,
2819 5227 2836 5257 ‹
2870 5212 3102 5277 sapiens.
3134 5228 3151 5259 ι
3197 5209 3394 5262 Ibidem
3447 5228 3599 5272 tuss.,
3655 5231 3673 5265 ι
3730 5229 3911 5268 verum

2387 5277 2636 5353 quoniam
2672 5277 2909 5332 futurum
2956 5291 3092 5333 erat.
3137 5298 3156 5330 ι
3198 5280 3343 5333 Alias
3379 5298 3394 5328 ι
3435 5294 3619 5336 verum
3649 5285 3909 5353 quomodo

2386 5346 2624 5416 futurum
2654 5355 2788 5399 erat.
2829 5366 2848 5398 ι
3665 5346 3685 5353 ’
3824 5408 3830 5416 ,

2456 5415 2565 5489 (18)
2593 5415 2704 5489 Sibi
2730 5419 2835 5489 ipsi
2886 5421 3276 5489 consciscerent.
3301 5419 3389 5474 Sic
3413 5433 3555 5477 recte
3575 5436 3760 5476 omnes
3789 5433 3911 5474 mea.

2385 5485 2588 5562 Alias
2617 5485 2813 5562 illiristi
2839 5486 3257 5546 consciscerent.
3284 5510 3303 5542 ι
3339 5491 3500 5548 Paulo
3536 5502 3654 5562 post
3677 5492 3915 5562 libi-ian-

2388 5566 2472 5612 tea
2503 5556 2652 5619 editi,
2689 5575 2706 5606 ε
2744 5567 2796 5610 et
2828 5569 2971 5613 esset
3002 5561 3325 5615 resurrectio
3361 5563 3416 5614 in
3452 5556 3674 5625 Domino
3700 5570 3752 5613 et
3797 5561 3912 5615 Sal-

2386 5635 2571 5677 vatore
2614 5637 2794 5682 nostro
2821 5668 2834 5693 ,
2859 5644 2978 5698 qua:
3025 5634 3369 5694 resurrectio,
3401 5644 3508 5686 etc.
3530 5675 3544 5696 ,
3580 5643 3688 5683 tum
3729 5629 3913 5682 deinde

2385 5699 2930 5815 quomodO'futurum
2961 5710 3098 5754 erat.
3136 5718 3154 5751 ι
3211 5703 3335 5756 bed.
3372 5720 3502 5759 uisa.
3549 5703 3690 5755 utin
3739 5709 3912 5755 ttoa'lto

2409 5780 2550 5815 exui.
3655 5784 3664 5790 ’

2409 5780 2550 5818 CXIII.
3655 5784 3664 5790 ’
