4126 6308
244 475 356 528 153

1614 479 1811 533 LIBER
1851 479 2128 535 PRIMUS.

3342 493 3457 548 131

244 606 404 649 voret
438 605 683 658 mortem.
726 609 781 653 et
817 608 958 654 esset
992 600 1315 653 resurrectio
1339 613 1458 667 quae
1503 599 1554 652 in
1589 601 1809 654 Domino
1837 607 1891 661 Α·
1912 603 2199 669 quamdam
2245 603 2310 656 de
2341 602 2432 656 Dei
2483 604 2736 678 sapientia
2793 606 2891 658 hoc
2944 610 3099 660 modo
3151 611 3404 678 scriptaut
3433 627 3454 666 ι

241 696 306 738 et
332 685 611 742 Salvatore
641 697 829 742 nostro
863 688 1092 742 formata
1127 700 1226 753 est,-
1253 705 1372 758 quaa
1400 692 1720 745 reSurrectio
1752 691 1802 744 in

244 778 369 844 ipsa
405 780 495 832 Dei
544 780 806 848 sapientia
859 790 913 832 et
951 781 1125 834 Verbo
1181 794 1245 832 ac
1301 781 1408 832 vita
1463 781 1799 834 consisteret.

244 860 390 918 Tum
425 867 619 921 deinde
643 869 895 935 quoniam
932 866 1168 920 futurum
1194 876 1312 921 erat
1341 877 1399 921 ut
1428 869 1591 936 aliqui
1621 884 1684 922 ex
1720 868 1802 921 his

240 953 345 1024 qui
383 958 554 1011 creati
607 965 749 1020 sunt,
781 972 878 1026 pro
926 973 989 1012 eo
1017 960 1162 1026 quod
1214 974 1321 1012 non
1359 961 1714 1022 naturali-ter,
1751 961 1800 1014 id

239 1054 336 1101 est
360 1047 792 1102 substantialiter
820 1048 1018 1102 inesset
1043 1051 1120 1101 eis
1149 1048 1367 1112 bonum,
1403 1050 1498 1101 sed
1527 1050 1799 1111 accidens,

241 1149 358 1188 non
435 1137 677 1190 volentes
737 1138 1175 1192 incanvertibiles
1223 1149 1280 1193 et
1335 1139 1798 1192 incomtnutabilcs

241 1238 466 1293 semper
486 1241 820 1294 permanere,
848 1243 911 1282 ac
935 1243 1148 1297 semper
1174 1229 1225 1282 in
1252 1229 1447 1283 eisdem
1474 1229 1626 1283 bonis
1651 1245 1780 1296 aequ:

243 1329 314 1366 ac
345 1317 619 1369 moderata
649 1317 929 1372 libratione
959 1318 1178 1382 durare,
1220 1320 1310 1372 sed
1361 1320 1602 1377 conversi
1637 1330 1798 1386 atque

243 1407 443 1458 mutati
477 1407 542 1459 de
569 1416 708 1459 statu
743 1423 839 1460 suo
884 1409 1200 1463 deciderent
1230 1409 1362 1479 (l9),
1396 1411 1480 1462 via
1513 1411 1685 1468 factus
1715 1413 1797 1464 eat

240 1495 485 1549 Verbum
518 1497 608 1550 Dei
661 1507 714 1551 et
755 1501 1040 1566 sapientia.
1073 1500 1311 1565 Quaevia
1347 1501 1546 1555 idcirco
1581 1503 1795 1564 dicitur,

236 1587 392 1651 quod
442 1587 508 1638 ad
539 1585 751 1639 Patrem
784 1588 943 1640 ducat
975 1604 1066 1641 eos
1098 1591 1185 1656 qui
1237 1605 1332 1657 per
1361 1605 1478 1644 eam
1521 1592 1793 1645 incedunt.

237 1674 594 1742 Quaecunque
628 1693 755 1745 ergo
804 1679 1036 1732 diximus
1071 1680 1137 1733 de
1176 1683 1439 1748 sapientia
1492 1683 1628 1745 Dei,
1689 1685 1798 1736 hare

235 1768 636 1820 convenienter
680 1769 1005 1832 aptabuutur
1037 1781 1090 1823 ct
1117 1769 1490 1839 intelligcutur
1516 1774 1674 1825 etiam
1704 1790 1798 1841 pro

233 1870 307 1908 eo
331 1859 477 1924 quod
511 1857 678 1910 Filius
710 1857 799 1911 Dei
830 1858 934 1909 vita
966 1867 1067 1920 est,
1096 1869 1147 1910 et
1173 1874 1267 1925 pro
1293 1874 1357 1912 eo
1387 1863 1527 1927 quod
1568 1863 1794 1915 Verbum

1916 711 1934 742 ε
1981 690 2160 760 Vapor
2189 703 2273 746 est
2297 691 2461 758 enim,
2500 695 2692 761 iuqttit,
2726 695 2938 749 virtutis
2965 697 3077 759 Dei,
3107 709 3158 752 et
3193 701 3460 771 ἀπόρῤοιιι

1908 781 2092 849 gloriae
2111 783 2486 854 munipotentis
2515 782 2798 849 purissima
2825 784 2890 840 ³⁷.
2923 804 2940 836 υ
2971 785 3090 839 Ideo
3115 803 3242 856 ergo
3274 789 3325 841 in
3340 804 3460 843 eam

1909 867 2042 921 nihil
2070 871 2518 926 commaculatum
2549 873 2781 926 incidere
2804 883 2997 939 potest.
3025 874 3289 941 Splendor
3314 879 3456 929 enim

1907 966 1984 1011 est
2010 958 2144 1012 lucis
2175 968 2411 1022 aeternae,
2445 971 2497 1013 et
2529 963 2800 1028 speculum
2829 963 3230 1017 immaculatum
3266 981 3458 1034 opera-

1909 1047 2068 1100 tionis
2090 1048 2204 1111 Dei,
2232 1057 2284 1101 et
2311 1048 2484 1116 imago
2524 1051 2775 1103 bonitatis
2801 1050 2933 1116 ejus.
2967 1039 3297 1120 Sapientiam
3327 1072 3455 1109 vero

1905 1135 2162 1199 dicimus,
2229 1137 2371 1188 sicut
2432 1139 2679 1205 superius
2738 1140 3003 1202 diximus,
3053 1143 3456 1196 subsistentiam

1905 1222 2187 1277 habentem
2243 1226 2563 1289 nou-alibi,
2615 1229 2713 1280 nisi
2767 1229 2817 1280 in
2863 1244 2927 1283 eo
2975 1231 3064 1297 qui
3115 1241 3198 1284 est
3243 1231 3457 1293 initium

1904 1314 2174 1379 omnium;
2201 1329 2263 1366 ex
2289 1328 2393 1381 quo
2416 1324 2470 1366 et
2496 1324 2619 1367 nata
2653 1326 2736 1369 est
2770 1332 2994 1386 qumque
3017 1321 3306 1386 sapientia,
3332 1323 3457 1387 quia

1905 1403 2018 1468 ipse
2042 1412 2122 1454 est
2149 1403 2334 1470 quiest
2365 1403 2510 1456 solus
2532 1414 2717 1458 natura
2742 1405 2928 1472 Filius,
2953 1407 3154 1461 ideirco
3183 1417 3238 1460 et
3266 1409 3470 1476 unige-'

1905 1491 2048 1544 nitus
2076 1491 2291 1544 dicitur.

1973 1581 2024 1633 6.
2065 1580 2350 1634 Videamus
2389 1595 2518 1635 sane
2557 1583 2682 1651 quid
2713 1584 2934 1654 intelligi
2967 1585 3161 1639 debeat
3189 1586 3350 1639 etiam
3386 1586 3454 1640 de

1906 1673 2006 1726 hoc
2049 1672 2193 1739 quod
2238 1672 2412 1749 imago
2442 1673 2734 1728 invisibilis
2773 1660 3002 1739 dicitur,
3046 1683 3104 1728 ut
3138 1685 3191 1728 et
3222 1691 3317 1744 per
3355 1677 3456 1729 hoc

1903 1762 2246 1814 advertamus
2273 1765 2542 1829 quomodo
2569 1765 2707 1817 Deus
2736 1761 2880 1818 recte
2910 1765 3070 1818 Pater
3102 1767 3300 1819 dicitur
3329 1765 3454 1818 Filii

1904 1855 2013 1918 sui;
2053 1863 2104 1908 et
2143 1858 2542 1910 consideremus
2584 1856 2758 1920 primo
2791 1870 2854 1907 ex
2897 1856 2979 1906 his
3021 1870 3140 1921 quite
3170 1866 3456 1908 consuetu-

233 1954 348 2009 εει,
375 1955 430 2000 et
460 1962 555 2013 pro
581 1961 645 1999 eo
673 1948 813 2015 quod
861 1950 1062 2000 veritas
1109 1959 1209 2010 est,
1238 1962 1288 2001 et
1320 1966 1414 2016 pro
1442 1967 1504 2002 eo
1535 1953 1675 2018 quod
1715 1969 1796 2006 re-
1832 1936 1870 1992 Β
1900 1944 2022 1998 dine
2075 1945 2348 1998 hominum
2400 1945 2664 2013 imagines
2720 1945 2978 2013 appellari
3037 1945 3228 1999 solent.
3273 1946 3451 2014 Imago

232 2037 513 2091 surrectio
541 2046 658 2090 est:
692 2037 816 2104 q'uia
848 2037 929 2088 hae
949 2050 1137 2089 omnes
1167 2039 1550 2107 appellationes
1580 2057 1645 2094 ex
1677 2057 1798 2109 ope-

232 2128 394 2180 ribus
425 2127 542 2198 ejus
574 2142 635 2180 ac
670 2126 962 2179 virtutibus
993 2128 1282 2181 nominatae
1314 2141 1457 2192 sunt,
1487 2141 1539 2184 et
1569 2131 1619 2182 in
1655 2132 1794 2184 nulla

239 2217 444 2270 Irarum
473 2218 555 2271 vel
605 2219 706 2272 levi
744 2221 997 2288 Opinione
1035 2221 1254 2288 intelligi
1288 2222 1565 2289 corporale
1596 2222 1794 2288 aliquid

230 2317 440 2373 potest,
473 2309 616 2377 quod
643 2310 726 2368 vel
763 2309 1184 2378 magnitudinem
1221 2311 1507 2378 designare
1533 2312 1792 2374 videatur,

231 2395 322 2448 vel
359 2398 655 2464 habitum,
689 2398 792 2468 55
837 2400 917 2452 vel
967 2400 1239 2452 colorem:
1295 2401 1548 2465 quoniam
1605 2400 1654 2453 hi
1683 2400 1792 2470 (ἓο)

227 2484 328 2550 qui
362 2485 613 2537 videntur
637 2488 776 2554 apud
799 2501 895 2537 nos
919 2469 1197 2537 hominum
1225 2484 1342 2546 filii,
1372 2485 1453 2536 vel
1477 2496 1793 2538 rmterorum

227 2573 578 2637 animalium,
620 2575 812 2627 semini
851 2580 1039 2628 edrum
1070 2589 1100 2627 a
1132 2575 1326 2641 quibus
1380 2575 1626 2627 scminati
1670 2583 1795 2640 sunt

226 2662 590 2728 respondent,
617 2661 698 2714 vel
723 2677 906 2715 earum
935 2677 1162 2729 quarum
1194 2662 1246 2714 in
1282 2671 1440 2719 utero
1483 2659 1792 2713 formantur

226 2767 298 2805 ac
351 2754 706 2817 nutriuntur,
755 2755 957 2806 habent
1007 2767 1071 2807 ex
1115 2754 1198 2807 his
1245 2753 1503 2820 quidquid
1557 2753 1681 2804 illud
1710 2761 1790 2805 est

225 2842 381 2907 quod
418 2841 469 2893 in
518 2843 693 2895 lucem
723 2844 862 2897 hanc
893 2853 1172 2896 assumunt
1203 2847 1276 2896 ac'
1302 2842 1549 2895 deferunt
1579 2856 1792 2910 proces-

225 2928 374 2980 suri.
426 2927 701 2980 Infandum
750 2941 929 2983 autem
958 2940 1039 2985 est
1086 2931 1450 2994 et'iHicitum,
1491 2931 1652 2998 Deum
1688 2929 1790 2981 Pa-

229 3028 376 3070 trem
408 3018 459 3070 in
487 3020 831 3085 generatione
864 3023 1121 3090 unigeniti
1150 3022 1270 3075 Filii
1301 3023 1379 3075 sui
1412 3032 1570 3088 atque
1592 3022 1642 3075 in
1669 3022 1792 3075 sub-

225 3109 485 3162 sistentia
510 3109 624 3172 ejus
647 3124 929 3177 cxmquare
954 3110 1110 3163 alicui
1146 3114 1226 3164 vel
1254 3109 1529 3166 hominum
1555 3113 1639 3167 vel
1666 3114 1792 3169 alio—

227 3214 358 3253 rum
402 3200 718 3268 generanti;
754 3200 846 3253 sed
879 3214 1103 3252 necesse
1153 3210 1233 3254 est
1266 3201 1462 3268 aliquid
1508 3212 1788 3270 exceptum

223 3305 358 3344 esse
393 3289 613 3359 Deoque
641 3291 860 3360 dignum
886 3291 973 3346 eui
1004 3291 1152 3345 nulla
1205 3306 1426 3359 prorsus
1456 3294 1789 3362 comparatio

227 3396 342 3435 non
377 3382 431 3435 in
459 3384 618 3435 rebus
663 3383 860 3446 solum,
897 3383 991 3436 sed
1039 3397 1104 3434 ne
1134 3382 1184 3433 in
1215 3381 1537 3450 cogitatione
1575 3385 1787 3451 quidem

225 3471 320 3524 vel
351 3485 515 3524 sensu
545 3470 773 3525 inveniri
800 3479 996 3539 potest,
1031 3479 1090 3522 ut
1116 3471 1346 3522 humana
1381 3470 1636 3537 cogitatio
1668 3487 1788 3538 pos-

224 3563 300 3615 sit
357 3562 770 3628 apprehendere
815 3561 1082 3628 quomodo
1111 3558 1384 3626 ingenitus
1429 3558 1570 3611 Deus
1628 3559 1787 3612 Pater

223 3650 466 3706 efﬁcitur
502 3651 761 3720 uuigeniti
788 3649 909 3704 Filii
942 3649 1074 3716 (21).
1106 3649 1197 3702 Est
1225 3662 1454 3715 namque
1480 3649 1784 3718 itateterna

226 3757 295 3795 ac
345 3741 674 3807 sempiterna
706 3743 980 3810 generatio
1035 3740 1455 3808 sicutsplendor
1500 3749 1808 3807 geueratur‘

225 3848 294 3886 ex
355 3831 477 3884 luce
528 3831 659 3898 (2‘2).
707 3831 818 3885 Non
861 3831 1000 3883 enim
1034 3845 1129 3896 per
1178 3828 1518 3894 adoptionem
1553 3825 1786 3894 Spiritus

225 3920 408 3976 Filius
457 3921 515 3972 tit
545 3914 910 3985 extrinsecus,
945 3921 1037 3973 sed
1063 3929 1250 3972 natura
1283 3918 1447 3972 Filius
1481 3926 1582 3972 est.

300 4013 360 4066 5.
401 4012 682 4065 Videamus
722 4019 897 4083 tamen
935 4009 1201 4076 quomodo
1244 4009 1354 4061 hare
1391 4018 1508 4075 quae
1558 4007 1783 4060 dicimus

223 4105 398 4156 etiam
433 4100 624 4154 divina?
659 4099 947 4166 Scriptura:
977 4099 1298 4152 auctoritate
1333 4099 1662 4152 muniantur.
1697 4098 1784 4150 Ait

224 4190 507 4260 apostolus
537 4188 730 4243 Paulus
768 4190 1093 4256 unigenitum
1123 4185 1317 4253 Filium
1347 4187 1632 4255 imaginem
1667 4197 1783 4237 esse

225 4284 325 4336 Dei
373 4281 682 4344 invisibilis,
732 4290 785 4334 et
824 4281 1235 4348 primogenitum
1284 4295 1405 4333 eum
1452 4291 1571 4331 esse
1619 4278 1781 4331 totius

223 4383 496 4427 creatura:
516 4373 591 4422 3'z
635 4373 700 4424 ad
729 4369 981 4423 Hebrteos
1003 4384 1149 4425 ,vero
1179 4370 1419 4422 scribens
1455 4367 1583 4421 dicit
1616 4367 1682 4420 de
1717 4381 1780 4419 eo

222 4468 362 4536 quia
400 4485 419 4516 ς
453 4466 520 4519 sit
554 4462 808 4532 splendor
842 4459 1044 4528 gloriae,
1089 4467 1141 4510 ct
1174 4460 1338 4526 figura
1373 4468 1624 4525 expressa
1659 4456 1783 4510 sub—
1817 4445 1820 4447 ’

1901 2033 2167 2086 interdum
2210 2035 2407 2087 dicitur
2443 2050 2505 2085 ea
2539 2049 2655 2101 qum
2695 2034 2746 2086 in
2785 2035 3005 2086 materia
3034 2035 3250 2101 aliqua,
3289 2036 3336 2086 id
3369 2043 3451 2087 est

1900 2123 2025 2190 ligni
2063 2123 2143 2174 vel
2181 2124 2401 2189 lapidis,
2439 2124 2653 2193 tlepingi
2693 2123 2774 2176 vel
2810 2125 3050 2191 exsculpi
3091 2125 3242 2176 solet.
3278 2125 3449 2176 Inter-

1898 2214 2022 2265 dum
2052 2213 2226 2278 imago
2254 2214 2452 2266 dicitur
2479 2215 2595 2276 ejus
2624 2213 2715 2280 qui
2739 2213 2943 2280 genuit,
2973 2215 3016 2266 is
3040 2216 3129 2282 qui
3162 2226 3322 2266 natus
3345 2225 3448 2280 est,

1898 2317 2016 2353 cum
2039 2301 2091 2354 In
2118 2301 2267 2355 nullo
2291 2302 2695 2355 similitudinem
2724 2301 2836 2371 (23)
2869 2301 3190 2357 lineamenta
3223 2306 3339 2373 ejus
3357 2305 3450 2372 qui

1899 2391 2083 2473 genuit
2115 2393 2168 2443 in
2211 2407 2274 2445 eo
2303 2394 2389 2459 qui
2431 2401 2582 2445 natus
2607 2401 2722 2455 est,
2753 2392 3109 2444 tnentiuntur.
3149 2393 3286 2447 Puto
3317 2409 3447 2462 ergo

1899 2483 2239 2562 posse'priori
2259 2481 2470 2560 quidem
2497 2481 2742 2548 exemplo
2761 2484 2930 2549 aptari
2964 2494 3083 2533 eum
3109 2487 3199 2549 qui
3229 2485 3294 2536 ad
3317 2485 3449 2535 ima-

1895 2571 2069 2638 ginem
2088 2571 2555 2623 etsimilitudinem
2585 2568 2677 2621 Dei
2698 2570 2873 2623 factus
2897 2579 2998 2633 est,
3024 2570 3291 2624 hominem
3311 2571 3446 2640 (24),

1895 2663 1958 2715 de
1987 2677 2091 2729 quo
2123 2662 2424 2730 diligentius
2448 2660 2667 2734 “favente
2699 2659 2807 2713 Deo
2836 2676 2957 2714 cum
2982 2662 3156 2714 locum
3192 2663 3362 2731 ipsum
3386 2666 3438 2716 in

1893 2751 2088 2805 Genesi
2132 2766 2400 2818 exponere
2445 2739 2799 2819 coeperimus,
2832 2752 3149 2804 videbimus.
3185 2750 3444 2808 Secunda:

1892 2854 2020 2892 vero
2060 2809 2664 2910 comparatiouiliutago
2709 2841 2827 2893 Filii
2877 2841 3002 2905 Dei,
3045 2842 3108 2894 de
3155 2857 3260 2910 quo
3301 2859 3442 2898 nunc

1892 2943 2071 2984 sermo
2101 2937 2215 2990 est,
2252 2899 2553 3034 comparaki
2594 2938 2771 2996 potest
2815 2930 2976 2982 etiam
3009 2933 3304 2984 secundum
3346 2934 3447 2986 hoc

1895 3023 2034 3091 quod
2089 3022 2383 3076 invisibilis
2430 3022 2539 3075 Dei'
2577 3023 2750 3089 imago
2802 3023 3087 3076 invisibilis
3133 3037 3246 3088 est,
3300 3028 3442 3081 sicut

1891 3113 2183 3165 secundum
2235 3109 2511 3162 historiam
2553 3111 2784 3165 dicimus
2826 3111 3111 3179 imaginem
3148 3113 3276 3165 Adae
3321 3130 3445 3168 esse

1896 3200 2056 3254 (ilium
2084 3198 2196 3263 ejus
2220 3198 2368 3251 Selh.
2402 3198 2476 3250 Ita
2510 3199 2652 3250 enim
2690 3197 2945 3267 SCriptum
2973 3205 3085 3249 est:
3119 3215 3135 3245 ι
3170 3197 3233 3248 Et
3261 3201 3443 3266 genuit

1816 3261 1857 3318 α
1895 3291 2057 3344 Adam
2086 3289 2545 3351 Setlt,secundum
2571 3287 2851 3354 imaginem
2876 3302 3048 3351 suam,
3071 3294 3123 3337 ct
3150 3289 3438 3341 secundum

1893 3379 2125 3448 speciem
2167 3395 2319 3431 suam
2361 3379 2427 3433 ⁸³.
2476 3398 2493 3430 ι
2533 3379 2659 3443 Quae
2703 3378 2880 3444 imago
2918 3377 3080 3429 etiam
3129 3387 3333 3428 natura:
3382 3393 3443 3430 ac

1893 3472 2208 3523 substantia:
2233 3469 2408 3522 Patris
2428 3479 2479 3521 et
2504 3467 2620 3520 Filii
2647 3467 3186 3520 continettmitatem.
3214 3465 3266 3519 Si
3297 3468 3440 3518 enim

1893 3561 2071 3614 omnia
2105 3576 2223 3630 qua:
2251 3560 2376 3613 facit
2400 3559 2578 3620 Pater,
2610 3558 2723 3610 ha‘c
2746 3566 2797 3610 et
2826 3557 2991 3609 Filius
3019 3556 3143 3609 facit
3175 3557 3439 3620 similiter,

1894 3656 1945 3703 in
1975 3664 2037 3703 eo
2057 3641 2197 3719 quod
2222 3650 2405 3702 omnia
2433 3650 2502 3700 ita
2535 3647 2661 3700 facit
2691 3646 2858 3700 Filius
2888 3645 3025 3698 sicut
3055 3645 3235 3708 Pater,
3268 3647 3440 3714 imago

1890 3740 2068 3794 Patris
2099 3743 2149 3795 in
2187 3741 2319 3794 Filio
2349 3739 2710 3801 deformatur,
2752 3739 2838 3805 qui
2870 3738 3054 3805 utique
3082 3745 3239 3789 natus
3281 3750 3342 3788 ex
3376 3752 3439 3789 eo

1891 3838 1971 3884 est
2012 3831 2156 3895 velut
2188 3824 2433 3898 quaedam
2477 3828 2722 3882 voluntas
2760 3827 2874 3895 ejus
2911 3842 2974 3880 ex
3027 3836 3204 3879 mente
3248 3842 3436 3895 proce-

1883 3903 2025 3973 ilens
2054 3918 2192 3988 (25).⁴
2216 3920 2277 3971 Ει
2295 3920 2413 3971 ideo
2436 3934 2534 3986 ego
2560 3920 2796 3971 arbitror
2813 3917 2952 3984 quod
2985 3916 3226 3971 sufﬁcere
3247 3918 3438 3971 debeat

1890 4009 2137 4061 voluntas
2189 4007 2367 4060 Patris
2413 4009 2478 4060 ad
2525 4008 2922 4061 subsistendum
2977 4006 3080 4060 hoc
3135 4007 3275 4075 quod
3323 4008 3436 4060 vult

1891 4100 2069 4152 Pater.
2111 4095 2304 4149 Volens
2345 4100 2485 4150 enim
2530 4114 2634 4151 non
2682 4099 2785 4150 alia
2832 4098 2913 4153 via
2948 4093 3144 4156 utitur,
3185 4097 3284 4150 nisi
3319 4111 3438 4169 quae
3483 4107 3490 4114 ‘

1889 4187 2111 4241 consilio
2137 4186 2423 4237 voluntatis
2440 4186 2730 4252 profertur.
2756 4189 2830 4239 ita
2856 4203 2983 4255 ergo
3013 4195 3067 4239 et
3105 4186 3222 4238 Fdii
3258 4188 3436 4241 subsi-

1888 4277 2078 4331 stentia
2104 4281 2393 4342 generatur
2428 4274 2493 4324 ab
2525 4288 2608 4325 eo.
2641 4272 2789 4336 Quod
2813 4287 3031 4325 necesse
3053 4280 3136 4325 est
3173 4273 3221 4324 in
3249 4272 3434 4339 primis

1887 4365 2083 4432 suscipi
2116 4363 2182 4415 ab
2217 4363 2299 4415 his
2334 4362 2420 4428 qui
2454 4363 2585 4412 nihil
2622 4363 2952 4432 ingenitum,
2989 4363 3039 4421 id
3071 4371 3153 4413 est
3191 4363 3431 4412 innatum

1889 4465 2077 4525 praeter
2099 4452 2264 4506 solum
2291 4451 2452 4502 Deum
2477 4449 2690 4501 Patrem
2721 4451 2954 4502 fatentur
2972 4449 3106 4516 (‘26).
3128 4449 3432 4502 Observan-

221 4557 449 4611 stantisn
483 4556 596 4625 ejus
622 4555 688 4606 ac.
728 4573 747 4605 ι
793 4551 1095 4605 Invenimus
1131 4549 1481 4602 nihilominus
1517 4549 1682 4629 etiam
1726 4549 1779 4601 in
1815 4585 1858 4639 Β
1887 4546 2010 4598 dum
2045 4555 2272 4607 namque
2301 4547 2400 4601 est,
2429 4553 2492 4589 ne
2515 4539 2635 4639 quis
2662 4539 2898 4590 incurrat
2926 4537 2978 4589 in
3010 4538 3131 4639 illas
3166 4537 3431 4639 absurdus

223 4646 532 4713 Sapientia,
588 4659 707 4714 qua
752 4643 946 4696 dicitur
977 4638 1318 4702 Salomonis,
1373 4639 1782 4706 descriptionem

295 4755 348 4787 ³³
378 4753 582 4808 Coloss.
611 4769 651 4809 ι.
678 4753 762 4808 i5.
837 4751 880 4782 ³⁸
913 4748 1044 4804 lIeb.
1071 4764 1106 4813 ι,
1132 4748 1184 4802 3.
1265 4746 1308 4778 ³⁷
1337 4747 1464 4814 Sap.
1491 4762 1588 4813 νη,
1613 4745 1705 4801 25.

298 4870 422 4938 (l9)
455 4869 527 4924 De
581 4877 723 4927 statu
759 4882 853 4938 tuo
910 4864 1249 4938 deciderent._
1275 4860 1371 4938 Sie
1402 4862 1601 4928 optime
1643 4873 1775 4920 mss.

220 4937 286 4994 ll
306 4930 482 4990 'autea
511 4938 669 4990 editis
703 4937 842 5001 male
871 4933 1134 4989 omittitur
1171 4948 1189 4981 ι
1219 4930 1550 5001 deciderent.
1587 4947 1607 4980 ι

300 5006 554 5078 (20)_Sic_
579 5020 708 5078 mss:
734 4996 896 5064 Alias.
931 5020 949 5077 ᾳ
981 5001 1234 5078 colorem.
1265 4995 1539 5078 Quomodo
1563 4997 1776 5078 quidem

223 5065 326 5132 bi.‘
366 5065 593 5127 {Paulo
625 5071 762 5132 infra
799 5072 950 5130 utss.,
990 5087 1008 5120 ι
1044 5069 1240 5123 habent
1284 5083 1346 5119 ex
1391 5065 1475 5117 his
1519 5066 1775 5131 quidquid

227 5143 375 5200 illud
400 5152 483 5197 est
512 5139 712 5208 quod.»
744 5139 892 5208 alias
932 5155 950 5188 ε
999 5140 1195 5208 habent
1222 5152 1287 5190 ex
1313 5135 1394 5187 bis
1439 5133 1769 5208 quidquam,

227 5213 372 5268 illud
393 5222 475 5264 est
493 5201 656 5280 quod.
702 5207 909 5280 {Paulo
937 5207 1074 5260 infra
1102 5221 1254 5280 mss.,
1283 5225 1300 5255 ι
1319 5201 1572 5280 atquein
1599 5201 1775 5280 subsi-

224 5281 438 5338 stentia
470 5274 602 5344 ejus.
636 5295 655 5326 ι
702 5276 884 5337 Alias,
921 5294 939 5324 ι
973 5285 1130 5342 atque
1167 5276 1218 5326 in
1253 5274 1550 5326 substantia
1581 5274 1769 5344 ejus.)

306 5339 536 5430 (2|)Si'c
579 5355 734 5430 rrecte
956 5339 1099 5420 Alias
1124 5349 1410 5430 corrupte,
1449 5356 1467 5387 t
1510 5339 1777 5406 quomodo

226 5409 547 5485 unigeititus
578 5413 716 5466 Deus
747 5409 973 5462 eﬂicitur
997 5413 1253 5478 unigeniti
1283 5410 1424 5463 Filii.
1474 5428 1491 5459 ι
1619 5475 1628 5485 _

228 5553 243 5566 .
305 5485 426 5566 (εί)
459 5481 1149 5566 δίαινερίςξτέῐρῑῖρξηςτέιιεειῖ
1163 5474 1775 5566 ra!s¢s-.“.9c391'§_.59:

207 5548 479 5632 larisque
509 5549 646 5606 radii
680 5549 1038 5632 exetnptolad
1079 5548 1480 5632 signiﬁcandam
1517 5555 1771 5632 (uernam

227 5611 406 5689 Verbi
455 5617 870 5689 generationem,
904 5611 1411 5689 nihil___frequentius
1459 5627 1578 5689 esse
1629 5611 1773 5689 apud

227 5682 746 5809 gryﬁtr'ea‘liosque
781 5682 986 5734 Patres.
1032 5682 1239 5771 Vidests
1278 5683 1582 5750 Origeniatt.
1627 5682 1662 5733 I.
1713 5693 1771 5741 tl,

254 5765 291 5812 ι.
314 5759 375 5812 ὅ.
395 5771 452 5806 ιι.
478 5759 566 5809 ει.
835 5792 892 5800 -
1085 5762 1103 5771 ”

603 5823 759 5879 codd.
789 5792 914 5872 m2;
939 5816 1294 5883 Corbeiensis,
1324 5817 1683 5884 Rendgiauus,
1720 5824 1772 5867 et

1891 4634 2098 4689 fabulas
2128 4645 2310 4686 eorum
2331 4670 2344 4694 ,
2382 4629 2472 4698 qui
2503 4627 2825 4696 prolationes
2857 4626 3116 4694 quasdam
3150 4626 3248 4679 sibi
3297 4626 3429 4692 ipsis

1781 4748 1824 4779 ⁸⁸
1853 4747 1986 4802 Gen.
2014 4760 2067 4809 v,
2091 4744 2146 4798 ’5.

1889 4868 2122 4915 monast.
2147 4859 2204 4912 S.
2233 4855 2476 4915 Michael.
2510 4854 2706 4908 habent
2741 4872 2760 4903 ε
2799 4850 3224 4906 similitudinum.
3265 4868 3283 4899 ι

1955 4927 2071 4997 (24)
2102 4925 2550 4997 εἰςςῃξεηΑΙὶλε,
2597 4941 2614 4973 t
2653 4926 2829 4997 homo.
2861 4938 2881 4972 ι
2915 4920 3074 4997 Paulo
3099 4919 3422 4997 infra-iussn

1890 5015 1908 5047 ε
1951 4984 2130 5065 imago
2171 4994 2292 5065 Filii
2340 4994 2407 5046 de
2455 4984 2580 5058 quo.
2632 4992 2868 5065 i_Alias,
2909 5007 2943 5040 ,ι
2986 4989 3170 5065 imago
3360 4984 3426 5035 de

1881 5080 2003 5136 qua.
2026 5055 2262 5136 {Paulo
2285 5068 2403 5136 post
2436 5055 2632 5136 uiss.,_t
2664 5060 2949 5136 imaginem
2973 5055 3423 5136 Adaaiessenlilittm

1880 5122 1994 5198 ejus
2023 5130 2206 5198 seu...
2240 5122 2407 5190 Alias,
2439 5122 2873 5198 «similitmlin'em
2905 5127 3032 5179 Αιιεε
3056 5122 3379 5176 filiumSeth.
3400 5140 3417 5171 ι

1945 5199 2055 5268 (25)
2076 5195 2242 5268 “Velut
2273 5199 2515 5268 quwdaut
2543 5195 2926 5268 voluntas_ejtt_s
2948 5208 3012 5248 ex
3038 5200 3205 5264 {neme
3237 5205 3422 5268 proce-

1871 5257 2017 5320 dens.
2040 5257 2146 5316 'Sic
2179 5257 2426 5316 Clemens
2455 5264 2750 5316 Alexantlr.
2782 5257 2997 5313 Ρὰειιατν.
3025 5257 3108 5317 tit.
3133 5274 3252 5322 cap.
3293 5257 3413 5318 ult.,

1873 5333 2074 5401 ἀγαθοῦ
2104 5332 2312 5401 Πατρὸς
2344 5331 2541 5398 ἀγαθὸν
2575 5330 2833 5399 βούλημα.
2873 5329 2955 5401 ί
3005 5326 3250 5401 uidisti-is
3285 5325 3419 5375 bona

1872 5393 2136 5454 voluntas.
2172 5419 2189 5448 ›
2225 5393 2477 5452 Str-ornat.
2516 5393 2606 5452 lib.
2637 5414 2686 5460 v,
2721 5393 2840 5464 pag.
2872 5399 2956 5450 54'.
3011 5416 3019 5445 :
3049 5393 3258 5464 θέλημα
3289 5407 3422 5464 trav-

1873 5468 2278 5539 τοκρατορικόν.
2309 5468 2676 5539 Tertullianus
2698 5461 2948 5539 ‘Deiorut.
3017 5479 3097 5530 ap.
3255 5479 3272 5510 ‹
3303 5461 3420 5526 Ipse
3451 5487 3460 5500 ι

1879 5530 1994 5592 era't
2026 5530 2270 5611 voluntas
2303 5547 2357 5589 et
2388 5548 2623 5611 ptitestas
2654 5536 2912 5611 Patriau
3008 5548 3105 5611 nu;
3141 5530 3414 5611 ’ᾼιιιθηξιῇ

1875 5614 2018 5659 'orat.
2048 5609 2081 5659 3
2109 5615 2161 5658 et
2186 5606 2216 5656 4
2244 5597 2429 5664 cutura
2455 5607 2684 5657 At‘ianos
2725 5622 2737 5654 :
2769 5601 2927 5671 βουλὴ
2993 5601 3041 5650 κί
3067 5597 3306 5667 βώλημα,
3325 5597 3416 5644 τοῦ

1879 5674 2121 5742 Πατρόςε
2510 5681 2512 5684 ’

1950 5737 2061 5808 (ΞΒ)
2095 5741 2194 5803 Qui
2240 5744 2368 5796 nihil
2409 5743 2691 5810 ingenitum
2739 5740 2791 5791 id
2825 5756 2867 5810 Δί
2906 5749 2918 5788 t
2951 5739 2988 5810 Ai
3031 5745 3112 5786 nat
3140 5737 3417 5810 tut-fami?

1880 5794 2225 5865 sol‘umllfeum
2264 5794 2488 5863 Patren;
2519 5811 2767 5876 fatentur.
2815 5806 2962 5870 Quod
3017 5810 3162 5854 .'ert.t
3191 5794 3414 5850 Rufillus
