4140 6306
654 400 761 472 135

1872 411 2194 470 ORIGENIS
2226 415 2385 469 ΠΕΡΙ
2421 414 2652 469 ΑΡΧΩΝ

3769 420 3882 479 150

656 534 980 606 depingunt,
1024 542 1083 589 ut
1112 533 1345 589 divinam
1389 540 1635 588 naturam
1671 532 1728 589 in
1762 544 1946 604 partes
1974 546 2174 601 .vocent
2199 578 2213 603 ,
2246 545 2291 599 Α
2323 537 2663 603 resurrectio,
2690 542 3084 605 consequenter
3105 536 3399 609 intelligere
3428 540 3681 596 debemus
3703 545 3874 598 etiam

663 636 715 680 et
753 627 920 680 Deum
956 625 1164 679 Patrem
1200 633 1461 694 qttantum
1495 625 1547 679 in
1582 640 1640 680 se
1668 634 1749 681 est
1775 625 2052 689 dividant,
2091 642 2212 680 cum

660 716 764 787 hoc
822 717 887 766 de
934 712 1253 782 incorporea
1317 724 1509 768 natura
1563 714 1649 769 vel
1695 714 1886 771 leviter
1927 717 2213 786 suSpicari,

658 823 761 863 non
788 808 984 863 'solum
1027 818 1283 864 extrema
1327 810 1621 880 impietatis
1668 812 1767 877 sit,
1818 826 2002 866 verum
2047 814 2212 874 etiam

656 897 862 953 ultima:
898 899 1253 968 insipientia,
1297 915 1395 956 nec
1423 904 1644 959 omnino
1688 903 1754 958 ad
1799 904 2209 975 intelligentiam

653 1002 990 1059 consequens
1049 1000 1107 1044 ut
1176 994 1509 1062 incorporea:
1573 1002 1781 1049 naturae
1842 996 2211 1050 substantialis

651 1079 847 1135 divisio
890 1082 1056 1149 possit
1096 1084 1341 1155 intelligi.
1385 1085 1556 1157 Magis
1600 1100 1727 1156 ergo
1776 1087 1914 1143 sicut
1954 1087 2208 1141 voluntas

651 1172 898 1240 procedit
923 1188 952 1241 e
980 1186 1161 1230 mente
1183 1216 1198 1242 ,
1230 1188 1287 1232 et
1318 1193 1489 1247 neque
1521 1187 1728 1248 partem
1754 1178 1989 1247 aliquam
2015 1181 2208 1234 mentis

649 1273 831 1333 secat,
874 1249 1044 1335 neque
1094 1269 1161 1322 ab
1207 1284 1269 1323 ea
1322 1278 1605 1339 separatur
1641 1279 1734 1324 aut
1777 1270 2063 1336 dividitur,
2114 1270 2206 1325 tali

648 1357 877 1423 quadam
907 1358 1085 1426 specie
1119 1361 1388 1428 putandus
1416 1372 1495 1416 est
1513 1362 1671 1415 Pater
1707 1360 1901 1415 Filium
1933 1362 2202 1430 genuisse,

648 1445 934 1515 imaginem
964 1449 1166 1504 scilicet
1198 1466 1347 1505 suam
1367 1489 1383 1514 ,
1413 1461 1465 1503 ut
1499 1451 1642 1505 sicut
1672 1450 1783 1519 ipse
1811 1448 2093 1504 invisibilis
2122 1460 2205 1504 est

646 1550 743 1606 per
806 1548 1092 1606 naturam,
1152 1542 1224 1595 ita
1280 1542 1563 1610 imaginem
1621 1555 1833 1610 quoque
1882 1541 2200 1595 invisibilem

609 1650 619 1659 υ
646 1632 914 1699 genuerit.
938 1610 1174 1686 Verban
1203 1634 1344 1687 enim
1377 1642 1455 1686 est
1489 1632 1595 1703 56
1616 1632 1804 1699 Filius,
1836 1640 1888 1686 et
1922 1632 2041 1687 ideo
2070 1630 2201 1686 nihil

646 1726 697 1778 in
716 1739 781 1777 eo
803 1725 1058 1779 sensibile
1082 1724 1481 1792 intelligendum
1501 1734 1601 1778 est.
1630 1724 1905 1793 Sapientia
1931 1732 2034 1787 est,
2060 1732 2114 1777 et
2145 1724 2197 1778 in

644 1818 905 1887 sapientia
941 1816 1074 1870 nihil
1101 1830 1419 1881 corporeum
1451 1816 1831 1883 suspicandum
1862 1824 1963 1869 est.
1994 1813 2197 1867 Lumen

2280 640 2283 645 '
2319 627 2618 694 splendoris
2647 640 2813 694 Opus;
2857 638 2951 693 per
2989 625 3325 693 splendorem
3362 642 3594 696 namque
3624 627 3754 698 quid
3796 629 3878 681 sit

2317 720 2404 773 lux
2444 720 2555 788 ipsa
2587 717 2900 786 intelligitur
2921 726 2973 772 et
2988 719 3240 773 sentitur.
3273 717 3374 786 Qui
3406 718 3877 789 splendor‘l'ragi—

2315 810 2455 864 libus
2494 825 2553 864 se
2594 817 2648 865 et
2684 810 2911 867 infirmis
2959 810 3260 867 mortalium
3294 810 3465 865 oculis
3491 809 3769 885 placidius
3804 822 3880 864 ac

2314 898 2487 954 lenius
2516 898 2766 967 oﬂerens,
2794 910 2846 956 et
2876 903 3130 972 paulatim
3161 901 3305 957 velut
3330 900 3567 955 edocens
3596 910 3653 953 et
3681 913 3881 954 assue-

2257 1051 2281 1074 ‘
2316 991 2518 1047 faciens
2555 992 2849 1047 claritatem
2876 994 3093 1048 luminis
3130 993 3274 1062 pati,
3315 1008 3437 1046 eum
3475 992 3544 1046 ab
3586 992 3668 1046 eis
3695 991 3878 1045 dimo-

2314 1084 2450 1138 verit
2474 1099 2631 1137 omne
2658 1086 2799 1152 quod
2836 1086 3007 1141 visum
3039 1085 3260 1141 obducit
3301 1092 3352 1138 et
3384 1084 3643 1152 impedit,
3670 1097 3879 1137 secun-

2310 1174 2436 1227 dum
2476 1177 2616 1243 quod
2655 1177 2911 1230 Dominus
2939 1176 3108 1229 dixit:
3140 1193 3158 1226 ι
3196 1175 3338 1242 Ejice
3363 1174 3572 1228 trabem
3600 1173 3667 1228 de
3702 1171 3871 1227 oculo

2313 1272 2402 1317 tuo
2434 1263 2507 1328 ";
2547 1282 2565 1315 ι
2598 1280 2820 1334 capaces
2839 1280 2928 1320 eos
2946 1264 3183 1321 elllcitail
3208 1264 3603 1332 susclpiendam
3630 1263 3869 1333 gloriam

2307 1352 2473 1420 lucis,
2503 1356 2667 1407 etiam
2704 1354 2755 1408 in
2806 1356 2906 1411 hoc
2948 1355 3092 1410 velut
3129 1355 3347 1425 quidam
3383 1356 3649 1409 mediator
3690 1354 3879 1409 homi-

2308 1461 2432 1499 num
2463 1460 2524 1499 ac
2544 1445 2681 1500 lucis
2706 1445 2948 1502 eﬁ‘ectus.

2384 1539 2436 1593 8.
2491 1536 2685 1591 Verum
2741 1539 2993 1607 quoniam
3048 1537 3158 1609 (29)
3216 1553 3322 1592 non
3382 1537 3555 1593 solum
3602 1537 3875 1608 splendor

2304 1629 2487 1700 gloriae
2535 1644 2655 1685 esse
2711 1632 2909 1685 dicitur
2966 1630 3033 1684 ab
3083 1631 3370 1699 Apostolo,
3430 1630 3523 1685 sed
3585 1640 3639 1684 et
3689 1631 3879 1700 ﬁgura.

2301 1736 2554 1788 expressa
2585 1722 2904 1776 substantiae
2930 1722 3011 1777 vel
3042 1723 3406 1779 subsistentiis
3434 1721 3700 1788 ejus,non
3724 1720 3867 1775 mihi

2304 1803 2517 1867 videtur
2554 1811 2713 1867 otiosi
2752 1827 2871 1868 esse
2911 1814 3220 1869 intellectus
3260 1815 3546 1867 advertere
3587 1811 3870 1880 quomodo

641 1919 725 1965 est
747 1923 950 1972 verum,
976 1908 1116 1976 quod
1142 1908 1413 1960 illuminat
1445 1918 1658 1959 omnem
1685 1903 1954 1959 hominem
1979 1903 2201 1957 venien-
2232 1889 2273 1943 Β
2304 1905 2407 1959 alia
2442 1914 2637 1974 prmter
2668 1906 2834 1975 ipsam
2868 1907 2958 1962 Dei
2986 1905 3367 1973 subStantiam,
3402 1918 3736 1972 quaecunque
3765 1902 3865 1955 illa

645 2008 749 2053 tem
781 2000 835 2051 in
876 1998 1019 2051 hunc
1046 1998 1302 2051 mundum
1333 1995 1397 2058 ”,
1430 1994 1528 2048 sed
1562 1994 1694 2046 nihil
1724 1993 1888 2047 habet
1913 2006 2196 2046 commune

640 2088 706 2141 ad
736 2087 863 2142 solis
882 2086 1039 2156 hujus
1072 2086 1273 2141 lumen.
1303 2085 1479 2153 Imago
1503 2099 1632 2153 ergo
1657 2094 1741 2139 est
1776 2084 2066 2139 invisibilis
2100 2082 2190 2138 Dei

638 2178 817 2234 Patris
853 2176 1098 2232 Salvator
1126 2186 1339 2243 noster,
1375 2184 1634 2245 quantum
1666 2175 1732 2230 ad
1765 2176 1935 2245 ipsum
1973 2175 2190 2246 quidem

638 2268 855 2323 Patrem
882 2267 1082 2320 veritas
1104 2264 1250 2336 ,(27);
1278 2272 1535 2335 quantum
1568 2272 1746 2317 autem
1780 2262 1845 2317 ad
1873 2276 1971 2343 nos
1993 2260 2190 2330 quibus

639 2356 839 2413 revelat
872 2355 1120 2420 Patrem,
1158 2358 1334 2425 imago
1378 2364 1462 2409 est
1491 2369 1587 2423 per
1632 2368 1794 2422 quam
1820 2353 2191 2427 cognoscimus

638 2448 887 2512 Patrem,
921 2464 1079 2519 quem
1112 2463 1272 2504 nemo
1307 2448 1444 2503 alius
1476 2448 1622 2502 novit
1647 2447 1749 2502 nisi
1781 2446 1981 2510 Filius,
2015 2455 2068 2501 et
2100 2447 2188 2502 cui

635 2540 1042 2596 volueritFilius
1059 2541 1317 2597 revelare.
1353 2539 1574 2594 Revelat
1597 2546 1771 2592 autem
1799 2553 1895 2608 per
1922 2540 2021 2595 hoc
2045 2540 2188 2610 quod

637 2634 753 2704 ipse
780 2633 1114 2703 intelligitur.
1150 2632 1195 2686 A
1220 2648 1327 2703 quo
1355 2633 1466 2702 ipse
1499 2631 1641 2685 enim
1682 2630 1843 2685 fuerit
1881 2631 2186 2687 intellectus

635 2734 1037 2795 consequenter
1080 2723 1404 2793 intelligitur
1442 2732 1503 2791 et.
1522 2720 1708 2787 Pater,
1750 2722 2039 2803 secundum
2086 2724 2186 2776 hoc

635 2817 775 2888 quod
795 2818 905 2886 ipse
929 2816 1099 2871 dixit:
1126 2833 1145 2867 ι
1176 2814 1276 2883 Qui
1300 2829 1384 2867 me
1404 2814 1558 2880 vidit,
1585 2814 1717 2867 vidit
1736 2822 1791 2868 et
1815 2812 2024 2866 Patrem
2050 2815 2115 2869 δ’.
2148 2832 2168 2866 ι

702 2909 757 2964 7.
798 2907 902 2965 Sed
940 2909 1194 2978 quoniam
1236 2919 1538 2963 sermonem
1586 2904 1735 2958 Pauli
1768 2905 2088 2961 inseruimus
2122 2907 2187 2960 de

630 3002 847 3057 Christo
874 2999 1100 3056 dicentis
1138 2989 1279 3054 in‘eo
1304 2996 1445 3067 quod
1490 2996 1564 3050 ait
1594 2996 1718 3065 quia
1759 3013 1777 3046 ι
1812 2997 2067 3071 splendor
2102 3006 2195 3053 est

630 3093 810 3161 gloriae
838 3092 951 3158 Dei,
984 3101 1041 3148 et
1070 3092 1237 3163 ﬁgura
1268 3104 1518 3159 expressa
1545 3088 1855 3144 substantia:
1884 3090 1997 3156 ejus
2024 3080 2063 3121 δί’
2097 3108 2111 3145 :
2159 3109 2179 3143 ι
2232 3124 2235 3127 Α

630 3182 759 3252 quid
786 3196 851 3236 ex
885 3182 987 3236 hoc
1020 3182 1360 3237 sentiendum
1390 3181 1461 3234 sit
1500 3178 1795 3232 videamus.
1836 3194 1854 3227 ι
1905 3179 2045 3233 Deus
2091 3178 2179 3233 lux

628 3281 713 3331 est
735 3273 804 3338 δ’,
849 3291 868 3324 ι
900 3258 1193 3329 secundum
1234 3268 1515 3326 loannem.
1558 3268 1823 3339 Splendor
1855 3284 1981 3340 ergo
2025 3270 2184 3339 hujus

592 3422 595 3425 _
630 3356 764 3420 lucis
795 3373 880 3419 est
921 3364 1229 3433 unigenitus
1267 3363 1463 3423 Filius,
1496 3375 1563 3414 ex
1603 3361 1715 3430 ipso
1749 3361 2185 3429 inseparabiliter

627 3455 774 3511 velut
804 3455 1056 3525 splendor
1072 3453 1182 3527 (28)
1213 3469 1278 3509 ex
1304 3453 1423 3507 luce
1447 3453 1764 3523 procedens,
1794 3461 1847 3507 et
1877 3453 2183 3510 illuminans

628 3549 933 3603 universam
957 3558 1289 3605 creaturam.
1318 3545 1623 3601 Secundum
1660 3547 1773 3601 haec
1807 3561 2038 3615 namque
2063 3563 2181 3618 quae

626 3641 874 3710 superius
897 3640 1251 3709 exposuimus
1270 3678 1285 3703 ,
1318 3638 1585 3707 quomodo
1613 3638 1694 3690 via
1718 3637 1817 3704 sit,
1847 3648 1901 3692 et
1925 3639 2083 3693 ducat
2110 3640 2177 3695 ad

624 3717 930 3797 Patrem,et
952 3729 1217 3800 quomodo
1236 3728 1468 3785 Verbum
1494 3729 1565 3783 sit
1591 3743 1786 3783 arcana
1815 3731 2092 3796 sapientiae
2115 3745 2178 3786 ac

623 3825 862 3888 scientia:
891 3823 1143 3893 mysteria
1170 3824 1533 3892 interpretans
1562 3818 1926 3891 ac’proferens
1950 3824 2181 3877 rationa-

625 3915 717 3970 bili
746 3925 1038 3982 creaturre,
1066 3917 1333 3985 quomodo
1360 3917 1525 3971 etiam
1562 3915 1762 3969 veritas
1782 3920 1838 3968 'et
1878 3914 1981 3968 vita
2013 3924 2095 3971 est
2124 3924 2180 3971 et

694 4068 915 4126 “Joan.
946 4087 981 4135 ι
1007 4071 1060 4126 9.
1137 4071 1181 4103 ⁸ο
1213 4071 1369 4125 Joan.
1396 4086 1505 4135 xw,
1530 4070 1583 4126 9.
1660 4071 1704 4102 δ’
1730 4071 1860 4127 lleb.
1886 4089 1925 4137 ι,
1948 4060 2000 4127 5.

625 4213 759 4268 nihil
803 4214 1123 4285 ingenitum,
1185 4215 1236 4269 id
1263 4222 1347 4268 est
1390 4213 1654 4285 innatum,
1691 4231 1712 4265 ι
1741 4214 1791 4268 ld
1818 4213 2173 4285 Hieronymus

624 4283 900 4339 reddidit}
946 4286 1077 4337 nihil
1110 4285 1371 4338 inlectum
1404 4299 1422 4331 ι
1464 4283 1517 4335 in
1552 4283 1711 4350 epist.
1740 4285 1805 4336 ad
1834 4283 2048 4339 Avitum
2084 4288 2171 4341 ubi

621 4356 696 4407 ait
727 4371 741 4407 :
773 4372 792 4404 ι
825 4354 1064 4409 Tertium
1094 4355 1358 4421 dignitate
1398 4360 1451 4404 et
1478 4354 1683 4406 honore
1721 4361 1839 4421 post
1878 4353 2088 4408 Patrem
2121 4366 2175 4410 et

621 4422 840 4488 Filium,
875 4424 1072 4477 asserit
1095 4424 1356 4493 Spiritum
1392 4432 1674 4487 sanctum,
1712 4426 1905 4493 dequo
1930 4440 2049 4477 cum
2091 4428 2171 4493 ig-

622 4508 821 4546 norare
853 4509 910 4546 se
948 4493 1092 4545 dicat
1117 4501 1295 4563 utrum
1328 4491 1500 4563 factus
1531 4494 1687 4545 sitan
1716 4492 1967 4553 infectus.
1993 4495 2043 4545 in
2078 4491 2174 4563 po-

2080 4075 2123 4106 ⁶²
2154 4076 2169 4129 l
2197 4073 2353 4129 Joan.
2383 4087 2420 4135 ι,
2445 4069 2497 4124 5.

2300 1997 2600 2053 substantia
2631 2008 2684 2052 et
2708 1999 3058 2054 subsistentia
3087 2000 3307 2063 dicitur,
3342 1998 3507 2073 ﬁgura
3541 1994 3867 2051 substantiae

2298 2088 2414 2157 ejus
2444 2104 2563 2143 esse
2599 2090 2829 2144 dicatur.
2873 2088 2937 2143 Et
2972 2090 3094 2143 vide
3130 2103 3196 2143 ne
3233 2089 3371 2143 forte
3401 2087 3656 2157 quoniam
3683 2085 3865 2141 Filius

2301 2181 2420 2246 Dei,
2448 2182 2537 2250 qui
2574 2179 2810 2236 Verbum
2848 2180 2963 2249 ejus
2993 2190 3047 2235 et
3082 2180 3344 2250 sapientia
3383 2180 3597 2242 dicitur,
3624 2188 3677 2232 et
3706 2177 3866 2233 solus

2298 2275 2450 2327 novit
2487 2273 2734 2337 Patrem,
2772 2281 2827 2328 et
2862 2272 3062 2327 revelat
3099 2273 3297 2341 quibus
3334 2269 3482 2337 vult,
3544 2271 3597 2324 id
3639 2278 3725 2324 est
3760 2268 3862 2338 qui

2295 2381 2524 2436 capaces
2556 2365 2703 2420 verbi
2735 2365 2902 2433 ipsius
2919 2374 2972 2419 et
2998 2364 3275 2433 sapientia:
3298 2363 3524 2424 fuerint.
3552 2361 3859 2417 secundum

2294 2459 2395 2514 hoc
2432 2459 2603 2527 ipsum
2636 2458 2777 2526 quod
2808 2455 3030 2527 intelligi
3055 2464 3218 2525 atque
3245 2455 3465 2526 agnosci
3491 2453 3626 2511 facit
3654 2454 3854 2515 Deum.

2296 2550 2518 2618 ﬁguram
2550 2549 2864 2603 substantia:
2900 2556 3062 2616 atque
3096 2546 3461 2601 subsistentia:
3492 2548 3609 2614 ejus
3636 2546 3863 2628 dicatur

2292 2635 2629 2712 exprimere:
2666 2640 2717 2696 id
2756 2648 2840 2696 est
2890 2655 3011 2697 cum
3064 2640 3409 2710 semetipsum
3449 2641 3684 2709 primum
3753 2639 3857 2693 de-

2299 2733 2495 2788 scribit
2526 2732 2788 2801 sapientia
2824 2744 2884 2785 ea
2927 2746 3045 2801 quae
3076 2730 3318 2787 revelare
3352 2730 3465 2785 vult
3491 2732 3705 2786 caeteris
3726 2769 3744 2795 ,
3786 2745 3860 2785 ex

2292 2822 2487 2894 quibus
2506 2823 2571 2877 ab
2604 2823 2706 2876 illis
2732 2823 3040 2891 agnoscitur
3063 2834 3116 2876 et
3133 2822 3454 2891 intelligitur
3480 2821 3642 2883 Deus,
3661 2830 3719 2876 et
3748 2820 3861 2875 hoc

2294 2916 2505 2970 dicatur
2538 2914 2707 2983 ﬁgura
2742 2928 2996 2983 expressa
3036 2913 3348 2968 substantia:
3388 2913 3521 2967 Dei-
3554 2910 3627 2967 Ut
3660 2920 3861 2967 autem

2291 3007 2499 3074 plenius
2526 3006 2701 3058 adhuc
2729 3003 3057 3075 intelligatur
3086 3004 3356 3072 quomodo
3389 3002 3640 3058 Salvator
3670 3003 3854 3070 ﬁgura

2288 3106 2373 3153 est
2408 3095 2724 3153 substantiae
2764 3095 2848 3149 vel
2892 3094 3255 3149 subsistentia:
3300 3094 3387 3147 Dei
3435 3092 3580 3164 ('50),
3626 3102 3863 3147 utamur

2288 3188 2453 3242 etiam
2490 3185 2764 3253 exemplo,
2801 3184 2941 3254 quod
2979 3183 3226 3254 quamvis
3258 3198 3369 3237 rem
3411 3197 3515 3236 non
3558 3181 3717 3250 plene
3753 3198 3861 3236 nec

2286 3281 2503 3350 proprie
2522 3278 2786 3347 signiﬁcet
2806 3278 2869 3330 de
2888 3290 2990 3345 qua
3006 3275 3233 3344 agimus,
3254 3286 3429 3329 tamen
3444 3274 3511 3329 ad
3541 3276 3646 3329 hoc
3667 3275 3856 3330 solum

2288 3370 2534 3423 videatur
2558 3375 2913 3434 assumptum,
2950 3364 3092 3433 quod
3120 3364 3438 3419 exinanicns
3471 3379 3529 3417 sc
3553 3364 3727 3421 Filius
3758 3367 3858 3436 qui

2287 3472 2401 3518 erat
2449 3462 2501 3515 in
2553 3458 2723 3513 forma
2767 3456 2892 3520 Dei,
2932 3469 3029 3524 per
3077 3456 3243 3524 ipsam
3292 3457 3375 3510 sui
3419 3456 3857 3511 exiuanitionein

2285 3554 2462 3609 studet
2518 3550 2668 3604 nobis
2728 3536 2946 3603 deitatis
3000 3547 3385 3617 plenitudinem
3442 3549 3856 3605 demonstrare.

2286 3641 2446 3696 Verbi
2474 3654 2634 3695 causa
2657 3678 2672 3703 ,
2718 3637 2760 3691 si
2800 3635 2940 3690 facta
2977 3647 3117 3691 esset
3147 3638 3322 3707 aliqua
3352 3648 3531 3693 statua
3568 3639 3696 3694 talis
3729 3655 3858 3710 quae

2284 3728 2653 3802 magnitudine
2681 3731 2761 3785 sui
2790 3731 3094 3784 universum
3126 3731 3312 3785 orbem
3342 3741 3500 3785 terra:
3522 3741 3758 3797 teneret,
3794 3743 3857 3787 et

2284 3842 2384 3897 pro
2443 3827 2524 3879 sul
2575 3824 2932 3878 immensitate
2972 3824 3300 3877 considerari
3344 3837 3372 3875 a
3426 3822 3573 3878 nullo
3620 3837 3854 3893 posset;

2286 3917 2441 3971 ﬁeret
2495 3923 2671 3968 autem
2724 3912 2828 3967 alia
2884 3921 3057 3967 statua
3111 3914 3480 3969 membrorum
3540 3916 3735 3971 habitu
3785 3933 3854 3973 ac

2576 4066 2621 4099 ⁸³
2647 4066 2778 4121 Luc.
2811 4082 2884 4130 νι,
2907 4066 2991 4119 42.

2281 4226 2371 4271 tus
2403 4222 2506 4275 est,
2534 4225 2659 4265 nam
2687 4218 2741 4263 et
2765 4214 2866 4262 hoc
2895 4206 3082 4282 ultimo
3115 4220 3276 4282 sensu
3315 4207 3513 4262 Filium
3555 4210 3853 4282 ἀγένητον,

2282 4288 2333 4341 id
2385 4294 2469 4339 est
2519 4284 2815 4351 increatum
2872 4277 3213 4351 asserit‘lib.
3258 4293 3307 4351 vt
3363 4291 3549 4333 contra
3605 4277 3850 4351 Celsum,

2282 4372 2429 4409 num.
2447 4355 2501 4405 7.
2529 4351 2662 4404 llinc
2683 4349 2851 4415 liquet
2878 4361 2904 4397 a
2922 4361 3048 4397 vera
3074 4344 3320 4414 Origenis
3343 4359 3525 4404 mente
3547 4344 3859 4409 aberrasse

2276 4420 2666 4491 .jlieronymum
2693 4416 3039 4491 et_rin_}'ertit:
3076 4434 3093 4465 ι
3122 4415 3269 4491 l‘iihil
3312 4421 3527 4491 absque
3554 4420 3721 4491 [farre
3760 4423 3852 4474 in-

2284 4484 2647 4560 fectum'esse.
2683 4504 2700 4537 ›
2733 4484 2921 4538 Melius
2943 4496 3089 4538 certe
3119 4485 3361 4560 Ruﬁnus,
3403 4484 3593 4560 (niihil
3631 4491 3854 4560 ingeni-

627 4563 946 4615 sterioribus
973 4563 1097 4628 quid
1130 4560 1197 4613 de
1227 4574 1292 4613 eo
1326 4561 1551 4615 sentiret
1578 4564 2016 4629 expressit,nihil
2048 4555 2173 4618 abs-
2208 4555 2251 4608 D
2283 4577 2413 4621 tum,
2448 4561 2608 4629 idgest
2631 4556 2876 4629 innatum
2911 4564 3103 4629 praeter
3131 4555 3780 4629 solumDeninPatrein.
3827 4580 3847 4615 ι

622 4646 727 4699 que
794 4632 899 4683 Deo
932 4631 1091 4683 Patre
1126 4630 1376 4682 infectum
1406 4644 1524 4683 esse
1555 4635 2007 4686 contirmansaAt
2032 4634 2168 4686 bona

622 4700 937 4769 Hieronymi
964 4701 1117 4753 venia
1146 4701 1395 4760 dixerim,
1428 4700 1603 4769 decipi
1634 4717 1691 4754 se
1726 4717 1913 4769 passus
1943 4714 2026 4756 est
2053 4719 2170 4754 am-

621 4772 796 4839 bigua:
827 4771 971 4825 vocis
1001 4769 1260 4838 ἀγένητον
1278 4769 1666 4835 signiﬁcatione
1687 4786 1806 4837 quae
1830 4787 1932 4823 non
1960 4786 2173 4839 semper

626 4859 645 4891 ι
677 4856 791 4894 rem
817 4840 1062 4895 inlectam
1106 4859 1124 4891 ι
1154 4841 1408 4908 exprimit
1436 4855 1455 4909 _:
1494 4856 1520 4889 a
1544 4840 1749 4906 γεννάω
1770 4878 1784 4903 ,
1820 4858 1838 4890 ι
1869 4842 2026 4909 g‘igno
2069 4859 2086 4892 ι
2118 4842 2174 4894 lit

620 4912 894 4981 γεννητός,
931 4929 948 4959 ‹
982 4907 1233 4977 genitus;
1280 4928 1297 4958 ι
1328 4923 1355 4981 a
1384 4907 1623 4981 γίνομαι
1645 4925 1664 4959 t
1697 4925 1813 4981 sunt
1841 4948 1857 4975 ,
1877 4907 2109 4974 'ex—sisto,
2147 4930 2165 4962 ι

624 4984 682 5031 tit
714 4978 936 5049 γένητός
964 5020 977 5041 ,
1007 4982 1104 5032 hoc
1136 4990 1220 5032 est
1264 4978 1644 5049 (“liabeusAab
1687 4979 1870 5047 aliquo
1915 4991 1972 5031 ut
2019 4983 2104 5033 sit.
2149 4999 2165 5029 ι

622 5046 842 5117 ltaqiie,
887 5058 944 5100 ut
980 5051 1239 5101 observat
1272 5047 1495 5100 lluetius
1524 5046 1830 5117 Origeuian.
1858 5049 1891 5099 Ι.
1922 5062 1959 5101 ιι
1985 5089 1998 5112 ,
2030 5063 2081 5116 q.
2115 5049 2168 5117 2,

622 5137 677 5172 ιι.
703 5120 797 5181 25,
817 5118 861 5169 si
893 5119 1108 5187 preprie
1136 5118 1280 5185 loqui
1302 5117 1544 5183 velimus,
1568 5118 1704 5171 Deus
1727 5117 1887 5170 Pater
1908 5128 1987 5171 est
2016 5120 2173 5187 ὰγέν·

624 5204 798 5257 νητος,
827 5195 879 5238 et
904 5185 1183 5254 ἀγένητος,
1210 5189 1331 5255 quia
1361 5200 1534 5255 neque
1569 5190 1637 5257 ab
1676 5187 2035 5257 ulloggeuitus
2066 5185 2170 5252 est,

621 5255 796 5324 ncque
829 5257 895 5307 ab
922 5258 1029 5307 utlo
1065 5260 1225 5310 habet
1254 5267 1311 5310 ut
1340 5259 1583 5311 exsistat.
1616 5256 1749 5311 Item
1778 5255 1944 5310 Filius
1965 5267 2173 5325 estyev-

622 5328 805 5396 νητός,
835 5342 854 5373 t
892 5325 1131 5393 genitus,
1176 5345 1193 5377 ρ
1230 5342 1349 5379 nan:
1375 5327 1609 5396 gignitur
1632 5343 1660 5379 a
1690 5327 1869 5389 Patre.
1909 5326 2002 5379 Est
2043 5328 2168 5381 item

621 5395 865 5464 γενητὸς,
929 5412 1050 5446 nam
1101 5410 1129 5445 a
1185 5396 1342 5449 Patre
1392 5395 1468 5449 sic
1522 5408 1774 5465 tanquam
1832 5412 1859 5448 a
1911 5397 2172 5464 principio

626 5468 787 5519 habet
816 5476 871 5517 ut
896 5467 988 5517 sit.
1021 5465 1256 5533 Spiritus
1280 5480 1403 5519 vero
1424 5476 1640 5521 Sanctus
1665 5483 1768 5517 non
1794 5476 1872 5519 est
1895 5466 2169 5534 γεννητὸς,

626 5538 716 5606 sed
750 5536 989 5606 γενητός,
1026 5537 1322 5599 genitorem
1354 5538 1496 5588 enim
1532 5552 1632 5588 non
1667 5537 1846 5595 habet,
1885 5538 1975 5587 sed
2010 5538 2167 5587 habet

625 5620 654 5674 a
688 5604 845 5655 Patre
866 5604 920 5657 et
952 5606 1086 5656 ιωιιθπ.
1114 5614 1163 5655 ut
1190 5606 1432 5657 eisistat.
1472 5607 1609 5674 Ergo
1642 5621 1763 5656 cum
1798 5610 1895 5657 hoc
1941 5608 2058 5657 loco
2098 5607 2172 5656 ait

625 5673 882 5746 Urigeues
913 5676 1039 5746 nihil
1082 5678 1270 5741 absque
1306 5675 1463 5746 Patre
1486 5673 1604 5728 esSe
1630 5675 1910 5746 ἀγένητον,
1952 5675 2169 5727 Patrem

624 5745 793 5814 solum
826 5744 1083 5814 ὰγένητω
1122 5760 1242 5798 esse
1283 5744 1420 5807 vult,
1454 5746 1576 5813 quia
1619 5750 1762 5799 solus
1788 5744 1877 5799 ab
1912 5747 2015 5797 alio
2064 5756 2168 5795 non

625 5812 786 5868 habet
812 5824 870 5869 ut
894 5812 987 5879 sit,
1017 5828 1121 5869 non
1160 5829 1285 5869 vero
1311 5816 1432 5881 quia
1454 5812 1600 5869 solus
1620 5816 1851 5871 intectus
1874 5825 1927 5871 et
1957 5816 2168 5869 increa-

2344 4630 2454 4701 (27)
2486 4623 3007 4701 Suspectamﬁulini
3036 4625 3190 4678 ﬁdem
3219 4627 3321 4701 hoc
3344 4625 3678 4701 loco_fa_cere
3721 4646 3852 4700 pos-

2274 4692 2383 4755 sint
2411 4692 2529 4766 quae
2558 4696 2747 4749 scribit
2780 4692 3133 4766 Hieronymus
3156 4696 3313 4766 epist.
3342 4697 3409 4748 ad
3449 4697 3673 4751 Avitum
3696 4692 3852 4765 fdo-

2275 4785 2399 4824 cere
2429 4762 2714 4836 Origenem
2740 4803 2755 4826 ,
2810 4782 2827 4814 ι
2880 4762 3074 4836 Filium
3101 4766 3203 4836 qui
3241 4764 3310 4815 sit
3349 4766 3526 4835 imago
3551 4762 3849 4827 invisibilis

2275 4839 2474 4898 Patris,
2532 4832 2920 4907 comparatum
2965 4832 3153 4907 Patri,
3204 4847 3310 4886 non
3356 4832 3483 4907 esse
3510 4838 3845 4907 veritatem;

2275 4911 2414 4977 apud
2444 4920 2541 4959 nos
2573 4914 2751 4977 autem
2777 4904 2867 4972 qui
2889 4902 2981 4977 Dei
3011 4904 3529 4977 omnipotentisnon
3547 4902 3848 4976 possumus

2277 4972 2526 5046 recipere
2558 4974 2867 5034 veritatem,
2902 4972 3271 5046 imaginariam
3300 4972 3587 5046 veritatem
3617 4979 3838 5044 videri;

2276 5057 2336 5101 ut
2390 5041 2645 5113 {najcstas
2688 5059 2751 5097 ac
2800 5041 3109 5113 magnitudo
3139 5042 3392 5113 majoris.
3428 5041 3845 5113 quodammodo

2274 5110 2687 5183 circumscripta
2746 5114 3013 5183 sentiatur
3048 5110 3323 5183 inFilio;
3380 5110 3550 5168 Deum
3612 5114 3842 5174 Patrem

2274 5202 2394 5241 esse
2422 5180 3168 5248 lumenincomprehensibile
3192 5198 3207 5243 ;
3239 5184 3517 5237 Christum
3543 5184 3843 5245 collatione

2276 5257 2453 5310 l’atris
2494 5254 2829 5324 splendorem
2860 5264 2978 5303 esse
3006 5266 3352 5320 perparvum,
3392 5254 3485 5319 qui
3534 5257 3677 5324 apud
3737 5275 3841 5314 nos

2272 5341 2373 5394 pro
2402 5321 3005 5394 imbecillitatenostra
3054 5336 3290 5394 magnus
3338 5335 3460 5375 esse
3496 5321 3774 5382 videatur.
3813 5348 3835 5383 ι

2274 5388 2536 5515 Βρίὲϐνὶαθ
2566 5402 2719 5444 notas
2744 5391 2810 5444 ad
2848 5388 3173 5457 Origeniani
3210 5390 3324 5444 lib.‘
3358 5406 3420 5455 ιι,
3469 5409 3526 5463 q.
3568 5396 3638 5463 2,
3684 5413 3743 5452 u.
3804 5400 3841 5454 8

2274 5475 2326 5515 et
2426 5500 2438 5513 .

2270 5475 2326 5517 et
2353 5464 2438 5515 16.

2344 5532 2452 5604 (28)
2488 5531 2559 5584 lta
2588 5546 2717 5585 mss.
2746 5530 2911 5595 Alias,
2955 5550 2974 5581 ι
3017 5522 3071 5585 et
3096 5542 3151 5583 ut
3178 5530 3449 5601 splendor.
3479 5553 3500 5586 ι

2342 5603 2452 5670 (29)
2488 5603 2559 5652 Ita
2585 5618 2710 5656 mss.
2742 5604 2909 5665 Alias,
2941 5619 2955 5649 ι
2999 5603 3233 5668 quando.
3273 5618 3292 5650 ι

2341 5674 2452 5740 (50)
2484 5670 2572 5723 Sic
2600 5690 2727 5725 mss.
2752 5673 2919 5733 Alias,
2962 5689 2982 5718 ι
3021 5681 3073 5723 et
3102 5671 3450 5743 subsistentia
3475 5675 3616 5743 ejus.
3654 5695 3675 5731 ι
3709 5678 3836 5734 Πσι

2270 5755 2423 5802 mss.,
2452 5761 2467 5791 ι
2507 5758 2607 5818 non
2634 5742 2787 5809 plene
2818 5757 2911 5794 nec
2946 5740 3184 5809 proprie,
3220 5759 3239 5792 ι
3276 5745 3432 5811 alias,
3472 5740 3641 5804 s'tion
3670 5751 3838 5818 plano

2273 5825 2372 5865 nec
2400 5813 2635 5881 pmprie.
2677 5830 2695 5862 ι
