4126 6308
162 540 253 601 Ml

1507 539 1704 598 LIBER
1744 540 2017 601 PRIMUS.

3242 542 3360 599 153‘

160 666 340 736 gioria
365 667 655 734 purissima
686 681 805 723 esse
840 666 1104 737 sapientia
1130 681 1250 736 qua
1275 676 1361 720 est
1389 665 1557 722 Filius
1579 666 1696 721 Dei.
1728 670 1775 727 Α
1801 665 1856 720 in
1882 664 2013 735 ipsis
2045 670 2190 720 sunt.
2226 646 2431 719 Horum
2472 670 2653 720 autem
2694 668 3026 734 potentatum
3050 660 3207 734 gerit
3246 675 3344 731 per

160 756 352 811 Audiat
382 757 475 828 qui
520 757 638 815 hac
664 758 737 813 ita
775 758 887 814 vult
934 759 1217 828 suspicari,
1278 754 1418 827 quod
1471 758 1698 813 manife-

163 847 394 903 stissime
452 846 729 918 Scriptura
754 850 1065 919 pronuntiat
1092 848 1295 914 dicens,
1319 847 1444 918 quia
1472 846 1697 903 'rOmnia

162 940 207 993 in
236 939 499 1009 sapientia
530 940 704 995 fecisti
726 939 770 972 ⁸ο
792 939 857 1011 ςζι
877 950 934 994 ει
961 954 1057 1009 per
1084 939 1430 1011 Evangelium
1452 939 1696 1005 docetur,

163 1031 285 1099 quia
328 1046 351 1081 ι
384 1031 562 1086 omnia
600 1046 697 1102 per
727 1032 899 1101 ipsum
958 1030 1100 1085 facta
1155 1041 1299 1093 sunt,
1328 1041 1384 1086 et
1425 1031 1542 1086 sine
1584 1031 1698 1100 ipso

166 1120 372 1177 factum
410 1130 493 1177 est
518 1123 648 1178 nihil
672 1124 803 1188 ’σω
831 1132 888 1178 ει
920 1123 1173 1192 intelligat
1198 1138 1262 1178 ex
1284 1123 1405 1190 hoc,
1432 1123 1554 1193 quia
1594 1138 1698 1177 non

168 1224 343 1283 potest
363 1215 636 1284 antiquior
662 1216 862 1271 esse‘in
902 1216 1010 1271 Deo
1046 1216 1437 1286 Omnipotentis
1462 1213 1700 1284 appella~

163 1303 231 1358 tio
257 1319 424 1373 quam
450 1304 658 1371 Patris;
686 1322 785 1377 per
810 1306 1007 1361 Filium
1047 1306 1190 1361 enim
1212 1306 1570 1378 ,omnipotens
1612 1314 1697 1361 est

161 1392 333 1451 Pater.
378 1398 483 1453 Sed
519 1399 771 1468 quoniam
808 1398 1035 1470 gloriam
1076 1400 1215 1454 dixit
1235 1399 1347 1471 (45)
1377 1414 1495 1454 esse
1523 1398 1701 1453 omni-

159 1490 409 1559 potentis,
431 1491 583 1561 cujus
607 1490 788 1559 gloria
822 1491 1111 1560 aporrhma
1153 1501 1236 1548 est
1269 1484 1553 1561 sapientia,
1594 1492 1699 1547 hoc

160 1580 380 1652 intelligi
412 1585 591 1648 datur,
613 1584 752 1652 quod
792 1583 953 1638 etiam
984 1584 1037 1638 in
1082 1585 1484 1655 omnipotentia
1531 1585 1701 1654 gloria

159 1673 466 1728 societatem
509 1676 705 1730 habeat
742 1674 1031 1746 sapientia,
1067 1686 1165 1742 per
1218 1690 1377 1745 quam
1416 1676 1558 1732 Deus
1585 1693 1703 1731 om-

158 1764 403 1835 nipotens
450 1767 665 1821 dicitur.
747 1763 849 1821 Per
905 1764 1215 1832 sapientiam
1264 1766 1405 1822 enim
1459 1782 1578 1837 qua
1621 1777 1703 1823 est

157 1856 419 1923 Christus,
452 1867 598 1912 tenet
628 1856 770 1911 Deus
798 1854 1039 1910 onmium
1091 1862 1447 1924 potentatum,
1479 1871 1583 1912 non
1610 1870 1701 1912 so-

159 1944 258 1999 lum
289 1946 619 2003 dominantis
692 1944 1034 2009 auctoritate,
1077 1960 1261 2000 verum
1302 1946 1463 2000 etiam
1514 1945 1705 2015 subje-

151 2046 356 2091 ctorum
380 2046 677 2108 spontaneo
702 2037 984 2095 famulatu.
1005 2037 1070 2097 Ut
1090 2049 1267 2095 autem
1290 2054 1451 2094 unam
1476 2049 1528 2093 et
1554 2053 1701 2095 eam-
1732 2016 1774 2072 Β

155 2124 267 2178 dem
293 2128 732 2198 omnipotentiam
760 2126 939 2187 Patris
973 2146 1039 2187 ac
1070 2130 1188 2186 Filii
1225 2130 1346 2187 esse
1376 2145 1695 2201 cognoscas,

155 2213 294 2268 sicut
349 2231 489 2271 unus
514 2226 672 2288 atque
699 2219 839 2275 idem
868 2230 953 2276 est
977 2236 1097 2277 cum
1136 2220 1295 2277 Patre
1349 2221 1485 2277 Deus
1513 2232 1568 2277 et
1592 2222 1697 2277 Do-

156 2311 359 2377 minus,
406 2314 528 2368 andi
553 2315 653 2370 hoc
688 2317 846 2373 modo
870 2315 1127 2373 Joannem
1173 2318 1228 2373 in
1274 2318 1588 2390 Apocalypsi
1618 2320 1700 2373 di-

155 2414 361 2459 tentem
391 2422 409 2461 :
449 2426 469 2459 ι
507 2406 629 2463 llac
658 2409 788 2465 dicit
818 2411 1079 2467 Dominus
1108 2411 1249 2467 Deus
1276 2412 1365 2481 qui
1398 2421 1501 2476 est,
1530 2418 1585 2467 et
1604 2412 1696 2481 qui

152 2503 288 2562 erat,
315 2506 367 2549 et
400 2500 493 2567 qui
533 2509 896 2557 venturusest
919 2489 1258 2573 omnipbtens
1277 2503 1345 2557 ⁸¹.
1375 2520 1395 2555 ι
1428 2503 1532 2570 Qui
1554 2503 1697 2559 enim

152 2596 409 2644 venturus
433 2599 516 2643 est
543 2590 678 2661 (£6),
717 2594 840 2662 quis
861 2605 943 2649 est
966 2595 1104 2650 alius
1135 2594 1241 2649 nisi
1288 2593 1579 2650 Christus?
1630 2594 1699 2659 Et

152 2679 293 2735 sicut
314 2698 476 2738 nemo
497 2685 657 2741 debet
680 2686 875 2742 offendi
901 2702 1021 2743 cum
1055 2687 1194 2744 Deus
1229 2688 1301 2743 sit
1344 2686 1529 2752 Pater,
1552 2690 1696 2757 quod

153 2772 314 2825 etiam
348 2773 597 2831 Salvator
625 2786 708 2832 est
738 2776 911 2845 Deus;
953 2780 1028 2832 ita
1078 2786 1134 2834 et
1179 2794 1300 2835 cum
1353 2780 1697 2851 omnipotens

153 2866 350 2922 dicitur
371 2868 537 2925 Pater
558 2870 695 2942 (47),
720 2873 883 2926 etiam
911 2872 1086 2927 nullus
1116 2872 1277 2927 debet
1298 2873 1518 2938 oﬂ'endi,
1553 2872 1693 2942 quod

154 2957 312 3011 etiam
358 2955 528 3015 Filius
572 2959 666 3014 Dei
700 2963 1044 3028 omnipotens
1096 2964 1314 3019 dicitur.
1366 2964 1477 3018 lloc
1537 2966 1695 3017 modo

154 3064 381 3118 namque
407 3066 593 3104 verum
625 3052 729 3106 erit
758 3052 884 3107 illud
910 3054 1051 3122 quod
1079 3054 1189 3123 ipse
1221 3055 1351 3109 dicit
1370 3055 1433 3108 ad
1457 3054 1690 3118 Patrem,

162 3144 287 3209 quia
321 3144 539 3199 «Omnia
566 3160 684 3199 mea
721 3154 808 3199 tua
839 3156 964 3201 sunt
989 3155 1042 3201 et
1072 3158 1158 3201 tua
1184 3164 1324 3213 mea,
1348 3158 1402 3203 et
1428 3148 1694 3219 gloriﬁca-

153 3244 239 3290 tus
276 3251 395 3291 sum
418 3236 472 3291 in
507 3238 587 3293 eis
611 3236 679 3293 ⁸³.
721 3257 742 3292 ι
769 3237 827 3293 Si
855 3254 982 3294 vero
1007 3242 1186 3294 omnia
1210 3256 1326 3308 qua
1346 3239 1521 3294 Patris
1546 3249 1691 3307 sunt,

152 3326 350 3385 Christi
384 3339 529 3397 sunt,
566 3329 707 3386 inter
726 3332 907 3394 omnia
938 3346 1067 3386 vero
1098 3347 1213 3400 qua
1244 3342 1388 3396 sunt,
1418 3333 1571 3386 Pater
1610 3346 1692 3387 est
1721 3370 1763 3425 Ο

151 3421 311 3476 etiam
357 3423 713 3493 omnipotens,
768 3426 886 3479 sine
941 3425 1105 3480 dubio
1158 3424 1319 3478 etiam
1386 3426 1697 3494 unigenitus

152 3510 319 3567 Filius
341 3514 496 3568 debet
519 3528 641 3569 esse
666 3516 1030 3585 omnipotens,
1054 3528 1111 3571 ut
1149 3517 1329 3572 omnia
1378 3531 1497 3585 qua
1539 3516 1696 3569 habet

152 3600 335 3668 Pater,
373 3606 535 3658 etiam
563 3603 734 3660 Filius
780 3605 996 3661 habeat.
1028 3626 1046 3659 ι
1084 3586 1149 3663 Et
1190 3607 1516 3677 gloriﬁcatus
1553 3620 1692 3667 sum,

151 3695 346 3765 inquit,
400 3697 454 3751 in
501 3696 600 3751 eis.
623 3696 684 3751 In
732 3698 948 3752 nomine
995 3702 1137 3752 enim
1181 3698 1307 3753 Jesu
1359 3714 1518 3753 omne
1560 3711 1694 3767 genu

147 3785 395 3841 (lectetur
419 3788 740 3851 caelestium,
771 3789 1125 3855 terrestrium,
1153 3799 1207 3844 et
1255 3789 1608 3853 infernorum,
1636 3800 1692 3843 et

149 3878 328 3933 omnis
351 3878 528 3950 lingua
571 3879 936 3945 conﬁtebitur,
975 3882 1101 3947 quia
1144 3880 1399 3937 Dominus
1441 3881 1597 3937 Jesus
1642 3883 1696 3936 in

150 3968 325 4037 gloria
350 3980 428 4025 est
463 3968 576 4055 Dei.
607 3970 783 4025 Patris
814 3971 880 4025 ⁸³.
932 3990 952 4023 ι
986 3971 1153 4043 Igitur
1199 3975 1480 4043 aporrhcea
1511 3976 1696 4045 gloria

154 4059 247 4114 Dei
280 4062 571 4116 secundum
608 4063 709 4117 hoc
750 4064 891 4133 quod
931 4065 1269 4133 omnipotens
1309 4076 1411 4129 est,
1464 4083 1595 4136 pura
1634 4084 1697 4129 ac

150 4151 375 4221 limpida
395 4154 509 4222 ipsa
538 4155 798 4224 sapientia
827 4164 927 4220 est,
971 4155 1262 4225 glorilicata
1297 4156 1403 4231 (48)
1445 4148 1710 4228 ιειιιψιιιιιι

152 4246 445 4312 aporrhcea
469 4248 896 4316 omnipotentia,
919 4248 1002 4302 vel
1035 4248 1236 4318 gloria.
1268 4248 1338 4304 Ut
1382 4262 1556 4305 autem
1571 4239 1697 4305 una-

151 4335 419 4390 nil’estius
442 4337 780 4413 intelligatur
810 4352 927 4406 qua
956 4337 1025 4392 sit
1062 4339 1229 4407 gloria
1279 4340 1693 4409 omnipotentia,

142 4427 315 4479 etiam
342 4427 442 4481 hoc
465 4427 737 4482 addimus.
769 4427 909 4483 Deus
932 4426 1091 4482 Pater
1110 4428 1221 4499 (49)
1246 4432 1577 4499 omnipotens
1592 4440 1694 4497 est,

146 4530 213 4569 eo
236 4517 382 4585 quod
412 4526 748 4585 potentatum
781 4520 1020 4575 omnium
1069 4530 1234 4585 tenet,
1279 4521 1329 4573 id
1361 4529 1461 4587 est,
1492 4520 1610 4574 cali
1642 4530 1694 4573 et

146 4616 333 4670 terra,
364 4609 490 4664 solis
520 4618 575 4664 et
597 4608 737 4664 luna
764 4620 816 4665 et
843 4612 1143 4688 stellarum,
1190 4614 1533 4680 omniumque
1575 4628 1693 4682 qua

1798 756 2031 812 Verbum
2053 770 2230 824 suum,
2260 756 2513 826 quoniam
2548 757 2603 813 in
2628 757 2843 812 nomine
2864 751 2988 811 Iesu
3018 769 3180 811 omne
3202 766 3344 825 genu

1796 847 2040 902 ﬂectetur
2066 856 2121 902 et
2158 847 2479 916 calestium,
2515 856 2573 905 et
2613 848 2968 919 terrestrium,
3002 856 3056 903 et
3099 844 3342 900 inferno-

1798 953 1933 992 rnm.
1988 938 2055 993 Et
2102 937 2148 995 si
2193 953 2351 995 omne
2378 952 2515 1010 genu
2542 936 2774 993 ﬂectitur
2808 936 2956 1001 Jesu,
3007 936 3127 990 sine
3179 935 3344 990 dubio

1799 1029 1961 1086 Jesus
1983 1038 2066 1085 est
2095 1030 2179 1085 cui
2216 1030 2459 1100 subjecta
2484 1039 2613 1086 sunt
2652 1030 2854 1093 omnia,
2893 1037 2947 1083 et
2986 1028 3103 1097 ipse
3132 1036 3209 1081 est
3248 1027 3341 1096 qui

1801 1132 2129 1194 potentatum
2157 1122 2268 1192 agit
2302 1123 2354 1178 in
2383 1124 2658 1190 omnibus,
2684 1133 2737 1178 et
2764 1137 2858 1196 per
2893 1136 3051 1193 quem
3098 1121 3341 1188 subjecta

1799 1224 1923 1270 sunt
1946 1213 2093 1268 Patri
2128 1214 2307 1269 omnia
2349 1213 2483 1287 (50);
2513 1229 2611 1285 per
2648 1214 2963 1285 sapientiam
3013 1227 3262 1282 namque,
3287 1212 3341 1265 id

1799 1312 1882 1360 est
1912 1304 2075 1360 verbo
2106 1314 2158 1358 et
2186 1304 2412 1371 ratione,
2451 1320 2556 1359 non
2600 1305 2652 1359 vi
2682 1319 2747 1360 ac
2779 1302 3119 1369 necessitate,
3152 1312 3343 1358 cuncta

1801 1396 2039 1468 subjecta
2062 1405 2204 1450 sunt.
2232 1396 2298 1451 Et
2321 1396 2442 1451 ideo
2473 1396 2528 1451 in
2562 1412 2625 1453 eo
2658 1397 2773 1467 ipso
2816 1411 2930 1475 quo
2976 1395 3185 1452 obtinet
3214 1410 3345 1475 ¹οιιιο

1800 1490 1912 1555 nia,
1932 1489 2099 1560 gloria
2132 1505 2232 1543 sua
2257 1498 2379 1554 est;
2406 1497 2460 1543 et
2490 1490 2608 1544 hac
2636 1499 2721 1543 est
2748 1472 3141 1557 omnipotentia
3168 1472 3344 1558 puris-

1800 1581 1930 1635 sima
1957 1591 2011 1635 et
2034 1580 2397 1649 limpidissima
2423 1580 2613 1651 gloria,
2646 1594 2769 1635 cum
2794 1580 3001 1634 ratione
3041 1588 3095 1635 et
3131 1581 3345 1650 sapien-

1804 1673 1895 1737 tia,
1923 1688 2027 1726 non
2077 1672 2128 1726 vi
2178 1688 2240 1727 ac
2280 1672 2616 1737 necessitate,
2665 1682 2861 1727 cuncta
2908 1669 3147 1739 subjecta
3190 1682 3341 1727 sunt.

1804 1764 2102 1818 Purissima
2148 1780 2275 1819 vero
2325 1778 2388 1819 ac
2438 1764 2808 1834 limpidissima
2840 1764 3007 1834 gloria
3041 1766 3341 1834 sapientia,

1800 1861 1932 1909 satis
1963 1856 2346 1910 convenienter
2371 1857 2570 1910 dictum
2594 1865 2678 1911 est
2701 1855 2766 1909 ad
2792 1855 3194 1911 distinctionem
3228 1857 3343 1927 ejus

1802 1949 2005 2019 gloriae,
2040 1961 2159 2017 qua
2186 1962 2292 2001 non
2324 1962 2478 2016 pure,
2522 1962 2619 2003 nec
2659 1948 2871 2002 sincere
2915 1947 3086 2019 gloria
3122 1950 3340 2009 dicitur.

1803 2041 1988 2097 Omnis
2022 2056 2148 2097 vero
2177 2050 2371 2095 natura
2418 2039 2529 2114 (51)
2576 2055 2693 2111 qua
2749 2042 3115 2097 convertibilis
3161 2053 3243 2098 est
3288 2053 3345 2098 et

1804 2132 2198 2187 commutabilis
2222 2169 2239 2196 ,
2277 2131 2492 2186 etiamsi
2524 2130 2850 2202 gloriﬁcatur
2874 2134 2926 2186 in
2964 2132 3213 2203 cperihus
3250 2133 3342 2203 ju-

1801 2224 1959 2280 stitia
1997 2226 2082 2280 vel
2103 2224 2397 2295 sapientia,
2423 2240 2519 2295 per
2540 2225 2641 2281 hoc
2664 2226 2834 2297 ipsum
2868 2235 3043 2282 tamen
3078 2230 3217 2296 quod
3246 2245 3340 2284 ac-

1802 2318 2062 2373 cideutem
2085 2318 2248 2372 habet
2271 2317 2534 2387 justitiam
2581 2319 2670 2375 vel
2709 2319 3052 2390 sapientiam,
3092 2331 3148 2385 et
3198 2322 3341 2389 quod

1803 2411 1905 2464 hoc
1949 2408 2089 2477 quod
2142 2408 2358 2473 accidit,
2410 2410 2576 2463 etiam
2619 2409 2870 2465 decidere
2911 2418 3124 2481 potest,
3169 2410 3339 2480 gloria

1802 2502 1917 2571 ejus
1943 2502 2150 2557 sincera
2180 2517 2245 2558 ac
2292 2501 2663 2573 limpidissima
2695 2519 2819 2559 esse
2872 2520 2977 2560 non
3008 2514 3203 2571 potest.
3238 2503 3342 2560 Sa-

1803 2599 2003 2668 pientia
2027 2612 2158 2651 vero
2202 2596 2297 2651 Dei
2333 2609 2451 2669 qua
2493 2606 2578 2650 est
2628 2596 2939 2666 unigenitus
2979 2595 3148 2651 Filius
3196 2597 3338 2666 ejus,

1801 2692 2052 2761 quoniam
2082 2691 2135 2745 in
2157 2689 2405 2745 omnibus
2452 2687 2881 2743 inconvertibilis
2915 2699 2997 2743 est
3047 2699 3098 2744 et
3131 2689 3338 2744 incom-

1802 2783 2091 2850 mutabilis,
2130 2791 2184 2838 et
2228 2780 2590 2850 substa'ntiale
2624 2780 2677 2836 in
2720 2795 2786 2836 eo
2813 2795 2970 2837 omne
3022 2781 3217 2836 bonum
3256 2791 3342 2836 est

1799 2842 2156 2943 quod-utique
2202 2842 2413 2927 mutari‘
2444 2881 2607 2941 atque
2656 2872 2898 2926 converti
2948 2888 3218 2943 nunquam
3245 2888 3342 2943 po-

1799 2972 1925 3028 test,
1978 2964 2179 3019 idcirco
2230 2978 2366 3032 pura
2410 2966 2527 3031 ejus
2576 2977 2641 3017 ac
2681 2963 2892 3019 sincera
2940 2964 3107 3035 gloria
3138 2965 3340 3035 pradi-

1798 3066 1974 3111 catur.

1867 3146 1955 3200 ll.
1993 3143 2177 3201 Tertio
2226 3144 2421 3200 dicitur
2460 3144 2723 3217 sapientia
2777 3161 2898 3204 esse
2936 3148 3188 3218 splendor
3215 3147 3329 3223 (52)

1796 3239 1933 3293 lucis
1956 3249 2198 3303 aterna;
2227 3237 2381 3304 cujus
2413 3239 2492 3293 rei
2514 3240 2766 3294 virtutem
2795 3239 2907 3306 jam
2941 3241 2995 3294 in
3026 3242 3338 3310 praceden-

1798 3332 1936 3388 tibus
1961 3330 2068 3402 59
2097 3331 2461 3401 exposuimus,
2497 3344 2616 3385 cum
2662 3331 2791 3387 solis
2824 3332 3256 3400 similitudinem,
3280 3344 3340 3390 et

1797 3423 2064 3477 radiorum
2095 3422 2211 3491 ejus
2233 3422 2570 3497 splendorem
2598 3421 2991 3477 introduximus
3030 3432 3086 3478 et
3125 3439 3223 3494 pro
3248 3426 3334 3478 vi-

1797 3513 1946 3568 ribus
1966 3513 2162 3567 nostris
2186 3512 2518 3566 ostendimus
2564 3513 2829 3582 quomodo
2863 3514 2961 3567 hoc
2994 3514 3214 3569 deberet
3245 3514 3331 3569 in-

1800 3605 1985 3676 telligi.
2032 3605 2304 3677 Addemus
2351 3614 2527 3671 tamen
2569 3606 2729 3660 etiam
2764 3606 2863 3661 hoc
2896 3622 3079 3663 unum.
3123 3607 3336 3677 Sempi-

1799 3705 2007 3752 ternum
2045 3697 2129 3753 vel
2170 3709 2427 3752 aternum
2457 3696 2668 3767 proprie
2700 3695 2898 3749 dicitur
2952 3699 3094 3765 quod
3150 3714 3331 3770 neque

1797 3789 2001 3843 initium
2042 3799 2099 3843 ιιι
2130 3797 2272 3843 esset
2296 3788 2503 3852 habuit,
2528 3799 2700 3851 neque
2730 3799 2941 3839 cessare
2965 3802 3203 3857 unquam
3232 3805 3331 3856 po-

1798 3891 1903 3937 test
1926 3896 2044 3937 esse
2060 3883 2200 3951 quod
2223 3890 2324 3936 est.
2348 3880 2461 3937 Hoc
2484 3893 2658 3936 autem
2684 3882 2991 3953 designatur
3013 3882 3148 3951 apud
3169 3881 3334 3938 Joan-

1798 3992 1918 4031 nem
1946 3991 2067 4031 cum
2099 3976 2228 4031 dicit
2258 3978 2513 4046 quoniam
2546 3994 2564 4027 ι
2598 3976 2739 4030 Deus
2773 3975 2863 4029 lux
2894 3986 2978 4031 est
3001 3976 3067 4029 “.
3094 3995 3112 4027 ι
3144 3977 3332 4046 Spicu-

1796 4067 1894 4123 dor
1921 4077 2097 4122 autem
2130 4066 2262 4121 lucis
2282 4066 2398 4135 ejus
2428 4066 2691 4137 sapientia
2734 4082 2828 4120 sua
2856 4075 2958 4129 est,
3012 4082 3116 4121 non
3156 4068 3327 4123 solum

1796 4160 2090 4216 secundum
2142 4158 2281 4229 quod
2334 4159 2422 4213 lux
2471 4168 2571 4223 est,
2616 4157 2707 4212 sed
2750 4168 2805 4211 et
2853 4159 3140 4213 sccundum
3190 4160 3334 4231 quod

1795 4254 2122 4323 sempiterna
2167 4252 2256 4306 lux
2291 4260 2392 4315 est,
2425 4251 2495 4308 ita
2546 4258 2602 4303 ut
2644 4258 2876 4304 aternus
2920 4261 2972 4305 et
3017 4253 3332 4309 aternitatis

1800 4343 2051 4413 splendor
2097 4343 2168 4397 sit
2197 4343 2457 4410 sapientia
2506 4354 2618 4393 sua.
2648 4340 2796 4406 Quod
2826 4342 2869 4393 si
2904 4341 3107 4410 integre
3137 4342 3330 4399 intelli-

1798 4428 1973 4499 gatur,
2006 4429 2286 4483 manifeste
2310 4427 2563 4491 declarat,
2597 4429 2719 4497 quia
2745 4430 3086 4485 subsistentia
3118 4431 3236 4485 Filii
3260 4435 3326 4485 ab

1796 4523 1914 4590 ipso
1943 4520 2105 4575 Patre
2126 4519 2421 4584 descendit,
2445 4516 2541 4572 sed
2572 4535 2674 4573 non
2717 4522 3099 4589 temporaliter,
3154 4537 3328 4591 neque

1794 4613 1862 4667 ab
1879 4614 1989 4665 ullo
2017 4612 2119 4665 alio
2151 4611 2323 4675 initio,
2356 4610 2478 4673 nisi,
2512 4618 2569 4662 ut
2597 4611 2849 4677 diximus,
2884 4612 2951 4665 ab
2984 4612 3097 4681 ipso
3125 4612 3255 4668 Deo.

211 4766 682 4837 "Psal.cut,24.
755 4768 1121 4838 '°Joan.t,3.
1206 4775 1246 4807 "
1275 4775 1495 4845 Apoc.t,
1522 4777 1575 4834 8.
1669 4773 1840 4831 ἠοω

1669 4776 1712 4808 ³³
1735 4773 1890 4831 Joan.
1925 4787 2053 4835 xvn,
2078 4767 2163 4823 l0.
2238 4766 2284 4797 ⁸³
2311 4765 2447 4820 Phil.
2473 4778 2532 4831 ιι,
2560 4767 2645 4833 10,
2675 4770 2757 4824 ll.
2832 4772 2877 4800 “
2901 4768 2918 4821 Ι
2940 4768 3088 4824 ιῐοίιη.
3114 4786 3154 4833 ι,
3177 4771 3228 4823 5.

358 4909 430 4964 ita
460 4926 590 4965 mss.
620 4909 787 4983 Alias,
824 4928 843 4961 ι
886 4912 1153 4983 quomodo
1194 4912 1416 4982 gloriam
1460 4914 1615 4969 dixit.
1660 4935 1679 4967 ι
1712 4919 1876 4983 Dper
1908 4922 2054 4981 quem
2089 4906 2315 4983 subjecta
2351 4915 2478 4983 sunt
2524 4904 2675 4960 Patri
2720 4907 2909 4983 omnia.
2966 4906 3086 4961 Ilac
3119 4908 3323 4983 desunt

140 4979 324 5052 Paulo»
351 4992 465 5049 post
500 4995 669 5052 tuss.,r
691 4998 710 5031 ι
741 4981 793 5033 in
818 4979 1218 5052 omnipotentiae:
1251 4984 1486 5052 glorias»
1518 4985 1686 5048 Alias,

145 5071 165 5099 ε
218 5051 275 5103 in
319 5051 707 5121 oiunipotentia
743 5052 944 5120 gloria.
986 5067 1005 5100 ι
1035 5050 1175 5104 Infra
1204 5050 1361 5115 mss.,
1400 5070 1418 5101 ι
1452 5055 1687 5109 onmium

144 5130 510 5186 potentatum.
552 5140 573 5174 ι
604 5122 774 5183 Alias,
808 5139 826 5171 ι
867 5122 1367 5188 omnipotentatum.
1405 5140 1424 5172 ι

210 5187 329 5259 (46)
364 5190 415 5242 Ιιι
448 5201 603 5244 antea
634 5191 793 5244 editis
827 5200 966 5259 post,
997 5187 1026 5241 ι
1048 5200 1304 5243 venturus
1339 5200 1441 5251 est,
1483 5208 1502 5241 ι
1542 5191 1693 5244 addi-

139 5268 265 5381 ιίιὲἓέ
311 5276 334 5308 ι
396 5262 774 5330 omnipotens,
830 5280 848 5311 ι
893 5274 1012 5331 qua
1063 5276 1166 5315 vox
1217 5262 1270 5315 in
1316 5276 1442 5314 mss.
1494 5265 1690 5316 nostris

271 5338 313 5381 Ι.

208 5396 329 5459 (£7)
353 5396 559 5450 Dicitur
586 5397 768 5453 Pater.
798 5398 889 5455 Sic
934 5415 1061 5454 mss.
1107 5400 1253 5455 Alias
1300 5415 1446 5463 vero,
1480 5417 1498 5449 ι
1543 5398 1679 5453 Deus

141 5465 324 5540 Pater.
361 5485 378 5515 ι
414 5468 556 5540 Infra
578 5484 731 5530 mss.,
762 5488 780 5521 ι
821 5472 958 5523 inter
1000 5472 1174 5524 omnia
1208 5486 1335 5525 vero
1364 5486 1485 5540 qua
1532 5479 1675 5527 sunt.

138 5534 305 5588 Pater
342 5546 426 5590 est
446 5537 604 5608 etiam
747 5550 803 5591 ut
823 5542 1019 5593 omnia.
1050 5559 1068 5591 ι
1098 5541 1268 5608 Alias,
1297 5559 1315 5591 ι
1348 5534 1484 5594 inter
1503 5542 1680 5593 omnia

138 5621 256 5672 qua
286 5617 416 5659 sunt
445 5605 638 5667 Patris,
670 5617 750 5659 est
774 5610 934 5662 etiam
1090 5620 1144 5663 et
1167 5605 1365 5666 omnia.
1402 5629 1420 5663 ι

479 5689 607 5728 ωδε*
632 5677 801 5741 Αιίαδν
832 5694 850 5727 ⁴
883 5681 991 5746 ill-83
1034 5688 1116 5740 est
1150 5682 1410 5750 sapientia
1448 5681 1537 5735 Dei
1571 5681 1681 5750 glo-

222 5756 373 5799 C318.
405 5762 425 5795 ι

203 5806 325 5884 (19)
374 5814 515 5891 pars
559 5810 887 5891 Paternetc.
934 5806 1072 5875 Vide
1128 5819 1434 5891 Origenian.
1488 5820 1580 5876 lib.
1616 5832 1675 5886 ιι,

135 5895 331 5953 quaest.
369 5886 422 5953 1.
448 5898 593 5936 num.
628 5885 648 5935 l
674 5893 729 5937 et
758 5884 811 5939 2.

204 5952 325 6029 (50)
356 5951 424 6007 Et
443 5953 552 6023 ipse
574 5962 647 6007 est
672 5955 759 6024 qui
782 5968 1099 6023 potentatum
1128 5961 1232 6025 agit
1268 5961 1321 6015 in
1369 5960 1601 6015 omnibus
1632 5968 1677 6012 et

1786 4977 1848 5037 in
1877 4977 2031 5033 antea
2064 4977 2241 5040 editis,
2270 4977 2363 5028 sed
2421 4977 2472 5027 in
2522 4992 2648 5032 mss.
2688 4978 2930 5030 omnibus
2962 4977 3317 5045 reperiuntur.

1867 5047 1976 5122 (51)
2000 5047 2179 5122 omnis
2211 5062 2325 5098 vero
2351 5056 2564 5122 natura,
2602 5057 2706 5100 etc.
2747 5046 2895 5122 Hunc
2931 5045 3101 5099 locum
3137 5050 3225 5122 qui
3264 5051 3316 5103 in

1800 5115 1967 5173 aniea'
1986 5118 2144 5171 editis
2180 5117 2615 5183 corruptissimus
2638 5125 2738 5179 est,
2767 5115 2843 5169 sic
2877 5130 3064 5168 sanum
3097 5128 3151 5171 et
3180 5119 3317 5172 inte-

1795 5202 1947 5257 grum
1993 5187 2276 5257 restituunt
2319 5200 2447 5239 mss.
2495 5187 2662 5251 Alias,
2700 5204 2718 5235 ι
2762 5186 2934 5257 otnnis
2973 5201 3098 5239 vero
3130 5197 3316 5241 natura

1794 5254 1913 5325 qua
1935 5254 2297 5326 convertibilis
2322 5264 2406 5307 est
2428 5265 2481 5309 et
2507 5254 2897 5309 commutabilis
2940 5257 3099 5308 etiam
3136 5260 3177 5309 si
3206 5259 3321 5326 giu-

1798 5330 2055 5391 riﬁcatur,
2102 5325 2432 5393 gloriﬁcatur
2482 5327 2539 5379 iu.
2578 5325 2828 5393 operibus
2855 5326 3075 5392 justitia
3115 5327 3195 5379 vel
3215 5325 3316 5381 ί...-

1794 5397 2003 5464 pientia
2033 5409 2125 5459 per
2148 5394 2327 5449 Jesum
2354 5393 2623 5450 Christum
2653 5398 2791 5463 quod
2840 5396 3166 5450 accidentent
3225 5398 3317 5449 ha-

1787 5467 1877 5539 bet
1895 5467 2159 5539 justitiam
2187 5464 2266 5518 vel
2290 5466 2626 5539 sapientiam,
2652 5475 2705 5517 et
2733 5467 2897 5539 quod
2918 5465 3124 5518 accidet
3153 5466 3314 5539 etiam

1788 5534 2033 5589 decidere
2061 5542 2253 5603 potest.
2282 5535 2463 5590 Gloria
2500 5545 2674 5588 tamen
2711 5550 2825 5602 ejus
2856 5534 3065 5589 sincera
3095 5551 3157 5593 ac
3188 5536 3316 5589 lim-

1786 5607 2056 5672 pidissima
2108 5606 2353 5661 decidere
2386 5614 2611 5672 potest.»

1857 5676 1968 5743 (52)
2022 5674 2110 5727 Sic
2157 5691 2282 5730 mss.
2342 5676 2509 5738 Alias,
2549 5693 2568 5725 ι
2618 5676 2756 5729 Deus
2818 5674 3074 5743 sapientia
3136 5683 3217 5727 est
3262 5684 3318 5728 et

1787 5745 2056 5811 Splendor.
2093 5762 2109 5792 ι
2139 5743 2304 5799 Paulo
2333 5746 2470 5800 infra
2515 5759 2667 5811 mss.,
2704 5762 2723 5793 ι
2770 5759 2940 5814 neque
2976 5758 3192 5798 cessare
3224 5758 3322 5795 nn-

1784 5830 1940 5883 quam
1991 5826 2163 5879 putest
2215 5831 2334 5871 esse
2363 5816 2503 5885 quod
2538 5826 2641 5868 est.
2692 5814 2803 5869 lloc
2859 5825 3036 5867 autem
3074 5814 3321 5885 designag

1786 5897 1890 5937 tur.
1924 5903 1942 5935 ι
1969 5886 2141 5943 Alias.
2179 5903 2197 5935 ι
2238 5902 2409 5953 neque
2442 5900 2659 5941 cessare
2693 5901 2923 5955 unquam
2956 5892 3151 5953 potest.
3178 5884 3318 5950 Quid

1785 5966 1958 6009 autem
1990 5959 2084 6010 hor
2114 5958 2184 6009 sit
2212 5957 2538 6028 designatur.
2579 5973 2598 6004 ι
