4126 6308
789 379 889 438 M7

1991 377 2309 440 ORIGENIS
2338 383 2496 438 ΠΕΡΙ
2529 380 2757 436 ΔΡΧΩΝ

776 509 866 556 tur
892 497 1027 572 (65).
1058 500 1190 557 Nam
1227 503 1294 559 de
1319 504 1426 559 Deo
1470 504 1687 575 quidem
1739 503 1897 559 Patre
1923 504 2169 574 quamvis
2199 478 2319 574 qui-
2348 509 2395 565 Α
2422 501 2598 558 libello
2621 501 2712 573 qui
2739 498 2976 557 Pastoris
3000 501 3197 580 dicitur
3223 500 3396 571 angeli
3423 502 3769 572 paenitentiae,
3801 518 3956 575 quem

777 595 898 644 dum
939 594 1179 663 proloqui
1213 611 1371 652 nemo
1396 596 1592 662 valeat,
1627 605 1805 652 tamen
1837 595 2095 665 possibile
2117 607 2201 650 est
2228 596 2315 648 in-

779 682 1046 740 tellectum
1105 687 1340 758 aliquem
1390 689 1508 758 capi
1557 703 1626 743 cx
1689 687 1974 743 occasione
2026 686 2315 742 visibilium

773 784 1146 832 creaturarum
1183 787 1240 833 et
1267 791 1333 833 ex
1366 778 1452 833 his
1480 793 1599 849 quae
1635 778 1868 833 humana
1909 793 2061 833 mens
2091 783 2318 834 natura;

773 861 897 921 liter
935 869 1128 936 sentit;
1174 869 1395 935 insuper
1443 871 1611 925 etiam
1663 870 1744 926 de
1782 869 2080 940 Scripturis
2118 870 2318 926 sanctis

771 958 1086 1014 conﬁrmari
1116 960 1371 1029 possibile
1391 969 1490 1016 est.
1527 958 1631 1016 Sed
1647 970 1702 1016 et
1725 961 1791 1016 de
1816 960 1953 1017 Filio
1986 961 2101 1026 Dei,
2127 946 2318 1031 quant-

772 1050 855 1104 vis
879 1065 1039 1104 nemo
1063 1053 1275 1107 noverit
1308 1051 1502 1107 Filium
1536 1052 1639 1109 nisi
1669 1051 1850 1118 Pater,
1884 1061 2060 1108 tamen
2087 1068 2152 1108 ex
2181 1053 2316 1108 divi-

771 1141 856 1194 nis
884 1139 1182 1211 Scripturis
1212 1145 1374 1198 etiam
1401 1145 1466 1200 de
1491 1143 1608 1214 ipso
1631 1145 1863 1213 qualiter
1888 1145 2076 1200 sentiri
2102 1146 2317 1214 debeat,

769 1246 923 1286 tuens
977 1232 1210 1288 humana
1260 1233 1548 1302 formatur,
1599 1243 1654 1292 et
1701 1253 1807 1293 non
1853 1238 2028 1294 solum
2052 1254 2121 1295 ex
2143 1240 2312 1306 Novo,

774 1321 871 1374 sed
920 1322 1080 1376 etiam
1135 1338 1203 1378 ex
1255 1322 1437 1380 Veteri
1487 1324 1852 1394 Testamento,
1880 1343 1979 1400 per
2020 1341 2086 1385 ea
2138 1345 2314 1401 quzea

769 1411 979 1466 sanctis
1024 1424 1175 1482 gesta
1221 1415 1288 1470 ad
1339 1416 1615 1473 Christum
1649 1418 1947 1489 ﬁguraliter
1977 1421 2312 1490 referuntur,

775 1519 844 1558 ex
877 1504 1075 1574 quibus
1097 1507 1308 1561 adverti
1329 1509 1412 1563 vel
1436 1509 1616 1564 divina
1637 1509 1753 1578 eius
1769 1521 1982 1579 natura,
2013 1513 2097 1570 vel
2119 1516 2310 1571 huma-

773 1615 841 1650 na
872 1613 992 1667 qua:
1018 1598 1087 1653 ab
1117 1616 1184 1655 eo
1209 1612 1482 1674 assumpta
1508 1616 1612 1677 est,
1641 1613 1844 1677 potest.

837 1687 892 1742 2.
928 1688 1002 1744 De
1029 1688 1232 1760 Spiritu
1282 1707 1412 1748 vero
1445 1704 1648 1749 sancto
1683 1695 1826 1766 quod
1857 1695 1952 1762 sit,
1984 1697 2167 1755 multa:
2215 1714 2315 1755 nos

770 1778 1072 1850 Scriptura:
1123 1781 1444 1850 docuerunt,
1471 1787 1610 1842 sicut
1645 1789 1808 1845 David
1843 1789 1898 1844 in
1926 1807 1956 1846 ι
1980 1790 2189 1858 psalmo
2233 1791 2351 1847 di-‘

2423 593 2647 650 Hermas
2692 593 2806 663 (68)
2845 595 3199 664 conscripsit,
3260 594 3333 649 ita
3393 591 3672 649 refertur:
3711 613 3730 646 ι
3770 593 3954 650 Primo

2420 686 2657 741 omnium
2711 688 2892 751 crede,
2939 687 3067 758 quia
3103 701 3246 742 unus
3300 694 3385 741 est
3435 686 3583 741 Deus
3640 686 3732 755 qui
3779 688 3956 741 omnia

2421 777 2624 834 creavit
2643 788 2800 848 atque
2819 779 3148 849 composuit;
3181 777 3294 848 qui,
3314 790 3436 832 cum
3460 775 3594 832 nihil
3625 785 3766 833 esset
3790 777 3955 848 prius,

2419 883 2541 925 esse
2575 869 2704 925 fecit
2733 870 2948 937 omnia;
2975 871 3067 940 qui
3088 879 3173 925 est
3199 869 3375 925 omnia
3405 870 3644 937 capiens.
3679 867 3796 939 ipse
3832 882 3956 922 vero

2421 973 2450 1010 a
2469 958 2932 1029 nemine-capitur.
2958 977 2977 1012 ι
2997 958 3100 1014 Sed
3125 966 3181 1013 et
3208 958 3262 1013 in
3297 957 3478 1012 Enocb
3501 957 3637 1013 libro
3663 958 3748 1013 his
3766 957 3956 1012 similia

2421 1041 2819 1103 describuntur.
2851 1048 3234 1105 Verumtamen
3268 1064 3438 1120 usque
3479 1049 3544 1104 ad
3577 1064 3813 1118 praesens
3837 1048 3956 1102 nul-

2418 1135 2531 1191 lum
2575 1153 2877 1196 sermonem
2919 1140 2972 1193 in
3005 1138 3225 1208 scriptis
3269 1137 3470 1193 sanctis
3511 1137 3751 1192 invenire
3781 1135 3958 1205 potui-

2418 1244 2538 1286 mus
2566 1245 2664 1302 per
2699 1247 2860 1310 quem
2914 1230 3148 1300 Spiritus
3191 1231 3657 1298 sanctusﬂactura
3706 1244 3826 1286 esse
3873 1228 3959 1284 vel

2423 1333 2677 1380 creatura
2711 1324 3005 1388 diceretur,
3035 1336 3102 1378 ne
3124 1321 3422 1390 eoquidem
3456 1322 3613 1376 modo
3643 1336 3748 1389 quo
3781 1326 3846 1376 de
3867 1334 3956 1376 sa-

2417 1415 2619 1485 pientia
2657 1415 2862 1470 referre
2903 1413 3242 1469 Salomonem
3294 1427 3454 1481 supra
3497 1412 3828 1475 edocuimus,
3843 1411 3956 1467 «vel

2419 1524 2538 1579 qua:
2561 1507 2632 1562 de
2671 1505 2790 1561 Vita
2821 1505 2956 1574 (69),
2982 1505 3065 1560 vel
3096 1502 3291 1568 Verbo,
3330 1502 3555 1571 aliisque
3585 1502 3956 1573 appellationi-

2367 1607 2373 1614 '
2418 1601 2518 1655 bus
2541 1597 2662 1671 Filii
2702 1597 2795 1652 Dei
2817 1594 3161 1667 intelligenda
3181 1608 3302 1650 esse
3321 1592 3691 1649 tractavimus.
3725 1591 3963 1663 Spiritus

2421 1690 2588 1761 igitur
2607 1688 2701 1744 Dei
2724 1688 2814 1758 qui
2844 1701 3004 1757 super
3034 1701 3203 1757 aquas
3240 1685 3516 1741 ferebatur
3552 1684 3624 1750 ⁸⁵,
3658 1683 3798 1739 sicut
3825 1683 3963 1738 scri-

2419 1789 2565 1849 ptum
2599 1787 2683 1832 est
2727 1777 2779 1832 in
2823 1775 3091 1846 principio
3139 1774 3365 1830 factura:
3407 1772 3623 1838 mundi,
3659 1782 3787 1842 puto
3817 1771 3961 1840 quod
3996 1790 4000 1792 γ

683 1870 688 1874 ’
765 1877 846 1930 cit
871 1892 886 1928 :
913 1873 1005 1929 ιΕι
1023 1874 1283 1943 Spiritum
1306 1886 1551 1932 sanctum
1575 1888 1722 1934 tuum
1742 1881 2036 1937 neauferas
2059 1897 2090 1937 a
2109 1898 2195 1937 me
2209 1885 2308 1938 ".s
2345 1874 2386 1928 Β
2415 1885 2518 1924 ηοη
2546 1869 2614 1923 είῑ
2637 1867 2773 1922 alius
2796 1881 2955 1938 quam
2975 1863 3213 1934 spiritus
3238 1872 3480 1928 “nell”.
3507 1862 3798 1919 secundum
3815 1861 3960 1930 (μιαί

765 1964 836 2021 Et
885 1965 938 2018 in
974 1965 1194 2022 Daniele
1235 1954 1435 2023 dicitur
1464 1989 1477 2025 :
1509 1987 1530 2022 ι
1552 1968 1786 2040 Spiritus
1817 1984 2041 2034 sanctus
2092 1975 2185 2045 qui
2231 1983 2315 2030 est

766 2059 822 2111 in
855 2056 1037 2111 te“.t
1095 2056 1151 2111 in
1205 2055 1357 2112 Novo
1413 2075 1544 2114 vero
1603 2059 1949 2117 Testamento
1985 2061 2312 2117 abundanti-

769 2149 872 2202 bus
899 2147 1009 2221 (64)
1045 2149 1366 2206 testimoniis
1389 2151 1700 2218 edocemur,
1731 2166 1855 2207 cum
1900 2152 2136 2222 Spiritus
2186 2168 2315 2208 san-

767 2251 889 2296 ctus
939 2254 1104 2311 super
1144 2240 1421 2297 Christum
1470 2243 1814 2299 descendisse
1863 2244 2202 2312 describitur,
2258 2255 2314 2300 et

754 2347 890 2386 cum
943 2332 1058 2402 ipse
1088 2332 1346 2405 Dominus
1370 2333 1657 2390 insudlavit
1683 2335 1736 2396 in
1782 2335 2056 2405 apostolos
2083 2344 2204 2404 post
2232 2351 2315 2392 re-

766 2414 1175 2492 surrectionem,
1203 2425 1428 2482 dicens:
1457 2444 1478 2480 ο
1505 2427 1749 2496 Accipite
1779 2427 2036 2498 Spiritum
2057 2428 2163 2500 ει
2186 2443 2312 2483 san-

765 2524 915 2568 ctum
933 2514 998 2566 σι.
1025 2530 1047 2564 ι
1087 2512 1154 2567 Et
1181 2514 1249 2570 ad
1275 2513 1502 2570 Mariam
1531 2516 1599 2571 ab
1625 2516 1817 2586 angelo
1845 2518 2046 2573 dicitur
2077 2537 2092 2573 :
2131 2541 2156 2567 ε
2180 2518 2305 2589 Spi-

767 2604 907 2658 ritus
941 2615 1163 2660 sanctus
1204 2606 1549 2675 superveniet
1601 2607 1656 2664 in
1710 2615 1764 2664 te
1780 2608 1846 2663 θ’,
1871 2627 1892 2664 ι
1948 2607 2145 2665 Paulus
2185 2625 2314 2666 vero

765 2698 921 2763 dicit,
976 2699 1146 2769 «quia
1204 2714 1362 2756 nemo
1408 2709 1585 2771 potest
1638 2701 1824 2758 dicere
1879 2703 2162 2759 Dominum
2223 2704 2314 2761 Je-

765 2803 888 2861 sum
916 2787 1026 2862 (65)
1055 2789 1158 2846 nisi
1191 2790 1244 2846 in
1279 2789 1483 2863 Spiritu
1518 2804 1708 2849 sancto
1724 2794 1794 2849 ⁸³.
1825 2813 1844 2847 ι
1883 2794 1949 2849 Et
1993 2796 2049 2851 in
2091 2797 2312 2853 Actibus

767 2881 1134 2950 apostolon
1162 2896 1279 2951 per
1328 2882 1729 2962 impositionem
1759 2900 2013 2942 manuum
2051 2888 2310 2958 apostoli-

750 2988 954 3028 .carunt
984 2972 1222 3044 Spiritus
1253 2985 1472 3031 sanctus
1499 2976 1725 3033 dabatur
1750 2978 1808 3035 in
1850 2980 2122 3050 baptismo
2137 2979 2204 3034 “.
2232 2979 2310 3036 Ex

764 3065 965 3135 quibus
998 3062 1248 3123 omnibus
1271 3067 1562 3124 didicimus
1587 3069 1700 3144 (66)
1731 3080 1893 3128 tanta
1933 3087 2055 3128 esse
2081 3073 2313 3130 auctori-

767 3156 894 3211 tatis
919 3165 974 3212 et
1003 3157 1280 3228 dignitatis
1335 3159 1692 3219 substantiam
1741 3160 1981 3233 Spiritus
2013 3164 2209 3229 sancti,
2246 3173 2307 3220 ut
2344 3169 2348 3173 ’

765 3249 1020 3305 salutaris
1044 3250 1342 3321 baptismus
1375 3265 1478 3306 non
1510 3251 1668 3307 aliter
1693 3232 1800 3308 nisi
1835 3253 2309 3312 excellentissima
2339 3232 2381 3290 (ἶ

763 3343 1005 3397 amntium
1055 3341 1338 3399 Trinitatis
1388 3343 1739 3410 auctoritate,
1770 3343 1823 3399 id
1854 3357 1973 3420 est,
2026 3345 2224 3411 Patris,
2253 3352 2320 3400 et‘

764 3432 911 3501 Filii,
941 3444 996 3491 et
1027 3434 1263 3507 Spiritus
1315 3437 1490 3492 sancti
1521 3437 1996 3507 cognominatione
2041 3438 2314 3507 complea-

764 3535 874 3594 tur,
903 3538 957 3583 et
985 3530 1234 3600 ingenito,
1267 3530 1377 3587 Deo
1401 3530 1572 3598 Patri,
1598 3539 1654 3586 et
1692 3529 1974 3602 unigenitu
2023 3529 2142 3598 ejus
2173 3529 2313 3584 Filio

763 3633 962 3692 nomen
993 3627 1208 3691 quoque
1221 3619 1464 3691 Spiritus
1495 3620 1672 3678 sancti
1696 3621 1998 3691 copuletur.
2023 3619 2154 3688 Quis
2181 3634 2311 3692 ergo

763 3727 873 3769 non
895 3709 1471 3791 obst‘upeéscatgquanta
1498 3714 1752 3784 maiestas
1795 3715 1869 3768 sit
1902 3714 2138 3784 Spiritus
2179 3727 2315 3772 san-

763 3806 868 3872 cti,
892 3819 1014 3860 cum
1043 3806 1286 3882 ωηιςυὶ
1323 3791 1522 3860 dixerit
1569 3792 1795 3882 verbum
1839 3806 1893 3862 iu
1917 3801 2113 3872 sum
2131 3801 2312 3864 homi.

763 3895 872 3958 nis,
911 3881 1347 3966 audiat‘s‘perare
1371 3897 1583 3953 veniam
1612 3881 1795 3968 posse,
1821 3890 1946 3954 eum
1973 3905 2104 3954 fero
2133 3898 2229 3968 qui
2258 3900 2312 3952 in

766 3985 1032 4053 Spiritum
1054 3995 1300 4040 sanctum
1331 3985 1812 4056 blasphemaverit,
1838 3987 2052 4041 veniam
2075 4003 2181 4044 non
2211 3987 2311 4040 ha-

729 4105 732 4108 ~
764 4077 896 4133 bere
920 4091 1096 4148 neque
1127 4077 1178 4131 iu
1208 4077 1460 4148 praesenti
1486 4076 1705 4142 saeculo,
1735 4063 1909 4148 neque
1932 4078 1985 4133 in
2014 4077 2221 4135 futuro?

840 4168 899 4226 3.
943 4168 1098 4236 Quod
1143 4177 1325 4232 autem
1373 4184 1405 4224 a
1435 4169 1546 4226 Deo
1578 4168 1832 4225 universa
1855 4179 2034 4226 creata
2060 4171 2187 4235 sint,
2216 4185 2315 4227 nec

764 4263 840 4320 sit
863 4263 971 4319 ulla
1001 4267 1250 4320 creatura
1281 4279 1401 4334 qua
1422 4279 1527 4318 non
1563 4263 1632 4319 ab
1658 4280 1724 4322 eo
1752 4264 1854 4319 hoc
1880 4264 2056 4335 ipsum
2086 4252 2144 4318 ut
2165 4276 2315 4321 esset

765 4350 1059 4428 acceperit,
1092 4369 1159 4412 ex
1189 4357 1375 4412 multis
1399 4357 1695 4427 Scriptura
1739 4357 2133 4413 assertionibus
2167 4373 2313 4414 com-

767 4452 1057 4518 probatur,
1088 4450 1386 4522 repudiatis
1414 4449 1836 4522 atque’depulsis
1865 4453 1948 4508 bis
1981 4468 2102 4524 qua:
2126 4469 2156 4508 a
2189 4455 2312 4525 qui-

2411 1981 2510 2035 ego
2534 1962 2829 2030 intelligere
2855 1975 3094 2028 possunt,
3121 1960 3261 2016 sicut
3281 1969 3336 2015 et
3372 1975 3498 2025 cum
3529 1960 3648 2030 ipsa
3692 1959 3811 2014 loca
3858 1974 3959 2015 es-

2411 2069 2731 2125 ponercmus
2764 2052 2900 2122 (70),
2935 2053 3302 2116 ostendimus,
3357 2065 3465 2106 non
3523 2059 3702 2107 tamen
3760 2065 3964 2106 secun-

2411 2149 2538 2202 dum
2563 2146 2865 2211 historiam,
2892 2145 2986 2202 sed
3017 2146 3312 2201 secundum
3345 2144 3758 2216 intelligentiam
3798 2142 3965 2215 spiri-

2415 2238 2598 2294 talem.
3869 2289 3879 2301 ι

2471 2330 2531 2383 ἦ.
2569 2329 2793 2396 Quidam
2831 2342 2960 2384 sane
2974 2343 3039 2384 ex
3059 2327 3475 2398 precessoribus
3500 2326 3698 2382 nostris
3723 2326 3777 2381 in
3804 2324 3966 2380 Novo

2410 2414 2753 2478 Testamento
2779 2423 3157 2485 observarunt,
3204 2421 3346 2488 quod
3374 2420 3543 2475 sicubi
3574 2415 3807 2487 Spiritus
3854 2430 3956 2472 no-

2380 2519 2383 2522 ’
2410 2515 2648 2570 minatur
2693 2513 2810 2569 sine
2835 2513 3132 2580 adiectione
3158 2526 3358 2583 eaquae
3399 2511 3636 2581 assignet
3665 2508 3842 2580 qualis
3885 2509 3962 2564 sit

2409 2608 2650 2678 spiritus,
2674 2608 2743 2661 de
2778 2614 2962 2661 sancto
2991 2605 3192 2674 Spiritu
3229 2605 3388 2660 debet
3413 2602 3662 2674 intelligi,
3694 2614 3755 2657 ut
3775 2587 3903 2672 puta
3933 2618 3956 2656 ι

2413 2717 2435 2751 ι
2465 2698 2694 2754 Fructus
2727 2706 2904 2751 autem
2936 2695 3168 2767 Spiritus
3188 2705 3273 2751 est
3318 2695 3583 2760 cbaritas,
3634 2692 3884 2766 gaudium
3905 2691 3969 2744 et

2409 2804 2512 2860 pax
2542 2788 2608 2854 “,
2646 2808 2667 2842 ι
2691 2796 2797 2844 etc.
2824 2787 2956 2843 Item
2989 2797 3047 2843 et
3080 2787 3153 2844 ibi
3180 2805 3196 2842 :
3229 2806 3249 2841 ι
3285 2785 3417 2844 Cum
3450 2786 3726 2857 ceperitis
3741 2784 3965 2856 spiritu.

2410 2893 2554 2934 nunc
2583 2892 2751 2934 carne
2771 2877 3091 2947 perlicimini
3112 2877 3180 2932 ".
3218 2895 3239 2931 ι
3281 2875 3389 2932 Nos
3416 2891 3545 2957 vero
3566 2877 3731 2932 etiam
3765 2862 3822 2930 in
3860 2871 3964 2930 Ve-

2413 2972 2512 3028 teri
2542 2970 2888 3027 Testamento
2917 2980 3170 3041 putamus
3190 2969 3588 3026 distinctionem
3604 2968 3761 3022 istam
3787 2979 3950 3036 posse

2409 3065 2636 3131 servari,
2668 3064 2814 3120 sicut
2845 3079 2968 3120 cum
2991 3064 3162 3119 dicit:
3195 3080 3216 3114 ι
3241 3062 3342 3131 Qui
3369 3062 3459 3117 dat
3491 3061 3739 3132 spiritum
3765 3057 3968 3129 populo

2409 3156 2501 3227 qui
2535 3165 2620 3211 est
2649 3169 2817 3224 super
2846 3163 3084 3218 terram,
3120 3163 3177 3209 et
3202 3154 3453 3224 spiritum
3485 3152 3573 3207 his
3618 3150 3711 3220 qui
3744 3149 3969 3205 calcant

2413 3263 2534 3303 eam
2565 3248 2632 3301 ⁸⁸.
2654 3264 2674 3298 ι
2699 3246 2831 3302 Sine
2849 3245 3015 3301 dubio
3047 3245 3191 3300 enim
3215 3244 3394 3300 omnis
3418 3244 3506 3313 qui
3533 3241 3705 3298 calcat
3734 3251 3967 3307 terram,

2411 3339 2569 3394 id-est
2603 3346 2819 3393 terrena
2849 3346 2906 3392 et
2934 3336 3241 3406 corporalia
3261 3377 3278 3404 ,
3319 3336 3588 3406 particeps
3612 3344 3696 3391 est
3719 3333 3967 3406 Spiritus

2411 3430 2583 3486 sancti
2609 3446 2640 3485 a
2673 3431 2782 3484 Deo
2801 3432 2936 3484 eum
2959 3430 3259 3497 accipiens.
3295 3450 3303 3456 -

2414 3523 2605 3592 Ἔλεγε
2623 3521 2682 3614 ξὲ
2711 3523 2740 3576 6
2771 3520 3014 3594 Ἑϐραῖος
3041 3520 3156 3595 (Ἠ)

2409 3616 2480 3671 τὰ
2508 3619 2566 3670 ὲν
2600 3615 2678 3687 τῷ
2721 3615 2916 3688 Ἡσαΐᾳ
2948 3615 3044 3670 δύο
3069 3634 3157 3670 σε·

2412 3711 2587 3785 ραφὶμ
2604 3709 2943 3782 ἑξαπτέρυγα
2970 3727 3160 3782 κεκρα-

2411 3805 2544 3874 γότα
2579 3804 2762 3877 ἕτερον
2792 3803 2927 3876 πρὸς
2951 3802 3036 3857 Ere
3045 3820 3156 3876 ρον,

2413 3897 2504 3951 καὶ
2553 3896 2775 3966 λέγοντα
2791 3913 2806 3927 ·
2861 3915 2880 3948 ι
2935 3894 3152 3964 Ἄγιος,

2411 3991 2584 4060 ἅγιος,
2618 3991 2770 4060 ἅγιος
2817 3988 3022 4061 Κύριος
3061 3988 3157 4043 Σα-

2412 4081 2578 4147 ϐαὼθ,
2590 4082 2708 4139 »τὸν
2723 4077 2997 4149 Μονοτενῆ
3014 4075 3152 4134 εἶναι

2409 4178 2504 4240 τοῦ
2540 4176 2685 4248 Geni
2709 4175 2806 4231 καὶ
2841 4173 2903 4228 τὸ
2931 4170 3156 4244 Πνεῦμα

2370 4318 2375 4323 .
2409 4269 2473 4324 τὸ
2515 4269 2688 4338 ἅγιον·
2723 4268 2888 4340 ἡμεῖς
2933 4263 3155 4336 οἰόμεθα

2411 4363 2493 4416 ὅτι
2535 4362 2629 4416 καὶ
2667 4361 2725 4415 ὲν
2763 4361 2830 4436 τῇ
2878 4357 2988 4431 ᾠδῇ
3027 4358 3156 4429 ’Δμ-

2413 4451 2658 4524 6ακούμο,
2680 4471 2701 4504 ι
2741 4452 2830 4511 Ἐν
2886 4449 3032 4523 μέσῳ
3065 4449 3158 4504 δύο

763 4541 993 4597 busdam
1027 4542 1163 4597 falso
1207 4541 1582 4619 perhibentur,
1603 4543 1687 4599 vel
1710 4544 1776 4600 de
1810 4546 2039 4601 materia
2077 4545 2188 4600 Deo
2217 4561 2312 4600 co-

2413 4544 2565 4611 ζώων
2604 4543 2927 4616 γνωσθήσῃ,
2973 4562 2992 4596 ι
3030 4543 3159 4616 περὶ

764 4642 989 4701 teterna,
1015 4632 1100 4688 vel
1131 4632 1198 4688 de
1228 4633 1480 4704 inge-uitis
1509 4633 1814 4699 animabus,
1835 4635 2032 4706 quibus
2057 4650 2163 4690 non
2201 4644 2309 4692 tam

763 4726 1090 4782 subsistendi
1118 4738 1388 4792 naturam,
1436 4742 1597 4798 quam
1640 4730 2001 4799 aequalitatem
2031 4740 2196 4801 atque
2223 4745 2313 4785 or-

2417 4638 2651 4710 Χριστοῦ
2685 4638 2776 4692 καὶ
2801 4636 2953 4706 ἁγίου
2992 4637 3160 4692 Ilvati-

2422 4750 2607 4805 ματος.

3225 3521 3631 3579 Dicebatautem
3645 3529 3698 3576 et
3710 3519 3972 3577 llebreus

3227 3615 3506 3686 magister,
3543 3612 3686 3682 quod
3727 3613 3835 3668 duo
3866 3611 3965 3668 illa

3225 3709 3494 3780 seraphitn
3542 3722 3663 3778 quae
3709 3708 3765 3767 in
3820 3706 3968 3761 Isaia

3227 3803 3375 3859 senis
3431 3801 3532 3857 alis
3581 3799 3972 3877 describuntur

3223 3893 3868 3970 clamantiaadinvicem,
3913 3898 3974 3945 et

3224 3985 3454 4056 dicentia
3487 4002 3537 4040 ει
3560 3983 3812 4048 Sanctus,
3834 3997 3972 4038 san-

3223 4087 3346 4131 ctus
3363 4116 3380 4142 ,
3444 4086 3663 4132 sanctus
3707 4076 3975 4130 Dominus

3227 4170 3369 4225 Deus
3435 4167 3672 4224 Sabaoth
3719 4166 3795 4234 ⁶⁹;
3839 4185 3862 4220 ι
3899 4165 3974 4221 dc

3225 4261 3501 4334 unigenito
3565 4259 3706 4316 Filio
3757 4257 3855 4316 Del
3913 4269 3974 4316 et

3226 4354 3650 4426 Spiritu'sancto
3670 4361 3856 4409 essent
3880 4351 3974 4408 in-

3227 4447 3533 4521 telligeuda.
3568 4445 3677 4504 Nos
3710 4462 3843 4504 vero
3869 4462 3974 4517 pl-

3225 4549 3401 4599 tamus
3441 4540 3603 4597 etiam
3647 4539 3780 4596 illud
3820 4539 3976 4610 quod

3228 4621 3286 4692 in
3309 4635 3522 4692 cantico
3532 4634 3749 4689 Abacuc
3762 4633 3975 4688 dictu-

3226 4740 3310 4787 est
3338 4747 3354 4784 :
3390 4747 3410 4780 ‹
3434 4727 3491 4782 in
3519 4725 3696 4782 medio
3723 4724 3802 4783 ac!
3833 4725 3974 4780 duo-

764 4813 946 4872 dinem
986 4819 1099 4891 (67)
1151 4838 1182 4875 a
1230 4821 1341 4876 Deo
1393 4821 1616 4876 insitum
1661 4821 1867 4881 volunt.
1909 4819 2042 4876 Nam
2076 4830 2132 4875 et
2166 4821 2219 4875 in
2250 4836 2318 4876 eo
2425 4841 2543 4880 rum
2597 4824 2933 4892 animalium,
2994 4824 3073 4881 uel
3121 4824 3349 4880 duarum
3401 4821 3634 4876 vitarum
3666 4831 3974 4888 cognosce-

836 4933 884 5004 ξ’
907 4932 1122 5004 Pal},
1146 4935 1233 4991 13.
1287 4935 1353 5001 ﬁ”
1377 4935 1512 4991 Dan.
1535 4915 1684 4999 ":6.
1759 4936 1804 4969 ⁸⁸
1825 4934 1981 4991 Joau.
2003 4951 2099 5002 xx,
2118 4933 2206 4989 22.
2282 4934 2320 4966 "

2408 4951 2489 4990 uc.
2511 4953 2550 5003 ι,
2571 4937 2660 4993 55.
2735 4937 2781 4969 ⁸³
2807 4938 2827 4992 Ι
2847 4937 2976 4995 Cor.
2999 4953 3097 5004 xu,
3114 4938 3170 4994 3.
3243 4935 3289 4968 “
3311 4935 3432 4991 Act.
3455 4947 3572 4997 vm,
3596 4929 3682 4985 58.
3756 4929 3805 4962 ⁸⁸
3829 4928 3976 4987 Gen.

874 5042 888 5054 .
965 5003 1011 5039 “
1035 4999 1212 5061 Ga’lat.
1238 4999 1406 5067 v.22.
1480 5006 1671 5064 "Gal.
1693 5022 1772 5074 ut,
1796 5007 1849 5062 5.
1925 5006 1971 5039 ⁸⁸
1996 4999 2102 5064 lsa.
2129 5019 2261 5074 ιωι,
2286 5004 2341 5060 5.

833 5001 888 5156 ἵ.
965 5003 1011 5039 ⁶⁴
1035 5003 1212 5061 Galat.
1238 5020 1289 5067 v.
1313 5005 1406 5061 ξε.
1480 5006 1671 5064 "Gal.
1693 5022 1772 5074 ut,
1796 5007 1849 5062 5.

846 5089 1053 5166 Ita
1083 5108 1213 5150 mss.
1245 5095 1414 5164 Alias,
1450 5116 1470 5148 ε
1493 5098 1834 5166 proﬁtentur.
1861 5117 1882 5153 ι

991 5158 1073 5241 ita
1102 5177 1235 5218 mss.
1260 5158 1433 5241 A_l_i_as,
1457 5158 1896 5241 (abundantius.
1918 5188 1939 5223 ο

861 5230 951 5301 ξεί)
991 5229 1082 5301 Sic
1115 5247 1241 5288 mss.
1270 5229 1441 5301 Alias,
1468 5254 1487 5287 ε
1519 5236 1778 5296 Dominus
1796 5238 1976 5297 Iesus.
2009 5258 2030 5293 ι

837 5298 1240 5382 (66)”Sichss.
1261 5298 1471 5382 Alias,’t_
1495 5307 1738 5382 dicimus.
1773 5329 1798 5367 r,
1819 5310 1988 5382 Paulo
2006 5316 2126 5382 post
2157 5323 2310 5374 mss.,

767 5390 790 5423 ι
829 5369 1562 5449 excellentissima:omnium
1585 5374 1880 5438 Trinitatis.
1915 5401 1933 5436 ι
1963 5369 2132 5449 Alias,
2160 5369 2312 5449 (ﬁl;

763 5439 1611 5502 cellentissimzeomnitriuitatis.
1657 5456 1711 5500 ι’
2117 5439 2131 5449 ’
2190 5441 2211 5451 ⁵
2287 5469 2292 5476 '

838 5509 951 5581 (67)
981 5509 1084 5591 .Sic
1135 5527 1266 5591 mss.
1314 5513 1484 5578 Alias,
1534 5532 1554 5565 ι
1585 5518 1780 5591 quibus
1825 5529 1932 5575 tam
1978 5517 2304 5579 subsist‘éndi

765 5583 1074 5653 quamvita:
1105 5583 1422 5650 qualitatem
1453 5583 1614 5653 atque
1645 5589 1913 5645 ordinem.
1943 5611 1965 5644 ι

765 5721 1046 5798 «angeli.
1073 5725 1357 5798 positione
1373 5739 1532 5795 quem
1556 5721 1820 5798 (Hermes:
1852 5747 1874 5783 ι

835 5790 960 5890 (6?)
989 5790 1446 5892 tumelias,
1475 5814 1494 5850 ι
1528 5810 1645 5879 quo,
1664 5797 1730 5855 de
1750 5799 1879 5856 vita.
1918 5819 1938 5861 l

2397 5008 2460 5078 I‘.’
2487 5009 2590 5063 lsa.
2611 5024 2684 5076 vr,
2707 5010 2762 5063 ‘5.

2624 5057 2880 5172 iliafinss.
2910 5057 3094 5162 Alias,
3135 5114 3157 5145 ι
3201 5104 3543 5172 exponerem.
3588 5106 3608 5142 ι
3644 5086 3809 5172 Paulo
3842 5102 3979 5160 post

2421 5162 2614 5249 mss.,}
2640 5170 2872 5249 quidam
2894 5181 3026 5249 sane
3057 5162 3572 5249 es_pra:cessoribus
3613 5162 3822 5249 postris
3847 5201 3971 5249 τ...

2415 5231 2788 5307 observarunt.
2802 5257 2820 5289 ι
2844 5237 3012 5305 Alias,
3027 5231 3243 5307 quidam
3259 5235 3466 5307 saneea
3485 5231 3978 5307 praedecessoribus

2418 5305 2711 5363 nostris...

2769 5300 3078 5362 observant.
3115 5325 3134 5358 ι
3166 5300 3511 5357 Paulo.inlra
3557 5316 3710 5364 mss.,
3742 5320 3763 5354 ι
3797 5305 3978 5371 parti-

2423 5393 2550 5444 ceps
2566 5385 2646 5431 est
2682 5375 2918 5444 Spiritus
2931 5377 3100 5430 sancti
3127 5390 3158 5428 a
3180 5373 3289 5428 Deo
3311 5386 3434 5426 eum
3469 5371 3791 5443 accipiensa
3808 5371 3972 5428 Alias

2414 5446 2587 5509 deest.
2620 5463 2640 5497 ε
2669 5445 2901 5515 Spiritus
2919 5445 3116 5515 sancti.
3151 5463 3171 5496 ι

2486 5516 2610 5587 (71)
2643 5511 2852 5586 Ἐζιετε
2866 5514 2986 5587 δὲ·λό
3001 5514 3278 5587 Ἐϐραῖος,
3305 5521 3413 5578 etc.
3425 5511 3614 5587 Graece
3634 5512 3860 5587 ἤτορι-(ε

3871 5443 4012 5480 ./_,

3863 5504 3979 5564 fert

2411 5580 2755 5644 Justitiianus
2779 5580 2843 5640 ad
2875 5580 3343 5654 calcem'epistola:
3371 5585 3439 5640 ad
3479 5584 3686 5639 Menam
3717 5580 3967 5650 patriar-

838 5651 952 5722 (68)
992 5651 1083 5730 Sic
1112 5668 1243 5730 mss.
1268 5654 1418 5708 Alias
1449 5651 1726 5730 mendose,
1761 5684 1780 5710 ι
1803 5662 2090 5730 pastoralis
2116 5662 2315 5727 dicitur
2413 5660 2570 5714 cltam
2627 5651 3299 5730 Constantinum!itanulu.
3333 5654 3690 5730 ‘Hieronymo
3769 5659 3964 5730 autem

1073 5725 1532 5804 positione-quem
1556 5720 1820 5804 pueritia;
1852 5747 1874 5783 ι
2073 5720 2084 5721 7
2297 5720 2303 5727 ⁷
2416 5725 2855 5804 ειοῃιεεμιυιηηῇιε
2897 5720 3064 5804 movit
3101 5726 3218 5782 hec
3256 5725 3504 5804 Qrigeuis

2416 5808 2480 5864 ut
2507 5797 2722 5872 impiam
2747 5797 2894 5858 illam
2919 5805 2976 5857 et
3007 5791 3380 5860 detestandam
3423 5793 3655 5868 appellet
3682 5791 3776 5856 lib.
3808 5804 3878 5854 III
3915 5791 3982 5848 in
