4118 6308
181 394 281 454 “9

1534 400 1732 455 LIBER
1765 400 2038 455 PRIMUS.

3269 390 3371 452 150

178 514 251 566 ris
271 512 323 546 "
355 513 487 583 (72),
521 532 540 565 ›
570 512 634 569 de
660 512 877 569 Christo
898 522 952 567 et
976 518 1040 569 de
1073 514 1275 584 Spiritu
1304 526 1487 571 sancto
1516 520 1709 572 sentiri
1742 526 1791 579 Α
1816 534 1944 573 sane
1974 519 2111 587 quod
2140 517 2391 581 dicimus,
2424 516 2505 571 vel
2534 535 2553 567 ι
2587 530 2817 585 semper,
2858 532 2875 566 δ
2904 514 2985 569 vel
3020 534 3037 566 ι
3067 526 3203 581 erat,
3234 535 3252 567 ο
3283 518 3362 569 \‘ci

176 605 390 660 debere.
429 604 614 660 Omnis
635 606 775 659 enim
799 606 1019 659 scientia
1052 606 1115 661 de
1138 605 1295 661 Patre
1328 606 1597 661 revelante
1623 607 1713 661 Fi—

174 694 243 747 lio
274 695 327 748 in
365 694 565 762 Spiritu
591 705 779 749 sancto
810 696 1169 765 cognoscitur,
1192 705 1250 749 ut
1277 696 1434 749 ambo
1464 698 1576 750 hazc
1598 711 1715 761 qua:

171 789 470 839 secundum
522 786 833 856 prophetam
872 787 953 839 vel
994 788 1309 851 animantia,
1342 788 1426 841 vel
1468 788 1589 840 vita:
1629 788 1713 840 di-

170 889 392 939 cuntur,
425 894 585 931 causa
618 879 861 933 scientiae
893 878 986 932 Dei
1021 879 1195 934 Patris
1228 879 1515 933 exsistant.
1563 879 1713 933 Sicut

167 969 314 1021 enim
366 970 431 1022 de
478 968 612 1023 Filio
645 972 860 1033 dicitur,
902 970 1025 1038 quia
1059 988 1078 1021 ‹
1111 985 1265 1025 nemo
1294 972 1445 1023 novit
1495 971 1706 1024 Patrem

167 1060 271 1113 nisi
305 1060 501 1124 Filius,
527 1071 580 1115 et
606 1062 690 1116 cui
721 1060 949 1116 voluerit
976 1062 1140 1116 Filius
1172 1062 1509 1128 revelare“;
1545 1082 1563 1115 ι
1599 1065 1710 1116 brec

166 1150 359 1204 eadem
388 1151 550 1205 etiam
578 1150 643 1204 de
665 1149 865 1216 Spiritu
891 1164 1077 1205 sancto
1108 1152 1239 1205 dicit
1259 1149 1563 1218 Apostolus,
1588 1165 1708 1203 cum

167 1240 288 1293 ait:
331 1258 352 1291 ε
393 1241 560 1295 Nobis
600 1250 776 1295 autem
820 1240 1077 1293 revelavit
1110 1239 1249 1299 Deus
1296 1254 1392 1307 per
1442 1238 1705 1308 Spiritum

165 1346 324 1383 suum
357 1331 503 1397 (75);
539 1332 773 1400 Spiritus
821 1331 963 1385 enim
996 1332 1173 1385 omnia
1221 1339 1491 1384 scrutatur
1542 1331 1707 1383 etiam

164 1420 279 1473 alta-
303 1420 394 1475 Dei
418 1423 516 1472 τ’.»
542 1423 645 1476 Sed
671 1429 725 1475 et
747 1436 933 1475 rursus
954 1422 1006 1474 in
1026 1421 1312 1490 Evangelio
1339 1422 1402 1475 de
1428 1422 1625 1475 divinis
1646 1436 1708 1475 ac

163 1510 607 1578 profundioribus
654 1511 912 1565 doctrinis
962 1525 1395 1565 commemorans
1460 1508 1707 1563 Salvator

163 1616 299 1670 quas
328 1602 567 1655 nomium
598 1616 790 1671 capere
841 1610 1091 1671 poterant
1125 1601 1369 1670 discipuli
1396 1603 1499 1663 sui,
1533 1600 1604 1653 ita
1632 1600 1709 1654 ait

160 1694 227 1746 ad
259 1691 539 1761 apostolos
576 1708 590 1744 :
629 1710 648 1743 ι
682 1692 870 1745 Adhuc
891 1692 1057 1745 multa
1089 1690 1259 1745 habeo
1303 1706 1423 1758 quae
1452 1690 1603 1744 vobis
1632 1690 1710 1743 di-

159 1795 299 1844 cam,
335 1784 431 1836 sed
466 1797 570 1837 non
594 1782 918 1851 potestisilla
942 1782 1095 1836 modo
1124 1796 1346 1851 capere;
1379 1797 1499 1836 cum
1525 1790 1702 1835 autem

1820 608 1862 663 si
1894 609 2032 677 quod
2059 606 2201 660 aliud
2252 605 2357 660 tale
2399 606 2707 675 temporalis
2732 604 3138 674 signiﬁcationis
3168 619 3361 658 nomen

1819 696 2165 751 adsciscimus
2192 694 2325 768 (76),
2357 694 2671 765 simpliciter
2698 704 2888 748 etcum
2908 695 3059 748 venia
3094 694 3359 762 accipien-

1817 786 1940 839 dum
1976 796 2084 849 est;
2116 788 2366 855 quoniam
2394 786 2662 859 nominum
2682 786 2897 854 quidem
2941 785 3129 838 borum
3164 785 3361 854 signiti-

1817 877 2052 930 cationes
2078 877 2396 944 temporales
2429 884 2571 939 sunt,
2596 890 2657 929 ea
2688 886 2867 929 autem
2890 875 2955 929 de
2976 876 3165 944 quibus
3194 876 3365 946 loqui-

1816 983 1954 1031 mur,
1983 976 2205 1021 tractatu
2233 968 2441 1035 quidem
2484 966 2751 1021 sermonis
2772 952 2776 956 ’
2797 967 3160 1035 temporaliter
3190 969 3361 1021 nomi-

1816 1067 2033 1120 nantur,
2086 1067 2279 1110 natura
2330 1067 2505 1110 autem
2558 1057 2638 1111 sui
2694 1071 2909 1110 omnem
2960 1058 3361 1129 intelligentiam

1823 1162 2013 1201 sensus
2044 1148 2351 1216 temporalis
2384 1147 2667 1201 excedunt.

1882 1238 1932 1292 5.
1963 1237 2181 1291 Rectum
2206 1246 2382 1291 tamen
2403 1238 2609 1291 videtur
2640 1238 2910 1303 inquirere
2933 1238 3057 1305 quid
3080 1253 3252 1292 canste
3270 1237 3360 1297 sit.

1814 1329 1950 1397 quod
1996 1329 2082 1396 qui
2128 1339 2473 1397 regeneratur
2506 1340 2604 1397 per
2630 1328 2793 1380 Deum
2829 1329 2882 1380 in
2933 1329 3182 1395 salutem,
3224 1344 3361 1399 opus

1814 1419 1976 1474 habet
2004 1428 2057 1472 et
2086 1418 2243 1473 Patre
2277 1426 2331 1471 et
2381 1418 2518 1473 Filio
2538 1429 2593 1474 et
2620 1418 2820 1487 Spiritu
2847 1429 3060 1485 sancto,
3096 1436 3200 1473 non
3233 1436 3359 1490 per-

1813 1519 2065 1578 eepturus
2089 1509 2313 1562 salutem
2341 1507 2440 1562 nisi
2472 1510 2540 1561 sit
2574 1509 2777 1578 integra
2806 1508 3045 1564 Trinitas
3070 1526 3084 1563 :
3113 1524 3209 1564 nec
3236 1524 3358 1577 pos-

1769 1588 1965 1655 °sibile
2002 1601 2071 1655 sit
2100 1600 2419 1670 participem
2450 1600 2565 1654 ﬁeri
2603 1599 2778 1655 Patris
2809 1602 2889 1657 vel
2926 1601 3046 1656 Filii
3086 1604 3201 1657 sine
3230 1600 3356 1672 Spi-

1813 1693 1915 1745 ritu
1945 1702 2136 1746 sancto
2164 1691 2308 1762 (77).
2327 1691 2402 1746 De
2445 1692 2640 1760 quibus
2671 1692 3019 1748 discutientes
3059 1694 3172 1748 sine
3198 1694 3357 1750 dubio

1816 1782 2174 1838 necessarium
2207 1783 2310 1837 erit
2343 1791 2400 1836 ιιι
2431 1784 2797 1852 operationem
2850 1786 3134 1853 specialem
3182 1786 3350 1855 Spiri-

159 1873 374 1926 venerit
409 1873 720 1929 consolator
751 1872 986 1941 Spiritus
1005 1881 1245 1939 sanctus,
1264 1873 1352 1928 ille
1382 1887 1479 1928 vos
1500 1873 1709 1926 docebit
1739 1873 1781 1930 Β
1812 1883 1894 1925 tus
1924 1874 2114 1939 sancti,
2134 1882 2190 1927 et
2222 1874 2502 1941 specialem
2530 1874 2703 1929 Patris
2725 1891 2786 1930 ac
2815 1875 2935 1930 Filii
2964 1876 3352 1934 describamus.

158 1965 367 2027 omnia,
393 1965 825 2018 etcomtnonebit
852 1963 1027 2017 omnia
1054 1979 1173 2033 quae
1198 1964 1306 2017 dixi
1340 1964 1693 2019 -vobis"°".i

158 2057 220 2112 Et
265 2058 343 2112 ita
383 2057 716 2111 sentiendum
754 2057 1007 2127 estquod
1040 2059 1175 2112 sicut
1220 2057 1390 2113 Filius
1427 2059 1516 2127 qui
1554 2057 1703 2112 solus

158 2149 443 2215 cognoscit
480 2147 715 2213 Patrem,
764 2149 965 2202 revelat
1012 2150 1093 2203 cui
1141 2150 1283 2210 vult;
1334 2149 1407 2202 ita
1459 2150 1701 2219 Spiritus

157 2249 385 2293 sanctus
411 2240 504 2308 qui
534 2239 682 2293 solus
706 2248 977 2293 scrutatur
1015 2241 1177 2294 etiam
1210 2240 1313 2293 alta
1349 2239 1463 2303 Dei,
1498 2238 1702 2293 revelat

158 2331 330 2384 Deum
360 2328 474 2400 (74)
498 2330 582 2384 cui
629 2331 760 2385 vult.
799 2348 818 2380 ι
854 2330 1084 2399 Spiritus
1120 2332 1263 2385 enim
1305 2330 1393 2385 ubi
1437 2328 1547 2384 vult
1587 2331 1699 2398 spi-

159 2421 325 2473 rat".
364 2422 382 2471 δ
419 2419 602 2489 Neque
632 2422 774 2474 enim
804 2421 1095 2490 putandum
1125 2422 1231 2492 62,
1252 2430 1334 2475 est
1357 2420 1494 2490 quod
1533 2421 1697 2475 etiam

158 2510 402 2576 Spiritus
428 2510 565 2565 Filio
590 2512 859 2566 rcvelante
873 2513 1163 2581 cognoscit.
1186 2513 1240 2566 Si
1264 2513 1405 2567 enim
1432 2512 1702 2567 revelante

157 2601 295 2656 Filio
323 2602 609 2669 cognoscit
650 2602 861 2657 Patrem
904 2602 1138 2672 Spiritus
1184 2614 1443 2668 sanctus,
1472 2619 1601 2673 ergo
1634 2619 1700 2658 ex

158 2692 469 2762 ignorantia
497 2693 563 2745 ad
594 2694 875 2747 scientiam
914 2695 1091 2760 venit;
1140 2694 1281 2763 quod
1313 2696 1497 2764 utique
1520 2705 1574 2749 et
1598 2697 1697 2749 itn-

156 2783 303 2851 pium
329 2783 533 2852 pariter
559 2791 612 2837 et
637 2784 856 2837 stultum
880 2792 984 2847 est,
1008 2784 1260 2853 Spiritum
1278 2794 1520 2839 sanctum
1542 2784 1703 2840 conii-

160 2875 783 2943 teri,etignorantiam-ei
803 2876 1091 2931 ascribere.
1113 2875 1230 2931 Non
1252 2877 1394 2930 enim
1414 2892 1532 2931 cum
1557 2876 1700 2931 aliud

159 2962 365 3032 aliquid
394 2971 539 3016 esset
573 2972 861 3033 antequam
904 2964 1139 3033 Spiritus
1170 2974 1405 3029 sanctus,
1446 2982 1544 3035 per
1575 2981 1701 3034 pro-

158 3052 358 3107 fectum
384 3055 531 3107 venit
574 3054 626 3105 in
681 3054 782 3107 hoc
819 3063 874 3107 ut
908 3065 1050 3109 esset
1078 3053 1311 3121 Spiritus
1344 3065 1598 3120 sanctus;
1641 3064 1701 3109 ut

156 3141 279 3209 quis
308 3142 511 3196 audeat
541 3142 740 3209 dicere,
766 3143 891 3213 quia
926 3152 1049 3198 tunc
1077 3146 1289 3214 quidem
1317 3160 1441 3199 cum
1464 3147 1696 3200 nondum

157 3243 301 3285 esset
344 3232 582 3300 Spiritus
604 3232 715 3304 (75)
744 3244 984 3297 sanctus,
1014 3234 1297 3304 ignorabat
1332 3234 1569 3301 Patrem,
1602 3252 1699 3305 po-

158 3332 270 3375 stea
298 3337 431 3377 vero
465 3338 626 3392 quam
668 3325 868 3393 recepit
894 3326 1191 3388 scientiam,
1229 3324 1462 3394 Spiritus
1482 3335 1701 3383 sanctus

156 3410 384 3467 cﬂ‘ectus
408 3422 527 3477 est;
558 3417 698 3482 quod
730 3415 776 3468 si
808 3426 968 3476 esset.
991 3432 1258 3485 nunquam
1286 3418 1471 3487 utique
1502 3420 1553 3473 in
1583 3422 1702 3473 uni-

160 3511 270 3556 tate
310 3501 619 3568 Trinitatis,
658 3506 708 3560 id
737 3514 819 3559 est
852 3506 943 3559 Dei
983 3506 1161 3561 Patris
1193 3508 1614 3564 inconvertibilis
1647 3519 1701 3563 et

157 3592 280 3648 Filii
314 3595 455 3664 ejus,
500 3595 662 3649 etiam
705 3595 820 3664 ipse
855 3593 1090 3664 Spiritus
1135 3607 1353 3652 sanctus
1383 3600 1695 3665 haberetur,

158 3684 259 3741 nisi
291 3687 419 3755 quia
455 3695 512 3741 et
536 3686 650 3757 ipse
670 3699 882 3755 semper
908 3695 1027 3741 erat
1060 3687 1289 3757 Spiritus
1312 3698 1552 3745 sanctus.
1584 3690 1699 3748 Hoc

1802 1962 1936 2034 [(78)
1967 1964 2085 2016 Ὅτι
2109 1966 2137 2016 ὁ
2172 1963 2270 2034 μὲν
2292 1963 2423 2028 Θεὸς
2461 1962 2554 2018 καὶ
2625 1971 2872 2024 Arbitror
2912 1983 3039 2036 ergo
3090 1966 3351 2033 operatio-

1800 2055 1982 2124 Πατὴρ
2017 2054 2249 2123 συνέχων
2268 2054 2337 2112 ςὰ
2384 2054 2557 2110 πάντα
2624 2068 2743 2109 nem
2782 2054 2994 2116 quidem
3030 2067 3149 2106 esse
3185 2051 3352 2106 Patris

1802 2145 1989 2214 φοάνει
2051 2148 2130 2207 εἰς
2185 2145 2412 2199 ἕκαστον
2445 2146 2550 2201 τῶν
2624 2145 2681 2191 et
2728 2137 2846 2192 Filii
2902 2146 3006 2190 tam
3060 2139 3111 2192 in
3162 2138 3357 2194 sanctis

1798 2235 1961 2289 ὄντων
1998 2237 2307 2306 μεταδιδοὺς
2331 2238 2545 2307 ἑκάστῳ
2620 2238 2777 2291 quam
2804 2223 2855 2275 in
2883 2225 3277 2290 peccatoribus,
3303 2225 3353 2276 in

1799 2328 1907 2381 ἀπὸ
1949 2328 2043 2381 τοῦ
2087 2328 2214 2381 ἰδίου
2264 2329 2322 2381 τδ
2371 2325 2542 2382 εἶναι·
2618 2316 2929 2370 hominibus
3003 2316 3352 2371 rationalibus

1797 2419 1873 2473 ὢν
1926 2422 2031 2491 γάρ
2086 2424 2265 2474 ἐστιν·
2314 2422 2546 2475 ἐλάττων
2614 2416 2669 2461 et
2696 2407 2751 2462 in
2790 2405 2950 2460 nmtis
2989 2405 3352 2469 animalibus;

1797 2512 1854 2564 δὲ
1910 2514 2041 2585 πρὸς
2093 2514 2181 2569 τὸν
2240 2514 2455 2587 Πατέρα
2516 2515 2545 2566 ὁ
2613 2498 2705 2553 sed
2749 2507 2802 2553 et
2844 2499 2896 2552 in
2950 2498 3035 2564 bis
3074 2512 3192 2565 qua:
3239 2498 3356 2587 sine

1801 2602 1929 2667 Υἱὸς
1958 2603 2171 2674 φθάνων
2198 2605 2292 2658 ἐπὶ
2314 2608 2449 2677 μόνα.
2474 2606 2545 2659 τὰ

1797 2694 2004 2765 λογικά·
2034 2697 2281 2770 δεύτερος
2304 2701 2409 2770 γάρ
2430 2701 2545 2753 ἐστι

1797 2786 1890 2840 τοῦ
1916 2789 2155 2860 Πατρόςο
2186 2788 2265 2843 ἔτι
2296 2790 2351 2843 δὲ
2383 2786 2546 2861 ἦττον

1796 2880 1858 2931 τὸ
1905 2881 2121 2951 Πνεῦμα
2154 2883 2213 2933 τὸ
2254 2882 2404 2950 ἅγιον
2452 2882 2544 2934 ἐπὶ

1802 2970 1993 3040 μόνους
2046 2974 2169 3035 τοὺς
2213 2972 2399 3039 ἁγίους
2446 2973 2546 3025 διῖ-

1799 3060 2087 3132 κνούμενον
2109 3080 2123 3093 ο
2191 3063 2329 3117 ὥστε
2405 3064 2542 3118 κατὰ

1799 3152 1951 3207 τοῦτο
2010 3155 2275 3227 μείζωνὴ
2322 3156 2543 3228 δύναμις

1795 3244 1889 3297 τοῦ
1961 3247 2170 3318 Harpe;
2224 3248 2372 3319 παρὰ
2451 3248 2543 3303 τὸν

1794 3336 1922 3391 Υἱὸν
1965 3339 2058 3391 καὶ
2117 3339 2178 3392 τὸ
2220 3340 2455 3413 Πνεῦμα,
2484 3340 2546 3395 τὸ

1796 3423 1966 3493 ἅγιον·
2019 3427 2217 3480 πλείων
2261 3429 2315 3481 δὲ
2364 3432 2399 3500 ἡ
2444 3430 2540 3484 τοῦ

1797 3515 1924 3570 Υἱοῦ
1963 3520 2111 3587 παρὰ
2143 3521 2199 3572 τὸ
2226 3521 2451 3591 Πνεῦμα
2483 3522 2544 3577 τὸ

2616 2591 2792 2646 anima
2836 2600 2981 2653 sunt,
3015 2600 3070 2645 et
3099 2592 3151 2645 in
3172 2582 3351 2645 omni-

2614 2686 2716 2741 bus
2754 2684 2973 2739 omnino
3017 2697 3133 2753 qua:
3185 2694 3349 2748 sunt;

2615 2779 2979 2848 operationem
3015 2791 3141 2830 vero
3185 2776 3355 2845 Spiri-

2616 2880 2701 2927 tus
2769 2872 2942 2927 sancti
3011 2882 3347 2938 nequaquam

2613 2977 2832 3033 prorsus
2848 2960 3083 3015 incidere
3106 2960 3189 3014 vel
3217 2960 3350 3015 inea

2614 3050 2737 3124 quae
2755 3055 2869 3109 sine
2899 3054 3077 3107 anima
3105 3060 3247 3112 sunt,
3267 3061 3349 3105 vet

2614 3149 2665 3203 in
2688 3162 2751 3203 ea
2778 3162 2895 3216 quze
2923 3144 3212 3199 animantia
3236 3144 3353 3213 qui.

2614 3242 2754 3307 dem,
2779 3240 2874 3295 sed
2907 3248 3049 3294 muta
3087 3238 3349 3303 sunt;sed

2564 3327 2575 3337 ’
2615 3348 2681 3389 ne
2714 3335 2767 3388 in
2800 3332 2907 3387 illis
2943 3332 3155 3401 quidem
3206 3331 3352 3383 inve-

2612 3427 2715 3481 niri
2749 3423 2858 3497 (79)
2886 3420 3350 3494 qui'rationabiles
3426 3508 3427 3511 η

2613 3518 2826 3587 quidem
2861 3525 3005 3582 sunt,
3033 3513 3127 3568 sed
3155 3514 3206 3565 in
3239 3527 3348 3565 ma-

2614 3610 2728 3664 litia
2759 3608 2942 3679 positi,
2978 3620 3080 3661 nec
3125 3604 3346 3659 omnim)

2614 3702 2679 3757 ad
2714 3701 2933 3757 meliora
2980 3698 3243 3755 conversi.
3293 3696 3347 3751 ln

1795 3607 1975 3675 ἅγιον·
2026 3610 2115 3661 καὶ
2156 3612 2315 3664 πάλιν
2356 3612 2542 3680 διαφέ-

1796 3715 1962 3768 ρουσα
2012 3700 2207 3771 μᾶλλον
2251 3702 2344 3756 τοῦ
2387 3703 2540 3772 ἁγίου

224 3823 271 3856 ’⁸
306 3822 511 3879 Habac.
555 3834 638 3888 tu,
662 3818 717 3875 3.
743 3821 788 3913 ii
816 3820 1034 3891 Lucri,
1058 3822 1160 3880 22;
1220 3827 1266 3859 "
1298 3827 1461 3905 [Cor.
1488 3845 1549 3899 ιι,
1579 3830 1661 3887 10.

1807 3836 1852 3868 ’³
1875 3835 2029 3892 Joan.
2054 3856 2165 3908 xvr,
2191 3841 2277 3909 i2,
2301 3842 2397 3909 l3;
2429 3844 2538 3909 xiv,
2560 3841 2647 3897 26.
2722 3842 2767 3874 ⁷⁵
2797 3841 2950 3897 Joan.
2978 3856 3060 3907 ιιι,
3086 3840 3137 3896 8.

156 3961 367 4025 Isaiam,
399 3970 457 4016 et
483 3962 641 4030 epist.
683 3963 773 4029 4|,
810 3964 944 4019 alias
973 3965 1064 4031 65,
1109 3969 1174 4022 ad
1209 3967 1608 4026 Pammachinm
1646 3985 1703 4029 et

158 4037 452 4110 Oceanum.
484 4030 589 4086 Sed
622 4034 744 4087 vide
774 4048 881 4110 quo
908 4030 1378 4110 pacto‘excusetur
1416 4038 1698 4110 Orig/enia-

158 4118 342 4156 nortmt
361 4101 455 4170 lib.
489 4117 551 4161 ll,
578 4112 767 4170 quaest.
798 4102 853 4165 2,
879 4101 1022 4157 num.
1048 4106 1134 4160 26.

227 4172 340 4241 (72)
382 4169 450 4223 In
474 4169 641 4224 medio
665 4169 745 4225 vel
780 4172 999 4241 duorum
1026 4175 1334 4229 animalium
1360 4177 1443 4231 vel
1474 4180 1697 4237 duarum

156 4240 388 4315 eam!
407 4243 751 4315 cognosceris.
771 4240 1056 4315 Yerterunt
1086 4243 1226 4298 LXX
1252 4250 1608 4315 interpretes:
1640 4256 1699 4307 ὲν

162 4310 307 4392 μέςῳ
333 4310 426 4362 δύο
450 4308 599 4374 ζώων
630 4309 934 4392 meam.
976 4329 994 4363 ι
1027 4313 1081 4366 ln
1110 4316 1281 4392 medio
1315 4308 1698 4392 dit-crumani-

159 4383 377 4455 malium
409 4383 773 4455 Cognosceris.
809 4400 828 4432 ι
851 4381 907 4434 Si
927 4397 1058 4455 vero
1084 4399 1177 4455 pro
1206 4383 1357 4447 ζώων
1379 4386 1520 4455 legas
1548 4389 1699 4453 ζωῶν

1794 3982 2009 4049 quidem
2047 3985 2333 4040 sermonis.
2373 4005 2392 4038 ι

1863 4052 1974 4119 (77)
2018 4052 2139 4105 Non
2160 4067 2493 4122 percepturus
2522 4056 2739 4110 salutent
2769 4055 2870 4108 nisi
2907 4055 2972 4106 sit
3008 4055 3204 4122 integra
3234 4055 3345 4105 1":—

1796 4123 1967 4191 njtar;
2008 4139 2097 4175 nec
2147 4121 2391 4189 possibile
2436 4128 2504 4179 sit
2546 4126 2849 4191 participem
2881 4122 2996 4189 fieri
3041 4121 3219 4177 Patris
3268 4128 3344 4177 tet

1797 4188 1922 4242 Filii
1953 4194 2061 4244 sine
2092 4188 2292 4260 Spiritu
2312 4204 2505 4247 sancto.
2536 4188 2658 4247 llaec
2691 4188 3063 4247 desiderantur
3093 4194 3145 4246 in
3187 4203 3343 4248 antea

1794 4260 1972 4318 editis.
2001 4262 2090 4312 sed
2122 4272 2335 4314 exstant
2365 4264 2415 4316 in
2442 4263 2690 4316 omnibus
2717 4276 2852 4315 mss.

1863 4329 1972 4397 (78)
1990 4331 2125 4382 ’Ὅτι
2146 4333 2178 4383 ό
2194 4330 2309 4397 μὲν
2332 4333 2473 4397 Θεὸς
2493 4331 2589 4384 καὶ
2612 4328 2829 4398 Πατὴρ,
2862 4339 2966 4385 etc.
2993 4328 3177 4385 Graeca
3206 4331 3341 4397 hinc,

1795 4399 1946 4453 uncis
1964 4400 2234 4469 conclusa,
2256 4400 2816 4469 cxbibetJustinianus
2835 4402 3122 4469 imperator
3138 4402 3202 4454 ad
3228 4402 3343 4455 cal-

159 4466 187 4502 ο
214 4448 884 4536 ζῳήιμγςςξειιὼεξηξξιμ
924 4452 976 4504 in
1008 4448 1179 4536 φείδεο
1212 4448 1693 4536 ϋιιεινυιιῑγίιίξτιιηι
1727 4477 1773 4534 ι)
1800 4448 3340 4536 ééaii"e‘pi£iet£§..i"itén'atIEES3856613013E13531};—

160 4519 522 4585 eopnosceris.
568 4535 587 4568 ι
630 4516 890 4573 Hebraica
926 4524 1088 4576 verba
1129 4536 1325 4577 sonant
1360 4541 1374 4577 :
1414 4544 1433 4575 ‹
1473 4528 1525 4579 in
1557 4529 1694 4582 inte-

159 4590 284 4644 riori
336 4602 597 4666 annorum
653 4587 1059 4666 vivificajllud.
1116 4610 1135 4643 ι
1180 4592 1347 4666 Paulo
1392 4608 1509 4663 post
1541 4613 1694 4666 mss,

164 4677 184 4709 ι
222 4657 403 4711 omnis
428 4657 577 4725 enim
602 4656 822 4709 scientia
867 4658 931 4709 de
972 4658 1151 4713 Patre.
1207 4682 1226 4713 ι
1272 4656 1437 4725 Alias,
1473 4684 1491 4715 ι
1526 4656 1701 4721 omnis

157 4730 301 4782 enim
357 4724 617 4801 sapientia
653 4726 720 4776 de
778 4725 954 4801 Patre.
994 4746 1012 4777 ι
1042 4730 1205 4801 Paulo
1233 4745 1350 4801 post
1385 4724 1502 4787 libri
1544 4737 1694 4799 editi,

162 4818 181 4850 ι
212 4798 440 4850 ntambo
468 4808 583 4864 qua
600 4795 886 4848 secundum
920 4795 1019 4849 hoc
1047 4798 1126 4850 vel
1156 4795 1440 4856 animantia
1467 4805 1547 4858 vel
1581 4795 1699 4859 vita:

158 4870 433 4925 dicuntur.
461 4879 619 4919 causa
654 4864 931 4930 sapientia:
958 4864 1046 4919 Dei
1075 4865 1249 4923 Patris
1285 4873 1565 4927 exsistant.
1603 4893 1621 4926 ι
1699 4904 1704 4908 -

225 4937 342 5007 (73)
383 4938 471 4990 Sic
522 4948 649 5007 mss.
702 4933 1101 5007 Libi‘i‘etiilitt
1139 4951 1402 4993 sanetum.
1444 4961 1461 4993 ι
1496 4945 1693 4997 Ibidem

160 5002 282 5059 libri
318 5002 447 5059 editi
487 5022 501 5057 :
539 5023 557 5056 ι
601 5004 672 5057 De
716 5002 912 5078 divinis
958 5005 1391 5078 profundioribus
1421 5012 1695 5078 discipulis

157 5088 711 5147 commemorans....._
733 5072 901 5147 ait_ad
941 5074 1317 5143 discipulos...
1347 5080 1437 5130 sed
1464 5072 1569 5133 non
1603 5097 1692 5147 pn-

161 5148 315 5198 testis
344 5154 563 5209 portare
595 5144 772 5196 modo.
811 5142 940 5197 Cum
972 5142 1149 5198 autem
1188 5147 1400 5204 venerit
1441 5142 1692 5204 Paracle-

158 5223 262 5279 tus,
309 5214 364 5265 id
407 5222 489 5266 est
530 5212 839 5267 consolator
868 5212 1097 5277 Spiritus
1140 5225 1359 5271 sanctus
1534 5231 1587 5273 et
1622 5222 1692 5273 ita

156 5283 440 5337 sciendum
478 5292 580 5337 est.
606 5300 626 5334 ι
645 5282 748 5336 Sed
778 5297 962 5339 omnes
983 5285 1138 5339 codd.
1174 5299 1302 5340 mss.
1340 5294 1397 5341 ut
1424 5287 1478 5343 in
1508 5301 1691 5344 nostro

156 5364 325 5407 testu.

221 5419 337 5491 (74)
375 5418 567 5498 ριν-ι.
602 5419 762 5474 Deest
796 5419 848 5475 in
892 5430 1047 5479 antea
1085 5423 1263 5489 editis,
1294 5422 1386 5479 sed
1422 5428 1693 5498 reperitur

157 5492 207 5545 in
237 5491 490 5545 euntibus
511 5504 637 5543 mss.

221 5561 336 5633 (75)
353 5558 599 5631 Spiritus.
620 5556 964 5633 Desideratur
980 5564 1030 5619 in
1043 5574 1194 5621 antea
1208 5564 1385 5632 editis,
1406 5566 1497 5621 sed
1512 5583 1615 5622 non
1638 5570 1695 5627 in

158 5645 275 5684 MSS.

222 5701 335 5771 (76)
378 5700 456 5756 lta
495 5714 623 5756 mss.
661 5697 814 5756 Libb.
831 5704 985 5769 editi,
1028 5724 1049 5758 ι
1092 5705 1425 5763 adducimus.
1463 5724 1482 5759 ι
1526 5705 1690 5761 Paulo

160 5782 271 5839 post
300 5787 453 5839 mss.,
485 5780 742 5829 «tractatu
770 5773 977 5841 quidem
998 5775 1704 5847 s’ertnonis.iEditi,ttractu.

1809 4536 2013 4590 tbolicae
2040 4538 2104 4591 de
2127 4536 2386 4593 Trinitate
2415 4540 2537 4595 tidei
2578 4541 2855 4594 adversari
2886 4540 3221 4596 videbimur.
3260 4556 3343 4596 re-

1808 4608 2005 4689 secat/it
2049 4608 2613 4689 interp_res_Rutl_nus,
2662 4620 2755 4689 aut
2800 4610 2987 4689 saltem
3022 4615 3339 4689 qutpusitatn

1806 4677 2002 4746 additis
2032 4688 2087 4730 et
2117 4677 2435 4746 quibusdam
2470 4680 2721 4735 detractis
2758 4677 3136 4743 emnllivit,'eti
3155 4678 3222 4731 ad
3240 4694 3336 4733 ea-

1809 4744 2061 4815 tbolicum
2094 4744 2305 4802 sensum
2345 4750 2633 4802 revocavit.
2674 4747 2747 4803 Ne
2784 4749 2904 4815 quis
2937 4761 3063 4799 vero
3090 4758 3337 4814 suspecta

1804 4812 1995 4867 habeat
2027 4814 2208 4870 Graeca
2243 4818 2341 4869 ista
2370 4832 2487 4884 qua!
2529 4817 2727 4885 profert
2766 4812 3121 4876 Justinianns.
3152 4812 3329 4881 opera:

1803 4885 2032 4954 pretium
2066 4895 2149 4939 est
2182 4887 2369 4938 audire
2401 4886 2781 4954 Hieronymum
2808 4886 2895 4953 qui
2924 4886 3143 4953 epistola
3172 4886 3241 4939 9i
3270 4891 3336 4941 ad

1802 4952 2013 5023 Ayitutn
2044 4955 2091 5006 id
2123 4956 2279 5007 etiam
2304 4955 2509 5008 crimini
2537 4952 2921 5023 vertitOrigeni
2952 4952 3089 5021 quod
3112 4957 3334 5009 dixerit:

1808 5022 2042 5093 «Filium
2068 5038 2278 5093 quoque
2310 5024 2569 5078 minorem
2604 5025 2781 5089 Patre,
2810 5022 2872 5078 eo
2899 5026 3040 5093 quod
3066 5028 3335 5079 secundus

1801 5091 1867 5143 ab
1901 5092 1989 5144 illo
2021 5094 2112 5151 sit,
2144 5090 2201 5145 et
2220 5090 2475 5161 Spiritum
2510 5104 2751 5148 sanctmn
2782 5090 3088 5148 inferiorem
3117 5094 3251 5149 Filio
3278 5098 3330 5148 in

1801 5163 2014 5232 sanctis
2028 5160 2326 5232 quibusque
2349 5165 2567 5229 versari;
2586 5171 2742 5232 atque
2760 5165 2861 5218 hoc
2876 5165 3062 5216 ordine
3080 5164 3330 5227 majorem

1801 5227 1972 5283 Patris
1992 5227 2352 5301 fortitudinem
2371 5246 2489 5301 esse
2511 5227 2672 5300 qnam
2690 5233 2872 5288 Filiiet
2894 5232 3122 5301 Spiritus
3140 5238 3333 5298 sancti,

1797 5307 1850 5371 et
1876 5312 2092 5371 rursum
2124 5300 2378 5371 majorem
2423 5300 2543 5356 Filii
2590 5300 2953 5357 fortitudinem
3006 5318 3124 5355 esse
3168 5319 3329 5371 quam

1798 5365 2027 5445 Spiritus
2046 5365 2227 5445 _sancti
2249 5385 2265 5437 ;
2289 5380 2342 5424 et
2375 5381 2765 5445 consequenter
2802 5372 2971 5445 ipsius
3001 5365 3324 5445 sancti-Spi-

1798 5438 1933 5489 ritus
1955 5438 2210 5507 majorem
2251 5455 2368 5494 esse
2392 5438 2643 5495 virtut—em
2668 5442 2875 5495 cmteris
2901 5455 3019 5507 quae
3052 5456 3107 5497 sa
3119 5438 3334 5494 ncta’di-

1791 5516 2036 5628 ἓξηὲὶιὲἑ
2061 5506 2186 5563 Vide
2210 5508 2640 5579 Origenianornm
2669 5510 2761 5564 lib.
2790 5526 2848 5574 ιι,
2878 5506 3064 5577 quiest.
3097 5510 3153 5575 2,
3178 5527 3331 5565 num.

1892 5587 1944 5628 Cl.
1966 5587 2053 5631 7-8.

1834 5644 1974 5728 ,(79)
2014 5647 2101 5703 Sic
2149 5662 2277 5705 mss.
2318 5648 2484 5714 Alias.
2524 5666 2541 5701 ι
2582 5647 2661 5705 vel
2710 5649 2761 5704 in
2800 5648 2901 5708 illis
2938 5650 3148 5719 quidem
3184 5649 3335 5713 inve:-

1795 5731 1918 5779 ΠΙΙῚ.
1958 5736 1977 5769 Ι
