4126 6308
1849 354 1872 396 κ

677 450 794 519 ’ΞΞΙ

1908 458 2242 532 DRIGENIS
2280 463 2437 515 ΠΕΡΙ
2476 461 2705 514 ΑΡΧΩΝ

3813 456 3926 512 152

692 581 1009 652 lit-separo;
1034 582 1070 653 ἡ
1097 583 1321 652 δύναμις
1351 601 1442 635 πα-
1516 582 1619 636 illis
1671 581 1800 636 solis
1831 581 2088 636 'arbitror
2139 599 2259 659 esse
2288 587 2331 643 A
2361 592 2442 638 est
2489 591 2543 637 et
2592 590 2738 650 patet
2773 581 3054 661 quomodo
3095 595 3161 634 ex
3191 577 3601 648 participatione
3627 573 3787 632 Verbi
3825 575 3924 630 Vel

700 676 774 746 μ
798 673 1027 728 uim
1057 674 1282 745 aqqu
1305 673 1377 726 έ-ςι
1422 691 1438 730 :
1513 690 1647 745 opus
1677 674 1912 743 Spiritus
1947 677 2127 731 sancti
2163 676 2255 746 qui

689 771 941 822 Arbitrer
995 769 1162 823 Delus
1233 773 1439 841 quidem
1495 768 1616 837 'jam
1659 784 1717 823 se
1764 769 1828 824 ad
1875 768 2097 823 meliora
2129 759 2258 824 coni-

691 859 936 923 Patrm,
959 876 1078 913 cum
1115 863 1292 914 omnia
1314 879 1441 936 con-
1512 872 1817 928 vertunt,ct
1843 877 1939 932 per
1958 863 2073 917 vias
2102 861 2258 918 Chri-

690 953 886 1016 εέιιεαε,
929 953 1001 1004 ad
1037 954 1440 1022 unumquodque
1512 958 1578 1009 sti
1611 954 1736 1010 Jesu
1769 956 2044 1023 incedunt,
2074 957 2123 1010 id
2152 968 2255 1024 est,

690 1046 893 1097 cutim
950 1045 1258 1110 peruenire,
1328 1062 1440 1099 esse
1512 1049 1602 1118 qui
1629 1058 1753 1103 sunt
1783 1049 1835 1101 in
1857 1047 2254 1123 bonis'actibus,

690 1138 972 1206 unicuique
989 1138 1363 1205 impatientem
1378 1140 1440 1191 de
1512 1151 1567 1194 et
1594 1139 1646 1193 in
1679 1139 1792 1194 Deo
1816 1149 2152 1208 permanent.

690 1243 790 1280 suo
822 1242 844 1279 :
873 1230 1138 1296 ipuenint
1178 1243 1254 1282 est
1289 1231 1499 1298 quiest.
1535 1230 1712 1302 Minor
1741 1246 1856 1286 vero
1894 1230 2057 1286 Patre
2081 1231 2258 1284 Filius

690 1319 766 1370 ιιέ
793 1318 908 1372 sola
935 1319 1275 1372 rationabilia
1305 1320 1578 1388 peruenit;
1620 1334 1695 1374 est
1749 1322 1888 1376 enim
1918 1321 2182 1375 secundus
2227 1339 2257 1372 (ι

695 1405 883 1461 Patre.
911 1409 1097 1461 Adhuc
1120 1411 1278 1462 etiam
1301 1412 1473 1463 minor
1488 1410 1718 1478 Spiritus
1751 1421 1982 1478 sanctus,
2013 1413 2081 1464 at!
2122 1411 2259 1465 solos

690 1509 909 1550 sanctos
929 1500 1201 1568 pertingit.
1237 1498 1320 1551 Ita
1345 1517 1407 1553 ea:
1437 1502 1534 1554 hoc
1562 1502 1735 1570 major
1760 1512 1834 1554 est
1881 1510 2111 1569 potestas
2147 1498 2259 1553 Pa-

670 1590 796 1642 ‘tris‘
822 1607 983 1660 quam
1007 1589 1138 1644 Filii
1167 1601 1216 1645 et
1251 1591 1480 1658 Spiritus
1511 1594 1704 1648 sancti.
1739 1593 1978 1663 Amplior
2018 1595 2141 1646 item
2167 1610 2261 1661 po-

695 1693 860 1735 testas
885 1681 1019 1735 Filii
1037 1701 1190 1754 quam
1207 1682 1438 1752 Spiritus
1465 1688 1632 1738 sancti
1655 1703 1671 1749 ,'
1696 1703 1756 1739 ac
1783 1701 1990 1739 rursum
2008 1697 2262 1754 prwslan-

692 1773 806 1824 tia:
829 1774 1101 1826 estsatis-ti
1131 1773 1367 1843 Spiritus
1408 1777 1571 1830 virtus
1599 1794 1755 1846 quam
1793 1778 2021 1831 aliorum
2051 1767 2262 1832 sancto-

693 1879 814 1916 ntur
841 1863 1092 1934 curiata]

2366 679 2597 731 rationis
2617 675 2864 731 homines
2887 682 3163 743 peccaturo
3191 671 3389 726 habere
3414 670 3692 732 dicuntur;
3725 667 3930 721 videli-

2363 781 2449 825 cet
2481 786 2545 824 cx
2583 786 2691 838 quo
2719 768 3022 824 intellectus
3051 777 3210 836 atque
3239 765 3478 821 scientiae
3517 777 3744 830 capaces
3785 758 3931 814 οπο-

2364 865 2455 922 cti,
2514 879 2636 916 cum
2679 863 2790 932 jam
2841 861 2924 914 eis
2967 861 3088 915 boni
3119 858 3228 932 (85)
3261 858 3342 914 vel
3378 856 3502 910 mali
3534 855 3928 912 discretionem

2367 955 2505 1008 ratio
2545 955 2869 1009 intrinsecus
2909 955 3108 1008 inserta
3137 951 3498 1023 suggesserit;
3529 960 3584 1003 et
3618 964 3738 1003 cum
3774 947 3933 1000 seire

2360 1048 2469 1114 jam
2503 1048 2769 1117 coeperint
2796 1047 2922 1117 quid
2949 1047 3019 1101 sit
3050 1045 3270 1107 malum,
3300 1045 3346 1098 si
3386 1042 3492 1114 63
3522 1040 3725 1095 faciunt
3760 1037 3929 1100 illud.

2366 1152 2585 1210 peccato
2614 1140 2916 1194 etliciuntur
2939 1139 3154 1193 obnoxii
3195 1156 3208 1192 :
3243 1143 3297 1191 et
3337 1135 3440 1189 hoc
3475 1141 3560 1214 est
3582 1131 3723 1201 quod
3759 1129 3927 1194 dicit,

2367 1235 2491 1302 quia
2527 1232 2926 1287 excusationem
2953 1245 3056 1284 non
3091 1231 3293 1284 habent
3312 1225 3556 1281 homines
3581 1239 3674 1293 pro
3697 1228 3931 1290 peccato

2367 1340 2485 1385 suo,
2520 1338 2585 1378 ex
2631 1339 2739 1386 quo
2771 1323 2850 1377 eis
2889 1322 3102 1376 divinus
3147 1323 3323 1374 sermo
3353 1317 3432 1371 vel
3467 1318 3602 1370 ratio
3636 1312 3932 1370 ostendere

2367 1413 2592 1482 cmperit
2623 1412 2676 1465 in
2709 1413 2870 1466 corde
2905 1410 3280 1464 discretionem
3311 1407 3432 1460 boni
3466 1418 3518 1458 et
3549 1404 3697 1469 mali,
3722 1413 3778 1456 ut
3819 1419 3930 1472 per

2369 1500 2506 1552 hanc
2536 1497 2647 1569 (84)
2679 1498 2910 1553 debeant
2956 1497 3201 1568 refugere
3227 1505 3278 1550 et
3308 1510 3498 1550 cavere
3527 1493 3668 1563 quod
3717 1491 3928 1566 malpm

2368 1600 2481 1655 est;
2531 1589 2654 1658 quia
2691 1607 2709 1640 ι
2737 1590 2929 1644 scienti
2975 1590 3172 1644 bonum
3209 1597 3261 1642 et
3295 1602 3398 1640 non
3443 1584 3686 1649 facienti,
3727 1598 3930 1654 pecea-

2293 1693 2325 1732 ι
2369 1693 2479 1736 ιυιιι
2519 1690 2604 1736 est
2641 1681 2714 1735 illi
2731 1683 2802 1735 7°.
2827 1703 2846 1735 ι
2880 1682 3007 1736 Item
3027 1679 3168 1750 quod
3189 1693 3376 1734 omnes
3406 1678 3654 1733 homines
3678 1691 3782 1730 non
3796 1683 3931 1729 sunt

2365 1783 2518 1828 extra
2572 1775 3008 1828 communionem
3064 1772 3180 1838 Dei,
3227 1771 3331 1826 hoc
3371 1772 3529 1825 modo
3577 1767 3929 1839 Evangelium

2367 1865 2543 1931 docet,
2569 1864 2780 1919 dicente
2834 1864 3154 1918 Salvatore:
3187 1881 3206 1914 ι
3232 1861 3478 1932 Regnum
3525 1861 3618 1915 Dei
3671 1875 3789 1915 cum
3824 1863 3933 1913 oh-

767 1957 827 2021 6.
863 1956 1001 2020 Quia
1026 1967 1208 2011 autem
1235 1959 1478 2026 operatio
1501 1958 1680 2014 Patris
1711 1969 1762 2014 et
1803 1961 1922 2015 Filii
1962 1970 2018 2016 et
2053 1962 2104 2016 in
2134 1977 2263 2017 san-
2297 1950 2336 2006 B
2365 1957 2674 2011 servatione
2719 1971 2821 2010 non
2879 1956 3059 2021 venit;
3099 1968 3270 2022 neque
3305 1953 3504 2020 dicent,
3534 1967 3660 2006 ecce
3688 1952 3795 2016 hic,
3827 1959 3930 2005 aut

696 2045 804 2098 etis
832 2054 894 2098 ei
918 2047 973 2098 in
998 2048 1372 2113 peccatoribus
1403 2050 1493 2114 sit,
1519 2049 1900 2106 manifestatur
1928 2067 1997 2106 ex
2031 2068 2094 2108 eo
2119 2054 2261 2121 quod

695 2151 892 2191 omnes
913 2137 1004 2204 qui
1033 2138 1389 2194 rationabiles
1419 2152 1571 2207 sunt,
1605 2142 1795 2209 Verbi,
1822 2144 1876 2197 id
1918 2153 2002 2198 est
2039 2145 2262 2199 rationis

697 2228 993 2295 participes
1019 2228 1296 2300 sunt-(80),
1317 2242 1372 2287 et
1395 2248 1492 2302 per
1509 2235 1608 2286 hoc
1628 2234 1767 2286 \‘ciul
1787 2235 2033 2304 quaedam
2055 2237 2261 2290 semina

698 2318 865 2373 insita
913 2321 1022 2374 sibi
1056 2333 1247 2390 gerunt
1296 2325 1572 2388 sapientiae
1623 2336 1678 2378 et
1719 2325 1963 2394 justitiaz,
1994 2328 2136 2394 quod
2179 2338 2264 2382 est

691 2413 968 2470 Christus.
1009 2415 1086 2469 Ex
1127 2431 1196 2471 eo
1235 2428 1414 2472 autem
1453 2421 1542 2487 qui
1583 2435 1709 2472 rere
1737 2429 1841 2481 est.
1873 2422 1964 2490 qui
1998 2423 2131 2474 dixit
2169 2436 2264 2490 per

689 2504 937 2573 Moysen
958 2523 975 2557 :
1004 2525 1027 2557 ι
1057 2506 1173 2576 Ego
1205 2523 1322 2562 sum
1361 2511 1450 2577 qui
1485 2526 1603 2564 sum
1633 2511 1698 2575 ⁷⁸,
1740 2531 1758 2563 ι
1786 2512 1966 2565 omnia
2009 2528 2266 2580 quaecun-

694 2613 804 2664 que
841 2608 970 2652 aunt
1006 2600 1339 2670 participant
1371 2619 1386 2654 :
1420 2617 1540 2671 qua:
1574 2603 1923 2671 partit-initio
1958 2603 2053 2656 Dei
2088 2604 2277 2661 Patris,

694 2687 946 2746 pervenit
983 2688 1040 2741 in
1069 2703 1262 2746 (tumes
1290 2699 1398 2742 tam
1428 2689 1605 2755 justos
1634 2705 1796 2758 quam
1837 2701 2177 2761 peccatores,
2210 2703 2265 2746 et

696 2777 1064 2832 rationabiles
1103 2789 1267 2846 atque
1298 2779 1717 2847 irrationabiles,
1767 2791 1822 2834 et
1859 2783 1910 2835 in
1941 2785 2122 2836 munia
2150 2799 2266 2837 om-

707 2870 850 2936 nino
893 2883 1016 2936 qua:
1064 2877 1214 2924 sunt.
1243 2870 1489 2924 OStendit
1524 2886 1656 2924 sane
1689 2883 1743 2926 ct
1778 2873 2070 2942 Apostolus
2119 2877 2264 2942 quod

700 2973 896 3012 omnes
927 2953 1176 3012 habeant
1197 2962 1540 3030 participium
1583 2957 1824 3028 Christi,
1866 2966 2093 3019 dicens:
2133 2984 2152 3015 ‹
2191 2965 2266 3020 Ne

697 3051 910 3104 dixeris
936 3051 992 3104 in
1015 3052 1180 3106 corde
1205 3060 1297 3105 tuo
1330 3071 1343 3104 :
1372 3053 1504 3120 Quis
1535 3057 1793 3110 ascendet
1821 3059 1870 3111 iu
1898 3059 2093 3112 cmlum
2131 3058 2268 3130 (8!)?

699 3142 758 3198 il
789 3151 876 3195 est
902 3142 1181 3196 Christum
1235 3145 1536 3211 deducere;
1574 3157 1666 3202 aut
1711 3149 1834 3218 quis
1881 3153 2174 3206 descendet
2214 3153 2266 3206 in

701 3237 964 3302 abyssum
985 3233 1010 3285 ’ἑ
1046 3233 1098 3285 id
1128 3244 1212 3287 est
1249 3234 1520 3289 Christum
1547 3256 1573 3290 a
1603 3241 1831 3294 mortuis
1859 3257 2135 3296 revocate.
2163 3245 2268 3298 Sed

2369 2044 2477 2113 ibi;
2509 2046 2603 2101 sed
2636 2061 2860 2114 regnum
2906 2045 3000 2101 Dei
3032 2047 3170 2100 intra
3205 2059 3298 2098 vos
3335 2052 3415 2098 est
3436 2044 3501 2098 ⁸ο.
3529 2062 3547 2095 ι
3581 2040 3684 2096 Sed
3710 2048 3763 2095 et
3794 2039 3929 2122 illud

2367 2138 2660 2194 videndum
2688 2149 2769 2191 est
2798 2153 2864 2192 ne
2891 2137 3026 2190 forte
3069 2138 3208 2192 idem
3237 2135 3501 2205 significet
3543 2133 3685 2203 quod
3729 2133 3782 2186 in
3821 2132 3932 2186 Ge-

2369 2231 2484 2284 nesi
2522 2230 2782 2297 scriptum
2829 2239 2932 2292 est,
2963 2243 3086 2283 cum
3119 2228 3192 2280 ait
3228 2245 3243 2282 :
3281 2245 3299 2276 ί
3334 2224 3397 2277 Et
3446 2225 3733 2278 insulllavit
3759 2222 3810 2276 in
3844 2221 3935 2277 fa-

2370 2323 2506 2376 ciem
2543 2322 2661 2389 ejus
2683 2321 3093 2389 inspiratiouem
3119 2321 3265 2380 vitaz,
3291 2326 3345 2370 et
3369 2318 3542 2370 factus
3569 2323 3652 2369 est
3687 2316 3844 2368 homo
3872 2315 3931 2368 in

2370 2412 2603 2464 animant
2646 2411 2907 2465 vivam“.
2939 2398 2969 2460 δ’
3001 2409 3152 2475 Quod
3204 2408 3246 2461 si
3299 2406 3622 2475 generaliter
3656 2407 3708 2459 in
3740 2420 3932 2458 omnes

2365 2492 2614 2559 homines
2643 2506 2822 2558 datum
2847 2518 2965 2557 esse
2997 2500 3535 2570 intelligittn-,onmes
3557 2497 3803 2553 homines
3823 2497 3931 2550 ha-

2371 2597 2498 2650 bent
2528 2597 2870 2664 participium
2903 2595 2990 2646 Dei
3023 2595 3159 2662 (85).

2443 2691 2495 2745 7.
2529 2689 2584 2742 Si
2621 2703 2748 2742 vero
2784 2689 2883 2740 hoc
2909 2687 2975 2740 de
3013 2685 3215 2754 Spiritu
3252 2683 3342 2738 Dei
3386 2683 3586 2737 dictum
3625 2680 3936 2748 intelligen-

2371 2781 2497 2834 dum
2553 2791 2657 2845 est,
2715 2780 2968 2848 quoniam
3015 2789 3067 2831 et
3117 2779 3285 2832 Adam
3333 2780 3683 2845 prophetasse
3713 2773 3830 2843 (86)
3863 2775 3935 2828 de

2373 2872 2642 2925 nonnuliis
2675 2872 2962 2936 invenitur,
3007 2887 3134 2942 ergo
3155 2870 3264 2939 jam
3311 2886 3414 2922 uuu
3445 2866 3786 2936 generaliter,
3832 2864 3933 2919 sed
3997 2906 4010 2919 κ

2373 2964 2576 3016 sanctis
2629 2962 2935 3032 quibusque
2990 2965 3172 3017 datum
3222 2960 3391 3028 accipi
3447 2967 3640 3027 potest.
3691 2956 3934 3024 Denique

2373 3058 2534 3108 etiam
2565 3055 2752 3109 diluvii
2785 3065 3026 3126 tempore
3055 3070 3175 3110 cum
3223 3053 3397 3107 omnis
3441 3069 3570 3107 caro
3600 3050 3937 3119 corrupisset

2375 3148 2515 3199 viam
2550 3146 2666 3208 Dei,
2705 3157 2956 3214 tanquam
2985 3149 3051 3200 de
3085 3147 3314 3217 indignis
3342 3144 3452 3215 (87)
3475 3154 3530 3198 et
3555 3140 3936 3212 peccatoribus

2373 3240 2636 3306 scriptum
2672 3249 2753 3291 cst
2787 3238 2986 3292 dixisse
3018 3238 3179 3291 Deum
3209 3255 3225 3291 :
3264 3237 3407 3289 tNon
3434 3233 3771 3303 permanebit
3800 3229 3932 3300 Spi-

699 3325 834 3389 ςυΞά
865 3325 996 3377 dicit.
1031 3325 1348 3391 Scriptura?
1379 3325 1548 3394 Prope
1581 3338 1665 3384 est
1696 3332 1918 3385 verbum
1948 3333 1998 3385 iu
2033 3349 2127 3387 ore
2157 3345 2269 3400 tuo,
2296 3308 2339 3364 Ο
2377 3329 2510 3383 ritus
2539 3345 2689 3384 meus
2717 3332 2768 3382 in
2799 3331 3107 3384 hominibus
3142 3332 3258 3384 istis
3304 3330 3355 3381 in
3385 3339 3668 3387 aeternum,
3714 3334 3937 3395 propter

704 3427 760 3470 ei
785 3415 842 3468 in
873 3416 1034 3468 corde
1062 3425 1154 3466 tuo
1170 3416 1237 3471 ⁷⁷.
1264 3400 1289 3465 ι’
1311 3415 1388 3468 Ex
1422 3432 1527 3484 quo
1564 3419 1618 3472 in
1646 3421 1808 3474 corde
1833 3423 2074 3474 omnium
2104 3425 2270 3492 signi-

681 3508 845 3594 ιΙῑιςειι
873 3521 998 3560 es=e
1027 3504 1300 3559 Christum
1335 3509 1625 3562 secundum
1659 3509 1708 3561 id
1744 3513 1885 3578 quod
1916 3511 2152 3567 Verbum
2186 3520 2268 3570 vel

709 3598 854 3651 ratio
872 3606 975 3658 est,
999 3597 1153 3664 cujus
1173 3599 1586 3667 participatione
1613 3600 1968 3658 rationabiles
1998 3613 2142 3656 sunt.
2165 3606 2269 3660 Sed

706 3697 762 3743 et
813 3688 944 3742 iilud
985 3691 1128 3757 quod
1161 3691 1215 3743 in
1252 3689 1546 3758 Evangelio
1575 3689 1775 3745 dictqu
1814 3705 1895 3746 est
1929 3711 1942 3746 :
1979 3713 1996 3744 σ
2023 3694 2138 3749 Nisi
2183 3713 2273 3751 ve-

706 3782 912 3835 nissem
947 3791 1002 3834 et
1027 3783 1240 3836 locutus
1270 3781 1488 3836 fuissem
1519 3782 1618 3847 eis,
1654 3796 1934 3852 peccatum
1970 3803 2076 3841 non
2113 3790 2276 3844 habe-

708 3883 855 3936 rent,
902 3889 1047 3926 nunc
1101 3883 1277 3926 autem
1321 3874 1726 3928 excusationem
1781 3891 1886 3929 non
1927 3877 2129 3934 habent
2179 3898 2276 3950 pro

710 3975 938 4034 peccato
965 3980 1062 4018 suo
1077 3965 1122 3996 ⁷⁸
1153 3965 1298 4034 (89.);
1327 3985 1346 4018 ι
1382 3965 1470 4020 his
1508 3967 1599 4036 qui
1641 3968 1906 4021 rationem
1936 3982 2156 4036 norunt,
2187 3990 2276 4028 us-

710 4071 817 4123 que
864 4056 934 4109 ad
976 4057 1121 4124 quod
1154 4066 1358 4124 tempus
1399 4066 1675 4121 peccatum
1721 4058 1880 4111 homo
1915 4074 2020 4115 non
2057 4062 2276 4128 habeat,

713 4155 772 4204 et
793 4163 860 4202 ex
894 4163 1000 4216 qua
1044 4158 1206 4204 aetate
1247 4151 1517 4204 olmoxius
1549 4159 1771 4217 peccato
1812 4150 1902 4212 sit,
1933 4153 2274 4210 manifestum

781 4314 836 4346 "
863 4311 1036 4366 Exod.
1055 4327 1135 4375 ιιι,
1161 4311 1248 4366 14.
1318 4313 1364 4347 ⁷⁷
1393 4313 1549 4367 Rom.
1572 4330 1626 4377 χ,
1664 4313 1716 4378 6,
1742 4316 1795 4383 7,
1821 4315 1873 4369 8.

712 4386 856 4453 “,7.
925 4386 971 4415 "
995 4383 1129 4438 Gen.
1153 4398 1230 4449 Vl,
1272 4383 1324 4437 ὅ.
1357 4385 1401 4415 ⁸³
1433 4385 1631 4442 Psaltn.
1653 4402 1766 4451 cut,
1789 4388 1873 4452 19,
1895 4386 1983 4444 50.

1950 4315 2169 4388 7‘1oan.
2193 4337 2282 4388 av,
2303 4320 2392 4374 29..

2373 3423 2513 3489 quod
2549 3435 2680 3475 caro
2737 3425 2946 3476 sunt".
2976 3444 2992 3474 ι
3047 3423 3104 3476 In
3145 3436 3251 3489 quo
3297 3417 3577 3473 manifeste
3625 3418 3935 3473 ostenditur

2373 3515 2512 3580 quod
2553 3515 2619 3567 ab
2669 3515 2903 3580 indignis
2931 3517 3234 3583 quibusque
3269 3513 3510 3566 aufertur
3546 3509 3780 3580 Spiritus
3815 3508 3932 3563 Dei.

2377 3606 2434 3658 In
2461 3605 2688 3676 Psalmis
2713 3606 2821 3675 (88)
2841 3622 3051 3676 quoque
3072 3607 3326 3660 scribitur
3359 3623 3372 3658 :
3402 3622 3421 3655 ‹
3446 3603 3668 3658 Auferes
3686 3603 3932 3672 spiritum

2379 3674 2584 3763 eorum;
2617 3705 2673 3750 et
2705 3697 2977 3763 deficient,
3003 3706 3055 3753 et
3083 3697 3136 3751 in
3165 3706 3364 3751 terram
3389 3711 3541 3751 suam
3574 3703 3932 3750 revertentur.

2374 3790 2602 3844 Emittes
2627 3789 2885 3859 Spiritum
2912 3801 3082 3853 tuum,
3113 3801 3164 3844 et
3190 3792 3537 3852 creabuutur,
3566 3797 3620 3843 et
3645 3786 3937 3842 renOvabis

2377 3884 2568 3937 faciem
2593 3883 2836 3948 terrae”;
2876 3900 2894 3933 ι
2936 3883 3076 3953 quod
3113 3884 3392 3938 manifeste
3413 3886 3477 3936 de
3505 3882 3708 3951 Spiritu
3745 3889 3936 3935 sancto

2378 3975 2714 4044 designatur,
2746 3975 2838 4044 qui
2869 3975 3067 4030 ablatis
3116 3987 3280 4044 atque
3319 3973 3599 4030 exstinctis
3638 3974 3936 4042 peccatori-

2377 4066 2475 4119 bus
2513 4075 2569 4119 et
2596 4066 2846 4135 indignis,
2883 4067 2998 4136 ipse
3022 4068 3122 4123 sibi
3157 4083 3355 4122 novum
3389 4066 3643 4136 populmn
3674 4077 3850 4132 creet,
3881 4078 3938 4123 et

2378 4165 2601 4209 renovet
2640 4155 2830 4212 faciem
2885 4167 3061 4228 terra),
3110 4161 3244 4214 cum
3283 4173 3381 4228 per
3430 4159 3659 4228 gratiam
3701 4158 3937 4228 Spiritus

2466 4322 2718 4379 "Iacob.
2773 4324 2959 4390 ιγ,17.
3033 4325 3079 4357 ⁸⁰
3114 4324 3242 4379 Luc.
3269 4324 3513 4391 xvn,%0,
3557 4325 3621 4381 2|
3723 4327 3766 4358 ⁸¹
3797 4327 3936 4385 Gen.

788 4545 1028 4626 (80).Si'e
1064 4548 1445 4626 ornnesfntid.
1479 4566 1610 4603 mss.
1651 4551 1839 4626 filias,
1897 4569 1915 4602 ι
1973 4553 2096 4620 quia
2155 4571 2267 4622 qua!

2376 4555 2480 4609 555
2507 4569 2521 4606 :
2551 4555 2719 4626 Napi
2750 4552 3098 4626 'E6pa60tc6s
3130 4553 3199 4626 οἱμ
3221 4551 3752 4626 προφῆτᾳιλδυνάμξι
3796 4549 3935 4626 Θερῦ

711 4615 1161 4692 ορςιηιξᾳλξιςιιτίε
1185 4626 1237 4667 et
1269 4616 1381 4669 Filii
1519 4621 1901 4692 manifestatur
1933 4615 2004 4676 ρκ’
2031 4637 2096 4677 eo
2129 4615 2269 4692 quod

715 4685 1072 4742 rationabiles
1101 4700 1289 4738 omnes
1327 4689 1416 4753 qui
1454 4697 1607 4753 sunt,
1635 4689 1795 4752 Verbi
1829 4691 1950 4756 Dei,
1986 4693 2037 4746 id
2069 4685 2158 4748 est.
2183 4712 2272 4748 ra-

715 4757 886 4811 tion-is
903 4756 1193 4824 participes
1225 4766 1365 4808 sunt.
1409 4774 1426 4806 ι

789 4827 904 4896 (Si)
935 4827 1034 4902 Sic
1061 4843 1189 4880 mss.
1219 4827 1387 4888 Alias,
1426 4845 1444 4876 ι
1486 4829 1608 4896 quis
1649 4831 2004 4884 ascendit
2038 4841 2129 4885 aut
2153 4836 2274 4902 quis

718 4899 969 4953 descendi
979 4907 1018 4948 ι.
1051 4916 1068 4948 ι

791 4968 903 5033 (82)
943 4967 1021 5019 Ita
1049 4982 1180 5022 mss.
1209 4965 1377 5029 Alias,
1414 4987 1431 5017 ε
1471 4969 1535 5020 de
1569 4981 1793 5037 peccato
1818 4985 1935 5022 suo.
1981 4989 1998 5020 ι

718 5105 737 5117 ο
790 5040 904 5116 (82η
942 5038 1034 5090 Sic
1061 5052 1248 5092 omnes
1285 5053 1414 5092 mss.
1449 5039 1629 5103 Alias,
1673 5060 1690 5090 ι
1733 5041 2027 5110 capacibus
2071 5042 2280 5097 effectis

712 5120 828 5175 ιω
859 5123 960 5175 ets.
989 5123 1026 5156 δ·

784 5173 906 5247 ι(84)
945 5176 1037 5228 Sic
1065 5192 1196 5230 mss.
1230 5178 1396 5242 Alias,
1426 5179 1554 5246 (qui
1589 5180 1992 5235 excusationem
2029 5196 2133 5235 non
2182 5184 2280 5235 ha-

813 5257 853 5322 ut
887 5247 1202 5322 demetata
1233 5263 1352 5322 suo,
1375 5263 1575 5322 exque
1607 5250 1776 5322 cis....
1801 5251 2088 5304 ostendere
2117 5256 2282 5322 coepit

917 5315 1296 5388 discretionem
1340 5318 1464 5371 boni
1495 5328 1548 5371 et
1580 5321 1725 5380 ntali,
1762 5331 1814 5373 et
1842 5336 1935 5388 per
1965 5321 2124 5375 hanc.
2152 5342 2170 5374 ι

718 5411 726 5432 ι
794 5385 910 5458 (85)
935 5385 1027 5461 Sic
1055 5401 1184 5461 mss.
1211 5386 1381 5449 Alias,
1400 5405 1431 5461 ⁸‹
1451 5397 1504 5440 et
1530 5389 1817 5444 insulllavit
1842 5385 1896 5443 in
1937 5389 2133 5446 facient
2159 5393 2279 5461 ejus

656 5519 670 5525 ο
718 5456 1347 5529 spiraculum_vita:,_et
1396 5456 1574 5529 factus
1613 5471 1691 5513 est
1734 5462 1892 5514 homo
1935 5461 1985 5513 in
2041 5456 2276 5516 animum

707 5525 1018 5582 ﬂuentem.
1050 5525 1205 5591 Quod
1235 5527 1280 5582 si
1317 5527 1639 5596 generaliter
1669 5541 1752 5583 est
1801 5531 1851 5583 in
1892 5547 2081 5586 omnes
2114 5534 2286 5588 homi-

726 5613 820 5653 nes
848 5597 1065 5649 habent.
1088 5615 1107 5645 ι

794 5668 908 5735 (αἱ)
950 5663 1211 5729 Quoniam
1233 5675 1279 5718 cl
1298 5665 1467 5719 Adam
1489 5667 1842 5735 prop/tetasse.
1873 5671 1964 5724 Sic
1987 5687 2116 5727 mss.
2136 5669 2284 5726 Alias

723 5753 876 5798 seru,
924 5737 1530 5802 ιἰιυυιιιοιισκυμΔάςιιιι
1562 5738 1930 5806 prophetasse.
1958 5761 1977 5792 ι
2013 5744 2281 5796 Adamum

721 5807 1296 5879 mittetassgtradit
1345 5807 1500 5879 idem
1557 5807 1820 5879 Origenes
1869 5812 2083 5866 humilia
2131 5814 2166 5866 ‘2
2223 5814 2276 5866 in

725 5873 1026 5936 Canticum.
1055 5873 1300 5930 Clenteus
1331 5873 1729 5935 AlrxandrinuS
1765 5896 1777 5932 ι
1828 5880 2104 5957 8ιι·οπιαι.,
2151 5899 2271 5956 pag.

2380 4629 2471 4679 καὶ
2504 4623 2774 4695 emetat;
2826 4623 2932 4695 πρᾲ
2978 4623 3087 4695 μὲν.
3113 4623 3202 4675 τοῦ
3234 4623 3395 4693 νόμου
3436 4623 3602 4694 Ἀδάμ
3631 4623 3720 4695 ἐπί
3750 4641 3808 4677 τε
3837 4624 3937 4694 τῆς

2379 4696 2653 4764 γυναικὸς,
2688 4692 2776 4746 siti
2799 4711 2858 4745 τε
2874 4692 2986 4763 ἑῆς
3026 4692 3178 4756 ζώων
3211 4692 3497 4766 ὀνομασίας
3546 4692 3932 4764 προθεσπίσαζ.

2384 4786 2401 4816 ι
2432 4770 2587 4836 Apud
2621 4765 2872 4836 llcbrzeos
2910 4779 3088 4817 autem
3124 4765 3212 4836 Dei
3253 4765 3452 4818 virtute
3495 4771 3548 4817 et
3580 4766 3935 4836 inspiratione

2380 4835 2654 4903 propheta:
2684 4835 2962 4893 exstitere.
2994 4845 3116 4888 ante
3149 4835 3316 4902 legem
3352 4837 3566 4904 quidem
3602 4835 3839 4904 Adannts
3866 4835 3933 4887 de

2380 4902 2737 4969 niuliere,‘et
2785 4904 2837 4956 in
2886 4906 3240 4958 animantium
3271 4902 3710 4958 denimninatione
3752 4902 3930 4956 futura

2379 4975 2712 5044 significans.
2743 4992 2762 5026 ι
2792 4975 3057 5028 Adamum
3097 4991 3308 5044 quoque
3355 4977 3494 5029 haud
3544 4974 3773 5044 obscure
3805 4988 3932 5042 pro-

2379 5043 2593 5112 phelam
2642 5044 2875 5113 appellat
2906 5045 3150 5099 Justinus
3199 5043 3404 5113 martyr
3436 5043 3706 5108 Apologia,
3750 5060 3804 5112 p.
3841 5044 3928 5098 73.

2377 5117 2506 5169 Item
2563 5115 3039 5183 pseudo-Clemens
3105 5117 3198 5170 lib.
3241 5131 3256 5169 ι
3309 5113 3603 5182 Recognit.,
3639 5128 3785 5167 num.
3834 5114 3927 5178 47,

2377 5181 2600 5240 Petrum
2633 5188 2837 5239 inducit
2863 5181 3218 5240 afﬁrmantem
3249 5203 3267 5233 t
3292 5184 3429 5252 quod
3452 5181 3656 5235 certum
3687 5185 3754 5236 sit
3785 5185 3930 5237 Ada—

2377 5272 2522 5308 nmm
2572 5258 2886 5326 prophetam
2952 5256 3133 5310 fuisse.
3165 5275 3183 5306 ι
3245 5253 3336 5326 His
3382 5252 3519 5326 adde
3554 5252 3928 5326 Epiphaniam

2376 5333 2506 5398 tom,
2540 5319 2725 5396 I,'p'ag.
2759 5327 2811 5388 6,
2844 5328 3122 5398 προφήτης
3148 5319 3445 5398 γὰρζῆιῃςιι
3473 5319 3688 5398 Suidam
3720 5325 3772 5378 in
3799 5340 3934 5398 voce

2389 5395 2578 5465 'A6dtp,,
2602 5394 2702 5449 ubi
2734 5394 2926 5464 praeter
2954 5394 3194 5449 omnium
3224 5394 3627 5465 disciplinarum
3662 5396 3931 5449 inventio-

2379 5480 2499 5517 nem
2525 5464 2850 5535 prOphelias
2878 5467 3040 5520 etiam
3073 5465 3146 5517 illi
3177 5464 3381 5518 tribuit.

2454 5535 2564 5607 (87)
2594 5532 2683 5590 Sic
2713 5553 2900 5607 omnes
2938 5551 3067 5588 mss.
3099 5535 3269 5602 Alias,
3306 5551 3324 5584 ς
3346 5534 3484 5588 viam
3519 5549 3692 5602 suam,
3722 5535 3788 5588 de
3822 5532 3950 5588 illis!

2382 5606 2634 5673 tanquam
2665 5609 2729 5660 de
2764 5606 3012 5676 indignis.
3041 5623 3059 5656 ι

2451 5669 2560 5746 (88)
2601 5677 2693 5730 Sic
2723 5692 2852 5730 mss.
2878 5669 3088 5729 omnes.
3118 5674 3284 5740 Alias,
3327 5693 3346 5728 ι
3372 5675 3421 5729 in
3452 5675 3679 5745 psalmo.
3703 5690 3725 5726 ι
3762 5669 3929 5746 Paulo

2374 5743 2495 5817 posit
2527 5743 2676 5815 mss.,
2699 5765 2717 5797 ι
2740 5755 2793 5800 et
2826 5749 2875 5799 in
2909 5759 3108 5801 terram
3134 5763 3284 5799 suam
3322 5743 3677 5801 revertentur.
3702 5762 3722 5796 ι
3754 5743 3928 5813 Alias,

2382 5838 2398 5869 ι
2427 5820 2476 5875 in
2505 5819 2775 5888 pulverem
2804 5833 2954 5872 suum
2993 5827 3351 5872 revertentur.
3383 5837 3403 5868 ι
